4028 6178
380 347 532 410 118⁵7

1159 345 1538 408 I-llNCMARl
1585 346 1828 409 BHEM.
1874 345 2236 408 ARCHIEP.
2285 347 2688 409 OPUSCULA
2733 348 2993 410 VARlA.

3619 347 3782 412 1188

377 479 698 550 miraculis,
733 494 848 552 quo
906 475 1089 534 valuit
1143 477 1274 534 nisu
1331 494 1530 550 repere
1587 478 1928 552 coepit;ncc
1956 493 2020 534 se
2049 477 2106 546 Α
2135 493 2324 550 usque
2357 479 2424 533 ad
2457 479 2856 553 episcopatum
2913 479 3262 536 venerabilis
3318 479 3539 536 Herivei
3590 479 3782 538 archi-

377 573 654 642 carpento
701 566 988 641 permittit
1035 566 1280 639 imponi,
1309 568 1410 624 sed
1449 572 1640 623 tractu
1672 570 1842 640 prout
1871 566 2026 624 valet

376 657 521 716 illud
553 673 724 731 agere
741 655 1157 732 gestititer.Ad
1179 655 1464 728 templum
1495 673 1628 712 vero
1656 655 2020 729 perveniens,

375 763 492 822 quo
523 737 846 821 pretiosum
879 743 1086 802 salutis
1117 745 1382 801 audierat
1413 761 1632 802 munus
1654 745 2023 814 inesse,fusis

371 834 610 894 Domini
626 832 996 892 clementiam
1017 833 1164 890 votis
1191 851 1295 907 pro
1309 833 1401 890 sui
1425 831 2020 907 ﬂagitatliberatione,

374 925 477 982 sed
507 927 564 981 et
592 923 842 998 propriis
872 923 1058 980 fertur
1086 921 1422 994 pavimenta
1459 921 1737 996 lacrymis
1779 921 2023 980 humec-

371 1011 550 1072 tasse.
575 1015 710 1081 Quae
740 1015 1055 1086 postquam
1086 1027 1192 1085 per
1216 1014 1335 1068 tres
1365 1011 1448 1068 ita
1473 1011 1598 1068 dies
1626 1011 2022 1085 egisset,dum

370 1101 565 1160 denuo
587 1101 861 1175 precibus
881 1099 1471 1170 incumberet,divina
1491 1100 1603 1157 sibi
1625 1100 2024 1174 gratiasuper—

369 1189 659 1259 veniente,
689 1190 809 1246 vim
859 1189 1162 1246 medicinae
1209 1189 1303 1245 vix
1349 1189 1547 1246 valens
1589 1190 1758 1262 ferre,
1792 1191 2024 1266 magnis

369 1280 544 1354 coepit
579 1279 822 1339 Vocibus
866 1283 1142 1351 strepere,
1172 1282 1230 1335 et
1257 1279 1512 1350 ejulatus
1541 1279 1781 1336 acerbos
1811 1281 1980 1338 edere
2005 1298 2020 1351 ;

366 1371 572 1444 sicque
605 1368 776 1426 nodis
823 1383 1131 1425 nervorum
1176 1367 1471 1437 resolutis,
1505 1367 1889 1442 omniumque
1919 1386 2022 1442 po-

369 1457 583 1533 plitum
641 1457 1037 1515 contractione
1096 1455 1372 1529 relaxata,
1405 1457 1584 1514 unius
1639 1457 1794 1514 horae
1842 1459 2024 1514 ferme

370 1547 582 1621 spatio,
615 1546 839 1603 viribus
886 1545 1169 1602 exhausta
1208 1547 1399 1619 jacuit
1428 1548 1597 1620 quasi
1628 1552 1880 1604 mortua.
1911 1547 2023 1604 Sed

372 1636 473 1710 qui
497 1635 742 1693 contulit
765 1633 1154 1692 absolutionis
1174 1652 1368 1710 opem,
1394 1635 1620 1693 roboris
1641 1636 1866 1692 addidit
1885 1653 2025 1710 quo-

367 1737 485 1800 que
513 1723 1058 1799 vigorem.Moxque
1087 1741 1190 1781 ceu
1213 1725 1284 1781 de
1314 1725 1472 1798 gravi
1503 1725 1786 1798 evigilans
1817 1742 2023 1783 somno

369 1814 472 1872 ubi
503 1830 824 1887 supernum
857 1812 970 1869 sibi
1001 1813 1182 1870 sentit
1209 1813 1514 1870 obvenisse
1545 1814 1918 1884 beneﬁcium,
1941 1814 2023 1886 pi-
2049 1851 2098 1917 B

370 1904 571 1978 gnoris
601 1902 758 1960 alma
787 1902 931 1976 petit
959 1901 1240 1972 loculum,
1271 1904 1444 1976 cujus
1473 1903 1664 1976 gratia
1693 1902 1804 1960 sibi
1834 1903 2019 1959 conti-

369 1994 526 2067 gisse
555 2010 671 2050 non
706 1991 1015 2048 haesitabat
1043 1993 1388 2049 remedium.
1422 1991 1642 2049 Dehinc
1675 1991 1894 2065 gratias
1925 1991 2019 2048 hic

371 2099 576 2156 agens,
621 2081 958 2154 ibidemque
999 2081 1206 2154 degere
1236 2081 1562 2156 gratiﬁcata
1591 2081 1930 2148 decernens,
1963 2083 2022 2136 et

371 2172 643 2245 precibus
673 2171 892 2227 crebris
939 2171 1241 2238 insistens,
1275 2170 1505 2226 debitas
1537 2170 1876 2226 medicatori
1911 2187 2018 2226 suo

371 2259 624 2316 celebrat
651 2259 948 2326 excubias,
975 2276 1042 2314 ac
1082 2258 1361 2315 salutaris
1409 2259 1670 2331 quotidie
1719 2258 2017 2315 libaminis

369 2347 536 2402 offert
563 2346 905 2403 oblationes.

361 2446 368 2451 '
443 2434 776 2492 LXXXVIII.
805 2433 1142 2491 Fuitautem
1157 2434 1399 2491 Rhemis
1414 2435 1470 2490 in
1487 2435 2017 2514 praefataDeiGeni-

367 2525 533 2583 tricis
548 2523 793 2598 ecclesia
805 2540 1016 2596 corpus
1034 2521 1178 2578 illud
1201 2523 1664 2580 sacratissimum
1687 2523 2014 2580 beatissimi

368 2613 597 2689 patroni
622 2611 804 2670 nostri
827 2611 1247 2686 Remigii,dum
1272 2618 1752 2685 praememoratus
1769 2613 2015 2670 antistes

365 2705 642 2762 dominus
673 2703 848 2760 Fulco
877 2701 1225 2776 praesulatus
1255 2701 1519 2776 fungitur
1546 2701 1760 2770 officio,
1793 2700 2016 2758 scilicet

2131 566 2411 640 episcopi,
2435 567 2532 640 qui
2567 573 2832 625 cessante
2862 568 3330 625 Normannorum
3355 569 3782 642 persecutione,

2131 672 2236 729 per
2265 655 2451 713 solam
2476 656 2577 714 Dei
2605 656 2978 714 clementiam
3003 674 3146 731 pace
3177 662 3538 731 recuperata,
3559 674 3784 714 munus

2132 742 2288 800 idem
2321 760 2643 816 supernum
2694 745 2941 818 proprias
2991 743 3304 817 sepulturae
3349 743 3544 818 ipsius
3571 745 3789 802 referre

2133 832 2386 888 decrevit
2405 831 2562 889 intra
2581 833 2824 889 moenia:
2840 833 2997 907 quod
3021 834 3164 890 dum
3189 833 3522 890 convocatis
3543 833 3789 907 quibus-

2131 921 2270 978 dam
2297 921 2462 995 regni
2493 921 2831 995 proceribus
2858 939 3030 997 agere
3059 921 3788 992 maturaret,accumulm

2132 1010 2408 1068 dominus
2436 1013 2568 1085 ejus
2593 1027 2710 1068 non
2743 1011 2972 1069 distulit
3000 1011 3485 1069 clariﬁcationem
3537 1027 3786 1069 suorum

2131 1099 2450 1174 repetentis
2468 1099 2696 1158 ossium
2715 1100 3200 1176 sedem.Contigit
3219 1101 3546 1172 enim,dum
3562 1116 3784 1175 magna

2131 1189 2332 1262 populi
2353 1189 2702 1247 conﬂuentis
2731 1189 3048 1264 stiparetur
3073 1195 3306 1247 caterva
3317 1193 3632 1264 postquam
3643 1194 3786 1247 sunt

2132 1279 2276 1334 urbe
2300 1278 2540 1352 egressi,
2573 1278 2814 1352 quidam
2872 1278 3121 1336 claudus
3178 1283 3238 1336 et
3277 1277 3553 1336 ariditate
3579 1295 3786 1336 nem-

2131 1383 2263 1424 rum
2309 1367 2720 1442 poplitumque
2773 1371 3132 1437 contractus,
3173 1367 3468 1424 Abraham
3522 1367 3782 1434 nomine,

2133 1455 2234 1530 qui
2262 1456 2599 1514 scabellulis
2646 1457 2873 1516 haerens
2903 1473 3006 1532 per
3033 1461 3251 1513 terram
3283 1471 3346 1512 se
3373 1457 3785 1513 tantummodo

2133 1545 2424 1616 trahebat,
2459 1551 2525 1602 ut
2542 1550 2790 1620 poterat,
2823 1545 2923 1602 ubi
2955 1561 3126 1602 secus
3165 1545 3371 1602 urbem
3401 1545 3644 1601 veniens
3673 1544 3788 1602 iter

2131 1635 2205 1692 ad
2245 1635 2432 1692 sancti
2481 1633 2786 1691 basilicam
2842 1633 3177 1691 inchoasset
3227 1634 3550 1702 intendere,
3584 1633 3784 1691 divina

2131 1727 2324 1780 tactus
2353 1723 2630 1796 potentia,
2663 1739 3013 1797 compagem
3047 1722 3265 1779 duritia
3293 1721 3574 1789 resoluta,
3607 1723 3785 1797 οωρῆ

2133 1813 2206 1869 ad
2265 1811 2474 1870 salutis
2526 1811 2759 1870 extendi
2807 1813 3084 1869 remedia.
3136 1813 3321 1879 Quem
3369 1811 3653 1884 sospitate
3701 1827 3784 1870 re-

2128 1906 2296 1976 cepta
2319 1901 2588 1974 pluribus
2614 1901 2872 1958 vidimus
2907 1901 3078 1958 annis
3107 1901 3462 1958 incolumem
3495 1904 3780 1972 erectum,

2127 1991 2510 2064 gradientem,
2527 1989 2853 2064 collataque
2871 1990 2984 2047 sibi
3004 1988 3390 2064 prosperitate
3401 1989 3778 2063 gaudentem.

2128 2082 2192 2136 In
2216 2097 2282 2137 eo
2302 2097 2434 2136 vero
2451 2079 2604 2147 loco,
2625 2079 2724 2134 ubi
2743 2078 2853 2135 hoc
2869 2078 3078 2136 salutis
3094 2077 3306 2135 accidit
3325 2078 3568 2144 donum,
3591 2078 3784 2151 posita

2127 2169 2403 2240 deinceps
2413 2172 2604 2223 exstat
2615 2166 3012 2235 columna,cru
3021 2183 3084 2223 ce
3096 2167 3329 2240 praeﬁxa
3337 2165 3783 2239 gloriﬁcatiouis

2127 2255 2305 2328 hujus
2335 2255 2641 2312 continens
2673 2255 3051 2312 monimenta.
3085 2255 3196 2310 Sed
3227 2258 3286 2310 et
3312 2258 3434 2310 tam
3467 2255 3635 2328 prius
3662 2271 3786 2312 cne-

2125 2345 2401 2412 berrime,
2456 2361 2635 2418 quam
2693 2349 2916 2418 postea,
2972 2343 3320 2402 clarissimis
3363 2361 3518 2418 saepe
3573 2343 3781 2400 multi-

2125 2433 2494 2509 plicibusque
2523 2433 2826 2490 miraculis
2855 2435 2985 2506 ejus
3007 2432 3258 2506 sepulcri
3278 2433 3591 2488 decoratur
3603 2433 3785 2490 eccle-

2121 2523 2366 2596 sia,qure
2389 2538 2761 2595 nequaquam
2778 2521 2990 2578 litteris
3013 2522 3303 2578 habentur
3329 2520 3778 2594 comprehensa:

2123 2615 2264 2668 sunt
2291 2627 2549 2684 namque
2578 2611 2945 2668 multimoda.

1904 3036 2214 3106 XXII.

983 3189 1609 3330 ENCOMIUM
1667 3205 2184 3294 EJUSDEM
2242 3202 2642 3295 SANCTI
2702 3205 3128 3291 BEMIGII

1298 3400 1409 3445 PR
1454 3382 1821 3445 HI‘NCMARUH
1865 3397 2386 3445 ABCBIBPISCOPUH
2430 3398 2827 3455 RHEMENSBI,

1727 3541 1918 3615 (Apud
1949 3539 2210 3610 Surium,
2237 3539 2406 3611 ibid.)

1853 3691 2276 3704 ——

432 3797 474 3854 Ι.
507 3797 826 3851 Videamus
855 3794 1032 3850 etiam
1063 3793 1355 3866 quomodo
1387 3792 1481 3848 hic
1511 3793 1720 3848 beatus
1753 3793 1921 3849 Pater
1949 3798 2008 3850 et
2038 3795 2082 3862 C
2115 3794 2427 3850 desistunt.
2463 3792 2564 3850 Isti
2598 3792 2799 3865 itaque
2830 3793 2888 3848 in
2921 3791 3262 3864 angelorum
3295 3807 3616 3847 numerum
3649 3807 3776 3847 cur-

359 3889 562 3956 pastor
591 3887 790 3939 noster
821 3881 1328 3937 benedictionibus
1357 3879 1860 3954 sibialegislatore
1890 3882 2006 3938 Deo

358 3971 534 4038 datis,
553 3970 740 4043 ipsius
769 3968 983 4024 auxilio
1013 3968 1070 4022 in
1105 3968 1300 4023 saeculi
1321 3968 1502 4040 hujus
1533 3969 1790 4025 convalle
1819 3969 2003 4043 lacry-

359 4075 590 4114 marum
644 4058 1014 4113 escensiones
1047 4057 1103 4112 in
1136 4058 1306 4113 corde
1351 4075 1458 4113 suo
1505 4059 1816 4131 disposuit,
1849 4064 1906 4114 et
1937 4060 2006 4115 de

355 4147 566 4224 virtute
587 4148 648 4202 in
679 4146 952 4204 virtutem
975 4147 1164 4219 gratia
1185 4147 1284 4202 Dei
1303 4151 1608 4220 provectus
1635 4149 2007 4215 excrevit,us-

346 4251 588 4310 queque
609 4251 766 4302 eum,
787 4251 961 4308 quem
983 4252 1215 4308 semper
1237 4234 1587 4292 desideravit
1611 4237 1844 4308 spiritu,
1864 4237 2006 4292 facie

357 4325 429 4381 ad
454 4324 660 4381 faciem
681 4324 878 4380 videre
901 4323 1241 4397 promeruit.
1263 4324 1420 4380 Idem
1440 4341 1696 4396 namque
1721 4324 2008 4382 Dominus

345 4405 416 4470 'in
445 4412 756 4487 Evangelio
787 4412 929 4469 dicit
957 4429 971 4468 :
1007 4417 1074 4468 In
1101 4412 1256 4469 domo
1308 4414 1494 4470 Patris
1549 4415 1661 4471 mei
1693 4416 2006 4471 mansiones

353 4503 548 4560 multa:
573 4510 704 4559 sunt
734 4503 908 4575 (Joan.
936 4506 1076 4570 xxv).
1109 4501 1272 4568 Quod
1303 4501 1474 4574 quasi
1521 4518 1814 4574 exponens
1855 4505 2005 4575 Apo-

359 4591 547 4647 stolus
572 4590 714 4646 dicit
745 4607 758 4646 :
790 4591 917 4646 Alia
943 4591 1166 4647 claritas
1191 4591 1464 4653 solis,alia
1477 4591 1700 4646 claritas
1715 4592 2008 4663 tantumita

357 4678 583 4734 claritas
637 4679 942 4736 stellarum.
975 4679 1142 4735 Stella
1171 4681 1320 4736 enim
1348 4697 1383 4735 a
1411 4679 1570 4735 stella
1593 4678 1776 4752 diﬂ‘ert
1805 4683 1864 4737 in
1894 4681 2006 4737 cla-

355 4768 652 4834 ritatc;sic
679 4775 732 4824 et
769 4771 1094 4825 resurrectio
1123 4776 1464 4825 mortuorum
1487 4770 1538 4838 (Ι
1565 4769 1686 4826 Cor.
1720 4772 1826 4838 ιιι).
1861 4770 2008 4836 Quia

357 4855 418 4912 in
431 4853 532 4912 illa
543 4860 769 4912 aeternrc
783 4856 1164 4912 beatitudinis
1183 4857 1304 4913 vita
1315 4875 1429 4913 non
1445 4856 2009 4931 dispari,unusquis-

345 4936 470 5018 'que
481 4944 656 5016 juxta
677 4945 878 5017 dispar
906 4945 1180 5001 meritum
1213 4945 1407 5002 locum
1429 4946 1722 5019 disparem
1736 4947 2004 5020 percipit.

357 5033 468 5090 Sed
500 5035 765 5106 ejusdem
803 5033 1214 5107 disparilitatis
1253 5035 1470 5092 damna
1499 5052 1614 5091 non
1647 5036 1843 5104 sentit,
1869 5035 2010 5108 quia

355 5126 586 5227 tantum
599 5122 1028 5227 sibiaquantum
1042 5115 1628 5227 perceperitsuﬁicit.
1641 5123 2008 5226 Etcatholica
2035 5162 2082 5227 Β

355 5211 624 5268 doctrina
650 5211 989 5278 didicimus,
1019 5211 1159 5286 quia
1201 5211 1488 5270 distinctae
1533 5214 2004 5271 conversationes

345 5298 664 5382 hominum
681 5299 1070 5375 singulorum,
1103 5302 1408 5374 agminum
1437 5301 1764 5359 caelestium
1793 5301 2007 5359 ordini-

354 5388 467 5444 bus
499 5394 854 5462 congruunt,
885 5393 944 5446 et
973 5389 1034 5445 in
1067 5406 1270 5456 eorum
1301 5394 1518 5447 sortem
1549 5407 1652 5464 per
1695 5407 2004 5448 conversa-

345 5466 534 5532 tionis
561 5477 1012 5535 similitudinem
1035 5475 1421 5551 deputantur.

347 5553 366 5644 ξ
427 5564 661 5622 ILNam
695 5571 834 5624 sunt
865 5566 1152 5641 plerique,
1169 5566 1271 5640 qui
1303 5583 1481 5640 parva
1509 5566 1768 5640 capiunt,
1791 5569 1892 5626 sed
1923 5573 2006 5626 ta-

346 5647 495 5712 ‘tnen
513 5651 636 5716 hac
651 5657 858 5716 eadem
889 5672 1067 5735 parva
1093 5657 1187 5735 pie
1207 5656 1558 5718 aununtiare
1587 5655 1864 5720 fratribus
1886 5673 2004 5722 non

2115 3881 2346 3938 runt.Et
2364 3882 2572 3937 beatus
2593 3878 3056 3951 RemigiusJicet
3075 3877 3383 3950 multiplex
3403 3878 3653 3935 scientia
3670 3877 3770 3934 Dei

2117 3971 2268 4025 dono
2289 3969 2346 4025 in
2366 3987 2432 4025 eo
2455 3974 2630 4035 esset,
2646 3973 2710 4023 ut
2730 3967 2918 4024 ﬁdelis
2939 3985 3142 4023 servus
3163 3972 3219 4022 et
3239 3967 3521 4040 prudens,
3537 3983 3768 4023 conscr-

2113 4060 2202 4116 vis
2225 4057 2348 4116 suis
2370 4059 2428 4114 in
2452 4063 2711 4132 tempore
2733 4075 3070 4115 mensuram
3085 4058 3285 4128 tritici,
3304 4058 3360 4112 id
3374 4062 3465 4112 est
3477 4061 3770 4130 procaptu

2115 4148 2506 4216 audientium,
2529 4146 2884 4204 ministravit
2904 4149 3053 4219 (Luc.
3078 4151 3181 4213 xu)
3205 4163 3219 4202 :
3259 4152 3314 4200 et
3345 4151 3588 4202 secutus
3617 4148 3770 4219 Apo-

2117 4236 2356 4305 stolum,
2380 4235 2546 4309 prius
2578 4235 2843 4292 barbaris
2873 4235 2963 4292 lac
2993 4239 3198 4308 potum
3231 4233 3539 4300 dedit,non
3571 4249 3772 4290 escam

2116 4325 2162 4398 (I
2183 4326 2303 4382 Cor.
2329 4329 2436 4394 ιιι).
2461 4325 2532 4381 Et
2554 4329 2702 4380 teste
2726 4323 3036 4390 Malachia,
3059 4323 3202 4396 quia
3230 4323 3504 4380 sacerdos
3524 4321 3776 4396 angelus

2115 4413 2348 4470 Domini
2373 4417 2463 4469 est
2493 4412 2640 4486 (Mal.
2676 4412 2736 4486 ιι)
2770 4429 2784 4468 :
2817 4412 2972 4468 unde
2999 4416 3056 4468 et
3085 4416 3327 4468 sanctus
3357 4409 3668 4483 Remigius
3687 4426 3776 4466 sa-

2115 4502 2319 4558 cerdos
2349 4517 2602 4574 magnus
2632 4499 2970 4575 angelorum
3003 4500 3365 4557 consortium
3396 4499 3636 4556 meruit.

2187 4589 2283 4647 III.
2309 4591 2377 4646 Et
2397 4594 2536 4646 sunt
2556 4588 2842 4661 nonnulli,
2863 4589 2962 4662 qui
2984 4587 3191 4645 divinae
3213 4586 3500 4662 largitatis
3521 4603 3775 4644 munere

2115 4679 2309 4736 referti
2341 4682 2843 4736 sacramentorum
2875 4677 3201 4734 cmlestium
3233 4692 3470 4735 summa
3491 4681 3548 4732 et
3563 4692 3776 4748 capere

2115 4767 2450 4841 prmvalent,
2471 4771 2531 4824 et
2571 4766 2861 4823 nuntiare.
2885 4769 3008 4836 Quo
3029 4781 3166 4840 ergo
3198 4765 3316 4834 isti,
3351 4763 3466 4821 nisi
3495 4764 3654 4821 inter
3680 4781 3776 4820 ar-

2115 4855 2534 4929 changelorum
2548 4871 2860 4912 numerum
2878 4855 3266 4929 deputantur?
3276 4854 3346 4911 Et
3360 4853 3569 4910 beatus
3582 4853 3780 4909 Remi-

2115 4943 2248 5018 gius
2268 4944 2615 5018 sapientiam
2627 4943 2876 5016 loquens
2890 4942 3043 5000 inter
3053 4941 3605 5016 perfectos,quando
3618 4941 3777 4998 male

2116 5033 2468 5090 sentientem
2512 5032 2850 5089 haereticum
2881 5033 2954 5088 de
2983 5049 3119 5088 vero
3147 5031 3246 5088 Dei
3279 5029 3424 5088 Filio
3451 5029 3513 5086 in
3545 5031 3776 5104 synodo

2116 5121 2536 5186 catholicorum
2558 5121 2968 5194 episcoporum
2991 5119 3360 5188 convertit,in
3389 5117 3774 5192 archangelo-

2114 5228 2245 5268 rum
2277 5227 2522 5267 numero
2553 5210 2768 5266 meruit
2797 5209 3086 5283 deputari.

2186 5300 2278 5357 1V.
2302 5301 2373 5356 Et
2392 5302 2532 5357 sunt
2551 5298 2819 5356 nonnulli
2841 5299 2944 5370 qui
2962 5298 3113 5355 mira
3124 5296 3366 5366 faciunt,
3382 5295 3556 5370 signa
3569 5293 3774 5352 valen-

2112 5393 2204 5446 ter
2231 5393 2566 5462 operantur.
2601 5390 2723 5455 Quo
2761 5387 2942 5462 igitur
2971 5387 3092 5453 isti,
3124 5385 3240 5444 nisi
3269 5385 3342 5442 ad
3373 5399 3770 5459 supernamm

2112 5479 2394 5536 virtutum
2407 5481 2792 5535 etnumerum
2804 5481 2862 5534 et
2873 5480 3094 5534 sortem
3105 5472 3772 5549 congruunt?Etbeatus

2113 5566 2436 5641 Remigius,
2467 5569 2526 5621 et
2553 5565 2616 5621 in
2645 5581 2884 5639 corpore
2914 5565 3165 5639 positus,
3195 5567 3255 5621 et
3281 5566 3417 5638 post
3444 5561 3776 5632 obiturum!

2111 5673 2292 5736 supra
2306 5653 2854 5728 ostendimus,mira
2863 5653 3022 5732 fecit,
3037 5651 3481 5735 signavalenter
3491 5653 3776 5730 operatus
