4028 6178
239 302 396 362 1195

1016 292 1398 355 HINCMARI
1446 290 1684 352 RHEM.
1733 287 2092 349 ARCHIEP.
2141 288 2550 350 OPUSCULA
2593 287 2854 347 VARIA.

3482 285 3638 346 H96

235 436 358 490 stra
382 443 676 486 vere-caro
707 433 815 496 est,
845 433 903 484 et
931 445 1061 483 vere
1111 426 1353 499 sanguis
1391 429 1498 480 est.
1532 425 1600 478 Et
1627 423 1748 478 hzec
1781 439 1880 477 ac—
1909 423 1961 488 Α
1994 421 2178 476 edocti
2211 439 2244 476 a
2269 420 2514 476 Domino
2547 417 2816 491 discipuli
2846 417 3198 490 promissam
3229 415 3471 488 spiritus
3499 433 3641 490 gra-

234 522 401 592 cepta
428 523 603 589 atque
633 516 937 583 hausta,id
962 515 1319 581 efliciunt,ut
1340 517 1396 569 et
1416 530 1522 568 nos
1543 512 1601 566 in
1625 510 1874 575 Christo,

233 611 292 664 et
319 605 586 664 Christus
613 605 672 660 in
705 605 874 660 nobis
904 605 1000 660 sit.
1035 605 1135 658 Est
1164 621 1299 672 ergo
1334 603 1390 656 in
1421 600 1592 656 nobis
1625 601 1745 671 ipse
1778 615 1879 671 per

233 713 490 762 carnem,
524 699 582 750 et
611 711 820 750 sumus
850 694 911 748 in
939 711 1006 750 eo
1038 693 1178 748 dum
1210 709 1407 749 secum
1440 691 1549 746 hoc
1580 689 1735 762 quod
1771 705 1878 744 nos

231 801 442 842 sumus
469 783 530 840 in
560 783 746 840 Deum
775 787 884 840 est.
919 784 1205 849 Quoniam
1235 787 1428 836 autem
1457 779 1517 834 in
1549 796 1614 836 eo
1646 795 1750 851 per
1778 794 1876 832 sa-

230 877 598 928 cramentum
623 870 1067 928 communicatae
1105 869 1298 925 carnis
1329 873 1386 925 et
1414 867 1719 939 sanguinis
1748 867 1876 936 ejus

231 960 441 1029 simus,
472 959 600 1034 ipse
629 963 880 1016 testatur
905 959 1107 1015 dicens
1133 975 1146 1012 :
1169 959 1233 1013 Et
1263 957 1354 1013 hic
1377 957 1608 1012 muvdus
1653 971 1740 1011 me
1755 956 1878 1026 jam

230 1066 343 1106 non
371 1048 546 1118 videt;
581 1064 669 1105 vos
691 1056 869 1104 autem
897 1065 982 1103 me
1008 1047 1278 1112 videbitis,
1312 1048 1573 1118 quoniam
1612 1061 1705 1115 ego
1737 1047 1874 1112 vivo,

230 1146 283 1194 et
309 1154 401 1193 vos
432 1138 641 1204 vivetis,
673 1139 935 1208 quoniam
964 1151 1056 1206 ego
1089 1137 1150 1190 in
1179 1137 1340 1190 Patre
1368 1134 1560 1200 ineo,et
1579 1151 1667 1190 vos
1692 1137 1751 1189 in
1769 1151 1874 1201 me,

231 1233 285 1282 et
309 1241 407 1295 ego
438 1227 500 1281 in
527 1225 676 1281 vobis
703 1227 882 1292 (Joan.
915 1225 1029 1292 xw)
1064 1241 1078 1278 :
1112 1227 1176 1278 ut
1207 1239 1341 1279 cum
1373 1222 1468 1278 ille
1493 1222 1550 1276 in
1585 1223 1748 1277 Patre
1778 1239 1881 1294 per

234 1318 506 1370 naturam
537 1312 859 1368 divinitatis
889 1316 996 1380 est,
1028 1329 1136 1368 nos
1167 1315 1370 1366 contra
1394 1311 1454 1365 in
1474 1327 1540 1368 eo
1563 1327 1666 1382 per
1685 1327 1878 1382 corpo-

235 1400 355 1457 rale
385 1401 513 1472 ejus
544 1399 925 1468 nativitatem,
941 1403 998 1454 et
1019 1398 1116 1454 ille
1136 1416 1370 1454 rursum
1397 1399 1458 1453 in
1483 1398 1650 1454 nobis
1666 1415 1767 1471 per
1787 1415 1878 1454 sa-

234 1493 665 1544 cramentorum
699 1488 892 1543 inesse
921 1487 1264 1560 mysterium
1287 1488 1755 1555 creditur.Quam
1777 1505 1878 1544 au-

231 1581 349 1633 tem
383 1575 668 1633 naturalis
696 1575 756 1630 in
789 1577 959 1632 nobis
990 1576 1099 1632 hoc
1130 1576 1326 1632 unitas
1359 1576 1586 1649 sit,ipse
1606 1575 1690 1632 ita
1709 1581 1883 1632 testa-

231 1670 330 1720 tus
359 1670 449 1722 est
481 1681 492 1721 :
529 1665 635 1733 Qui
663 1665 774 1721 edit
799 1681 1022 1720 carnem
1065 1683 1262 1732 meam,
1292 1675 1342 1721 et
1374 1665 1510 1720 bibit
1556 1667 1883 1733 sanguinem

231 1770 432 1822 meum,
467 1755 526 1810 in
555 1771 640 1810 me
666 1763 848 1810 manet
877 1763 928 1810 et
951 1771 1046 1821 ego
1077 1758 1136 1809 in
1165 1772 1244 1809 eo.
1271 1756 1391 1810 Non
1424 1755 1578 1810 enim
1614 1756 1711 1828 qui
1736 1757 1793 1810 in
1817 1771 1882 1810 eo

231 1842 480 1913 erit,nisi
513 1843 572 1898 in
605 1859 720 1915 quo
750 1843 876 1916 ipse
898 1844 1071 1898 fuerit
1091 1845 1219 1913 ejus
1241 1849 1466 1898 tantum
1489 1843 1548 1898 in
1573 1861 1634 1898 se
1656 1861 1880 1900 assum-

234 1936 396 2004 ptam
427 1932 650 1988 habens
681 1932 1045 2004 carnem,qui
1078 1949 1245 1987 suam
1269 1933 1881 2004 sumpserit.Peri'ecta:

233 2024 428 2076 autem
460 2019 638 2093 hujus
668 2021 906 2077 unitatis
950 2027 1406 2086 sacramentum,
1439 2021 1564 2093 ipse
1595 2022 1760 2076 docet
1791 2022 1882 2078 di-

233 2125 372 2164 ccns
400 2125 412 2164 :
435 2109 589 2165 Sicut
613 2111 768 2165 misit
792 2127 878 2165 me
907 2113 1092 2166 vivens
1117 2111 1357 2177 Pater,et
1387 2127 1483 2180 ego
1513 2113 1631 2166 vivo
1656 2127 1756 2182 per
1775 2113 1881 2166 Pa-

239 2205 396 2264 trem,
428 2206 479 2252 et
509 2201 606 2269 qui
636 2199 1045 2254 manducaverit
1073 2216 1178 2264 me,
1201 2198 1259 2253 id
1282 2204 1372 2254 est
1401 2216 1636 2254 carnem
1666 2216 1879 2269 meam,

233 2292 286 2340 et
313 2284 428 2356 ipse
455 2286 595 2340 vivet
612 2303 713 2356 per
746 2303 830 2341 me
859 2287 1032 2356 (Joan.
1058 2286 1156 2357 vn).
1181 2286 1330 2340 Vivit
1351 2304 1486 2359 ergo
1507 2305 1608 2358 per
1630 2289 1878 2357 Patrem,

233 2377 291 2430 et
320 2375 612 2446 quomodo
642 2375 780 2430 vivit
810 2391 912 2446 per
945 2377 1192 2440 Patrem,
1227 2376 1426 2431 eodem
1461 2377 1632 2432 modo
1656 2394 1761 2432 nos
1781 2395 1882 2450 per

235 2479 469 2519 carnem
499 2463 629 2534 ejus
659 2463 928 2519 vivimus.
963 2464 1170 2520 Omnis
1214 2463 1370 2520 enim
1421 2465 1777 2536 comparatio
1807 2467 1879 2522 ad

233 2549 628 2624 intelligentiae
659 2553 907 2607 formam
939 2553 1489 2624 praesumitur,ut,id
1522 2555 1593 2610 de
1622 2571 1736 2626 quo
1759 2555 1878 2627 agi-

232 2643 350 2705 tur,
383 2641 706 2696 secundum
739 2641 1104 2713 propositum
1137 2641 1465 2713 exemplum
1510 2648 1876 2715 assequatur.

302 2727 417 2784 XV.
453 2727 583 2784 Haec
612 2745 749 2802 ergo
773 2728 902 2784 vitai
934 2733 1146 2785 nostra:
1177 2747 1355 2786 causa
1383 2731 1652 2802 est,quod
1687 2731 1743 2786 in
1777 2749 1878 2787 no-

233 2816 323 2873 bis
349 2816 1045 2884 carnalibus,manentem
1070 2835 1174 2890 per
1193 2835 1426 2874 carnem
1453 2819 1751 2876 Christum
1784 2821 1881 2876 ha-

233 2905 463 2971 bemus,
494 2904 734 2961 victuris
768 2906 937 2978 nobis
968 2922 1070 2978 per
1097 2923 1252 2975 eum,
1285 2924 1351 2962 ea
1383 2907 1878 2980 conditione,quia

229 2992 370 3048 vivit
393 2993 488 3050 ille
519 3009 622 3066 per
653 2994 966 3050 Patrem.Si
990 3011 1125 3066 ergo
1157 3013 1263 3051 nos
1295 2995 1640 3051 naturaliter
1669 3013 1876 3052 secun-

227 3081 369 3137 dum
399 3098 634 3138 carnem
657 3099 762 3154 per
779 3099 914 3138 eum
936 3083 1270 3151 vivimus,id
1289 3089 1378 3140 est
1394 3089 1666 3140 naturam
1685 3085 1877 3143 carnis

1992 507 2130 564 tiam
2145 507 2406 580 accipere
2421 507 2832 563 desiderabant
2844 521 2959 577 qua
2972 521 3087 560 non
3106 503 3206 559 uni
3231 507 3460 558 tantum
3475 502 3640 576 genti

1987 596 2221 662 Judzezn,
2257 615 2432 668 quam
2465 595 2589 668 ipse
2621 611 2878 666 praesens
2908 594 2969 648 in
3001 609 3175 648 carne
3206 592 3426 659 docuit,
3450 591 3552 648 sed
3584 595 3644 646 et

1987 685 2214 741 cunctis
2237 701 2340 757 per
2361 685 2562 740 orbem
2585 683 2924 739 nationibus
2945 681 3258 754 praedicare
3281 680 3638 738 sufficerent.

1983 777 2070 830 An
2105 791 2220 830 non
2251 773 2545 845 duplicem
2577 773 2820 846 spiritus
2848 771 2938 828 sui
2959 771 3212 845 gratiam
3234 769 3638 843 pollicebatur,

1985 880 2120 918 cum
2153 864 2235 918 ait
2267 881 2280 919 :
2312 864 2417 932 Qui
2445 863 2614 919 credit
2652 864 2713 918 in
2749 878 2854 928 me,
2882 878 3042 928 opera
3085 876 3210 933 qua?
3254 877 3348 932 ego
3396 862 3542 932 facio
3587 874 3646 925 et

1986 953 2099 1024 ipse
2127 955 2312 1024 faciet,
2339 960 2392 1007 et
2415 953 2632 1024 majora
2661 951 2856 1008 horum
2883 952 3047 1022 faciet
3076 952 3250 1018 (Joan.
3281 949 3421 1022 xxv).

2055 1040 2196 1096 XVI.
2232 1039 2772 1097 Sermocinantibus
2801 1039 2927 1096 Elia
2956 1045 3014 1096 et
3043 1037 3251 1106 Eliseo,
3273 1039 3470 1095 subito
3501 1055 3638 1096 cur-

1987 1147 2088 1186 rus
2119 1135 2176 1186 et
2207 1129 2342 1202 equi
2373 1129 2527 1202 ignei
2559 1133 2882 1202 rapuerunt
2909 1127 3094 1184 Eliam
3143 1129 3310 1201 quasi
3359 1145 3546 1200 usque
3575 1129 3636 1184 in

1988 1218 2220 1274 coelum.
2255 1218 2359 1284 Qui
2394 1219 2648 1290 profccto
2677 1235 2885 1274 currus
2915 1221 2972 1272 et
3001 1217 3158 1288 equi,
3193 1215 3468 1289 angelicae
3498 1221 3642 1272 sunt

1989 1307 2376 1380 intelligenda:
2409 1305 2672 1362 virtutes.
2696 1306 2776 1362 De
2797 1305 3015 1378 quibus
3044 1305 3329 1377 scriptum
3354 1309 3442 1361 est
3467 1321 3478 1358 :
3506 1305 3640 1360 Cur-

1991 1413 2084 1452 rus
2116 1398 2212 1452 Dei
2240 1395 2416 1451 decem
2445 1395 2717 1463 millibus,
2746 1394 3056 1467 multiplex,
3079 1394 3264 1449 millia
3302 1395 3636 1450 lwtantium.

1989 1486 2251 1540 Dominus
2283 1487 2343 1540 in
2374 1485 2489 1539 illis
2519 1485 2690 1552 (Psal.
2725 1483 2929 1550 van);
2963 1487 3020 1538 et
3047 1483 3260 1539 iterum
3293 1499 3307 1537 :
3345 1484 3460 1556 Qui
3499 1485 3638 1555 facit

1992 1575 2212 1642 angelos
2241 1590 2366 1628 suos
2395 1575 2641 1645 spiritus,
2670 1580 2720 1630 et
2746 1574 3030 1628 ministoos
3075 1589 3202 1627 suos
3252 1575 3434 1644 ignem
3470 1589 3638 1628 uren-

1993 1672 2098 1718 tem
2129 1663 2303 1730 (Psal.
2337 1663 2476 1730 CIII).
2513 1661 2730 1718 Horum
2765 1678 3020 1733 namque
3049 1661 3206 1717 Elias
3234 1661 3518 1728 subsidio,
3553 1665 3640 1717 ut-

1995 1757 2124 1824 pote
2148 1751 2320 1806 homo
2343 1768 2550 1823 purus,
2571 1768 2686 1823 quo
2709 1768 2744 1806 a
2765 1755 2916 1806 terra
2947 1749 3073 1805 tolli
3104 1753 3302 1822 posset
3333 1751 3639 1821 agebat.Et

1991 1840 2278 1896 Dominus
2308 1857 2442 1896 cum
2473 1839 2750 1912 apostolis
2781 1838 3045 1912 loquens,
3079 1838 3275 1894 subito
3305 1838 3639 1894 videntibus

1993 1929 2107 1984 illis
2137 1929 2392 1985 elevatus
2423 1935 2530 1996 est,
2564 1934 2620 1984 et
2649 1929 2696 1984 si
2733 1945 2845 1983 non
2880 1926 3139 2000 angelico
3173 1927 3356 1983 fultus
3401 1927 3635 1994 auxilio,

1991 2017 2252 2090 angelico
2283 2024 2477 2074 tamen
2510 2018 2824 2073 comitatus
2856 2015 3423 2090 obsequio.Vereque
3445 2021 3533 2074 est
3553 2034 3642 2073 as-

1991 2111 2265 2180 sumptus
2283 2108 2340 2162 in
2361 2107 2824 2179 coelum,angelis
2841 2122 3070 2178 quoque
3088 2105 3164 2160 idi
3172 2123 3345 2178 psum
3363 2109 3641 2162 attestan-

1989 2195 2168 2262 tibus,
2203 2195 2303 2266 qui
2336 2195 2453 2251 illis
2502 2195 2772 2252 dixerunt
2805 2212 2817 2251 :
2850 2196 2949 2251 Hic
2990 2197 3142 2251 Iesus
3187 2197 3284 2267 qui
3329 2204 3638 2267 assumptus

1989 2292 2067 2340 est
2093 2302 2127 2338 a
2157 2283 2304 2339 vobis
2345 2286 2405 2338 in
2450 2287 2664 2353 caelum,
2695 2287 2777 2340 sic
2822 2285 2996 2340 veniet
3023 2284 3160 2356 (Act.
3195 2283 3254 2354 ι).
3289 2282 3638 2340 Sublevatus

1995 2373 2065 2428 ad
2101 2372 2308 2428 ccelum
2341 2372 2518 2440 Elias,
2549 2372 2772 2429 dimisit
2799 2372 2988 2428 Eliseo
3010 2371 3254 2444 pallium
3277 2388 3394 2444 quo
3415 2372 3642 2428 eratin-

1991 2462 2191 2516 dutus.
2224 2462 2559 2518 Ascendens
2591 2461 2648 2516 in
2681 2460 2892 2518 ccelum
2933 2461 3237 2528 Dominus,
3273 2465 3641 2517 sacramenta

1989 2549 2376 2606 humanitatis
2407 2554 2723 2622 assumptis
2745 2548 3199 2622 discipulis,imo
3220 2547 3643 2622 Ecclesiae,qui-

1990 2639 2101 2694 bus
2133 2637 2597 2694 sanctiﬁcaretur
2625 2637 2684 2692 in
2715 2637 2930 2694 virtute
2952 2637 3302 2698 dilectionis.
3324 2655 3392 2694 ac
3411 2637 3638 2694 caleﬁe-

1991 2731 2096 2796 ret,
2121 2726 2704 2799 reliquit.Assumens
2725 2726 2951 2783 Eliseus
2972 2724 3215 2798 pallium
3237 2725 3372 2782 Elim
3396 2743 3639 2800 percus-

1989 2815 2067 2871 sit
2095 2833 2161 2872 eo
2191 2833 2377 2888 aquas
2407 2815 2700 2882 Jordanis,
2733 2820 2790 2870 et
2819 2815 2918 2872 ubi
2949 2815 3236 2870 invocavit
3259 2815 3446 2871 Deum
3477 2814 3638 2883 Elia,

1987 2903 2184 2960 divisa:
2215 2907 2355 2960 sunt
2383 2907 2440 2960 et
2466 2903 2718 2960 transiit.
2746 2906 3134 2976 Assumpseru
3147 2908 3208 2958 nt
3238 2902 3504 2976 apostoli,
3539 2920 3640 2959 as-

1987 2993 2242 3064 sumpsit
2257 2993 2526 3047 instituta
2540 3001 2644 3064 per
2665 3009 2764 3049 eos
2783 2992 2976 3048 omnis
2995 2990 3250 3048 Ecclesia
3271 2996 3655 3048 sacramenta-

1987 3080 2078 3136 sui
2111 3079 2535 3152 Redemptoris.
2563 3079 2784 3148 Quibus
2815 3079 3158 3154 spiritaliter
3175 3079 3641 3148 erudita,abluta

225 3186 345 3226 sum
366 3170 884 3242 adepti,quomodo
905 3188 1022 3226 non
1045 3171 1390 3228 naturaliter
1409 3175 1733 3228 secundum
1755 3175 1874 3247 spi-
1908 3154 1950 3221 C
1988 3173 2046 3225 et
2075 3174 2430 3236 consecrata,
2460 3169 2590 3242 ipsa
2619 3187 2850 3242 quoque
2873 3169 3132 3225 invocato
3155 3169 3391 3226 nomine
3413 3168 3514 3224 Dei
3538 3169 3644 3225 Pa-

225 3259 407 3316 ritum
440 3259 499 3314 in
531 3276 593 3316 se
626 3259 873 3326 Patrem,
909 3259 1122 3314 habeat
1152 3277 1286 3315 cum
1311 3260 1461 3316 vivat
1491 3261 1615 3333 ipse
1647 3279 1750 3334 per
1773 3263 1874 3318 Pa-
1922 3327 1931 3340 _

226 3346 420 3402 trem?
451 3347 557 3402 Per
587 3348 814 3404 Patrem
845 3351 1040 3403 autem
1071 3348 1228 3414 vivit,
1261 3349 1402 3404 dum
1449 3349 1724 3406 nativitas
1760 3367 1874 3406 non

229 3434 482 3491 alienam
513 3435 712 3490 intulit
733 3435 1140 3508 diversamque
1157 3439 1596 3504 naturam,dum
1615 3439 1769 3510 quod
1788 3443 1878 3494 est

229 3527 286 3578 et
315 3523 388 3580 ab
418 3540 486 3580 eo
512 3529 733 3590 est,nec
765 3529 961 3582 tamen
995 3525 1065 3580 ab
1097 3543 1163 3580 eo
1195 3543 1296 3598 per
1325 3525 1585 3598 aliquam
1615 3526 1874 3582 inciden-

229 3615 346 3668 tem
379 3617 599 3668 naturae
630 3613 1170 3672 dissimilitudinem
1206 3621 1529 3687 separatur,
1549 3616 1691 3671 dum
1724 3617 1781 3670 in
1814 3632 1874 3672 se

229 3717 333 3774 per
365 3701 726 3758 nativitatem
757 3703 932 3759 habet
959 3705 1185 3759 Patrem
1215 3705 1271 3758 in
1293 3704 1509 3758 virtute
1530 3705 1872 3771 naturae,cui

226 3790 505 3846 veraciter
533 3789 773 3846 unimur
794 3808 898 3862 per
918 3791 1340 3846 incarnationis
1364 3809 1482 3846 suae
1507 3791 1870 3862 mysterium.

223 3877 386 3943 Quod
418 3877 678 3948 quotidie
701 3877 760 3932 in
782 3877 1068 3934 catholica
1088 3878 1419 3934 celebratur
1439 3877 1876 3946 Ecclesia,sicut

221 3965 658 4037 praeﬁguratum
690 3963 906 4038 legitur
936 3965 995 4022 in
1027 3983 1193 4022 sacra
1215 3967 1460 4023 historia
1485 3984 1496 4020 :
1526 3966 1696 4022 Venit
1717 3967 1872 4024 Elias

221 4053 293 4109 ad
321 4052 658 4121 Jordanem,
693 4057 751 4109 et
781 4060 990 4111 exutus
1023 4055 1197 4127 pallio
1231 4072 1337 4112 suo
1369 4056 1658 4128 percussit
1689 4073 1872 4128 aquas

221 4157 287 4198 ac
315 4139 516 4198 divisit
545 4143 636 4211 (IV
661 4144 784 4216 Reg.
820 4146 885 4213 1|)
915 4161 931 4201 :
965 4143 1121 4200 venit
1173 4143 1458 4200 Dominus
1507 4145 1579 4200 ad
1629 4145 1870 4202 ﬂuvium

222 4229 446 4299 mortis,
473 4247 589 4302 quo
618 4247 804 4304 genus
835 4231 1164 4288 humanum
1197 4231 1378 4306 mergi
1411 4238 1874 4301 consueverat,et

220 4334 438 4376 exuens
454 4335 516 4376 se
533 4320 606 4376 ad
623 4325 856 4393 tempus
877 4320 1080 4376 habitu
1104 4321 1297 4377 carnis
1317 4339 1492 4393 quem
1517 4327 1867 4394 sumpserat,

221 4411 470 4464 mortem
493 4409 794 4466 moriendo
816 4409 1107 4481 percussit
1131 4427 1197 4466 ac
1218 4409 1344 4465 vitae
1368 4409 1536 4466 nobis
1558 4411 1667 4466 iter
1687 4428 1872 4468 resur-

221 4497 408 4567 gendo
437 4498 726 4568 patefecit.
762 4499 936 4555 Recte
967 4499 1124 4554 enim
1167 4516 1269 4570 per
1314 4499 1628 4554 Jordanem
1679 4500 1870 4555 ﬂuxus
1904 4519 1947 4583 ι)

220 4587 432 4639 nostra:
463 4585 837 4642 mortalitatis
869 4604 936 4642 ac
967 4587 1229 4643 defectus
1259 4587 1621 4659 exprimitur,
1648 4587 1786 4660 quia
1813 4593 1872 4643 et

218 4669 494 4728 Jordanis
525 4673 727 4729 Latine
757 4673 1040 4730 descensus
1069 4692 1255 4731 eorum
1285 4675 1584 4742 dicitur,ct
1613 4674 1738 4746 ipse
1764 4676 1868 4730 ﬂu-

218 4758 346 4814 vius
378 4759 438 4814 in
467 4775 627 4816 mare
657 4761 952 4817 Mortuum
985 4763 1600 4830 inﬂuens,laudabiles
1625 4780 1761 4819 suas
1785 4765 1864 4820 ibi

218 4847 408 4920 perdit
427 4849 877 4920 aquas.Transit
896 4855 1093 4906 autem
1115 4851 1267 4907 Elias
1289 4851 1472 4907 diviso
1489 4852 1744 4908 Jordane
1767 4869 1868 4925 per

217 4936 684 5007 siccum,transit
705 4942 762 4994 et
783 4936 1009 4995 Eliseus
1035 4955 1048 4994 :
1071 4940 1211 5010 quia
1233 4957 1543 5014 resurgens
1563 4957 1598 4996 a
1619 4940 1866 4996 mortuis

217 5025 780 5095 Salvatorﬁdelibus
800 5045 1034 5100 quoque
1059 5028 1184 5084 suis
1207 5045 1370 5101 spem
1394 5029 1734 5101 resurgendi
1756 5029 1830 5084 tri
1847 5059 1864 5070 -

217 5113 364 5172 buit.
396 5116 664 5172 Transito
693 5117 947 5174 Jordane
977 5117 1132 5174 Elias
1162 5117 1323 5174 dedit
1351 5117 1646 5190 optionem
1679 5117 1865 5174 Eliseo

211 5203 548 5276 postulandi
581 5223 709 5278 qua:
737 5205 1002 5264 vellet.Et
1022 5207 1308 5262 Dominus
1339 5206 1578 5279 impleta
1607 5223 1864 5264 resurre-

211 5293 402 5349 ctione
431 5292 634 5366 gloria,
669 5294 900 5366 plenius
931 5294 1352 5366 discipulorum
1384 5295 1678 5362 sensibus,
1707 5295 1861 5351 inse-

213 5380 515 5451 ruit,quod
543 5386 603 5439 et
631 5387 803 5439 antea
832 5383 1101 5456 promisit
1126 5401 1139 5440 :
1165 5384 1304 5452 Quia
1323 5384 1675 5456 quodcunque
1697 5387 1863 5454 petie-

208 5469 336 5522 ritis
366 5468 427 5523 in
454 5473 676 5528 nomine
699 5489 814 5528 meo
845 5473 942 5528 hoc
968 5473 1176 5544 faciam
1201 5476 1384 5541 (Joan.
1417 5488 1518 5526 xm
1541 5479 1592 5528 et
1615 5471 1726 5544 xv).
1765 5472 1862 5528 Pe-

209 5553 304 5613 tiit
333 5553 556 5616 Eliseus
589 5563 653 5620 ut
681 5561 843 5622 ﬁeret
872 5559 1114 5636 spiritus
1145 5560 1280 5621 Elite
1331 5558 1544 5637 duplex
1592 5558 1652 5618 in
1684 5575 1766 5632 se,
1801 5565 1858 5620 et

1987 3256 2114 3322 tris,
2146 3257 2430 3329 impetum
2462 3257 2667 3312 mortis
2707 3273 3004 3330 superare,
3037 3257 3282 3329 ejusque
3331 3256 3638 3312 obstaculo

1987 3349 2339 3416 contempto,
2373 3345 2444 3400 ad
2475 3345 2654 3402 vitam
2688 3345 2934 3402 transire
2963 3345 3170 3401 didicit
3191 3346 3636 3418 sempiternam,

1978 3435 2145 3504 juxta
2177 3435 2328 3506 quod
2364 3434 2645 3490 Dominus
2675 3434 2733 3490 in
2766 3434 3074 3508 Evangelio
3114 3434 3275 3506 dicit,
3311 3433 3584 3506 inquiens
3620 3451 3652 3498 :~

1984 3523 2138 3578 Sicut
2163 3523 2364 3594 Moyses
2393 3524 2656 3579 exultavit
2699 3531 3000 3596 serpentem
3029 3524 3086 3578 in
3117 3522 3342 3588 deserto,
3371 3525 3446 3578 ita
3475 3523 3636 3578 eral-

1985 3613 2094 3667 tari
2121 3618 2323 3682 oportet
2351 3613 2556 3668 Filium
2581 3613 2840 3677 hominis,
2861 3621 2921 3667 ut
2942 3614 3119 3668 omnis
3141 3614 3240 3684 qui
3265 3612 3436 3668 credit
3462 3615 3524 3666 in
3555 3614 3638 3684 ip-

1983 3715 2105 3753 sum
2148 3715 2256 3754 non
2306 3708 2509 3772 pereat,
2557 3700 2648 3756 sed
2691 3701 2884 3756 habeat
2941 3703 3113 3756 vitam
3157 3709 3422 3757 (uernam
3455 3701 3631 3773 (Joan.

1984 3791 2088 3856 III).
2123 3789 2408 3853 Quoniam
2440 3788 2540 3860 qui
2571 3789 2814 3844 credens
2845 3790 2903 3844 in
2927 3788 3175 3855 Christo,
3200 3788 3491 3861 passionis
3512 3805 3632 3844 sua:

1983 3881 2351 3932 sacramenta
2381 3878 3047 3946 oredendo,conﬁtcndo,
3064 3877 3367 3934 sinceriter
3394 3875 3635 3932 imitan-

1982 3966 2076 4031 do,
2110 3965 2358 4021 ﬁdeliter
2387 3965 2588 4035 sumit,
2621 3966 2880 4022 salvetur
2907 3965 2966 4020 in
2995 3971 3343 4038 perpetuum
3377 3966 3449 4021 ab
3469 3964 3634 4020 omni

1983 4058 2168 4109 morte
2197 4069 2376 4125 quam
2423 4054 2716 4126 peccando
2766 4054 2828 4110 in
2877 4053 3076 4110 anima
3126 4053 3343 4126 pariter
3372 4057 3430 4109 et
3457 4069 3634 4108 carne

1981 4142 2288 4212 contraxit,
2321 4147 2377 4198 et
2404 4159 2517 4198 non
2551 4142 2741 4198 solum
2768 4141 3157 4215 perditionem
3203 4143 3405 4198 evadet
3432 4158 3633 4214 pmna-

1981 4247 2133 4296 rum,
2168 4230 2268 4286 sed
2298 4233 2356 4286 et
2385 4230 2564 4285 vitam
2595 4229 2873 4302 percipiet
2903 4228 3346 4302 sempiternam.

2050 4318 2220 4374 XVII.
2251 4319 2336 4374 Ad
2367 4333 2546 4390 quam
2568 4319 2750 4375 beatae
2771 4322 2829 4375 et
2848 4317 3112 4391 gloriosa:
3136 4335 3369 4391 semper
3387 4317 3634 4392 virginis

1981 4409 2037 4462 et
2059 4407 2360 4478 genitricis
2389 4424 2508 4463 sum
2541 4406 2734 4484 Mariae
2785 4407 3035 4463 dominae
3087 4412 3298 4464 nostra
3348 4424 3413 4462 ac
3459 4407 3635 4463 istius

1979 4495 2208 4566 patroni
2240 4496 2420 4552 nostri
2451 4496 2602 4552 beati
2639 4495 2886 4568 Remigii
2919 4495 3144 4552 meritis
3177 4500 3235 4552 et
3262 4494 3638 4552 intercessio-

1981 4583 2174 4654 nibus,
2209 4585 2267 4639 in
2302 4584 2414 4640 ﬁde
2446 4589 2602 4640 rccta
2633 4589 2688 4640 et
2723 4584 2892 4640 bonis
2923 4584 3200 4656 operibus
3232 4601 3338 4639 nos
3367 4599 3632 4656 perseve-

1977 4676 2192 4740 rantes,
2217 4677 2275 4728 et
2305 4690 2408 4746 per
2433 4674 2828 4746 acceptionem
2853 4672 3111 4746 corporis
3133 4678 3192 4728 et
3211 4671 3516 4744 sanguinis
3536 4672 3632 4728 sui

1979 4778 2163 4816 unum
2195 4779 2393 4818 secum
2424 4763 2656 4818 effectos
2687 4763 3005 4834 perducere
3035 4762 3393 4835 dignetur,et
3412 4777 3516 4833 per
3531 4777 3630 4816 ea-

1977 4851 2110 4906 dem
2143 4850 2493 4906 humilitatis
2525 4852 2653 4922 ejus
2686 4853 3053 4906 sacramenta
3076 4866 3266 4922 usque
3285 4849 3354 4905 ad
3377 4854 3633 4904 contem-

1976 4938 2254 5010 plandam
2273 4939 2592 4995 divinitatis
2609 4939 2872 5011 ejusdem
2888 4938 3343 5012 gloriam,quam
3359 4938 3482 5011 ipse
3495 4938 3632 4995 fide-

1976 5027 2132 5083 libus
2163 5028 2344 5084 servis
2375 5027 2499 5084 suis
2549 5027 2704 5084 fideli
2753 5027 2970 5100 pietate
3016 5025 3342 5100 pollicetur,
3372 5027 3574 5084 dicens
3608 5043 3623 5082 :

1978 5117 2084 5185 Qui
2107 5115 2293 5188 diligit
2318 5133 2422 5182 me,
2457 5117 2723 5186 diligetur
2748 5134 2782 5171 α
2809 5118 2974 5172 Patre
3017 5132 3154 5184 meo,
3183 5123 3235 5172 et
3262 5132 3358 5186 ego
3395 5115 3633 5184 diligam

1973 5221 2116 5273 eum,
2145 5213 2197 5260 et
2222 5206 2583 5276 mani/estabo
2611 5208 2666 5260 ei
2689 5207 2961 5276 meipsum
2989 5205 3166 5277 (Joan.
3191 5204 3630 5276 x1v).Meipsum

1974 5293 2380 5362 manifestabo,
2416 5293 2629 5366 inquit,
2661 5293 2719 5348 id
2752 5298 2842 5350 est
2873 5311 2985 5350 non
3019 5292 3254 5366 qualem
3287 5310 3380 5349 me
3420 5308 3630 5349 omnes

1971 5381 2568 5455 conspieere,qualem
2591 5381 2766 5438 etiam
2791 5381 2972 5438 invidi
2993 5381 3462 5455 cruciﬁgere,sed
3487 5398 3630 5453 qua-

1968 5471 2082 5528 lem
2114 5470 2174 5527 in
2203 5472 2408 5528 decore
2431 5487 2536 5526 suo
2562 5487 2759 5543 regem
2781 5469 3132 5528 saculorum
3152 5469 3260 5526 soli
3281 5469 3478 5527 videre
3499 5487 3630 5543 pos-

1967 5563 2110 5620 sunt
2139 5559 2294 5622 oculi
2324 5559 2531 5620 mundi
2561 5563 2898 5622 sanctorum
2933 5577 2946 5619 ε
2982 5558 3159 5621 talem
3187 5575 3280 5619 me
3311 5559 3384 5618 ad
3416 5575 3626 5637 repen-
