4028 6178
212 448 366 507 “97
1060 450 1486 510 RESPUNSIO
1533 455 1634 512 AD
1683 454 2183 523 QUtlltUMDAM
2232 457 2768 526 UUASS'I‘IONES.
3460 467 3614 525 H98

204 581 458 636 dendam
489 580 669 635 vicem
703 580 1053 646 dilectionis,
1078 581 1170 636 his
1203 583 1302 654 qui
1337 599 1427 638 me
1466 584 1735 656 diligunt,
1761 603 1852 640 os-
1887 587 1934 652 Λ
1971 586 2084 640 Deo
2120 587 2304 653 Patre,
2332 587 2548 660 Spiritu
2583 595 2783 644 sancto
2816 598 3136 648 coaeternus
3157 601 3212 650 et
3234 597 3614 653 consubstan-

204 670 464 725 tendam.
509 670 840 743 Pertingere
891 672 1065 726 faciat
1095 672 1363 728 Christus
1393 675 1564 729 Jesus
1607 675 1778 742 Deus,
1803 680 1860 730 et
1972 675 2128 730 tialis
2153 694 2217 731 ac
2242 677 2572 748 comqualis,
2596 677 2733 732 vivit
2755 681 2810 734 ct
2841 686 3041 751 regnat
3066 698 3167 753 per
3187 685 3383 740 omnia
3405 686 3617 742 smcula

202 758 512 827 Dominus,
539 759 804 815 conditor
849 763 905 816 et
952 761 1307 833 Redemptor
1339 767 1512 834 atque
1569 764 1640 817 ab
1699 763 1858 817 omni
1971 764 2341 820 saeculorum.
2369 768 2572 820 Amen.

202 853 393 904 morte
423 865 490 903 ac
526 849 898 921 corruptione
929 849 1191 905 Salvator
1223 855 1420 906 noster
1468 852 1525 906 in
1577 869 1695 924 qua
1725 869 1858 906 cum

197 1061 3603 1086 _____.__._________________________________________________

1723 1197 2086 1266 XXIII.
3510 1200 3524 1234 ³

1049 1364 1694 1451 BESPONSIO
1755 1363 2170 1453 DOMINI
2227 1367 2772 1454 HINCMARI
3119 1398 3167 1434 -

1407 1533 1526 1601 _AD
1571 1532 1946 1587 QL’ORUMDAM
1992 1533 2373 1586 QUIESTIONES

617 1662 745 1724 Cur
777 1665 835 1724 in
865 1664 1122 1746 quodam
1150 1685 1269 1726 sua:
1301 1667 1627 1729 humiliatis
1653 1669 1872 1748 scripto
1898 1667 2166 1749 posuerit
2194 1669 2498 1750 mysticam
2527 1667 2835 1730 Niczenam
2862 1667 3175 1748 synodum.

1047 1819 1238 1890 (Apud
1272 1819 1590 1887 Sirmond.,
1625 1835 1692 1875 ex
1722 1818 1918 1874 codice
1950 1819 2008 1875 S.
2045 1819 2339 1876 Laurentii
2374 1818 2755 1886 Leodiensis.)

267 2092 587 2158 Quaesitum
605 2095 786 2159 est,ut
804 2109 836 2146 a
857 2092 1212 2163 quibusdam
1231 2094 1373 2148 mihi
1395 2094 1614 2150 dictum
1635 2101 1852 2162 est,cur
1881 2099 1927 2163 Β
1960 2114 2113 2162 mus,
2133 2098 2190 2152 in
2214 2097 2380 2152 libris
2393 2097 2950 2160 Graecorum,verum
2975 2098 3030 2149 et
3052 2095 3110 2150 in
3135 2095 3495 2162 Latinorum,
3522 2095 3606 2151 uti

195 2181 255 2235 in
279 2181 537 2252 quodam
560 2197 700 2235 mea:
721 2180 1076 2236 humilitatis
1096 2183 1311 2254 scripto
1336 2186 1629 2254 posuerim
1656 2186 1849 2257 mysti-
1959 2186 2371 2256 comperimus,
2396 2203 2496 2256 per
2519 2190 2685 2240 notas
2714 2183 3054 2239 scribuntur
3091 2183 3482 2254 nominaque:
3515 2184 3608 2238 in-

195 2287 326 2325 cam
359 2270 650 2325 Niczenam
675 2271 984 2341 synodum.
1003 2270 1162 2326 Unde
1187 2272 1337 2326 sicut
1360 2272 1624 2327 doctrina
1656 2274 1850 2328 catho-
1959 2276 2188 2330 terdum
2214 2277 2404 2346 prima
2423 2281 2479 2329 et
2499 2274 2818 2328 novissima
2834 2276 2884 2327 et
2904 2271 3133 2343 virgula
3157 2271 3607 2346 superpositam

195 2357 444 2412 licorum
465 2357 635 2412 nobis
663 2362 753 2412 est
773 2358 1078 2430 traditum,
1106 2360 1405 2415 reddimus
1430 2361 1709 2416 rationem
1737 2379 1748 2416 :
1774 2362 1848 2416 vi-
1957 2366 2250 2420 dexteram
2274 2381 2434 2436 reque
2456 2362 2718 2418 veniente
2745 2378 2778 2416 a
2809 2360 3067 2427 sinistra,
3095 2366 3157 2416 ut
3179 2345 3294 2417 Ήὲ.
3324 2344 3450 2417 ﬁt.
3475 2343 3604 2417 ῖῖ-Ιῖ.

195 2446 407 2502 delicat
435 2446 575 2517 quia
619 2451 675 2501 et
721 2446 896 2501 veteri
947 2446 1190 2502 historia
1239 2449 1626 2520 przeﬁgurata,
1661 2454 1717 2504 et
1748 2467 1849 2522 per

195 2552 508 2591 numerum
541 2535 692 2608 signi
725 2535 1017 2608 passionis
1040 2553 1103 2590 ac
1127 2537 1382 2591 nominis
1408 2537 1637 2593 Domini
1663 2539 1845 2595 nostri

193 2624 334 2680 Jesu
367 2623 582 2679 Christi
631 2629 720 2679 est
769 2624 1092 2696 designata,
1127 2629 1184 2680 et
1235 2625 1597 2697 praescientia
1646 2643 1844 2682 conse-

193 2718 377 2768 crata.
403 2713 621 2768 Nomen
645 2712 802 2768 enim
832 2713 1169 2768 mediatoris
1193 2715 1290 2768 Dei
1316 2731 1379 2770 ac
1413 2714 1720 2770 hominum
1752 2715 1848 2771 ho-

195 2801 378 2856 minis
411 2802 550 2856 Jesu
583 2801 936 2874 Christi,qui
967 2803 1270 2858 divinitate
1320 2822 1426 2858 nos
1477 2804 1756 2870 condidit,
1791 2809 1847 2858 ot

195 2889 560 2946 humanitate
592 2891 649 2944 in
682 2891 906 2946 unitate
936 2908 1195 2963 persona:
1241 2910 1358 2946 sum
1399 2892 1722 2947 divinitatis
1754 2911 1844 2948 as-

195 2983 436 3049 sumpta
467 2978 728 3045 redemit,
753 2996 886 3034 cum
933 2980 1009 3036 sit
1057 2980 1382 3047 Ilebrrcum,
1407 2982 1559 3052 apud
1596 2982 1842 3049 Grmcos,

194 3066 295 3137 qui
331 3072 394 3120 ut
427 3066 647 3121 Hebrmi
687 3068 747 3122 in
797 3067 1103 3123 nominum
1157 3069 1649 3141 interpretatione,
1675 3070 1755 3125 ita
1786 3073 1844 3125 in

195 3172 440 3209 numero
462 3155 790 3212 litterarum
813 3156 1050 3229 gloriari
1077 3157 1370 3224 dicuntur,
1395 3157 1606 3213 litteris
1633 3159 1846 3214 Grmcis

195 3243 277 3298 ita
308 3242 585 3299 scribitur
615 3258 834 3302 ιιιΣΟΥΣ
865 3247 1019 3318 quod
1045 3247 1236 3302 Graece
1265 3246 1478 3302 dicitur
1507 3261 1719 3313 ΣΩΤΙΙΡ,
1747 3249 1847 3302 La-

193 3332 313 3387 tine
346 3333 762 3405 interpretatur
793 3335 1104 3401 SALVATOR,
1133 3336 1250 3391 sive
1272 3337 1550 3392 salutaris.
1578 3337 1646 3390 Et
1670 3337 1846 3407 hujus

191 3421 415 3476 Hebraei
448 3421 702 3478 nominis
733 3423 1064 3479 litterarum
1107 3441 1387 3479 numerus
1433 3425 1586 3496 apud
1619 3425 1844 3481 Graecos

191 3510 302 3566 iste
354 3515 444 3566 est
493 3529 506 3566 :
544 3524 578 3577 l,
633 3513 717 3579 10,
754 3525 811 3578 ll,
845 3513 910 3579 8;
941 3527 995 3579 Σ,
1043 3514 1182 3580 200;
1219 3527 1273 3580 0,
1304 3515 1403 3578 70;
1438 3528 1492 3580 Σ,
1531 3515 1656 3568 200.
1713 3512 1842 3569 Col-

189 3597 339 3654 lecto
373 3603 566 3654 autem
606 3599 665 3655 in
712 3617 897 3655 unum
928 3600 1036 3656 hoc
1071 3618 1333 3667 numero,
1369 3603 1518 3657 ﬁunt
1565 3602 1843 3673 quadrin-

189 3687 350 3758 genti
383 3687 676 3760 octoginta
705 3691 855 3744 octo.
890 3689 1052 3745 Unus
1081 3707 1356 3762 namque,
1388 3691 1486 3762 qui
1518 3691 1694 3746 dividi
1729 3709 1843 3747 non

190 3779 402 3848 potest,
428 3776 619 3833 decies
642 3778 853 3834 ductus
876 3779 1182 3834 denarium
1214 3779 1459 3852 perﬁcit,
1483 3785 1540 3835 et
1570 3781 1844 3836 denarius

190 3869 398 3936 quater
419 3865 632 3922 ductus
653 3865 710 3920 in
737 3868 1269 3940 quadragenarium
1295 3868 1503 3940 surgit,
1527 3873 1582 3924 et
1603 3871 1848 3941 quadra-

193 3953 355 4026 ginta
372 3955 733 4010 deciesducti
749 3957 1207 4029 quadringentos
1220 3958 1484 4012 efﬁciunt
1501 3976 1512 4024 ;
1534 3957 1700 4029 quiaj
1714 3963 1848 4014 uxta

194 4042 358 4097 Pauli
398 4059 596 4099 vocem
634 4061 645 4100 :
685 4045 828 4101 Unus
857 4053 935 4100 est
974 4047 1133 4112 Deus,
1167 4063 1311 4101 unus
1358 4045 1626 4101 nmliator
1673 4048 1771 4100 Dei
1799 4055 1850 4102 et

193 4131 481 4186 hominum
511 4133 664 4189 homo
712 4133 957 4189 Christus
985 4139 1167 4200 Iesus,
1199 4137 1295 4205 qui
1334 4133 1482 4190 dedit
1526 4134 1845 4204 redemptio-

193 4235 318 4273 nem
355 4221 701 4291 semetipsum
742 4237 844 4292 pro
895 4223 1147 4276 omnibus
1178 4221 1225 4289 (Ι
1259 4223 1390 4275 Tim.
1439 4238 1498 4285 ιι,
1539 4221 1614 4289 5).
1666 4220 1848 4290 Cujus

193 4307 385 4379 gratia
412 4307 485 4362 ad
533 4312 810 4364 aeternam
840 4310 1040 4378 vitam,
1065 4327 1191 4382 qua:
1224 4307 1554 4364 centenario
1607 4325 1848 4363 numero

194 4395 391 4451 ethoc
425 4400 632 4468 quater
681 4398 856 4454 ducto
905 4398 1211 4470 ﬁguratur,
1261 4397 1423 4452 electi
1475 4414 1699 4463 omnes,
1733 4413 1848 4452 non

195 4485 391 4540 solum
420 4485 490 4540 de
521 4485 954 4559 incorruptione
999 4487 1205 4542 anima:
1239 4485 1415 4542 simul
1464 4491 1521 4542 et
1567 4485 1848 4558 corporis,

193 4589 398 4628 verum
429 4577 486 4628 et
523 4574 593 4629 de
630 4574 854 4630 visione
884 4575 1091 4630 divina-3
1133 4575 1476 4647 majestatis,
1503 4591 1635 4629 cum
1667 4573 1852 4645 gloria

195 4661 462 4732 ejusdem
494 4661 830 4718 mediatoris
852 4663 954 4719 Dei
980 4668 1036 4718 et
1067 4663 1373 4718 hominum
1400 4661 1726 4718 clariﬁcatas
1752 4663 1854 4716 hu-

196 4749 502 4806 manitatis
531 4752 890 4822 gaudebunt.
926 4753 1139 4808 Octavo
1171 4758 1362 4807 autem
1398 4757 1453 4806 et
1484 4751 1852 4824 octogenario

1958 2454 2252 2509 Interdum
2286 2459 2479 2508 autem
2515 2452 2705 2524 prima
2743 2455 2798 2505 ct
2848 2449 3039 2531 media
3068 2453 3124 2505 et
3153 2450 3473 2506 novissima
3504 2467 3606 2506 no-

1957 2546 2156 2597 tantur
2185 2541 2400 2608 littera,
2435 2545 2491 2595 et
2539 2539 2764 2612 virgula
2813 2537 3185 2609 superposita
3221 2538 3280 2594 in
3311 2540 3605 2594 dexteram

1957 2649 2116 2702 mque
2139 2631 2404 2684 veniente
2429 2645 2470 2684 ιι
2501 2628 2760 2695 sinistra,
2786 2613 3031 2683 ut
3061 2612 3223 2683 W5.
3255 2629 3323 2682 Et
3351 2627 3524 2682 sicuti
3548 2628 3605 2682 in

1957 2719 2064 2774 hoc
2114 2717 2368 2784 nomine,
2417 2734 2550 2772 cum
2599 2703 3006 2772 scribiturﬁ
3037 2733 3175 2772 casu
3227 2715 3605 2782 nominativo,

1956 2823 2203 2880 quarum
2234 2805 2563 2860 litterarum
2587 2821 2869 2859 numerus
2893 2805 3002 2859 iste
3024 2809 3146 2860 est:
3177 2816 3212 2871 l,
3246 2804 3340 2872 IIO',
3369 2817 3426 2871 ιι,
3454 2805 3516 2869 8;
3550 2815 3602 2867 Σ,

1953 2897 2078 2961 200,
2111 2896 2168 2949 in
2213 2911 2398 2948 unum
2451 2898 2645 2948 autem
2679 2891 2956 2948 collectus
3001 2891 3095 2946 hic
3141 2907 3422 2946 numerus
3455 2907 3607 2944 com-

1956 2983 2074 3056 plet
2104 2983 2388 3038 ducentos
2419 2982 2614 3036 decem
2664 2985 2720 3036 et
2757 2985 2904 3036 octo.
2939 2979 3318 3035 Ccntenarius
3353 2995 3606 3050 namque

1955 3088 2260 3142 numerus,
2295 3071 2393 3142 qui
2426 3071 2625 3125 decem
2677 3069 2914 3124 decadis
2965 3072 3212 3134 constat,
3245 3072 3300 3123 et
3347 3068 3418 3122 de
3467 3066 3605 3122 laeva

1953 3160 2165 3214 transit
2196 3160 2254 3214 in
2287 3161 2604 3222 dexteram,
2631 3158 2921 3230 perfectus
2951 3161 3038 3214 est
3070 3173 3371 3212 numerus.
3395 3169 3432 3212 Σ
3462 3154 3603 3212 sim-

1955 3265 2070 3312 ma,
2091 3247 2287 3302 littera
2316 3246 2524 3302 ultima
2555 3248 2613 3301 in
2645 3251 2781 3302 nota
2803 3246 3060 3302 nominis
3081 3246 3220 3302 Jesu
3248 3246 3305 3300 in
3341 3244 3603 3300 nomina-

1953 3337 2068 3391 tivo
2090 3353 2229 3391 casu
2254 3337 2536 3392 ducentos
2558 3334 2997 3408 exprimit,quia
3017 3335 3273 3408 perfecta
3293 3334 3446 3390 Deus
3469 3337 3604 3388 ante

1957 3425 2185 3492 saecula,
2209 3426 2498 3496 perfectus
2521 3424 2694 3479 homo
2715 3425 2902 3480 factus
2919 3429 3008 3480 est
3025 3423 3081 3478 in
3101 3423 3214 3479 ﬁne
3232 3421 3600 3478 saeculorum.

1956 3512 2239 3570 Denarius
2271 3530 2403 3569 vero
2448 3512 2507 3568 in
2540 3511 2814 3585 decalogo
2858 3513 3149 3584 perfectus
3180 3516 3269 3566 est
3299 3527 3602 3577 numerus,

1955 3602 2260 3658 continens
2300 3600 2360 3656 in
2405 3619 2466 3657 se
2517 3600 2859 3673 mysterium
2893 3600 3188 3673 quadrigae
3237 3597 3600 3671 evangelica).

1954 3692 2239 3763 Computa
2269 3691 2424 3745 enim
2457 3690 2530 3746 ab
2561 3706 2678 3744 uno
2710 3705 2813 3761 per
2836 3689 3101 3744 ordinem
3134 3705 3319 3759 usque
3350 3687 3422 3743 ad
3455 3702 3605 3757 qua-

1954 3785 2107 3846 tuor,
2148 3784 2205 3835 et
2255 3779 2513 3834 invenies
2555 3779 2777 3834 decem.
2811 3777 3158 3833 Octonarius
3211 3791 3443 3848 quoque
3495 3791 3603 3829 nu-

1956 3888 2155 3927 merus
2185 3871 2425 3924 docetur
2471 3885 2598 3925 esse
2649 3868 2939 3940 perfectus
2972 3867 3028 3921 in
3062 3866 3201 3922 Jesu
3249 3869 3460 3920 octava:
3493 3863 3606 3919 diei

1957 3958 2376 4015 resurrectione
2413 3975 2423 4012 :
2461 3958 2559 4028 qui
2591 3957 2700 4010 etsi
2749 3961 3017 4011 mortuus
3049 3959 3138 4010 est
3169 3971 3236 4010 ex
3266 3953 3608 4009 inﬁrmitate

1957 4052 2177 4112 nostra,
2199 4047 2298 4101 sed
2320 4044 2459 4100 vivit
2487 4062 2555 4099 ex
2574 4045 2786 4098 virtute
2819 4043 3057 4114 Dei,qui
3090 4059 3192 4114 per
3221 4042 3456 4114 signum
3488 4058 3608 4096 sua:

1959 4133 2270 4206 passionis,
2296 4133 2447 4204 quod
2484 4133 2529 4186 T
2560 4136 2661 4186 tau
2703 4130 2897 4186 littera
2927 4130 3141 4201 signat,
3164 4129 3469 4184 continens
3500 4144 3607 4182 nu-

1959 4239 2186 4278 merum
2223 4222 2633 4286 trieentcnum,
2669 4218 2826 4273 elisit
2869 4217 3187 4284 diabolum,
3212 4215 3423 4272 occidit
3453 4231 3621 4270 mor--

1957 4308 2500 4380 tem,triumphavit
2530 4307 2859 4375 infernum;
2885 4306 2978 4362 cui
3010 4306 3058 4362 si
3081 4322 3256 4377 super
3279 4308 3612 4360 transversa

1959 4399 2112 4455 linea
2141 4399 2198 4454 id
2230 4399 2384 4471 quod
2417 4396 2475 4452 in
2509 4412 2678 4452 cruce
2708 4399 2797 4452 est
2834 4395 3163 4461 adderetur,
3188 4409 3303 4449 non
3327 4394 3454 4464 jam
3486 4409 3612 4448 cru-

1960 4505 2044 4543 018
2077 4488 2322 4560 species,
2356 4487 2456 4542 sed
2497 4485 2627 4557 ipsa
2669 4502 2808 4542 crux
2857 4487 3052 4573 esset;
3058 4481 3272 4555 Collige
3323 4485 3518 4537 autem
3550 4479 3610 4536 in

1962 4593 2146 4632 unum
2180 4576 2331 4647 signi
2365 4574 2679 4630 Dominiczn
2713 4571 3005 4644 passionis
3031 4568 3086 4627 et
3117 4568 3374 4627 nominis
3405 4585 3612 4625 nume-

1964 4682 2115 4731 rum,
2154 4664 2412 4719 invenies
2444 4662 2905 4734 quadringentos
2937 4661 3137 4715 decem
3169 4663 3224 4715 et
3254 4662 3403 4716 octo.
3429 4658 3614 4725 Quin-

1964 4754 2120 4826 genti
2152 4753 2405 4824 deniquc
2427 4748 2929 4822 quinquagenario
2953 4765 3196 4805 numero
3218 4749 3409 4805 decies
3438 4749 3614 4804 ducto

198 4855 446 4894 numero
477 4841 576 4911 qui
609 4845 736 4896 octo
766 4842 1000 4897 decadis
1023 4845 1274 4907 constat,
1304 4845 1567 4912 patenter
1589 4829 1934 4896 innuitur'D
1967 4843 2351 4915 complentur,
2369 4840 2506 4912 quia
2536 4839 2726 4912 gratia
2757 4837 2987 4892 Domini
3018 4838 3157 4894 Jesu
3188 4836 3469 4904 cruciﬁxi,
3495 4839 3552 4892 et
3582 4851 3616 4890 a

199 4929 342 5000 quia
365 4930 656 5000 quomodo
677 4929 944 4985 Christus
968 4935 1170 4986 octava
1193 4930 1286 4985 die
1311 4929 1625 4984 resurrexit
1647 4946 1680 4982 a
1701 4945 1856 4982 mor-

203 5018 325 5073 tuis
357 5034 460 5089 per
489 5017 735 5090 gloriam
769 5019 977 5088 Patris,
1011 5019 1094 5074 ita
1123 5023 1180 5075 et
1220 5036 1328 5073 nos
1358 5019 1415 5072 in
1448 5017 1701 5072 novitate
1731 5016 1858 5070 vita:

203 5105 600 5174 ambulemus,
626 5112 683 5162 et
714 5107 842 5180 ipsa
871 5107 1212 5180 quotidiana
1234 5112 1433 5162 nostra
1465 5105 1856 5171 circumcisio,

202 5211 333 5265 quae
364 5193 424 5248 in
455 5194 644 5249 Veteri
681 5197 1053 5251 Testamento
1099 5199 1300 5252 octavo
1334 5196 1425 5250 die
1459 5195 1579 5250 ﬁeri
1614 5192 1858 5259 solebat,

203 5282 261 5336 id
295 5285 406 5350 est,
430 5282 772 5354 quotidiana
810 5285 1002 5339 cordis
1047 5285 1230 5339 nostri
1273 5283 1597 5348 mundatio,
1633 5299 1863 5354 semper

203 5375 418 5426 octava:
451 5372 564 5427 diei
618 5378 1051 5428 sacramentum
1104 5373 1396 5428 celebrare
1446 5389 1558 5426 non
1609 5371 1858 5439 desinat,

205 5460 392 5515 donec
425 5459 786 5533 accipiamus
813 5461 981 5518 binas
1005 5462 1208 5525 stolas,
1232 5459 1735 5525 immortalitatem
1758 5459 1863 5513 sci-

201 5549 341 5604 licet
380 5554 438 5604 et
486 5549 984 5622 incorruptionem
1013 5550 1271 5622 corporis
1304 5549 1477 5604 simul
1526 5554 1581 5602 et
1633 5547 1860 5603 animae.

204 5639 363 5710 quod
415 5643 616 5694 octavo
666 5645 725 5694 et
773 5639 1165 5713 octogenario,
1202 5644 1265 5694 ut
1312 5637 1586 5704 diximus,
1622 5653 1864 5691 numero

205 5726 569 5803 designatur.
606 5728 719 5788 Sed
767 5727 922 5787 sicut
953 5729 1244 5802 majorum
1294 5725 1603 5785 traditione
1655 5724 1864 5783 didici-

1969 4931 2217 4986 mortuis
2248 4928 2534 4994 suscitati,
2559 4931 2615 4983 et
2663 4925 2721 4980 in
2772 4925 3007 4982 dextera
3037 4926 3134 4981 Dei
3185 4925 3462 4991 sedentis,
3498 4939 3613 4978 non

1970 5020 2159 5076 solum
2193 5018 2337 5090 legis
2358 5015 2724 5088 deealogum,
2743 5015 2844 5071 sed
2867 5019 2924 5070 et
2944 5020 3195 5087 quatuor
3222 5011 3407 5070 sancti
3428 5011 3614 5067 Evan-

1969 5107 2103 5180 gelii
2135 5107 2316 5162 libros
2357 5104 2691 5177 implcmus,
2727 5107 2782 5157 et
2821 5107 3021 5158 octava
3053 5099 3493 5158 resurrectionis
3524 5098 3617 5153 die

1971 5195 2322 5259 resuscitati,
2346 5195 2416 5249 ad
2450 5192 2708 5266 reguiem
2743 5191 3182 5263 sempiternam,
3219 5205 3345 5260 quae
3369 5185 3615 5258 jubileo,

1971 5285 2030 5339 in
2062 5289 2149 5340 est
2179 5280 2680 5354 quinquagenario
2711 5296 2974 5345 numero,
3001 5275 3360 5347 designatur,
3379 5275 3440 5331 in
3462 5278 3621 5331 teter-

1973 5389 2108 5427 nam
2149 5371 2348 5435 vitam,
2373 5387 2502 5442 quae
2551 5368 2880 5425 centenario
2941 5381 3184 5421 numero
3233 5368 3615 5432 monstratur,

1973 5461 2085 5514 ﬁde
2117 5463 2272 5514 recta
2302 5461 2358 5513 et
2388 5456 2662 5529 operibus
2702 5455 2870 5512 bonis
2909 5452 3334 5526 perveniemus.
3368 5453 3438 5508 Et
3467 5455 3621 5508 recte

1973 5565 2141 5604 sacra
2183 5547 2414 5602 Nictena
2443 5545 2700 5617 synodus
2753 5543 3000 5614 mystica
3048 5539 3282 5608 dicitur,
3317 5539 3457 5612 quia
3501 5555 3620 5595 non

1976 5638 2236 5692 humana
2282 5633 2594 5705 industria,
2628 5649 2742 5687 non
2791 5629 3212 5702 compositione
3254 5627 3474 5702 aliqua,
3507 5632 3622 5682 tre-

1975 5725 2128 5788 centi
2155 5727 2354 5784 decem
2381 5727 2439 5783 et
2460 5725 2588 5782 octo
2611 5718 2866 5797 episcopi
2890 5719 2961 5777 ad
2988 5719 3142 5780 idem
3165 5718 3480 5779 concilium
3502 5731 3628 5795 pcr-
