  <div class='ocr_page' id='page_1' title='image "/cluster/home/n/w/nwhite01/storage/ocr_20150623/125/hvd.32044054759873/606.png"; bbox 0 0 4028 6178; ppageno 0'>
   <div class='ocr_carea' id='block_1_1' title="bbox 355 435 504 516">
    <p class='ocr_par' dir='ltr' id='par_1_1' title="bbox 355 435 504 516">
     <span class='ocr_line' id='line_1_1' title="bbox 355 435 504 516; baseline -0.007 0"><span class='ocrx_word' id='word_1_1' title='bbox 355 435 504 516; x_wconf 61' lang='grc' dir='ltr'><strong>εξοι</strong></span> 
     </span>
    </p>
   </div>
   <div class='ocr_carea' id='block_1_2' title="bbox 1685 457 2436 529">
    <p class='ocr_par' dir='ltr' id='par_1_2' title="bbox 1685 457 2436 529">
     <span class='ocr_line' id='line_1_2' title="bbox 1685 457 2436 529; baseline 0.001 -13"><span class='ocrx_word' id='word_1_2' title='bbox 1685 457 1825 518; x_wconf 80' lang='lat' dir='ltr'><strong>CAR</strong></span> <span class='ocrx_word' id='word_1_3' title='bbox 1841 457 2033 518; x_wconf 77' lang='lat' dir='ltr'><strong>MINA</strong></span> <span class='ocrx_word' id='word_1_4' title='bbox 2077 457 2436 529; x_wconf 81' lang='lat' dir='ltr'><strong>ALIQUOT.</strong></span> 
     </span>
    </p>
   </div>
   <div class='ocr_carea' id='block_1_3' title="bbox 3362 461 3760 532">
    <p class='ocr_par' dir='ltr' id='par_1_3' title="bbox 3362 461 3760 532">
     <span class='ocr_line' id='line_1_3' title="bbox 3362 461 3760 532; baseline 0.005 -11"><span class='ocrx_word' id='word_1_5' title='bbox 3419 523 3500 530; x_wconf 45' lang='grc' dir='ltr'><strong>,Μ</strong></span> <span class='ocrx_word' id='word_1_6' title='bbox 3521 522 3576 531; x_wconf 47' lang='grc' dir='ltr'><strong>η,</strong></span> <span class='ocrx_word' id='word_1_7' title='bbox 3603 461 3760 531; x_wconf 76' lang='grc'><strong>1202</strong></span> 
     </span>
    </p>
   </div>
   <div class='ocr_carea' id='block_1_4' title="bbox 1901 810 2196 879">
    <p class='ocr_par' dir='ltr' id='par_1_4' title="bbox 1901 810 2196 879">
     <span class='ocr_line' id='line_1_4' title="bbox 1901 810 2196 879; baseline -0.017 0"><span class='ocrx_word' id='word_1_8' title='bbox 1901 810 2196 879; x_wconf 74' lang='lat' dir='ltr'><strong>XXV.</strong></span> 
     </span>
    </p>
   </div>
   <div class='ocr_carea' id='block_1_5' title="bbox 1219 986 2890 1102">
    <p class='ocr_par' dir='ltr' id='par_1_5' title="bbox 1219 986 2890 1102">
     <span class='ocr_line' id='line_1_5' title="bbox 1219 986 2890 1102; baseline 0.003 -32"><span class='ocrx_word' id='word_1_9' title='bbox 1219 986 1766 1084; x_wconf 75' lang='lat' dir='ltr'><strong>HINCMARI</strong></span> <span class='ocrx_word' id='word_1_10' title='bbox 1824 987 2314 1092; x_wconf 75' lang='lat' dir='ltr'><strong>CARMINA</strong></span> <span class='ocrx_word' id='word_1_11' title='bbox 2372 987 2890 1102; x_wconf 75' lang='lat' dir='ltr'><strong>ALIQUUT</strong></span> 
     </span>
    </p>
   </div>
   <div class='ocr_carea' id='block_1_6' title="bbox 1153 1324 1196 1379">
    <p class='ocr_par' dir='ltr' id='par_1_6' title="bbox 1153 1324 1196 1379">
     <span class='ocr_line' id='line_1_6' title="bbox 1153 1324 1196 1379; baseline 0 0"><span class='ocrx_word' id='word_1_12' title='bbox 1153 1324 1196 1379; x_wconf 84' lang='lat' dir='ltr'><strong>I.</strong></span> 
     </span>
    </p>
   </div>
   <div class='ocr_carea' id='block_1_7' title="bbox 525 1422 1817 1495">
    <p class='ocr_par' dir='ltr' id='par_1_7' title="bbox 525 1422 1817 1495">
     <span class='ocr_line' id='line_1_7' title="bbox 525 1422 1817 1495; baseline 0.001 -18"><span class='ocrx_word' id='word_1_13' title='bbox 525 1422 878 1494; x_wconf 79' lang='lat' dir='ltr'><strong>Epitaphium</strong></span> <span class='ocrx_word' id='word_1_14' title='bbox 917 1424 978 1478; x_wconf 89' lang='lat' dir='ltr'><strong>in</strong></span> <span class='ocrx_word' id='word_1_15' title='bbox 1006 1423 1263 1479; x_wconf 84' lang='lat' dir='ltr'><strong>honorem</strong></span> <span class='ocrx_word' id='word_1_16' title='bbox 1298 1424 1504 1495; x_wconf 85' lang='lat' dir='ltr'><strong>Tilpini</strong></span> <span class='ocrx_word' id='word_1_17' title='bbox 1531 1423 1817 1480; x_wconf 66' lang='lat' dir='ltr'><strong>Prmsulis.</strong></span> 
     </span>
    </p>
   </div>
   <div class='ocr_carea' id='block_1_8' title="bbox 447 1536 1900 1612">
    <p class='ocr_par' dir='ltr' id='par_1_8' title="bbox 447 1536 1900 1612">
     <span class='ocr_line' id='line_1_8' title="bbox 447 1536 1900 1612; baseline 0.001 -20"><span class='ocrx_word' id='word_1_18' title='bbox 447 1536 634 1611; x_wconf 79' lang='lat' dir='ltr'><strong>[Apud</strong></span> <span class='ocrx_word' id='word_1_19' title='bbox 669 1536 998 1604; x_wconf 86' lang='lat' dir='ltr'><strong>Flodoard.,</strong></span> <span class='ocrx_word' id='word_1_20' title='bbox 1031 1538 1179 1594; x_wconf 87' lang='lat' dir='ltr'><strong>Hist.</strong></span> <span class='ocrx_word' id='word_1_21' title='bbox 1213 1539 1364 1594; x_wconf 85' lang='lat' dir='ltr'><strong>Eccl.</strong></span> <span class='ocrx_word' id='word_1_22' title='bbox 1401 1539 1630 1604; x_wconf 77' lang='lat' dir='ltr'><strong>Ithem.,</strong></span> <span class='ocrx_word' id='word_1_23' title='bbox 1660 1539 1760 1594; x_wconf 87' lang='lat' dir='ltr'><strong>lib.</strong></span> <span class='ocrx_word' id='word_1_24' title='bbox 1794 1538 1900 1612; x_wconf 83' lang='grc' dir='ltr'>ιιι.]</span> 
     </span>
    </p>
   </div>
   <div class='ocr_carea' id='block_1_9' title="bbox 346 1679 1831 1754">
    <p class='ocr_par' dir='ltr' id='par_1_9' title="bbox 346 1679 1831 1754">
     <span class='ocr_line' id='line_1_9' title="bbox 346 1679 1831 1754; baseline 0 -16"><span class='ocrx_word' id='word_1_25' title='bbox 346 1679 466 1738; x_wconf 80' lang='lat' dir='ltr'><strong>Hac</strong></span> <span class='ocrx_word' id='word_1_26' title='bbox 492 1679 807 1752; x_wconf 81' lang='lat' dir='ltr'><strong>requiescit</strong></span> <span class='ocrx_word' id='word_1_27' title='bbox 835 1679 1016 1736; x_wconf 90' lang='lat' dir='ltr'><strong>humo</strong></span> <span class='ocrx_word' id='word_1_28' title='bbox 1048 1679 1316 1752; x_wconf 86' lang='lat' dir='ltr'><strong>Tilpinus</strong></span> <span class='ocrx_word' id='word_1_29' title='bbox 1345 1680 1556 1754; x_wconf 84' lang='lat' dir='ltr'><strong>praesul</strong></span> <span class='ocrx_word' id='word_1_30' title='bbox 1592 1681 1831 1738; x_wconf 80' lang='lat' dir='ltr'><strong>honoris</strong></span> 
     </span>
    </p>
   </div>
   <div class='ocr_carea' id='block_1_10' title="bbox 415 1767 1639 1826">
    <p class='ocr_par' dir='ltr' id='par_1_10' title="bbox 415 1767 1639 1826">
     <span class='ocr_line' id='line_1_10' title="bbox 415 1767 1639 1826; baseline 0.002 -5"><span class='ocrx_word' id='word_1_31' title='bbox 415 1767 621 1825; x_wconf 85' lang='lat' dir='ltr'><strong>Vivere</strong></span> <span class='ocrx_word' id='word_1_32' title='bbox 651 1767 745 1824; x_wconf 89' lang='lat' dir='ltr'><strong>cui</strong></span> <span class='ocrx_word' id='word_1_33' title='bbox 778 1767 1047 1824; x_wconf 79' lang='lat' dir='ltr'><strong>Christus</strong></span> <span class='ocrx_word' id='word_1_34' title='bbox 1074 1767 1208 1824; x_wconf 87' lang='lat' dir='ltr'><strong>Vita</strong></span> <span class='ocrx_word' id='word_1_35' title='bbox 1236 1774 1292 1826; x_wconf 88' lang='lat' dir='ltr'><strong>et</strong></span> <span class='ocrx_word' id='word_1_36' title='bbox 1323 1769 1484 1825; x_wconf 90' lang='lat' dir='ltr'><strong>obire</strong></span> <span class='ocrx_word' id='word_1_37' title='bbox 1514 1770 1639 1825; x_wconf 87' lang='lat' dir='ltr'><strong>fuit.</strong></span> 
     </span>
    </p>
   </div>
   <div class='ocr_carea' id='block_1_11' title="bbox 343 1855 1822 1932">
    <p class='ocr_par' dir='ltr' id='par_1_11' title="bbox 343 1855 1822 1932">
     <span class='ocr_line' id='line_1_11' title="bbox 343 1855 1822 1932; baseline 0.002 -19"><span class='ocrx_word' id='word_1_38' title='bbox 343 1861 515 1913; x_wconf 79' lang='lat' dir='ltr'><strong>Hunc</strong></span> <span class='ocrx_word' id='word_1_39' title='bbox 545 1855 752 1913; x_wconf 79' lang='lat' dir='ltr'><strong>Rhemi</strong></span> <span class='ocrx_word' id='word_1_40' title='bbox 784 1855 1001 1930; x_wconf 91' lang='lat' dir='ltr'><strong>populo</strong></span> <span class='ocrx_word' id='word_1_41' title='bbox 1033 1861 1255 1932; x_wconf 79' lang='lat' dir='ltr'><strong>martyr</strong></span> <span class='ocrx_word' id='word_1_42' title='bbox 1284 1857 1597 1932; x_wconf 82' lang='lat' dir='ltr'><strong>Dionysius</strong></span> <span class='ocrx_word' id='word_1_43' title='bbox 1628 1859 1822 1916; x_wconf 83' lang='lat' dir='ltr'><strong>almus</strong></span> 
     </span>
    </p>
   </div>
   <div class='ocr_carea' id='block_1_12' title="bbox 255 1944 1725 2020">
    <p class='ocr_par' dir='ltr' id='par_1_12' title="bbox 255 1944 1725 2020">
     <span class='ocr_line' id='line_1_12' title="bbox 255 1944 1725 2020; baseline 0.003 -21"><span class='ocrx_word' id='word_1_44' title='bbox 255 1963 274 2010; x_wconf 70' lang='grc' dir='ltr'>ι,</span> <span class='ocrx_word' id='word_1_45' title='bbox 328 1977 334 1983; x_wconf 90' lang='grc'><strong><em>-</em></strong></span> <span class='ocrx_word' id='word_1_46' title='bbox 419 1946 716 2002; x_wconf 77' lang='lat' dir='ltr'><strong>Pastorem</strong></span> <span class='ocrx_word' id='word_1_47' title='bbox 745 1944 982 2019; x_wconf 85' lang='lat' dir='ltr'><strong>vigilem</strong></span> <span class='ocrx_word' id='word_1_48' title='bbox 1016 1945 1196 2014; x_wconf 83' lang='lat' dir='ltr'><strong>misit,</strong></span> <span class='ocrx_word' id='word_1_49' title='bbox 1231 1950 1288 2002; x_wconf 91' lang='lat' dir='ltr'><strong>et</strong></span> <span class='ocrx_word' id='word_1_50' title='bbox 1319 1964 1446 2003; x_wconf 89' lang='lat' dir='ltr'><strong>esse</strong></span> <span class='ocrx_word' id='word_1_51' title='bbox 1478 1953 1725 2020; x_wconf 79' lang='lat' dir='ltr'><strong>patrem.</strong></span> 
     </span>
    </p>
   </div>
   <div class='ocr_carea' id='block_1_13' title="bbox 345 2034 1862 2110">
    <p class='ocr_par' dir='ltr' id='par_1_13' title="bbox 345 2034 1862 2110">
     <span class='ocr_line' id='line_1_13' title="bbox 345 2034 1862 2110; baseline 0.001 -19"><span class='ocrx_word' id='word_1_52' title='bbox 345 2037 810 2108; x_wconf 86' lang='lat' dir='ltr'><strong>Quem-pascens</strong></span> <span class='ocrx_word' id='word_1_53' title='bbox 837 2034 1230 2108; x_wconf 77' lang='lat' dir='ltr'><strong>quadragenis</strong></span> <span class='ocrx_word' id='word_1_54' title='bbox 1264 2039 1356 2091; x_wconf 86' lang='lat' dir='ltr'><strong>ast</strong></span> <span class='ocrx_word' id='word_1_55' title='bbox 1383 2035 1640 2110; x_wconf 84' lang='lat' dir='ltr'><strong>amplius</strong></span> <span class='ocrx_word' id='word_1_56' title='bbox 1672 2036 1862 2105; x_wconf 88' lang='lat' dir='ltr'><strong>annis,</strong></span> 
     </span>
    </p>
   </div>
   <div class='ocr_carea' id='block_1_14' title="bbox 261 2122 1497 2197">
    <p class='ocr_par' dir='ltr' id='par_1_14' title="bbox 261 2122 1497 2197">
     <span class='ocr_line' id='line_1_14' title="bbox 261 2122 1497 2197; baseline 0.006 -24"><span class='ocrx_word' id='word_1_57' title='bbox 261 2154 274 2161; x_wconf 70' lang='grc' dir='ltr'><strong><em>ο</em></strong></span> <span class='ocrx_word' id='word_1_58' title='bbox 355 2153 360 2163; x_wconf 61' lang='grc'><em>.</em></span> <span class='ocrx_word' id='word_1_59' title='bbox 397 2122 593 2180; x_wconf 72' lang='lat' dir='ltr'><strong>Veste</strong></span> <span class='ocrx_word' id='word_1_60' title='bbox 621 2123 940 2180; x_wconf 74' lang='lat' dir='ltr'><strong>senectutis</strong></span> <span class='ocrx_word' id='word_1_61' title='bbox 965 2123 1325 2197; x_wconf 80' lang='lat' dir='ltr'><strong>despoliatus</strong></span> <span class='ocrx_word' id='word_1_62' title='bbox 1356 2125 1497 2181; x_wconf 88' lang='lat' dir='ltr'><strong>abit.</strong></span> 
     </span>
    </p>
   </div>
   <div class='ocr_carea' id='block_1_15' title="bbox 350 2213 1902 2287">
    <p class='ocr_par' dir='ltr' id='par_1_15' title="bbox 350 2213 1902 2287">
     <span class='ocr_line' id='line_1_15' title="bbox 350 2213 1902 2287; baseline 0.001 -19"><span class='ocrx_word' id='word_1_63' title='bbox 350 2215 600 2282; x_wconf 76' lang='lat' dir='ltr'><strong>Quartus</strong></span> <span class='ocrx_word' id='word_1_64' title='bbox 629 2228 763 2268; x_wconf 91' lang='lat' dir='ltr'><strong>cum</strong></span> <span class='ocrx_word' id='word_1_65' title='bbox 797 2213 992 2270; x_wconf 86' lang='lat' dir='ltr'><strong>Nonas</strong></span> <span class='ocrx_word' id='word_1_66' title='bbox 1023 2213 1242 2270; x_wconf 83' lang='lat' dir='ltr'><strong>mensis</strong></span> <span class='ocrx_word' id='word_1_67' title='bbox 1276 2215 1617 2287; x_wconf 85' lang='lat' dir='ltr'><strong>September</strong></span> <span class='ocrx_word' id='word_1_68' title='bbox 1645 2214 1902 2282; x_wconf 84' lang='lat' dir='ltr'><strong>haberet,</strong></span> 
     </span>
    </p>
   </div>
   <div class='ocr_carea' id='block_1_16' title="bbox 425 2301 1784 2374">
    <p class='ocr_par' dir='ltr' id='par_1_16' title="bbox 425 2301 1784 2374">
     <span class='ocr_line' id='line_1_16' title="bbox 425 2301 1784 2374; baseline 0 -16"><span class='ocrx_word' id='word_1_69' title='bbox 425 2301 654 2358; x_wconf 74' lang='lat' dir='ltr'><strong>Mortua</strong></span> <span class='ocrx_word' id='word_1_70' title='bbox 683 2303 918 2374; x_wconf 81' lang='lat' dir='ltr'><strong>quando</strong></span> <span class='ocrx_word' id='word_1_71' title='bbox 948 2301 1060 2358; x_wconf 87' lang='lat' dir='ltr'><strong>fuit</strong></span> <span class='ocrx_word' id='word_1_72' title='bbox 1087 2319 1244 2359; x_wconf 91' lang='lat' dir='ltr'><strong>mors</strong></span> <span class='ocrx_word' id='word_1_73' title='bbox 1276 2303 1387 2359; x_wconf 89' lang='lat' dir='ltr'><strong>sibi</strong></span> <span class='ocrx_word' id='word_1_74' title='bbox 1419 2304 1535 2360; x_wconf 89' lang='lat' dir='ltr'><strong>vita</strong></span> <span class='ocrx_word' id='word_1_75' title='bbox 1567 2309 1784 2360; x_wconf 88' lang='lat' dir='ltr'><strong>manet.</strong></span> 
     </span>
    </p>
   </div>
   <div class='ocr_carea' id='block_1_17' title="bbox 351 2391 2001 2465">
    <p class='ocr_par' dir='ltr' id='par_1_17' title="bbox 351 2391 2001 2465">
     <span class='ocr_line' id='line_1_17' title="bbox 351 2391 2001 2465; baseline 0 -17"><span class='ocrx_word' id='word_1_76' title='bbox 351 2391 423 2448; x_wconf 83' lang='lat' dir='ltr'><strong>Et</strong></span> <span class='ocrx_word' id='word_1_77' title='bbox 437 2391 715 2464; x_wconf 87' lang='lat' dir='ltr'><strong>quoniam</strong></span> <span class='ocrx_word' id='word_1_78' title='bbox 734 2391 896 2448; x_wconf 87' lang='lat' dir='ltr'><strong>locus</strong></span> <span class='ocrx_word' id='word_1_79' title='bbox 913 2395 1086 2464; x_wconf 89' lang='lat' dir='ltr'><strong>atque</strong></span> <span class='ocrx_word' id='word_1_80' title='bbox 1117 2393 1338 2464; x_wconf 86' lang='lat' dir='ltr'><strong>gradus</strong></span> <span class='ocrx_word' id='word_1_81' title='bbox 1367 2392 1475 2449; x_wconf 90' lang='lat' dir='ltr'><strong>hoc</strong></span> <span class='ocrx_word' id='word_1_82' title='bbox 1499 2393 1796 2465; x_wconf 81' lang='lat' dir='ltr'><strong>junxerat,</strong></span> <span class='ocrx_word' id='word_1_83' title='bbox 1824 2393 2001 2448; x_wconf 91' lang='lat' dir='ltr'><strong>llinc-</strong></span> 
     </span>
    </p>
   </div>
   <div class='ocr_carea' id='block_1_18' title="bbox 349 2485 1931 2553">
    <p class='ocr_par' dir='ltr' id='par_1_18' title="bbox 349 2485 1931 2553">
     <span class='ocr_line' id='line_1_18' title="bbox 349 2485 1931 2553; baseline 0.001 -17"><span class='ocrx_word' id='word_1_84' title='bbox 1782 2485 1931 2553; x_wconf 88' lang='lat' dir='ltr'><strong>[mar</strong></span> 
     </span>
    </p>
   </div>
   <div class='ocr_carea' id='block_1_19' title="bbox 426 2568 1726 2643">
    <p class='ocr_par' dir='ltr' id='par_1_19' title="bbox 426 2568 1726 2643">
     <span class='ocr_line' id='line_1_19' title="bbox 426 2568 1726 2643; baseline 0.001 -18"><span class='ocrx_word' id='word_1_85' title='bbox 426 2569 568 2626; x_wconf 84' lang='lat' dir='ltr'><strong>Huic</strong></span> <span class='ocrx_word' id='word_1_86' title='bbox 601 2570 736 2627; x_wconf 90' lang='lat' dir='ltr'><strong>fecit</strong></span> <span class='ocrx_word' id='word_1_87' title='bbox 765 2568 1084 2641; x_wconf 87' lang='lat' dir='ltr'><strong>tumulum,</strong></span> <span class='ocrx_word' id='word_1_88' title='bbox 1110 2571 1436 2643; x_wconf 89' lang='lat' dir='ltr'><strong>composuit</strong></span> <span class='ocrx_word' id='word_1_89' title='bbox 1466 2570 1726 2627; x_wconf 86' lang='lat' dir='ltr'><strong>titulum.</strong></span> 
     </span>
    </p>
   </div>
   <div class='ocr_carea' id='block_1_20' title="bbox 1149 2705 1216 2759">
    <p class='ocr_par' dir='ltr' id='par_1_20' title="bbox 1149 2705 1216 2759">
     <span class='ocr_line' id='line_1_20' title="bbox 1149 2705 1216 2759; baseline -0.015 0"><span class='ocrx_word' id='word_1_90' title='bbox 1149 2705 1216 2759; x_wconf 89' lang='lat' dir='ltr'><strong>Il.</strong></span> 
     </span>
    </p>
   </div>
   <div class='ocr_carea' id='block_1_21' title="bbox 755 2801 1593 2873">
    <p class='ocr_par' dir='ltr' id='par_1_21' title="bbox 755 2801 1593 2873">
     <span class='ocr_line' id='line_1_21' title="bbox 755 2801 1593 2873; baseline -0.004 -17"><span class='ocrx_word' id='word_1_91' title='bbox 755 2801 1107 2873; x_wconf 75' lang='lat' dir='ltr'><strong>Epitaphium</strong></span> <span class='ocrx_word' id='word_1_92' title='bbox 1132 2803 1314 2857; x_wconf 79' lang='lat' dir='ltr'><strong>sancti</strong></span> <span class='ocrx_word' id='word_1_93' title='bbox 1343 2801 1593 2872; x_wconf 80' lang='lat' dir='ltr'><strong>Remigii.</strong></span> 
     </span>
    </p>
   </div>
   <div class='ocr_carea' id='block_1_22' title="bbox 640 2913 1714 2988">
    <p class='ocr_par' dir='ltr' id='par_1_22' title="bbox 640 2913 1714 2988">
     <span class='ocr_line' id='line_1_22' title="bbox 640 2913 1714 2988; baseline -0.001 -18"><span class='ocrx_word' id='word_1_94' title='bbox 640 2913 912 2988; x_wconf 86' lang='lat' dir='ltr'><strong>(Require</strong></span> <span class='ocrx_word' id='word_1_95' title='bbox 941 2932 1121 2987; x_wconf 88' lang='lat' dir='ltr'><strong>supra</strong></span> <span class='ocrx_word' id='word_1_96' title='bbox 1152 2916 1208 2970; x_wconf 91' lang='lat' dir='ltr'><strong>in</strong></span> <span class='ocrx_word' id='word_1_97' title='bbox 1239 2915 1373 2971; x_wconf 86' lang='lat' dir='ltr'><strong>Vita</strong></span> <span class='ocrx_word' id='word_1_98' title='bbox 1404 2915 1714 2986; x_wconf 85' lang='lat' dir='ltr'><strong>ejusdem.)</strong></span> 
     </span>
    </p>
   </div>
   <div class='ocr_carea' id='block_1_23' title="bbox 1129 3041 1230 3096">
    <p class='ocr_par' dir='ltr' id='par_1_23' title="bbox 1129 3041 1230 3096">
     <span class='ocr_line' id='line_1_23' title="bbox 1129 3041 1230 3096; baseline -0.02 0"><span class='ocrx_word' id='word_1_99' title='bbox 1129 3041 1230 3096; x_wconf 84' lang='lat' dir='ltr'><strong>Ill.</strong></span> 
     </span>
    </p>
   </div>
   <div class='ocr_carea' id='block_1_24' title="bbox 711 3136 1644 3209">
    <p class='ocr_par' dir='ltr' id='par_1_24' title="bbox 711 3136 1644 3209">
     <span class='ocr_line' id='line_1_24' title="bbox 711 3136 1644 3209; baseline 0 -17"><span class='ocrx_word' id='word_1_100' title='bbox 711 3136 776 3192; x_wconf 91' lang='lat' dir='ltr'><strong>In</strong></span> <span class='ocrx_word' id='word_1_101' title='bbox 803 3137 1150 3209; x_wconf 78' lang='lat' dir='ltr'><strong>sepulchrum</strong></span> <span class='ocrx_word' id='word_1_102' title='bbox 1177 3139 1357 3193; x_wconf 82' lang='lat' dir='ltr'><strong>sancti</strong></span> <span class='ocrx_word' id='word_1_103' title='bbox 1393 3137 1644 3208; x_wconf 81' lang='lat' dir='ltr'><strong>Remigii.</strong></span> 
     </span>
    </p>
   </div>
   <div class='ocr_carea' id='block_1_25' title="bbox 816 3249 1537 3324">
    <p class='ocr_par' dir='ltr' id='par_1_25' title="bbox 816 3249 1537 3324">
     <span class='ocr_line' id='line_1_25' title="bbox 816 3249 1537 3324; baseline -0.001 -18"><span class='ocrx_word' id='word_1_104' title='bbox 816 3249 1004 3324; x_wconf 88' lang='lat' dir='ltr'><strong>[Apud</strong></span> <span class='ocrx_word' id='word_1_105' title='bbox 1039 3249 1342 3308; x_wconf 84' lang='lat' dir='ltr'><strong>Flodoard.</strong></span> <span class='ocrx_word' id='word_1_106' title='bbox 1375 3250 1537 3318; x_wconf 92' lang='lat' dir='ltr'><strong>ibid.]</strong></span> 
     </span>
    </p>
   </div>
   <div class='ocr_carea' id='block_1_26' title="bbox 354 3363 1874 3438">
    <p class='ocr_par' dir='ltr' id='par_1_26' title="bbox 354 3363 1874 3438">
     <span class='ocr_line' id='line_1_26' title="bbox 354 3363 1874 3438; baseline 0 -18"><span class='ocrx_word' id='word_1_107' title='bbox 354 3365 474 3420; x_wconf 81' lang='lat' dir='ltr'><strong>&#39;lloc</strong></span> <span class='ocrx_word' id='word_1_108' title='bbox 505 3363 632 3432; x_wconf 87' lang='lat' dir='ltr'><strong>tibi,</strong></span> <span class='ocrx_word' id='word_1_109' title='bbox 667 3364 914 3438; x_wconf 82' lang='lat' dir='ltr'><strong>Remigi,</strong></span> <span class='ocrx_word' id='word_1_110' title='bbox 949 3364 1252 3422; x_wconf 83' lang='lat' dir='ltr'><strong>fabricavit</strong></span> <span class='ocrx_word' id='word_1_111' title='bbox 1283 3382 1492 3438; x_wconf 82' lang='lat' dir='ltr'><strong>magne</strong></span> <span class='ocrx_word' id='word_1_112' title='bbox 1518 3365 1874 3438; x_wconf 89' lang='lat' dir='ltr'><strong>sepulcrum,</strong></span> 
     </span>
    </p>
   </div>
   <div class='ocr_carea' id='block_1_27' title="bbox 427 3453 1667 3526">
    <p class='ocr_par' dir='ltr' id='par_1_27' title="bbox 427 3453 1667 3526">
     <span class='ocr_line' id='line_1_27' title="bbox 427 3453 1667 3526; baseline 0.002 -19"><span class='ocrx_word' id='word_1_113' title='bbox 427 3453 779 3509; x_wconf 80' lang='lat' dir='ltr'><strong>Hincmarus</strong></span> <span class='ocrx_word' id='word_1_114' title='bbox 809 3453 1043 3526; x_wconf 68' lang='lat' dir='ltr'><strong>praasul,</strong></span> <span class='ocrx_word' id='word_1_115' title='bbox 1076 3455 1289 3510; x_wconf 90' lang='lat' dir='ltr'><strong>ductus</strong></span> <span class='ocrx_word' id='word_1_116' title='bbox 1321 3471 1517 3510; x_wconf 88' lang='lat' dir='ltr'><strong>amore</strong></span> <span class='ocrx_word' id='word_1_117' title='bbox 1549 3459 1667 3523; x_wconf 90' lang='lat' dir='ltr'><strong>tuo,</strong></span> 
     </span>
    </p>
   </div>
   <div class='ocr_carea' id='block_1_28' title="bbox 353 3541 1999 3615">
    <p class='ocr_par' dir='ltr' id='par_1_28' title="bbox 353 3541 1999 3615">
     <span class='ocr_line' id='line_1_28' title="bbox 353 3541 1999 3615; baseline 0 -17"><span class='ocrx_word' id='word_1_118' title='bbox 353 3541 429 3598; x_wconf 83' lang='lat' dir='ltr'><strong>Ut</strong></span> <span class='ocrx_word' id='word_1_119' title='bbox 451 3541 710 3614; x_wconf 86' lang='lat' dir='ltr'><strong>requiem</strong></span> <span class='ocrx_word' id='word_1_120' title='bbox 733 3542 1018 3600; x_wconf 88' lang='lat' dir='ltr'><strong>Dominus</strong></span> <span class='ocrx_word' id='word_1_121' title='bbox 1045 3543 1268 3598; x_wconf 85' lang='lat' dir='ltr'><strong>tribuat</strong></span> <span class='ocrx_word' id='word_1_122' title='bbox 1297 3543 1460 3610; x_wconf 87' lang='lat' dir='ltr'><strong>mihi,</strong></span> <span class='ocrx_word' id='word_1_123' title='bbox 1481 3547 1699 3614; x_wconf 85' lang='lat' dir='ltr'><strong>sancte,</strong></span> <span class='ocrx_word' id='word_1_124' title='bbox 1736 3547 1999 3615; x_wconf 90' lang='lat' dir='ltr'><strong>precatu,</strong></span> 
     </span>
    </p>
   </div>
   <div class='ocr_carea' id='block_1_29' title="bbox 426 3630 1658 3704">
    <p class='ocr_par' dir='ltr' id='par_1_29' title="bbox 426 3630 1658 3704">
     <span class='ocr_line' id='line_1_29' title="bbox 426 3630 1658 3704; baseline 0.001 -19"><span class='ocrx_word' id='word_1_125' title='bbox 426 3630 498 3685; x_wconf 87' lang='lat' dir='ltr'><strong>Et</strong></span> <span class='ocrx_word' id='word_1_126' title='bbox 524 3630 720 3704; x_wconf 82' lang='lat' dir='ltr'><strong>dignis</strong></span> <span class='ocrx_word' id='word_1_127' title='bbox 750 3631 996 3700; x_wconf 89' lang='lat' dir='ltr'><strong>meritis,</strong></span> <span class='ocrx_word' id='word_1_128' title='bbox 1033 3631 1112 3687; x_wconf 90' lang='lat' dir='ltr'><strong>mi</strong></span> <span class='ocrx_word' id='word_1_129' title='bbox 1141 3633 1486 3699; x_wconf 87' lang='lat' dir='ltr'><strong>venerande,</strong></span> <span class='ocrx_word' id='word_1_130' title='bbox 1519 3630 1658 3687; x_wconf 88' lang='lat' dir='ltr'><strong>tuis.</strong></span> 
     </span>
    </p>
   </div>
   <div class='ocr_carea' id='block_1_30' title="bbox 1131 3773 1223 3830">
    <p class='ocr_par' dir='ltr' id='par_1_30' title="bbox 1131 3773 1223 3830">
     <span class='ocr_line' id='line_1_30' title="bbox 1131 3773 1223 3830; baseline -0.022 -1"><span class='ocrx_word' id='word_1_131' title='bbox 1131 3773 1223 3830; x_wconf 90' lang='lat' dir='ltr'><strong>IV.</strong></span> 
     </span>
    </p>
   </div>
   <div class='ocr_carea' id='block_1_31' title="bbox 637 3871 1718 3942">
    <p class='ocr_par' dir='ltr' id='par_1_31' title="bbox 637 3871 1718 3942">
     <span class='ocr_line' id='line_1_31' title="bbox 637 3871 1718 3942; baseline 0 -16"><span class='ocrx_word' id='word_1_132' title='bbox 637 3871 704 3926; x_wconf 85' lang='lat' dir='ltr'><strong>In</strong></span> <span class='ocrx_word' id='word_1_133' title='bbox 730 3871 904 3927; x_wconf 88' lang='lat' dir='ltr'><strong>altari</strong></span> <span class='ocrx_word' id='word_1_134' title='bbox 933 3871 1105 3929; x_wconf 62' lang='lat' dir='ltr'><strong>beata:</strong></span> <span class='ocrx_word' id='word_1_135' title='bbox 1130 3872 1368 3942; x_wconf 78' lang='lat' dir='ltr'><strong>Virginis</strong></span> <span class='ocrx_word' id='word_1_136' title='bbox 1398 3878 1718 3928; x_wconf 83' lang='lat' dir='ltr'><strong>restaurata.</strong></span> 
     </span>
    </p>
   </div>
   <div class='ocr_carea' id='block_1_32' title="bbox 283 3985 1892 4060">
    <p class='ocr_par' dir='ltr' id='par_1_32' title="bbox 283 3985 1892 4060">
     <span class='ocr_line' id='line_1_32' title="bbox 283 3985 1892 4060; baseline -0.001 -18"><span class='ocrx_word' id='word_1_137' title='bbox 283 4013 304 4022; x_wconf 85' lang='lat'><strong>-</strong></span> <span class='ocrx_word' id='word_1_138' title='bbox 354 3986 545 4060; x_wconf 76' lang='lat' dir='ltr'><strong>{Apud</strong></span> <span class='ocrx_word' id='word_1_139' title='bbox 576 4001 739 4042; x_wconf 86' lang='lat' dir='ltr'><strong>oram</strong></span> <span class='ocrx_word' id='word_1_140' title='bbox 766 3986 994 4042; x_wconf 87' lang='lat' dir='ltr'><strong>Domini</strong></span> <span class='ocrx_word' id='word_1_141' title='bbox 1027 3985 1341 4060; x_wconf 87' lang='lat' dir='ltr'><strong>genetricis</strong></span> <span class='ocrx_word' id='word_1_142' title='bbox 1368 3985 1586 4041; x_wconf 89' lang='lat' dir='ltr'><strong>honore</strong></span> <span class='ocrx_word' id='word_1_143' title='bbox 1617 3985 1892 4050; x_wconf 86' lang='lat' dir='ltr'><strong>dicatam,</strong></span> 
     </span>
    </p>
   </div>
   <div class='ocr_carea' id='block_1_33' title="bbox 2028 1325 3459 1400">
    <p class='ocr_par' dir='ltr' id='par_1_33' title="bbox 2028 1325 3459 1400">
     <span class='ocr_line' id='line_1_33' title="bbox 2028 1325 3459 1400; baseline 0.002 -19"><span class='ocrx_word' id='word_1_144' title='bbox 2028 1327 2082 1394; x_wconf 80' lang='grc' dir='ltr'><strong>Α</strong></span> <span class='ocrx_word' id='word_1_145' title='bbox 2112 1325 2242 1382; x_wconf 87' lang='lat' dir='ltr'><strong>Jam</strong></span> <span class='ocrx_word' id='word_1_146' title='bbox 2277 1326 2422 1382; x_wconf 91' lang='lat' dir='ltr'><strong>bene</strong></span> <span class='ocrx_word' id='word_1_147' title='bbox 2452 1327 2758 1400; x_wconf 89' lang='lat' dir='ltr'><strong>completis</strong></span> <span class='ocrx_word' id='word_1_148' title='bbox 2788 1325 3048 1385; x_wconf 86' lang='lat' dir='ltr'><strong>centenis</strong></span> <span class='ocrx_word' id='word_1_149' title='bbox 3068 1326 3246 1385; x_wconf 88' lang='lat' dir='ltr'><strong>octies</strong></span> <span class='ocrx_word' id='word_1_150' title='bbox 3265 1327 3459 1396; x_wconf 89' lang='lat' dir='ltr'><strong>annis,</strong></span> 
     </span>
    </p>
   </div>
   <div class='ocr_carea' id='block_1_34' title="bbox 2110 1415 3566 1490">
    <p class='ocr_par' dir='ltr' id='par_1_34' title="bbox 2110 1415 3566 1490">
     <span class='ocr_line' id='line_1_34' title="bbox 2110 1415 3566 1490; baseline 0.003 -22"><span class='ocrx_word' id='word_1_151' title='bbox 2110 1415 2507 1488; x_wconf 84' lang='lat' dir='ltr'><strong>Quadraginta</strong></span> <span class='ocrx_word' id='word_1_152' title='bbox 2537 1415 2713 1471; x_wconf 90' lang='lat' dir='ltr'><strong>simul</strong></span> <span class='ocrx_word' id='word_1_153' title='bbox 2739 1417 2943 1489; x_wconf 88' lang='lat' dir='ltr'><strong>quinto</strong></span> <span class='ocrx_word' id='word_1_154' title='bbox 2972 1415 3236 1473; x_wconf 85' lang='lat' dir='ltr'><strong>volvente</strong></span> <span class='ocrx_word' id='word_1_155' title='bbox 3259 1417 3371 1473; x_wconf 89' lang='lat' dir='ltr'><strong>sub</strong></span> <span class='ocrx_word' id='word_1_156' title='bbox 3399 1415 3566 1490; x_wconf 89' lang='lat' dir='ltr'><strong>ipsis,</strong></span> 
     </span>
    </p>
   </div>
   <div class='ocr_carea' id='block_1_35' title="bbox 2109 1503 3614 1579">
    <p class='ocr_par' dir='ltr' id='par_1_35' title="bbox 2109 1503 3614 1579">
     <span class='ocr_line' id='line_1_35' title="bbox 2109 1503 3614 1579; baseline 0.001 -21"><span class='ocrx_word' id='word_1_157' title='bbox 2109 1503 2253 1558; x_wconf 83' lang='lat' dir='ltr'><strong>Cum</strong></span> <span class='ocrx_word' id='word_1_158' title='bbox 2277 1503 2514 1574; x_wconf 82' lang='lat' dir='ltr'><strong>juvenis</strong></span> <span class='ocrx_word' id='word_1_159' title='bbox 2545 1503 2787 1562; x_wconf 86' lang='lat' dir='ltr'><strong>Carolus</strong></span> <span class='ocrx_word' id='word_1_160' title='bbox 2819 1509 3041 1578; x_wconf 90' lang='lat' dir='ltr'><strong>regeret</strong></span> <span class='ocrx_word' id='word_1_161' title='bbox 3069 1503 3402 1562; x_wconf 85' lang='lat' dir='ltr'><strong>diademata</strong></span> <span class='ocrx_word' id='word_1_162' title='bbox 3429 1505 3614 1579; x_wconf 87' lang='lat' dir='ltr'><strong>regni,</strong></span> 
     </span>
    </p>
   </div>
   <div class='ocr_carea' id='block_1_36' title="bbox 2109 1591 3648 1667">
    <p class='ocr_par' dir='ltr' id='par_1_36' title="bbox 2109 1591 3648 1667">
     <span class='ocr_line' id='line_1_36' title="bbox 2109 1591 3648 1667; baseline 0.003 -21"><span class='ocrx_word' id='word_1_163' title='bbox 2109 1591 2274 1647; x_wconf 85' lang='lat' dir='ltr'><strong>Ilunc</strong></span> <span class='ocrx_word' id='word_1_164' title='bbox 2304 1591 2414 1648; x_wconf 92' lang='lat' dir='ltr'><strong>sibi</strong></span> <span class='ocrx_word' id='word_1_165' title='bbox 2447 1597 2740 1665; x_wconf 87' lang='lat' dir='ltr'><strong>pastorem</strong></span> <span class='ocrx_word' id='word_1_166' title='bbox 2772 1594 3150 1667; x_wconf 88' lang='lat' dir='ltr'><strong>poscentibus</strong></span> <span class='ocrx_word' id='word_1_167' title='bbox 3180 1593 3344 1651; x_wconf 91' lang='lat' dir='ltr'><strong>urbis</strong></span> <span class='ocrx_word' id='word_1_168' title='bbox 3373 1592 3648 1650; x_wconf 85' lang='lat' dir='ltr'><strong>alumnis.</strong></span> 
     </span>
    </p>
   </div>
   <div class='ocr_carea' id='block_1_37' title="bbox 2903 1739 2964 1792">
    <p class='ocr_par' dir='ltr' id='par_1_37' title="bbox 2903 1739 2964 1792">
     <span class='ocr_line' id='line_1_37' title="bbox 2903 1739 2964 1792; baseline 0 0"><span class='ocrx_word' id='word_1_169' title='bbox 2903 1739 2964 1792; x_wconf 89' lang='lat' dir='ltr'><strong>V.</strong></span> 
     </span>
    </p>
   </div>
   <div class='ocr_carea' id='block_1_38' title="bbox 2158 1824 3706 1919">
    <p class='ocr_par' dir='ltr' id='par_1_38' title="bbox 2158 1824 3706 1919">
     <span class='ocr_line' id='line_1_38' title="bbox 2158 1824 3706 1919; baseline 0.002 -32"><span class='ocrx_word' id='word_1_170' title='bbox 2158 1832 2236 1888; x_wconf 82' lang='lat' dir='ltr'><strong>Ad</strong></span> <span class='ocrx_word' id='word_1_171' title='bbox 2265 1836 2562 1906; x_wconf 82' lang='lat' dir='ltr'><strong>imaginem</strong></span> <span class='ocrx_word' id='word_1_172' title='bbox 2588 1835 2687 1892; x_wconf 89' lang='lat' dir='ltr'><strong>Dei</strong></span> <span class='ocrx_word' id='word_1_173' title='bbox 2697 1824 3006 1919; x_wconf 68' lang='lat' dir='ltr'><strong>-gen&quot;iu-icit:I</strong></span> <span class='ocrx_word' id='word_1_174' title='bbox 3029 1837 3088 1890; x_wconf 86' lang='lat' dir='ltr'><strong>in</strong></span> <span class='ocrx_word' id='word_1_175' title='bbox 3118 1836 3232 1906; x_wconf 76' lang='lat' dir='ltr'><strong>ipso</strong></span> <span class='ocrx_word' id='word_1_176' title='bbox 3259 1835 3430 1919; x_wconf 86' lang='lat' dir='ltr'><strong>altari</strong></span> <span class='ocrx_word' id='word_1_177' title='bbox 3450 1836 3706 1906; x_wconf 79' lang='lat' dir='ltr'><strong>positam.</strong></span> 
     </span>
    </p>
   </div>
   <div class='ocr_carea' id='block_1_39' title="bbox 2108 1927 3755 2024">
    <p class='ocr_par' dir='ltr' id='par_1_39' title="bbox 2108 1927 3755 2024">
     <span class='ocr_line' id='line_1_39' title="bbox 2108 1927 3755 2024; baseline 0.003 -22"><span class='ocrx_word' id='word_1_178' title='bbox 2108 1947 2284 2022; x_wconf 87' lang='lat' dir='ltr'><strong>Virgo</strong></span> <span class='ocrx_word' id='word_1_179' title='bbox 2313 1950 2498 2007; x_wconf 88' lang='lat' dir='ltr'><strong>Maria</strong></span> <span class='ocrx_word' id='word_1_180' title='bbox 2528 1954 2686 2007; x_wconf 89' lang='lat' dir='ltr'><strong>tenet</strong></span> <span class='ocrx_word' id='word_1_181' title='bbox 2713 1950 3035 2018; x_wconf 89' lang='lat' dir='ltr'><strong>hominem,</strong></span> <span class='ocrx_word' id='word_1_182' title='bbox 3067 1927 3400 2024; x_wconf 72' lang='lat' dir='ltr'><strong>regemque.</strong></span> <span class='ocrx_word' id='word_1_183' title='bbox 3425 1927 3755 2024; x_wconf 76' lang='lat' dir='ltr'><strong>Deumque,</strong></span> 
     </span>
    </p>
   </div>
   <div class='ocr_carea' id='block_1_40' title="bbox 2108 2036 3613 2111">
    <p class='ocr_par' dir='ltr' id='par_1_40' title="bbox 2108 2036 3613 2111">
     <span class='ocr_line' id='line_1_40' title="bbox 2108 2036 3613 2111; baseline 0.004 -22"><span class='ocrx_word' id='word_1_184' title='bbox 2108 2036 2447 2092; x_wconf 85' lang='lat' dir='ltr'><strong>Visceribus</strong></span> <span class='ocrx_word' id='word_1_185' title='bbox 2478 2037 2730 2111; x_wconf 89' lang='lat' dir='ltr'><strong>propriis</strong></span> <span class='ocrx_word' id='word_1_186' title='bbox 2762 2043 2968 2094; x_wconf 89' lang='lat' dir='ltr'><strong>natum</strong></span> <span class='ocrx_word' id='word_1_187' title='bbox 3001 2038 3072 2094; x_wconf 90' lang='lat' dir='ltr'><strong>de</strong></span> <span class='ocrx_word' id='word_1_188' title='bbox 3105 2037 3360 2094; x_wconf 79' lang='lat' dir='ltr'><strong>Flumine</strong></span> <span class='ocrx_word' id='word_1_189' title='bbox 3391 2043 3613 2096; x_wconf 89' lang='lat' dir='ltr'><strong>sancto.</strong></span> 
     </span>
    </p>
   </div>
   <div class='ocr_carea' id='block_1_41' title="bbox 2886 2179 2980 2236">
    <p class='ocr_par' dir='ltr' id='par_1_41' title="bbox 2886 2179 2980 2236">
     <span class='ocr_line' id='line_1_41' title="bbox 2886 2179 2980 2236; baseline 0.021 -2"><span class='ocrx_word' id='word_1_190' title='bbox 2886 2179 2980 2236; x_wconf 86' lang='lat' dir='ltr'><strong>Vl.</strong></span> 
     </span>
    </p>
   </div>
   <div class='ocr_carea' id='block_1_42' title="bbox 2113 2295 3757 2367">
    <p class='ocr_par' dir='ltr' id='par_1_42' title="bbox 2113 2295 3757 2367">
     <span class='ocr_line' id='line_1_42' title="bbox 2113 2295 3757 2367; baseline -0.001 -16"><span class='ocrx_word' id='word_1_191' title='bbox 2113 2295 2342 2351; x_wconf 81' lang='lat' dir='ltr'><strong>Carmen</strong></span> <span class='ocrx_word' id='word_1_192' title='bbox 2361 2297 2682 2367; x_wconf 79' lang='lat' dir='ltr'><strong>inscriptum</strong></span> <span class='ocrx_word' id='word_1_193' title='bbox 2709 2299 2766 2350; x_wconf 87' lang='lat' dir='ltr'><strong>in</strong></span> <span class='ocrx_word' id='word_1_194' title='bbox 2791 2295 2930 2350; x_wconf 79' lang='lat' dir='ltr'><strong>libro</strong></span> <span class='ocrx_word' id='word_1_195' title='bbox 2953 2296 3237 2365; x_wconf 83' lang='lat' dir='ltr'><strong>Evangelii</strong></span> <span class='ocrx_word' id='word_1_196' title='bbox 3255 2312 3414 2367; x_wconf 64' lang='lat' dir='ltr'><strong>quem</strong></span> <span class='ocrx_word' id='word_1_197' title='bbox 3433 2296 3757 2351; x_wconf 78' lang='lat' dir='ltr'><strong>Hincmarus</strong></span> 
     </span>
    </p>
   </div>
   <div class='ocr_carea' id='block_1_43' title="bbox 2349 2365 3516 2422">
    <p class='ocr_par' dir='ltr' id='par_1_43' title="bbox 2349 2365 3516 2422">
     <span class='ocr_line' id='line_1_43' title="bbox 2349 2365 3516 2422; baseline 0.003 -3"><span class='ocrx_word' id='word_1_198' title='bbox 2349 2365 2574 2421; x_wconf 80' lang='lat' dir='ltr'><strong>donavit</strong></span> <span class='ocrx_word' id='word_1_199' title='bbox 2601 2366 2671 2421; x_wconf 81' lang='lat' dir='ltr'><strong>ad</strong></span> <span class='ocrx_word' id='word_1_200' title='bbox 2695 2383 2856 2422; x_wconf 78' lang='lat' dir='ltr'><strong>usum</strong></span> <span class='ocrx_word' id='word_1_201' title='bbox 2895 2367 3092 2422; x_wconf 82' lang='lat' dir='ltr'><strong>altaris</strong></span> <span class='ocrx_word' id='word_1_202' title='bbox 3121 2365 3288 2422; x_wconf 63' lang='lat' dir='ltr'><strong>beata}</strong></span> <span class='ocrx_word' id='word_1_203' title='bbox 3305 2365 3516 2422; x_wconf 64' lang='lat' dir='ltr'><strong>Mariis.</strong></span> 
     </span>
    </p>
   </div>
   <div class='ocr_carea' id='block_1_44' title="bbox 2111 2479 3525 2556">
    <p class='ocr_par' dir='ltr' id='par_1_44' title="bbox 2111 2479 3525 2556">
     <span class='ocr_line' id='line_1_44' title="bbox 2111 2479 3525 2556; baseline 0.001 -20"><span class='ocrx_word' id='word_1_204' title='bbox 2111 2481 2322 2536; x_wconf 87' lang='lat' dir='ltr'><strong>Sancta</strong></span> <span class='ocrx_word' id='word_1_205' title='bbox 2350 2479 2450 2537; x_wconf 91' lang='lat' dir='ltr'><strong>Dei</strong></span> <span class='ocrx_word' id='word_1_206' title='bbox 2481 2480 2752 2553; x_wconf 81' lang='lat' dir='ltr'><strong>genitrix,</strong></span> <span class='ocrx_word' id='word_1_207' title='bbox 2785 2488 2843 2537; x_wconf 91' lang='lat' dir='ltr'><strong>et</strong></span> <span class='ocrx_word' id='word_1_208' title='bbox 2872 2498 3103 2556; x_wconf 86' lang='lat' dir='ltr'><strong>semper</strong></span> <span class='ocrx_word' id='word_1_209' title='bbox 3131 2481 3290 2555; x_wconf 88' lang='lat' dir='ltr'><strong>virgo</strong></span> <span class='ocrx_word' id='word_1_210' title='bbox 3323 2481 3525 2556; x_wconf 84' lang='lat' dir='ltr'><strong>Maria,</strong></span> 
     </span>
    </p>
   </div>
   <div class='ocr_carea' id='block_1_45' title="bbox 2183 2567 3340 2642">
    <p class='ocr_par' dir='ltr' id='par_1_45' title="bbox 2183 2567 3340 2642">
     <span class='ocr_line' id='line_1_45' title="bbox 2183 2567 3340 2642; baseline 0.001 -19"><span class='ocrx_word' id='word_1_211' title='bbox 2183 2569 2532 2626; x_wconf 87' lang='lat' dir='ltr'><strong>Hincmarus</strong></span> <span class='ocrx_word' id='word_1_212' title='bbox 2562 2569 2775 2642; x_wconf 78' lang='lat' dir='ltr'><strong>praesul</strong></span> <span class='ocrx_word' id='word_1_213' title='bbox 2807 2569 3002 2626; x_wconf 79' lang='lat' dir='ltr'><strong>defero</strong></span> <span class='ocrx_word' id='word_1_214' title='bbox 3033 2571 3186 2625; x_wconf 88' lang='lat' dir='ltr'><strong>dona</strong></span> <span class='ocrx_word' id='word_1_215' title='bbox 3213 2567 3340 2636; x_wconf 84' lang='lat' dir='ltr'><strong>tibi,</strong></span> 
     </span>
    </p>
   </div>
   <div class='ocr_carea' id='block_1_46' title="bbox 2032 2657 3616 2761">
    <p class='ocr_par' dir='ltr' id='par_1_46' title="bbox 2032 2657 3616 2761">
     <span class='ocr_line' id='line_1_46' title="bbox 2032 2657 3616 2761; baseline 0.002 -49"><span class='ocrx_word' id='word_1_216' title='bbox 2032 2698 2079 2761; x_wconf 81' lang='grc' dir='ltr'><strong>Β</strong></span> <span class='ocrx_word' id='word_1_217' title='bbox 2112 2657 2239 2712; x_wconf 66' lang='lat' dir='ltr'><strong>Hinc</strong></span> <span class='ocrx_word' id='word_1_218' title='bbox 2270 2657 2366 2728; x_wconf 88' lang='lat' dir='ltr'><strong>pia</strong></span> <span class='ocrx_word' id='word_1_219' title='bbox 2396 2675 2522 2729; x_wconf 66' lang='lat' dir='ltr'><strong>quae</strong></span> <span class='ocrx_word' id='word_1_220' title='bbox 2552 2659 2754 2730; x_wconf 83' lang='lat' dir='ltr'><strong>gessit,</strong></span> <span class='ocrx_word' id='word_1_221' title='bbox 2787 2660 2984 2713; x_wconf 89' lang='lat' dir='ltr'><strong>docuit</strong></span> <span class='ocrx_word' id='word_1_222' title='bbox 3014 2676 3118 2713; x_wconf 90' lang='lat' dir='ltr'><strong>nos</strong></span> <span class='ocrx_word' id='word_1_223' title='bbox 3150 2657 3413 2714; x_wconf 86' lang='lat' dir='ltr'><strong>Christus</strong></span> <span class='ocrx_word' id='word_1_224' title='bbox 3443 2657 3616 2715; x_wconf 84' lang='lat' dir='ltr'><strong>Jesus</strong></span> 
     </span>
    </p>
   </div>
   <div class='ocr_carea' id='block_1_47' title="bbox 2184 2746 3291 2820">
    <p class='ocr_par' dir='ltr' id='par_1_47' title="bbox 2184 2746 3291 2820">
     <span class='ocr_line' id='line_1_47' title="bbox 2184 2746 3291 2820; baseline 0 -20"><span class='ocrx_word' id='word_1_225' title='bbox 2184 2747 2391 2801; x_wconf 87' lang='lat' dir='ltr'><strong>Editus</strong></span> <span class='ocrx_word' id='word_1_226' title='bbox 2422 2764 2490 2801; x_wconf 81' lang='lat' dir='ltr'><strong>ex</strong></span> <span class='ocrx_word' id='word_1_227' title='bbox 2519 2751 2704 2813; x_wconf 91' lang='lat' dir='ltr'><strong>utero,</strong></span> <span class='ocrx_word' id='word_1_228' title='bbox 2738 2753 2897 2803; x_wconf 87' lang='lat' dir='ltr'><strong>casta</strong></span> <span class='ocrx_word' id='word_1_229' title='bbox 2925 2746 3140 2820; x_wconf 88' lang='lat' dir='ltr'><strong>puella,</strong></span> <span class='ocrx_word' id='word_1_230' title='bbox 3171 2751 3291 2803; x_wconf 91' lang='lat' dir='ltr'><strong>tuo.</strong></span> 
     </span>
    </p>
   </div>
   <div class='ocr_carea' id='block_1_48' title="bbox 2873 2861 2992 2918">
    <p class='ocr_par' dir='ltr' id='par_1_48' title="bbox 2873 2861 2992 2918">
     <span class='ocr_line' id='line_1_48' title="bbox 2873 2861 2992 2918; baseline 0.025 -3"><span class='ocrx_word' id='word_1_231' title='bbox 2873 2861 2992 2918; x_wconf 87' lang='lat' dir='ltr'><strong>VII.</strong></span> 
     </span>
    </p>
   </div>
   <div class='ocr_carea' id='block_1_49' title="bbox 2551 2959 3318 3024">
    <p class='ocr_par' dir='ltr' id='par_1_49' title="bbox 2551 2959 3318 3024">
     <span class='ocr_line' id='line_1_49' title="bbox 2551 2959 3318 3024; baseline 0.001 -11"><span class='ocrx_word' id='word_1_232' title='bbox 2551 2960 2635 3014; x_wconf 76' lang='lat' dir='ltr'><strong>Ex</strong></span> <span class='ocrx_word' id='word_1_233' title='bbox 2663 2959 2887 3014; x_wconf 82' lang='lat' dir='ltr'><strong>Ferculo</strong></span> <span class='ocrx_word' id='word_1_234' title='bbox 2913 2975 2958 3024; x_wconf 76' lang='grc' dir='ltr'>ι,</span> <span class='ocrx_word' id='word_1_235' title='bbox 2991 2959 3318 3016; x_wconf 80' lang='lat' dir='ltr'><strong>Salomonis.</strong></span> 
     </span>
    </p>
   </div>
   <div class='ocr_carea' id='block_1_50' title="bbox 2665 3072 3288 3146">
    <p class='ocr_par' dir='ltr' id='par_1_50' title="bbox 2665 3072 3288 3146">
     <span class='ocr_line' id='line_1_50' title="bbox 2665 3072 3288 3146; baseline 0 -18"><span class='ocrx_word' id='word_1_236' title='bbox 2665 3072 2854 3146; x_wconf 89' lang='lat' dir='ltr'><strong>[Apud</strong></span> <span class='ocrx_word' id='word_1_237' title='bbox 2889 3073 3218 3146; x_wconf 59' lang='lat' dir='ltr'><strong>Sirmund.)</strong></span> <span class='ocrx_word' id='word_1_238' title='bbox 3285 3087 3288 3096; x_wconf 89' lang='lat'>&#39;</span> 
     </span>
    </p>
   </div>
   <div class='ocr_carea' id='block_1_51' title="bbox 2110 3189 3690 3278">
    <p class='ocr_par' dir='ltr' id='par_1_51' title="bbox 2110 3189 3690 3278">
     <span class='ocr_line' id='line_1_51' title="bbox 2110 3189 3690 3278; baseline 0 -31"><span class='ocrx_word' id='word_1_239' title='bbox 2110 3193 2332 3264; x_wconf 87' lang='lat' dir='ltr'><strong>Agnus,</strong></span> <span class='ocrx_word' id='word_1_240' title='bbox 2366 3189 2465 3246; x_wconf 80' lang='lat' dir='ltr'><strong>lux</strong></span> <span class='ocrx_word' id='word_1_241' title='bbox 2495 3190 2724 3257; x_wconf 90' lang='lat' dir='ltr'><strong>mundi,</strong></span> <span class='ocrx_word' id='word_1_242' title='bbox 2757 3190 2990 3264; x_wconf 90' lang='lat' dir='ltr'><strong>proprio</strong></span> <span class='ocrx_word' id='word_1_243' title='bbox 3018 3207 3124 3246; x_wconf 89' lang='lat' dir='ltr'><strong>nos</strong></span> <span class='ocrx_word' id='word_1_244' title='bbox 3154 3207 3392 3262; x_wconf 90' lang='lat' dir='ltr'><strong>corpore</strong></span> <span class='ocrx_word' id='word_1_245' title='bbox 3413 3207 3690 3278; x_wconf 68' lang='lat' dir='ltr'><strong>pascens,</strong></span> 
     </span>
    </p>
   </div>
   <div class='ocr_carea' id='block_1_52' title="bbox 2184 3277 3371 3352">
    <p class='ocr_par' dir='ltr' id='par_1_52' title="bbox 2184 3277 3371 3352">
     <span class='ocr_line' id='line_1_52' title="bbox 2184 3277 3371 3352; baseline 0.003 -20"><span class='ocrx_word' id='word_1_246' title='bbox 2184 3283 2248 3333; x_wconf 92' lang='lat' dir='ltr'><strong>In</strong></span> <span class='ocrx_word' id='word_1_247' title='bbox 2285 3278 2454 3335; x_wconf 92' lang='lat' dir='ltr'><strong>nobis</strong></span> <span class='ocrx_word' id='word_1_248' title='bbox 2485 3283 2736 3346; x_wconf 87' lang='lat' dir='ltr'><strong>maneat,</strong></span> <span class='ocrx_word' id='word_1_249' title='bbox 2764 3278 2992 3335; x_wconf 89' lang='lat' dir='ltr'><strong>mansio</strong></span> <span class='ocrx_word' id='word_1_250' title='bbox 3020 3277 3221 3352; x_wconf 80' lang='lat' dir='ltr'><strong>nostra</strong></span> <span class='ocrx_word' id='word_1_251' title='bbox 3247 3279 3371 3350; x_wconf 79' lang='lat' dir='ltr'><strong>ﬁat,</strong></span> 
     </span>
    </p>
   </div>
   <div class='ocr_carea' id='block_1_53' title="bbox 2109 3360 3660 3450">
    <p class='ocr_par' dir='ltr' id='par_1_53' title="bbox 2109 3360 3660 3450">
     <span class='ocr_line' id='line_1_53' title="bbox 2109 3360 3660 3450; baseline 0 -28"><span class='ocrx_word' id='word_1_252' title='bbox 2109 3369 2332 3439; x_wconf 79' lang='lat' dir='ltr'><strong>Agnus,</strong></span> <span class='ocrx_word' id='word_1_253' title='bbox 2367 3367 2495 3422; x_wconf 90' lang='lat' dir='ltr'><strong>fons</strong></span> <span class='ocrx_word' id='word_1_254' title='bbox 2527 3367 2676 3434; x_wconf 81' lang='lat' dir='ltr'><strong>vitae,</strong></span> <span class='ocrx_word' id='word_1_255' title='bbox 2711 3367 2946 3440; x_wconf 93' lang='lat' dir='ltr'><strong>proprio</strong></span> <span class='ocrx_word' id='word_1_256' title='bbox 2977 3384 3082 3423; x_wconf 89' lang='lat' dir='ltr'><strong>nos</strong></span> <span class='ocrx_word' id='word_1_257' title='bbox 3114 3360 3400 3441; x_wconf 84' lang='lat' dir='ltr'><strong>sanguine</strong></span> <span class='ocrx_word' id='word_1_258' title='bbox 3429 3370 3660 3450; x_wconf 67' lang='lat' dir='ltr'><strong>potans,</strong></span> 
     </span>
    </p>
   </div>
   <div class='ocr_carea' id='block_1_54' title="bbox 2185 3455 3408 3529">
    <p class='ocr_par' dir='ltr' id='par_1_54' title="bbox 2185 3455 3408 3529">
     <span class='ocr_line' id='line_1_54' title="bbox 2185 3455 3408 3529; baseline 0.002 -19"><span class='ocrx_word' id='word_1_259' title='bbox 2185 3456 2425 3528; x_wconf 88' lang='lat' dir='ltr'><strong>Semper</strong></span> <span class='ocrx_word' id='word_1_260' title='bbox 2455 3472 2613 3511; x_wconf 88' lang='lat' dir='ltr'><strong>more</strong></span> <span class='ocrx_word' id='word_1_261' title='bbox 2645 3473 2752 3512; x_wconf 90' lang='lat' dir='ltr'><strong>suo</strong></span> <span class='ocrx_word' id='word_1_262' title='bbox 2785 3455 3009 3512; x_wconf 89' lang='lat' dir='ltr'><strong>debriet</strong></span> <span class='ocrx_word' id='word_1_263' title='bbox 3037 3460 3211 3528; x_wconf 88' lang='lat' dir='ltr'><strong>atque</strong></span> <span class='ocrx_word' id='word_1_264' title='bbox 3246 3457 3408 3529; x_wconf 85' lang='lat' dir='ltr'><strong>regat</strong></span> 
     </span>
    </p>
   </div>
   <div class='ocr_carea' id='block_1_55' title="bbox 2112 3543 3760 3628">
    <p class='ocr_par' dir='ltr' id='par_1_55' title="bbox 2112 3543 3760 3628">
     <span class='ocr_line' id='line_1_55' title="bbox 2112 3543 3760 3628; baseline 0.001 -28"><span class='ocrx_word' id='word_1_265' title='bbox 2112 3543 2216 3600; x_wconf 85' lang='lat' dir='ltr'><strong>Hic</strong></span> <span class='ocrx_word' id='word_1_266' title='bbox 2247 3545 2400 3600; x_wconf 89' lang='lat' dir='ltr'><strong>Deus</strong></span> <span class='ocrx_word' id='word_1_267' title='bbox 2431 3543 2820 3616; x_wconf 89' lang='lat' dir='ltr'><strong>omnipotens,</strong></span> <span class='ocrx_word' id='word_1_268' title='bbox 2846 3562 2948 3616; x_wconf 88' lang='lat' dir='ltr'><strong>per</strong></span> <span class='ocrx_word' id='word_1_269' title='bbox 2976 3561 3151 3616; x_wconf 89' lang='lat' dir='ltr'><strong>quem</strong></span> <span class='ocrx_word' id='word_1_270' title='bbox 3185 3543 3352 3600; x_wconf 89' lang='lat' dir='ltr'><strong>Pater</strong></span> <span class='ocrx_word' id='word_1_271' title='bbox 3381 3543 3760 3628; x_wconf 32' lang='lat' dir='ltr'><strong>omnia-fecit,</strong></span> 
     </span>
    </p>
   </div>
   <div class='ocr_carea' id='block_1_56' title="bbox 2185 3629 3448 3718">
    <p class='ocr_par' dir='ltr' id='par_1_56' title="bbox 2185 3629 3448 3718">
     <span class='ocr_line' id='line_1_56' title="bbox 2185 3629 3448 3718; baseline -0.002 -30"><span class='ocrx_word' id='word_1_272' title='bbox 2185 3634 2436 3688; x_wconf 87' lang='lat' dir='ltr'><strong>Naturas</strong></span> <span class='ocrx_word' id='word_1_273' title='bbox 2469 3650 2662 3687; x_wconf 89' lang='lat' dir='ltr'><strong>rerum</strong></span> <span class='ocrx_word' id='word_1_274' title='bbox 2699 3638 2886 3690; x_wconf 84' lang='lat' dir='ltr'><strong>mutat</strong></span> <span class='ocrx_word' id='word_1_275' title='bbox 2917 3637 2982 3690; x_wconf 88' lang='lat' dir='ltr'><strong>ut</strong></span> <span class='ocrx_word' id='word_1_276' title='bbox 3012 3631 3134 3704; x_wconf 90' lang='lat' dir='ltr'><strong>ipse</strong></span> <span class='ocrx_word' id='word_1_277' title='bbox 3162 3629 3331 3708; x_wconf 79' lang='lat' dir='ltr'><strong>volet,</strong></span> <span class='ocrx_word' id='word_1_278' title='bbox 3363 3697 3372 3718; x_wconf 48' lang='lat'><em>,</em></span> <span class='ocrx_word' id='word_1_279' title='bbox 3401 3691 3408 3701; x_wconf 58' lang='grc'>,</span> <span class='ocrx_word' id='word_1_280' title='bbox 3443 3689 3448 3695; x_wconf 71' lang='grc'>,</span> 
     </span>
    </p>
   </div>
   <div class='ocr_carea' id='block_1_57' title="bbox 2117 3719 3708 3806">
    <p class='ocr_par' dir='ltr' id='par_1_57' title="bbox 2117 3719 3708 3806">
     <span class='ocr_line' id='line_1_57' title="bbox 2117 3719 3708 3806; baseline 0.004 -30"><span class='ocrx_word' id='word_1_281' title='bbox 2117 3722 2212 3777; x_wconf 91' lang='lat' dir='ltr'><strong>llic</strong></span> <span class='ocrx_word' id='word_1_282' title='bbox 2246 3738 2415 3777; x_wconf 89' lang='lat' dir='ltr'><strong>cruce</strong></span> <span class='ocrx_word' id='word_1_283' title='bbox 2447 3727 2644 3776; x_wconf 87' lang='lat' dir='ltr'><strong>nostro</strong></span> <span class='ocrx_word' id='word_1_284' title='bbox 2677 3726 2832 3777; x_wconf 86' lang='lat' dir='ltr'><strong>creat</strong></span> <span class='ocrx_word' id='word_1_285' title='bbox 2863 3721 3114 3794; x_wconf 89' lang='lat' dir='ltr'><strong>propriis</strong></span> <span class='ocrx_word' id='word_1_286' title='bbox 3145 3727 3475 3806; x_wconf 76' lang='lat' dir='ltr'><strong>etmanere</strong></span> <span class='ocrx_word' id='word_1_287' title='bbox 3503 3719 3708 3804; x_wconf 59' lang='lat' dir='ltr'><strong>Ygrbjg</strong></span> 
     </span>
    </p>
   </div>
   <div class='ocr_carea' id='block_1_58' title="bbox 2184 3807 3545 3886">
    <p class='ocr_par' dir='ltr' id='par_1_58' title="bbox 2184 3807 3545 3886">
     <span class='ocr_line' id='line_1_58' title="bbox 2184 3807 3545 3886; baseline -0.001 -21"><span class='ocrx_word' id='word_1_288' title='bbox 2184 3808 2390 3882; x_wconf 87' lang='lat' dir='ltr'><strong>Fitque</strong></span> <span class='ocrx_word' id='word_1_289' title='bbox 2421 3824 2554 3864; x_wconf 88' lang='lat' dir='ltr'><strong>caro</strong></span> <span class='ocrx_word' id='word_1_290' title='bbox 2585 3812 2642 3863; x_wconf 90' lang='lat' dir='ltr'><strong>et</strong></span> <span class='ocrx_word' id='word_1_291' title='bbox 2671 3808 2914 3882; x_wconf 88' lang='lat' dir='ltr'><strong>sanguis</strong></span> <span class='ocrx_word' id='word_1_292' title='bbox 2943 3825 3094 3880; x_wconf 88' lang='lat' dir='ltr'><strong>pane</strong></span> <span class='ocrx_word' id='word_1_293' title='bbox 3120 3807 3348 3886; x_wconf 81' lang='lat' dir='ltr'><strong>liquore</strong></span> <span class='ocrx_word' id='word_1_294' title='bbox 3377 3825 3545 3884; x_wconf 82' lang='lat' dir='ltr'><strong>suus.</strong></span> 
     </span>
    </p>
   </div>
   <div class='ocr_carea' id='block_1_59' title="bbox 2114 3888 3763 3982">
    <p class='ocr_par' dir='ltr' id='par_1_59' title="bbox 2114 3888 3763 3982">
     <span class='ocr_line' id='line_1_59' title="bbox 2114 3888 3763 3982; baseline 0.002 -30"><span class='ocrx_word' id='word_1_295' title='bbox 2114 3896 2176 3952; x_wconf 89' lang='lat' dir='ltr'><strong>In</strong></span> <span class='ocrx_word' id='word_1_296' title='bbox 2197 3914 2295 3952; x_wconf 89' lang='lat' dir='ltr'><strong>cru</strong></span> <span class='ocrx_word' id='word_1_297' title='bbox 2305 3913 2368 3952; x_wconf 88' lang='lat' dir='ltr'><strong>ce</strong></span> <span class='ocrx_word' id='word_1_298' title='bbox 2387 3913 2520 3952; x_wconf 92' lang='lat' dir='ltr'><strong>nam</strong></span> <span class='ocrx_word' id='word_1_299' title='bbox 2539 3913 2750 3977; x_wconf 81' lang='lat' dir='ltr'><strong>corpus</strong></span> <span class='ocrx_word' id='word_1_300' title='bbox 2768 3897 2947 3952; x_wconf 83' lang='lat' dir='ltr'><strong>ﬁxum</strong></span> <span class='ocrx_word' id='word_1_301' title='bbox 2963 3899 3070 3964; x_wconf 89' lang='lat' dir='ltr'><strong>est,</strong></span> <span class='ocrx_word' id='word_1_302' title='bbox 3085 3888 3328 3970; x_wconf 79' lang='lat' dir='ltr'><strong>sanguis</strong></span> <span class='ocrx_word' id='word_1_303' title='bbox 3345 3896 3763 3982; x_wconf 33' lang='lat' dir='ltr'><strong>qluoqueﬁ‘usns</strong></span> 
     </span>
    </p>
   </div>
   <div class='ocr_carea' id='block_1_60' title="bbox 2183 3983 3617 4057">
    <p class='ocr_par' dir='ltr' id='par_1_60' title="bbox 2183 3983 3617 4057">
     <span class='ocr_line' id='line_1_60' title="bbox 2183 3983 3617 4057; baseline 0.001 -17"><span class='ocrx_word' id='word_1_304' title='bbox 2183 3985 2434 4057; x_wconf 82' lang='lat' dir='ltr'><strong>Chrysti,</strong></span> <span class='ocrx_word' id='word_1_305' title='bbox 2470 4002 2642 4056; x_wconf 85' lang='lat' dir='ltr'><strong>quem</strong></span> <span class='ocrx_word' id='word_1_306' title='bbox 2676 3984 2732 4039; x_wconf 90' lang='lat' dir='ltr'><strong>in</strong></span> <span class='ocrx_word' id='word_1_307' title='bbox 2766 4002 2929 4040; x_wconf 85' lang='lat' dir='ltr'><strong>coena</strong></span> <span class='ocrx_word' id='word_1_308' title='bbox 2959 3985 3086 4056; x_wconf 88' lang='lat' dir='ltr'><strong>jam</strong></span> <span class='ocrx_word' id='word_1_309' title='bbox 3119 3983 3278 4041; x_wconf 88' lang='lat' dir='ltr'><strong>dedit</strong></span> <span class='ocrx_word' id='word_1_310' title='bbox 3308 3987 3441 4042; x_wconf 85' lang='lat' dir='ltr'><strong>ante</strong></span> <span class='ocrx_word' id='word_1_311' title='bbox 3469 3983 3617 4055; x_wconf 88' lang='lat' dir='ltr'><strong>suis,</strong></span> 
     </span>
    </p>
   </div>
   <div class='ocr_carea' id='block_1_61' title="bbox 285 4060 3764 4148">
    <p class='ocr_par' dir='ltr' id='par_1_61' title="bbox 285 4060 3764 4148">
     <span class='ocr_line' id='line_1_61' title="bbox 285 4060 3764 4148; baseline -0.001 -16"><span class='ocrx_word' id='word_1_312' title='bbox 285 4075 306 4104; x_wconf 72' lang='grc'>⁸</span> <span class='ocrx_word' id='word_1_313' title='bbox 353 4075 801 4148; x_wconf 70' lang='lat' dir='ltr'><strong>Cultor&#39;ubique</strong></span> <span class='ocrx_word' id='word_1_314' title='bbox 832 4091 976 4132; x_wconf 89' lang='lat' dir='ltr'><strong>suus</strong></span> <span class='ocrx_word' id='word_1_315' title='bbox 1004 4075 1296 4131; x_wconf 90' lang='lat' dir='ltr'><strong>decoravit</strong></span> <span class='ocrx_word' id='word_1_316' title='bbox 1318 4074 1626 4146; x_wconf 89' lang='lat' dir='ltr'><strong>episcopus</strong></span> <span class='ocrx_word' id='word_1_317' title='bbox 1658 4073 1935 4128; x_wconf 84' lang='lat' dir='ltr'><strong>Hincmar</strong></span> <span class='ocrx_word' id='word_1_318' title='bbox 2034 4060 2077 4126; x_wconf 90' lang='lat' dir='ltr'><strong>C</strong></span> <span class='ocrx_word' id='word_1_319' title='bbox 2113 4071 2258 4126; x_wconf 89' lang='lat' dir='ltr'><strong>Cum</strong></span> <span class='ocrx_word' id='word_1_320' title='bbox 2276 4088 2382 4127; x_wconf 89' lang='lat' dir='ltr'><strong>nos</strong></span> <span class='ocrx_word' id='word_1_321' title='bbox 2405 4071 2629 4142; x_wconf 87' lang='lat' dir='ltr'><strong>indigni</strong></span> <span class='ocrx_word' id='word_1_322' title='bbox 2653 4071 2771 4126; x_wconf 67' lang='lat' dir='ltr'><strong>hanc</strong></span> <span class='ocrx_word' id='word_1_323' title='bbox 2792 4089 3188 4128; x_wconf 89' lang='lat' dir='ltr'><strong>memoramus</strong></span> <span class='ocrx_word' id='word_1_324' title='bbox 3200 4074 3392 4144; x_wconf 85' lang='lat' dir='ltr'><strong>jussu,</strong></span> <span class='ocrx_word' id='word_1_325' title='bbox 3410 4073 3764 4147; x_wconf 81' lang='lat' dir='ltr'><strong>Redemptor</strong></span> 
     </span>
    </p>
   </div>
   <div class='ocr_carea' id='block_1_62' title="bbox 354 4161 1809 4234">
    <p class='ocr_par' dir='ltr' id='par_1_62' title="bbox 354 4161 1809 4234">
     <span class='ocr_line' id='line_1_62' title="bbox 354 4161 1809 4234; baseline -0.003 -14"><span class='ocrx_word' id='word_1_326' title='bbox 354 4163 696 4221; x_wconf 82' lang='lat' dir='ltr'><strong>Muneribus</strong></span> <span class='ocrx_word' id='word_1_327' title='bbox 727 4165 928 4234; x_wconf 86' lang='lat' dir='ltr'><strong>sacris,</strong></span> <span class='ocrx_word' id='word_1_328' title='bbox 963 4164 1200 4220; x_wconf 89' lang='lat' dir='ltr'><strong>functus</strong></span> <span class='ocrx_word' id='word_1_329' title='bbox 1229 4163 1339 4219; x_wconf 91' lang='lat' dir='ltr'><strong>hac</strong></span> <span class='ocrx_word' id='word_1_330' title='bbox 1369 4164 1505 4219; x_wconf 91' lang='lat' dir='ltr'><strong>sede</strong></span> <span class='ocrx_word' id='word_1_331' title='bbox 1537 4161 1809 4218; x_wconf 85' lang='lat' dir='ltr'><strong>sacerdos</strong></span> 
     </span>
    </p>
   </div>
   <div class='ocr_carea' id='block_1_63' title="bbox 323 4323 2002 4400">
    <p class='ocr_par' dir='ltr' id='par_1_63' title="bbox 323 4323 2002 4400">
     <span class='ocr_line' id='line_1_63' title="bbox 323 4323 2002 4400; baseline -0.004 -17"><span class='ocrx_word' id='word_1_332' title='bbox 323 4394 330 4400; x_wconf 30' lang='grc' dir='ltr'><strong><em>ο</em></strong></span> <span class='ocrx_word' id='word_1_333' title='bbox 425 4340 447 4368; x_wconf 80' lang='grc' dir='ltr'><strong>ι</strong></span> <span class='ocrx_word' id='word_1_334' title='bbox 479 4326 836 4400; x_wconf 73' lang='lat' dir='ltr'><strong>Flodoardus</strong></span> <span class='ocrx_word' id='word_1_335' title='bbox 876 4325 976 4382; x_wconf 90' lang='lat' dir='ltr'><strong>lib.</strong></span> <span class='ocrx_word' id='word_1_336' title='bbox 1011 4343 1096 4392; x_wconf 81' lang='grc' dir='ltr'>ιιι,</span> <span class='ocrx_word' id='word_1_337' title='bbox 1127 4341 1255 4400; x_wconf 82' lang='lat' dir='ltr'><strong>cap.</strong></span> <span class='ocrx_word' id='word_1_338' title='bbox 1302 4325 1386 4392; x_wconf 89' lang='grc'><strong>15,</strong></span> <span class='ocrx_word' id='word_1_339' title='bbox 1408 4323 2002 4400; x_wconf 58' lang='lat' dir='ltr'><strong>~librosenumerans</strong></span> 
     </span>
    </p>
   </div>
   <div class='ocr_carea' id='block_1_64' title="bbox 299 4393 2003 4470">
    <p class='ocr_par' dir='ltr' id='par_1_64' title="bbox 299 4393 2003 4470">
     <span class='ocr_line' id='line_1_64' title="bbox 299 4393 2003 4470; baseline -0.004 -17"><span class='ocrx_word' id='word_1_340' title='bbox 299 4394 502 4470; x_wconf 49' lang='lat' dir='ltr'><strong>unos</strong></span> <span class='ocrx_word' id='word_1_341' title='bbox 547 4395 897 4470; x_wconf 81' lang='lat' dir='ltr'><strong>Hincmarus</strong></span> <span class='ocrx_word' id='word_1_342' title='bbox 939 4393 1272 4470; x_wconf 78' lang='lat' dir='ltr'><strong>composuit</strong></span> <span class='ocrx_word' id='word_1_343' title='bbox 1301 4411 1313 4470; x_wconf 70' lang='grc' dir='ltr'>ς</span> <span class='ocrx_word' id='word_1_344' title='bbox 1340 4419 1367 4444; x_wconf 92' lang='grc'><strong>‹‹</strong></span> <span class='ocrx_word' id='word_1_345' title='bbox 1403 4394 1668 4470; x_wconf 81' lang='lat' dir='ltr'><strong>Scripsit,</strong></span> <span class='ocrx_word' id='word_1_346' title='bbox 1700 4393 1928 4470; x_wconf 87' lang='lat' dir='ltr'><strong>inquit,_</strong></span> <span class='ocrx_word' id='word_1_347' title='bbox 1946 4397 2003 4448; x_wconf 90' lang='lat' dir='ltr'><strong>et</strong></span> 
     </span>
    </p>
   </div>
   <div class='ocr_carea' id='block_1_65' title="bbox 353 4464 2001 4541">
    <p class='ocr_par' dir='ltr' id='par_1_65' title="bbox 353 4464 2001 4541">
     <span class='ocr_line' id='line_1_65' title="bbox 353 4464 2001 4541; baseline -0.002 -18"><span class='ocrx_word' id='word_1_348' title='bbox 353 4464 426 4541; x_wconf 59' lang='lat' dir='ltr'><strong>ad</strong></span> <span class='ocrx_word' id='word_1_349' title='bbox 453 4485 644 4541; x_wconf 81' lang='lat' dir='ltr'><strong>regem</strong></span> <span class='ocrx_word' id='word_1_350' title='bbox 669 4464 1106 4541; x_wconf 76' lang='lat' dir='ltr'><strong>Carolumopus</strong></span> <span class='ocrx_word' id='word_1_351' title='bbox 1123 4464 1741 4541; x_wconf 73' lang='lat' dir='ltr'><strong>quoddam_eg_regium</strong></span> <span class='ocrx_word' id='word_1_352' title='bbox 1765 4464 2001 4541; x_wconf 81' lang='lat' dir='ltr'><strong>metrice</strong></span> 
     </span>
    </p>
   </div>
   <div class='ocr_carea' id='block_1_66' title="bbox 354 4534 2000 4603">
    <p class='ocr_par' dir='ltr' id='par_1_66' title="bbox 354 4534 2000 4603">
     <span class='ocr_line' id='line_1_66' title="bbox 354 4534 2000 4603; baseline -0.003 -8"><span class='ocrx_word' id='word_1_353' title='bbox 354 4539 427 4595; x_wconf 89' lang='lat' dir='ltr'><strong>de</strong></span> <span class='ocrx_word' id='word_1_354' title='bbox 457 4534 654 4595; x_wconf 53' lang='lat' dir='ltr'><strong>Grvatia</strong></span> <span class='ocrx_word' id='word_1_355' title='bbox 692 4544 750 4595; x_wconf 90' lang='lat' dir='ltr'><strong>et</strong></span> <span class='ocrx_word' id='word_1_356' title='bbox 799 4534 1310 4594; x_wconf 67' lang='lat' dir='ltr'><strong>Praedestinatione</strong></span> <span class='ocrx_word' id='word_1_357' title='bbox 1341 4534 1560 4603; x_wconf 25' lang='lat' dir='ltr'><strong>Dei,‘de</strong></span> <span class='ocrx_word' id='word_1_358' title='bbox 1584 4534 2000 4591; x_wconf 35' lang='lat' dir='ltr'><strong>“Sacramentis</strong></span> 
     </span>
    </p>
   </div>
   <div class='ocr_carea' id='block_1_67' title="bbox 351 4605 1998 4682">
    <p class='ocr_par' dir='ltr' id='par_1_67' title="bbox 351 4605 1998 4682">
     <span class='ocr_line' id='line_1_67' title="bbox 351 4605 1998 4682; baseline -0.004 -16"><span class='ocrx_word' id='word_1_359' title='bbox 351 4626 586 4682; x_wconf 87' lang='lat' dir='ltr'><strong>quoque</strong></span> <span class='ocrx_word' id='word_1_360' title='bbox 607 4611 876 4682; x_wconf 90' lang='lat' dir='ltr'><strong>Corporis</strong></span> <span class='ocrx_word' id='word_1_361' title='bbox 895 4615 953 4666; x_wconf 90' lang='lat' dir='ltr'><strong>et</strong></span> <span class='ocrx_word' id='word_1_362' title='bbox 977 4609 1282 4682; x_wconf 87' lang='lat' dir='ltr'><strong>sanguinis</strong></span> <span class='ocrx_word' id='word_1_363' title='bbox 1302 4607 1540 4678; x_wconf 88' lang='lat' dir='ltr'><strong>Christi,</strong></span> <span class='ocrx_word' id='word_1_364' title='bbox 1563 4612 1620 4663; x_wconf 91' lang='lat' dir='ltr'><strong>ct</strong></span> <span class='ocrx_word' id='word_1_365' title='bbox 1651 4607 1721 4662; x_wconf 90' lang='lat' dir='ltr'><strong>de</strong></span> <span class='ocrx_word' id='word_1_366' title='bbox 1751 4605 1998 4662; x_wconf 89' lang='lat' dir='ltr'><strong>videndo</strong></span> 
     </span>
    </p>
   </div>
   <div class='ocr_carea' id='block_1_68' title="bbox 2190 4160 3507 4232">
    <p class='ocr_par' dir='ltr' id='par_1_68' title="bbox 2190 4160 3507 4232">
     <span class='ocr_line' id='line_1_68' title="bbox 2190 4160 3507 4232; baseline 0.001 -17"><span class='ocrx_word' id='word_1_367' title='bbox 2190 4161 2531 4232; x_wconf 83' lang='lat' dir='ltr'><strong>Emptorum</strong></span> <span class='ocrx_word' id='word_1_368' title='bbox 2563 4160 2815 4232; x_wconf 86' lang='lat' dir='ltr'><strong>pretium</strong></span> <span class='ocrx_word' id='word_1_369' title='bbox 2847 4177 3093 4216; x_wconf 87' lang='lat' dir='ltr'><strong>munera</strong></span> <span class='ocrx_word' id='word_1_370' title='bbox 3124 4164 3320 4216; x_wconf 89' lang='lat' dir='ltr'><strong>nostra</strong></span> <span class='ocrx_word' id='word_1_371' title='bbox 3351 4161 3507 4217; x_wconf 87' lang='lat' dir='ltr'><strong>facit.</strong></span> 
     </span>
    </p>
   </div>
   <div class='ocr_carea' id='block_1_69' title="bbox 2112 4316 3756 4402">
    <p class='ocr_par' dir='ltr' id='par_1_69' title="bbox 2112 4316 3756 4402">
     <span class='ocr_line' id='line_1_69' title="bbox 2112 4316 3756 4402; baseline 0.001 -28"><span class='ocrx_word' id='word_1_372' title='bbox 2112 4323 2450 4402; x_wconf 27' lang='lat' dir='ltr'><strong>Regnaque</strong></span> <span class='ocrx_word' id='word_1_373' title='bbox 2480 4319 2702 4402; x_wconf 70' lang='lat' dir='ltr'><strong>origine</strong></span> <span class='ocrx_word' id='word_1_374' title='bbox 2732 4317 2960 4384; x_wconf 71' lang='lat' dir='ltr'><strong>animm,</strong></span> <span class='ocrx_word' id='word_1_375' title='bbox 2993 4316 3180 4402; x_wconf 56' lang='lat' dir='ltr'><strong>simul</strong></span> <span class='ocrx_word' id='word_1_376' title='bbox 3199 4319 3515 4402; x_wconf 56' lang='lat' dir='ltr'><strong>aede-fide</strong></span> <span class='ocrx_word' id='word_1_377' title='bbox 3541 4323 3756 4402; x_wconf 48' lang='lat' dir='ltr'><strong>stipatas</strong></span> 
     </span>
    </p>
   </div>
   <div class='ocr_carea' id='block_1_70' title="bbox 2111 4386 3755 4514">
    <p class='ocr_par' dir='ltr' id='par_1_70' title="bbox 2111 4386 3755 4514">
     <span class='ocr_line' id='line_1_70' title="bbox 2111 4386 3755 4514; baseline 0 -68"><span class='ocrx_word' id='word_1_378' title='bbox 2111 4386 2443 4472; x_wconf 78' lang='lat' dir='ltr'><strong>Trinitatis;</strong></span> <span class='ocrx_word' id='word_1_379' title='bbox 2477 4386 2632 4463; x_wconf 81' lang='lat' dir='ltr'><strong>quod</strong></span> <span class='ocrx_word' id='word_1_380' title='bbox 2683 4407 2830 4462; x_wconf 86' lang='lat' dir='ltr'><strong>opus</strong></span> <span class='ocrx_word' id='word_1_381' title='bbox 2879 4386 3192 4514; x_wconf 58' lang='lat' dir='ltr'><strong>appellavit</strong></span> <span class='ocrx_word' id='word_1_382' title='bbox 3241 4389 3548 4450; x_wconf 71' lang='lat' dir='ltr'><strong>Ferculum</strong></span> <span class='ocrx_word' id='word_1_383' title='bbox 3582 4389 3755 4449; x_wconf 45' lang='lat' dir='ltr'><strong>“Bulo-</strong></span> 
     </span>
     <span class='ocr_line' id='line_1_71' title="bbox 2111 4461 3754 4514; baseline 0 0"><span class='ocrx_word' id='word_1_384' title='bbox 2111 4479 2322 4514; x_wconf 81' lang='lat' dir='ltr'><strong>monis.</strong></span> <span class='ocrx_word' id='word_1_385' title='bbox 2345 4465 2467 4514; x_wconf 89' lang='lat' dir='ltr'><strong>Ouo</strong></span> <span class='ocrx_word' id='word_1_386' title='bbox 2498 4480 2565 4514; x_wconf 82' lang='lat' dir='ltr'><strong>ex</strong></span> <span class='ocrx_word' id='word_1_387' title='bbox 2601 4479 2771 4514; x_wconf 83' lang='lat' dir='ltr'><strong>onere</strong></span> <span class='ocrx_word' id='word_1_388' title='bbox 2810 4461 2934 4514; x_wconf 89' lang='lat' dir='ltr'><strong>Duo</strong></span> <span class='ocrx_word' id='word_1_389' title='bbox 2979 4477 3120 4514; x_wconf 88' lang='lat' dir='ltr'><strong>enos</strong></span> <span class='ocrx_word' id='word_1_390' title='bbox 3148 4475 3352 4514; x_wconf 88' lang='lat' dir='ltr'><strong>versus</strong></span> <span class='ocrx_word' id='word_1_391' title='bbox 3391 4461 3608 4514; x_wconf 81' lang='lat' dir='ltr'><strong>profert</strong></span> <span class='ocrx_word' id='word_1_392' title='bbox 3636 4461 3754 4514; x_wconf 87' lang='lat' dir='ltr'><strong>Du-</strong></span> 
     </span>
    </p>
   </div>
   <div class='ocr_carea' id='block_1_71' title="bbox 2111 4461 3754 4534">
    <p class='ocr_par' dir='ltr' id='par_1_71' title="bbox 2111 4461 3754 4534">
     <span class='ocr_line' id='line_1_72' title="bbox 2111 4461 3754 4534; baseline 0.001 -18"><span class='ocrx_word' id='word_1_393' title='bbox 2111 4463 2322 4518; x_wconf 89' lang='lat' dir='ltr'><strong>monis.</strong></span> <span class='ocrx_word' id='word_1_394' title='bbox 2345 4465 2467 4528; x_wconf 90' lang='lat' dir='ltr'><strong>Quo</strong></span> <span class='ocrx_word' id='word_1_395' title='bbox 2497 4461 2771 4534; x_wconf 7' lang='lat' dir='ltr'><strong>expopere</strong></span> <span class='ocrx_word' id='word_1_396' title='bbox 2810 4461 3120 4534; x_wconf 79' lang='lat' dir='ltr'><strong>Duodenos</strong></span> <span class='ocrx_word' id='word_1_397' title='bbox 3148 4475 3352 4534; x_wconf 80' lang='lat' dir='ltr'><strong>versus</strong></span> <span class='ocrx_word' id='word_1_398' title='bbox 3391 4461 3608 4534; x_wconf 80' lang='lat' dir='ltr'><strong>profert</strong></span> <span class='ocrx_word' id='word_1_399' title='bbox 3636 4461 3754 4534; x_wconf 87' lang='lat' dir='ltr'><strong>Du-</strong></span> 
     </span>
    </p>
   </div>
   <div class='ocr_carea' id='block_1_72' title="bbox 2111 4531 3756 4605">
    <p class='ocr_par' dir='ltr' id='par_1_72' title="bbox 2111 4531 3756 4605">
     <span class='ocr_line' id='line_1_73' title="bbox 2111 4531 3756 4605; baseline 0.002 -17"><span class='ocrx_word' id='word_1_400' title='bbox 2111 4533 2331 4605; x_wconf 85' lang='lat' dir='ltr'><strong>randus</strong></span> <span class='ocrx_word' id='word_1_401' title='bbox 2363 4535 2544 4589; x_wconf 88' lang='lat' dir='ltr'><strong>abbas</strong></span> <span class='ocrx_word' id='word_1_402' title='bbox 2575 4531 2817 4605; x_wconf 40' lang='lat' dir='ltr'><strong>in‘libro</strong></span> <span class='ocrx_word' id='word_1_403' title='bbox 2845 4533 2916 4586; x_wconf 91' lang='lat' dir='ltr'><strong>de</strong></span> <span class='ocrx_word' id='word_1_404' title='bbox 2947 4531 3195 4602; x_wconf 90' lang='lat' dir='ltr'><strong>Corpore</strong></span> <span class='ocrx_word' id='word_1_405' title='bbox 3223 4536 3283 4588; x_wconf 92' lang='lat' dir='ltr'><strong>et</strong></span> <span class='ocrx_word' id='word_1_406' title='bbox 3314 4531 3609 4605; x_wconf 74' lang='lat' dir='ltr'><strong>Sanguine</strong></span> <span class='ocrx_word' id='word_1_407' title='bbox 3639 4532 3756 4590; x_wconf 92' lang='lat' dir='ltr'><strong>Do-</strong></span> 
     </span>
    </p>
   </div>
   <div class='ocr_carea' id='block_1_73' title="bbox 2110 4603 3004 4676">
    <p class='ocr_par' dir='ltr' id='par_1_73' title="bbox 2110 4603 3004 4676">
     <span class='ocr_line' id='line_1_74' title="bbox 2110 4603 3004 4676; baseline -0.009 -16"><span class='ocrx_word' id='word_1_408' title='bbox 2110 4603 2255 4660; x_wconf 89' lang='lat' dir='ltr'><strong>mini</strong></span> <span class='ocrx_word' id='word_1_409' title='bbox 2285 4609 2486 4662; x_wconf 89' lang='lat' dir='ltr'><strong>contra</strong></span> <span class='ocrx_word' id='word_1_410' title='bbox 2515 4603 2948 4676; x_wconf 85' lang='lat' dir='ltr'><strong>Berengarium.</strong></span> <span class='ocrx_word' id='word_1_411' title='bbox 2977 4623 3004 4652; x_wconf 83' lang='lat'>»</span> 
     </span>
    </p>
   </div>
  </div>
