4028 6178
332 303 486 364 1203

1377 301 1480 362 ΑΙ)
1525 301 1782 362 OPERA
1833 300 2129 363 HINCMA
2147 300 2221 360 BI
2266 300 2685 361 APPENDIX.

3587 298 3743 360 1204

325 488 2772 520 cm

779 669 917 815 All
1010 666 1358 814 OPERA
1455 665 1973 814 lllNCllAlll
2072 665 2665 814 llllllllllNSlS
2757 665 3293 814 APPENDIX

1213 912 2027 1046 HINCMABI
2121 914 2848 1045 ANNALES

1943 1114 2117 1175 SIVE

853 1248 1445 1337 ANNALIUM
1487 1247 2441 1336 BERTINIANORUM
2482 1249 2764 1336 PARS
2805 1248 3221 1334 TERTIA

1447 1417 1544 1478 Ab
1571 1436 1728 1479 anno
1758 1418 1869 1479 861
1907 1436 2088 1498 usque
2117 1415 2200 1478 ad
2223 1435 2445 1477 annum
2475 1417 2616 1478 882.

1267 1551 1457 1622 (Apud
1488 1550 1798 1620 Pertzium,
1830 1550 2092 1606 Monum.
2125 1550 2319 1606 Germ.
2353 1549 2519 1616 hist.,
2550 1553 2693 1605 tom.
2730 1549 2800 1616 l.)

1861 1683 2203 1694 ——-———n

400 1870 644 1928 Galindo
663 1877 1048 1946 cognomento
1071 1873 1446 1942 Prudentius,
1467 1873 1815 1930 Tricassinaa
1847 1873 1980 1956 civi-

328 1959 467 2016 tatis
498 1959 830 2034 episcopus,
865 1961 1100 2019 natione
1129 1963 1442 2036 Hispanus,
1476 1962 1738 2036 adprime
1770 1961 1980 2018 litteris

327 2049 615 2117 eruditus,
642 2049 743 2122 qui
775 2054 910 2106 ante
938 2050 1161 2122 aliquot
1189 2069 1374 2109 annos
1403 2051 1736 2109 Gctescalco
1769 2052 1982 2124 prcede-

329 2137 646 2193 stinatiano
695 2139 1006 2206 restiterat,
1041 2144 1172 2211 post
1222 2140 1350 2196 felle
1399 2145 1730 2196 commotus
1777 2145 1982 2195 contra

332 2225 620 2296 quosdam
651 2225 956 2298 episcopos
989 2244 1188 2283 secum
1219 2227 1474 2284 heretico
1506 2228 1864 2297 resistentes,
1894 2229 1980 2300 ip-

334 2312 460 2369 sius
489 2312 727 2370 haaresis
757 2315 1026 2370 defensor
1055 2315 1398 2384 acerrimus,
1421 2314 1670 2388 indeque
1710 2335 1824 2373 non
1859 2333 1980 2372 mo-

336 2399 466 2456 dica
491 2400 646 2456 inter
675 2417 736 2456 se
757 2401 987 2458 diversa
1005 2408 1061 2458 et
1083 2404 1214 2460 fidei
1242 2406 1484 2460 adversa
1505 2404 1845 2477 scriptitans
1867 2423 1986 2461 mo-

338 2487 514 2556 ritur;
548 2489 770 2567 sicque,
795 2489 930 2545 licet
957 2489 1182 2546 diutino
1217 2491 1496 2566 languore
1528 2493 1885 2567 fatigaretur,
1921 2500 1985 2550 ut

335 2558 572 2634 vivendi
597 2558 678 2633 ita
707 2581 764 2634 et
793 2578 1083 2635 scribendi
1119 2580 1294 2636 finem
1318 2558 1482 2637 iecit.

409 2665 889 2735 Carolomannus,
923 2666 1251 2726 Hludowici
1273 2669 1596 2726 Germaniae
1629 2670 1780 2744 regis
1803 2671 1980 2739 filius,

337 2771 468 2811 cum
499 2754 750 2813 Resticio
769 2755 1141 2814 Winidorum
1176 2758 1374 2832 regulo
1403 2760 1734 2830 fmderatur,
1759 2777 1791 2815 a
1823 2765 1985 2834 patre

337 2843 554 2911 deficit,
567 2847 625 2899 et
644 2844 881 2902 Resticii
900 2845 1114 2901 auxilio
1132 2863 1406 2920 magnam
1426 2846 1538 2904 sibi
1557 2851 1780 2920 partem
1799 2865 1986 2921 usque

337 2931 410 2988 ad
432 2931 540 2987 Hin
557 2931 635 3005 (α)
653 2933 894 2988 ﬂuvium
915 2933 1138 3006 paterni
1157 2936 1320 3008 regni
1342 2937 1666 3008 praesumit.
1691 2936 1988 2993 Hludowi-

337 3037 442 3076 cus
473 3037 738 3078 socerum
764 3021 1140 3079 Karlomanni
1165 3023 1267 3078 filii
1299 3023 1410 3092 sui,
1433 3027 1775 3094 Arnustum,
1804 3025 1984 3081 hono-

2000 1785 2056 1851 Α
2085 1781 2463 1850 Nortmannis
2481 1783 2883 1837 constructum
2894 1783 2970 1845 ,et
2985 1779 3222 1836 eosdem
3235 1779 3637 1836 Nortmannos
3651 1779 3750 1835 ob-

2089 1870 2392 1927 sident.Ad
2405 1885 2656 1942 quorum
2669 1867 3066 1926 obsidentium
3083 1867 3349 1924 videlicet
3363 1867 3652 1924 locarium
3668 1869 3748 1938 (ἆ)

2089 1959 2349 2032 quinque
2380 1956 2562 2013 millia
2587 1957 2770 2013 libras
2792 1956 3014 2030 argenti
3041 1974 3174 2012 cum
3201 1955 3552 2013 animalium
3571 1961 3748 2030 atque

2089 2065 2332 2104 annonae
2364 2063 2599 2103 summa
2630 2063 2744 2101 non
2787 2045 3016 2101 modica
3046 2046 3117 2101 de
3159 2062 3335 2118 regno
3375 2063 3508 2114 suo,
3540 2063 3615 2100 ne
3645 2047 3745 2102 de-

2091 2136 2468 2210 prwdaretur,
2493 2134 2643 2206 exigi
2691 2134 2934 2190 Karolus
2980 2134 3272 2206 praecepit,
3304 2139 3366 2189 et
3407 2135 3744 2206 Sequanam

2089 2223 2400 2290 transiens,
2419 2222 2760 2278 Meidunum
2781 2221 2850 2295 (c)
2869 2239 3043 2295 super
3061 2222 3312 2295 Ligerim
3330 2223 3474 2290 adit,
3491 2223 3748 2279 Radber-

2091 2317 2217 2368 tum
2237 2311 2302 2384 (ί)
2321 2329 2456 2367 cum
2479 2309 2708 2384 placitis
2727 2310 3049 2367 honoribus
3071 2309 3422 2384 recipit.Qua
3440 2311 3748 2368 occasione

2092 2399 2437 2457 Guntl‘ridus
2477 2405 2534 2456 et
2565 2400 2891 2468 Gozfridus,
2916 2417 3170 2472 quorum
3201 2399 3445 2456 consilio
3495 2399 3748 2456 Karolus

2095 2507 2207 2561 prae
2217 2489 2400 2543 fatum
2423 2489 2781 2545 Rodbertum
2805 2493 3120 2562 receperat,
3139 2505 3276 2546 cum
3295 2489 3420 2546 suis
3441 2488 3748 2561 complici-

2093 2579 2204 2634 bus
2231 2577 2520 2650 gentilitia
2560 2576 2884 2634 mobilitate
2925 2582 2984 2634 et
3021 2577 3225 2634 inclita
3253 2578 3683 2634 consuetudine
3713 2595 3749 2634 a

2093 2665 2292 2722 Carolo
2317 2667 2389 2721 ad
2421 2665 2812 2733 Salomonem,
2829 2665 3131 2722 Britonum
3156 2668 3170 2702 ¹
3194 2665 3746 2734 ducem,deﬁciunt.

2096 2755 2318 2810 Interea
2339 2754 2636 2810 Danorum
2659 2771 2796 2826 pars
2815 2753 2996 2810 altera
3014 2771 3149 2811 cum
3171 2755 3474 2828 sexaginta
3497 2755 3751 2812 navibus

2094 2861 2196 2916 per
2212 2843 2542 2916 Sequanam
2565 2842 2625 2898 in
2650 2843 2894 2898 [luvium
2917 2841 3110 2900 Tellas
3131 2845 3207 2916 (g)
3227 2845 3576 2912 ascendunt,
3593 2844 3755 2900 inde-

2095 2949 2208 3004 que
2238 2931 2308 2986 ad
2341 2931 2678 2987 obsidentes
2717 2930 3024 2987 castellum
3069 2932 3431 3004 perveniunt,
3457 2936 3515 2988 et
3543 2949 3753 2989 eorum

2096 3020 2368 3078 societate
2391 3020 2745 3092 junguntur.
2775 3019 3010 3076 Obsessi
3041 3025 3238 3077 autem
3265 3020 3436 3077 famis
3468 3021 3666 3076 inedia
3695 3025 3758 3076 et

339 3109 503 3165 ribus
533 3109 741 3182 privat,
765 3115 822 3166 et
851 3115 1089 3184 nepotes
1122 3111 1307 3184 ipsius
1327 3131 1361 3168 a
1381 3129 1557 3186 regno
1591 3131 1697 3170 suo
1719 3113 1984 3186 expellit;
2019 3155 2064 3220 Β
2097 3109 2343 3166 miseria:
2365 3109 2557 3164 omnis
2574 3107 2904 3180 'squallore
2921 3108 3340 3182 compulsi,sex
3361 3109 3548 3166 millia
3569 3109 3755 3166 libras

339 3197 434 3220 __-2
482 3215 607 3220 ---μ
674 3198 943 3220 AJ_I-__!-
1000 3198 1369 3220 πημὲμιμηιξκ
1426 3218 1435 3220 _
1467 3201 1540 3220 ob!
1713 3219 1739 3220 η
1843 3219 1852 3220 κ
1907 3201 1920 3220 1
2097 3198 2467 3220 2_A-_---_-__.
2499 3201 2545 3220 ,ι
2569 3201 2868 3220 ___-_.l-_._.
2894 3197 3525 3220 _L_2J__A:L__-j-_A_A
3553 3197 3751 3220 A:-___-

335 3197 436 3269 qui
477 3215 614 3254 cum
661 3198 972 3266 Adalardo,
1000 3198 1373 3256 Irmintrudis
1423 3201 1634 3274 reginaa
1675 3201 1982 3270 avunculo,

337 3303 443 3342 suo
475 3291 674 3342 autem
704 3287 1051 3360 propinquo,
1085 3305 1259 3360 quem
1293 3289 1600 3346 Lotharius
1651 3290 1840 3364 patrui
1891 3291 1981 3347 sui

336 3372 662 3431 Illudowici
690 3375 938 3430 factione
960 3375 1400 3450 insequebatur.
1429 3379 1701 3436 Karolum
1733 3381 1980 3448 adeunt;

335 3480 370 3516 a
397 3479 514 3534 quo
543 3462 792 3536 benigne
824 3465 1230 3537 suscipiuntur
1251 3472 1308 3523 et
1334 3467 1652 3524 honoribus
1685 3467 1985 3524 consolan-

271 3567 276 3574 '
335 3553 450 3606 tur.
473 3549 583 3606 Sed
617 3556 674 3608 et
702 3569 848 3626 pene
877 3570 1082 3610 omnes
1107 3553 1206 3626 qui
1239 3572 1425 3626 nuper
1454 3574 1487 3611 a
1520 3557 1720 3613 Karolo
1752 3559 1822 3612 ad
1852 3557 1984 3614 Hlu-

335 3639 631 3700 dowicum
653 3641 1004 3709 defecerant,
1026 3643 1096 3698 ad
1121 3643 1399 3700 Karolum
1424 3649 1809 3714 revertuntur,
1831 3650 1889 3701 et
1910 3645 1982 3700 ab

334 3743 401 3783 eo
431 3727 827 3786 familiaritate
856 3735 914 3786 et
944 3731 1267 3787 honoribus
1299 3731 1673 3787 redonantnr.

405 3815 550 3871 Dani
573 3817 651 3884 (b)
671 3817 772 3888 qui
798 3817 1024 3888 pridem
1059 3817 1351 3874 Morinum
1375 3819 1442 3892 (c)
1467 3819 1761 3876 civitatem
1785 3821 1982 3877 incen-

333 3903 557 3970 derant,
581 3904 654 3960 de
697 3903 900 3977 Anglis
950 3909 1320 3973 revertentes,
1353 3907 1500 3964 duce
1529 3908 1816 3966 Welando
1849 3925 1982 3965 cum

333 3989 599 4047 ducentis
619 3994 676 4046 et
691 4007 757 4046 eo
777 3991 1033 4064 amplius
1050 3993 1296 4050 navibus
1315 4012 1420 4067 per
1435 3995 1765 4070 Sequanam
1787 4014 1985 4054 ascen-

331 4079 498 4150 dunt,
521 4083 579 4136 et
606 4079 914 4136 castellum
944 4079 1004 4138 in
1037 4081 1230 4140 insula
1257 4101 1384 4156 qua:
1415 4085 1676 4144 Oscellus
1698 4085 1914 4143 dicitur
1942 4103 1976 4142 a

2097 3198 2248 3254 inter
2263 3213 2472 3254 aurum
2493 3201 2549 3252 et
2567 3201 2874 3270 argentum
2890 3197 3298 3256 obsidentibus
3310 3199 3531 3255 donant
3545 3197 3757 3270 eisque

2095 3287 2412 3354 sociantur,
2439 3292 2496 3342 et
2526 3287 2609 3342 sic
2641 3303 2745 3358 per
2769 3287 3102 3359 Sequanam
3134 3304 3320 3360 usque
3349 3288 3422 3343 ad
3453 3305 3618 3344 mare
3645 3287 3752 3343 de-

2092 3376 2399 3432 scendunt.
2426 3377 2580 3441 Quos
2611 3374 2928 3433 imminens
2953 3375 3142 3433 hiems
3172 3375 3400 3449 ingredi
3420 3393 3582 3433 mare
3611 3394 3747 3449 pro-

2092 3463 2302 3531 hibuit,
2327 3464 2479 3519 unde
2503 3482 2563 3519 se
2590 3480 2692 3536 per
2722 3463 2988 3537 singulos
3009 3469 3214 3537 portus
3234 3465 3307 3521 ab
3329 3465 3457 3537 ipso
3488 3463 3617 3522 loco
3639 3463 3746 3521 Pa-

2093 3551 2270 3608 risius
2302 3569 2486 3624 usque
2517 3553 2842 3608 secundum
2891 3569 3030 3609 suas
3077 3552 3420 3610 sodalitates
3449 3553 3742 3610 dividunt.

2091 3639 2415 3697 Welandus
2447 3645 2642 3696 autem
2675 3657 2776 3714 per
2801 3641 3134 3714 Sequanam
3162 3659 3348 3714 usque
3379 3641 3450 3698 ad
3484 3646 3745 3698 castrum

2093 3727 2447 3784 Milidunum
2471 3744 2605 3784 cum
2629 3729 2802 3785 sociis
2825 3729 2950 3785 suis
2971 3729 3256 3786 ascendit.
3275 3729 3592 3786 Castellani
3611 3746 3744 3786 vero

2093 3834 2226 3872 cum
2250 3816 2514 3873 Welandi
2534 3819 2556 3851 ³
2578 3817 2698 3872 lilio
2734 3817 2986 3874 Fossatis
3009 3820 3087 3887 (h)
3110 3819 3534 3875 monasterium
3568 3836 3746 3875 oecu-

2093 3906 2611 3979 pant.llincmarus
2627 3905 3091 3979 (i),Durocortori
3118 3907 3436 3963 Remorum
3457 3906 3744 3980 archiepi-

2092 4012 2324 4067 scopus,
2343 3995 2564 4068 synodo
2594 3994 3068 4068 comprovinciali
3089 3997 3244 4068 apud
3279 3996 3702 4052 monasterium
3721 3997 3745 4030 ‘

2091 4088 2426 4142 sanctorum
2459 4084 2708 4157 Crispini
2749 4090 2808 4140 et
2847 4084 3202 4158 Crispiniani
3233 4103 3405 4143 secus
3448 4085 3742 4142 civitatem

1596 4211 2006 4268 VARIANTES
2047 4210 2468 4266 LECTIONES.

401 4303 419 4336 ³
450 4300 780 4378 Brittonum
827 4303 945 4378 Ch.
975 4306 1057 4360 ita
1100 4307 1347 4378 saepius.
1399 4309 1420 4342 ²
1450 4307 1688 4364 miseria
1737 4309 1897 4366 omni
1949 4308 2045 4365 Ch.
2076 4316 2127 4365 et
2163 4309 2225 4363 Β.
2302 4309 2324 4341 ³
2353 4307 2622 4364 welando
2655 4307 2749 4363 Ch.
2782 4315 2834 4364 et
2861 4309 2927 4363 Β.
3005 4311 3026 4343 δ
3055 4311 3142 4364 ita
3168 4311 3418 4378 corrui;
3468 4309 3566 4366 Ch.
3595 4317 3650 4365 ει
3675 4309 3734 4363 B.

329 4371 706 4446 martyrium;
742 4376 802 4430 in
824 4375 1006 4432 codice
1033 4371 1292 4450 scriptam
1317 4377 1490 4448 fuerit
1517 4379 1754 4436 mrium.

1923 4495 2156 4551 ΝΟΤᾸΞ.

418 4586 476 4663 ρ)
487 4583 628 4663 Vide
647 4584 828 4663 hujus
846 4586 1086 4643 editoris
1108 4589 1395 4663 monitum
1414 4591 1564 4663 parti
1583 4584 1850 4648 secundae
1867 4595 1974 4648 An-
2008 4599 2050 4662 D
2149 4590 2229 4661 (ά)
2264 4589 2517 4663 Pretium
2552 4588 2878 4663 locationis.

398 4583 476 4708 Sa)
487 4583 628 4639 Vide
647 4584 828 4669 hujus
846 4586 1086 4643 editoris
1108 4589 1395 4645 monitum
1414 4591 1564 4663 parti
1583 4584 1850 4674 secundae
1867 4595 1971 4648 An-

328 4671 550 4736 nanlum
566 4655 1050 4736 _Bertmianqrum
1089 4661 1387 4736 praefixum
1435 4662 1772 4736 Patrologlaa
1815 4670 1971 4736 tomo

327 4723 467 4780 CXV
497 4724 650 4807 inter
676 4726 864 4808 Opera
893 4723 1211 4808 Prudentii,
1237 4730 1297 4786 in
1327 4749 1444 4804 quo
1474 4723 1785 4808 Hincmvaro
1807 4735 1970 4808 lihe-

329 4802 519 4870 inensi
547 4802 830 4870 asseritur
867 4815 1004 4870 pars
1051 4802 1222 4858 tertia
1266 4802 1604 4860 earumdem
1634 4805 1971 4862 Annalium.

331 4866 606 4943 Nonnulli
637 4866 1034 4943 tamenfinter
1049 4889 1200 4943 quos
1231 4878 1496 4930 auctores
1518 4875 1714 4931 Galliae
1737 4877 1975 4932 Littera-

329 4937 446 5007 τίω,
473 4937 654 5011 hujus
679 4937 812 4996 libri
837 4937 1242 5012 paternitatem
1269 4944 1582 5001 Hincmaro
1613 4947 1970 5014 abjudicant.

1465 5017 1624 5072 Enrr.
1658 5018 1900 5074 Paraon.

399 5080 588 5164 ςῡ)
618 5079 929 5164 gbron._de
957 5083 1150 5164 gestis
1171 5084 1370 5164 Norn_1_.

399 5151 468 5222 (c)
487 5151 1186 5232 llunfridus,M_orinensis
1199 5157 1744 5232 seu_Tarvannensis
1757 5159 1974 5232 episco-

326 5238 457 5293 pus,
478 5238 516 5300 ei
529 5239 636 5278 sua
667 5223 861 5300 urbes
884 5225 1264 5300 Nortmannis
1281 5228 1546 5300 fugatus,
1571 5223 1878 5286 abdicandi
1910 5232 1969 5286 in

325 5299 671 5373 perpetuum
697 5295 1068 5418 episcopatus
1089 5295 1396 5353 consilium
1425 5295 1700 5372 suscepit,
1724 5319 1971 5374 eamque

327 5379 385 5416 In
410 5379 530 5418 rem
547 5381 727 5418 consu
758 5366 846 5418 uit
862 5367 1161 5418 Nicolaum
1191 5386 1422 5418 nnnnm-
1439 5373 1536 5418 nni
1563 5373 1610 5418 ei
1635 5373 1718 5418 ςιίη
1742 5390 1971 5418 πιρςηηη-

327 5366 530 5445 iurem
547 5366 846 5445 consuluit
862 5367 1162 5445 Nicolaum
1191 5386 1422 5445 papam,
1439 5373 1537 5445 qui
1563 5366 1614 5427 ei
1635 5366 1718 5427 sic
1740 5366 1971 5445 respon-

325 5432 414 5486 dit
438 5448 450 5487 :
473 5433 648 5512 Scias,
671 5437 990 5512 charissima
1017 5432 1208 5510 frater;
1231 5432 1369 5511 quod
1407 5432 1470 5495 ζςί
1494 5432 1864 5512 perniciosum
1893 5453 1969 5499 est

320 5509 597 5584 ρζονριιιζη
627 5506 1109 5584 ἰῃ-εναηίαίιιίἱιιιε
1138 5506 1330 5567 navem
1347 5506 1606 5576 deserere,
1631 5523 1828 5584 quanto
1861 5533 1968 5570 ma-

324 5529 597 5570 μι-υηςιιυη
627 5529 686 5559 ιη
713 5529 832 5562 ιναη
874 5529 1109 5566 uacuare

324 5571 408 5636 gis
442 5571 502 5622 in
527 5573 799 5636 ﬂuctibus.
835 5529 1120 5642 gououn'r.

2152 4660 2227 4729 (ε)
2257 4661 2434 4724 Mean,
2469 4660 2622 4716 infra
2656 4662 3023 4718 Aurelianus.

2151 4733 2216 4803 (Ι)
2249 4732 2536 4816 Ιξρὺθνιυε
2585 4731 2692 4816 ille.
2729 4737 2839 4816 est,
2867 4734 3512 4816 cogno.ment_o.Fortis,
3546 4752 3581 4816 εξ
3621 4750 3730 4816 quo

2085 4819 2249 4928 {scch
2281 4803 2633 4858 Francorum
2679 4803 2860 4860 tertia:
2899 4803 3100 4878 stirpis
3139 4805 3428 4878 originem
3470 4803 3727 4861 trahunt.

2131 4891 2374 4928 ουουετ.

2131 4891 2374 4936 ουουετ.

2152 4943 2439 5071 (ἕὲέενὲ
2463 4944 2821 5000 Normannia
2848 4946 2906 5002 in
2929 4963 3079 5021 pago
3104 4947 3307 5003 Tellau.
3323 4946 3530 5003 Valus.
3554 4947 3727 5004 Notit.

2128 5057 2140 5070 ο
2171 5038 2298 5077 0-11,
2330 5038 2457 5070 040.

2082 5031 2140 5087 p.
2171 5031 2298 5077 04/,
2330 5031 2457 5070 seu.

2151 5087 2228 5158 (ἡ)
2259 5087 2606 5158 Sciat-Mam
2631 5085 2723 5141 des
2753 5087 2954 5144 Fossds.

2151 5160 2214 5233 (ἰ)
2250 5157 2598 5233 Hincmarus
2624 5173 2734 5233 per
2761 5162 2889 5214 octo
2934 5175 3120 5233 annos
3150 5158 3457 5233 occasione
3489 5161 3733 5233 quaesita

2081 5227 2412 5301 Bothadum
2443 5229 2514 5301 ab
2547 5228 2884 5301 episcopatu
2933 5229 3262 5301 dejiciendi,
3296 5229 3450 5286 hanc
3493 5227 3729 5288 tandem

2079 5300 2331 5374 captavit
2371 5299 2672 5374 Rothadus
2698 5299 3094 5374 presbyterum
3115 5301 3430 5374 quemdam
3454 5319 3576 5358 suae
3599 5303 3729 5358 dics-

2079 5370 2276 5452 ceseps
2303 5370 2359 5452 in
2377 5375 2582 5452 stupro
2601 5370 3326 5452 deprehensumncanonice
3342 5374 3724 5452 deposuerat:

2077 5447 2132 5517 et
2151 5441 2260 5517 ille
2283 5441 2352 5496 ad
2379 5440 2890 5517 metropolitanum
2913 5443 3210 5517 confugit»:
3245 5440 3652 5517 quem—episeo

2079 5513 2650 5586 infensumnoverat.
2671 5511 3016 5586 llincmarus
3041 5511 3445 5586 presbyterum
3465 5511 3727 5572 sacerdo-

2076 5584 2156 5639 tio
2187 5581 2346 5652 fungi
2371 5581 2554 5653 jussit
2595 5588 2726 5654 post
2767 5581 3108 5652 triennium,
3140 5581 3359 5656 inj'uste
3390 5587 3721 5660 depositum
