4028 6178
296 390 449 452 I207

1343 390 1447 450 AD
1491 389 1750 452 OPERA
1793 387 2180 451 IIINCMARI
2223 375 2644 453 APPENDIX.

3544 389 3706 486 iﬁOS

291 522 583 583 Guntfridi
615 525 792 596 atque
823 521 1075 580 Gozl‘ridi
1111 521 1484 580 Salomonem
1515 523 1656 592 adit,
1686 521 1941 579 validam
1970 523 2023 591 Α
2049 521 2159 578 Sed
2183 522 2370 579 isdem
2393 527 2525 596 post
2543 523 2810 596 ejusdem
2828 521 3058 602 concilii
3073 521 3368 600 judicium
3391 524 3589 602 unde'
3607 540 3706 597 ap—

170 648 194 678 ρ,
227 652 233 660 ι
286 613 620 672 ηΒνίιιοηιιω
651 627 891 669 manum
943 612 1186 681 obtinet,
1219 616 1276 668 et
1313 629 1448 668 cum
1478 613 1565 668 eis
1595 610 1938 668 Rotbertu’m

200 731 208 744 -
291 701 476 775 patris
491 701 724 759 ﬁdelem
742 701 822 757 im
830 701 1082 774 petit.An
1090 701 1374 776 degavum
1387 706 1445 758 et
1456 701 1602 757 alios
1615 717 1763 772 quos
1780 701 1940 756 adire

175 830 222 861 η
259 789 481 864 'potuit
537 805 721 864 pagos
777 791 952 856 caede,
991 789 1134 863 igni,
1175 790 1604 862 depraedatione
1655 789 1938 846 devastat.

174 929 186 936 .
207 917 214 924 -
245 923 248 928 .
291 879 604 936 Rotbcrtus
620 878 914 951 siquidem
933 879 1196 935 Britones
1212 879 1522 942 redeuntes
1533 895 1666 934 cum
1683 879 1940 934 maxima

207 1010 212 1024 π
288 967 720 1036 depraidatione
739 967 1094 1041 aggreditur,
1108 970 1165 1022 et
1187 967 1500 1040 plusquam
1519 968 1800 1024 ducentos
1813 967 1938 1022 Bri-

179 1093 250 1126 ,ιη
288 1061 496 1114 tonum
527 1055 813 1128 primores
832 1055 1073 1123 occidit,
1099 1060 1156 1110 et
1183 1057 1440 1128 prsidem
1481 1056 1718 1112 excutit.
1754 1059 1948 1123 Quem'

181 1185 208 1200 -.
288 1145 503 1202 iterum
524 1145 905 1202 Hludowicus
926 1143 1078 1200 bello
1099 1144 1312 1215 querit,
1335 1144 1395 1198 in
1418 1144 1617 1217 fugam
1638 1145 1710 1202 ab
1735 1162 1800 1201 eo
1821 1163 1940 1200 ver-

184 1273 214 1306 ,ο
289 1234 530 1301 titur,et
549 1233 828 1306 dispersis
847 1233 1026 1289 sociis
1044 1233 1137 1288 vix
1158 1233 1610 1290 evasit.Carolus
1633 1251 1730 1290 rex
1753 1234 1948 1306 Aqui-'

187 1349 198 1376 ς
275 1327 596 1394 ,ιδῐιοιδυω,
628 1321 816 1380 Caroli
865 1321 1020 1397 regis
1064 1321 1252 1390 ﬁlius,
1305 1323 1553 1378 necdum
1601 1323 1938 1395 quindecim

185 1450 227 1464 ι.
289 1427 478 1468 annos
508 1409 832 1483 complens,
854 1411 1234 1482 persuasione
1262 1409 1540 1484 Stephani
1572 1411 1646 1484 (α)
1673 1411 1936 1468 relictam

190 1539 199 1562 τ
253 1537 258 1557 ι
291 1499 592 1556 Humberti
625 1497 858 1555 comitis
888 1499 1016 1554 sine
1038 1498 1336 1555 voluntate
1365 1503 1424 1556 et
1453 1499 1807 1556 conscientia
1835 1517 1936 1572 pa-

191 1629 222 1644 ..
279 1587 472 1644 trisin
488 1589 617 1660 conj
627 1602 798 1662 ugem
816 1588 1120 1645 ducit.Sed
1138 1592 1196 1646 et
1210 1588 1962 1661 saepefatusHludowicus,‘

190 1738 201 1752 ,
221 1703 226 1713 ·
282 1678 469 1735 frater
494 1677 684 1751 ipsius
698 1676 952 1744 Caroli,e
971 1677 1214 1752 vestigio
1237 1678 1298 1732 in
1326 1677 1454 1750 ipso
1475 1676 1935 1752 quadragesimae

186 1814 202 1822 -
283 1771 502 1824 sancta:
520 1765 689 1822 initio
707 1765 890 1822 ﬁliam
908 1765 1190 1822 Harduini
1205 1766 1500 1838 quondam
1517 1767 1766 1834 comitis,
1783 1785 1936 1824 soro-

193 1879 204 1910 ε
279 1871 410 1911 rem
433 1853 655 1911 scilicet
675 1855 894 1912 Odonis
920 1855 1013 1911 sui
1034 1855 1290 1911 multum
1317 1854 1646 1928 complaciti
1669 1857 1779 1912 sihi
1805 1873 1938 1912 con-
1965 1897 2015 1964 Β

287 1943 479 1964 :-__-__
513 1943 738 1964 “In.-.
776 1943 1015 1964 nm.“
1052 1943 1256 1964 ιηημ
1726 1962 1753 1964 η

189 1989 212 2001 -
277 1943 486 2016 jugem
507 1943 760 2016 copulat.
775 1943 1263 2014 Carolus,horum
1293 1949 1475 2016 pater,
1493 1961 1696 2002 omnes
1725 1944 1936 2018 primo-

192 2069 200 2074 -
287 2049 381 2088 res
412 2031 576 2106 regni
607 2031 700 2088 sui
731 2033 802 2088 ad
837 2031 1028 2089 locum
1059 2032 1160 2106 qui
1190 2032 1365 2090 Pistis
1385 2034 1460 2105 (b)
1484 2034 1716 2098 dicitur,
1739 2035 1838 2090 ubi
1867 2051 1936 2090 ex

195 2159 235 2177 ,η
287 2137 406 2177 una
429 2124 602 2194 parte
625 2120 870 2179 Andella
900 2125 958 2178 et
993 2139 1063 2178 ex
1101 2121 1288 2178 altera
1331 2123 1572 2178 Andura
1599 2123 1934 2196 Sequanam

198 2245 252 2280 ετ.
281 2208 562 2277 inﬂuunt,
587 2209 743 2266 circa
761 2210 930 2266 «Junii
953 2210 1241 2268 Kalendas
1269 2227 1404 2267 cum
1426 2211 1632 2268 multis
1655 2212 1934 2285 operariis

199 2324 212 2367 ς
280 2301 344 2354 at
366 2297 547 2354 carris
567 2294 873 2372 convenire
888 2298 1050 2368 facit,
1070 2304 1128 2354 et
1158 2300 1218 2354 in
1239 2301 1258 2335 ¹
1285 2301 1555 2372 Sequana
1576 2301 1934 2358 munitiones

194 2435 208 2444 .
241 2437 244 2446 .
283 2386 1020 2453 construens,ascendendi
1035 2386 1122 2442 vel
1141 2387 1794 2444 descendendinavibus
1809 2406 1936 2461 pro-

197 2513 210 2530 υ,
273 2481 412 2548 pter
427 2477 822 2534 Nortmannos
839 2477 1061 2532 aditum
1085 2475 1442 2532 intercludit.
1458 2479 1586 2550 Ipse
1602 2493 1736 2534 cum
1757 2495 1934 2534 uxore

195 2600 220 2617 «λ
283 2582 462 2637 super
509 2564 785 2638 Ligerim,
824 2565 884 2620 in
931 2565 1058 2621 loco
1097 2567 1196 2638 qui
1249 2566 1566 2622 Maidunus
1593 2567 1664 2638 (ε)
1695 2565 1968 2633 dicitur,‘

201 2702 209 2708 .
237 2653 438 2710 vdatis
466 2670 570 2726 per
595 2671 734 2710 suos
765 2655 1170 2722 sacramentis,
1194 2671 1329 2711 cum
1355 2654 1558 2711 Carolo
1591 2653 1708 2712 ﬁlio
1739 2654 1932 2728 loqui-

282 2747 400 2812 tur,
414 2745 471 2800 et
489 2759 558 2800 eo
586 2743 754 2816 quasi
785 2743 980 2800 subito
1010 2744 1111 2800 sed
1141 2760 1282 2800 voce
1308 2743 1625 2812 submissa,
1649 2748 1706 2800 et
1735 2745 1932 2801 animo

199 2881 216 2888 -
243 2829 615 2889 .contumaci
640 2835 852 2898 erecto,
874 2831 933 2886 in
953 2829 1328 2902 Aquitaniam
1361 2834 1676 2898 remeante,
1701 2831 1828 2902 ipse
1857 2833 1931 2888 ad

283 2917 608 2992 Pistis,quo
631 2917 913 2991 placitum
944 2918 1124 2976 simul
1141 2924 1201 2976 et
1219 2921 1510 2993 synodum
1533 2920 1610 2988 (ἀ)
1631 2926 1764 2976 ante
1793 2936 1930 2976 con-

207 3044 219 3068 ι
281 3006 528 3074 dixerat,
551 3006 792 3074 redit,et
820 3007 972 3063 inter
1007 3008 1370 3080 operandam
1403 3009 1474 3064 de
1504 3013 1718 3064 sanctae
1749 3009 1930 3066 eccle-

207 3095 383 3152 -.κ-εἰῶ
401 3113 476 3152 ac
497 3095 660 3169 regni
684 3096 934 3169 negotiis
956 3112 1092 3152 cum
1114 3095 1388 3152 ﬁdelibus
1411 3096 1536 3152 suis
1566 3101 1798 3154 tractat.
1822 3098 1930 3154 Ubi

210 3221 240 3244 τ-
285 3183 608 3252 Rothadus,
635 3184 984 3240 Suessorum
1033 3182 1364 3256 episcopus,
1395 3184 1570 3242 homo
1615 3185 1931 3260 singularis

2049 609 2360 682 pellaverat
2385 616 2678 684 expetens,
2705 611 3040 670 constitutis
3067 613 3130 668 t2
3152 612 3226 667 ab
3247 612 3452 668 eadem
3477 613 3702 686 synodo

2039 699 2252 770 judicii
2281 702 2602 772 exequendi
2626 692 2964 773 judicibus,
2986 717 3170 756 novus
3211 701 3431 758 Pharao
3459 706 3704 774 propter

2047 786 2140 843 sui
2170 789 2363 844 cordis
2393 789 2696 859 duritiam,
2725 793 2782 844 et
2809 794 3002 845 vetera
3033 788 3244 845 saecula
3273 779 3701 860 repraesentans

2047 875 2222 932 homo
2254 879 2610 948 mutatusin
2637 876 2892 934 belluam
2914 879 2956 948 ³,
2979 882 3216 950 propter
3240 877 3582 950 designatos
3609 895 3700 935 ex-

2047 981 2250 1023 cessus
2289 966 2386 1040 qui
2429 968 2487 1022 in
2509 969 2533 1001 ‘
2558 971 2854 1040 gestorum
2903 967 3054 1022 serie
3073 967 3095 1002 ⁵
3124 966 3524 1034 continentur,
3546 983 3700 1040 quo-

2047 1053 2206 1110 niam
2239 1055 2460 1128 corrigi
2482 1055 2686 1122 noluit,
2711 1053 2771 1110 in
2803 1053 3085 1112 suburbio
3118 1055 3471 1111 Suessorum
3501 1055 3700 1112 civita-

2045 1143 2121 1198 tis
2152 1143 2464 1216 deponitur
2495 1145 2584 1215 (Ι),

2119 1232 2342 1288 Interea
2372 1233 2617 1304 contigit
2661 1231 3008 1288 miraculum
3041 1231 3100 1288 in
3131 1231 3362 1288 civitate
3384 1221 3699 1290 ’Μαι-ἰαθη-

2047 1321 2094 1377 si
2127 1326 2222 1393 (g).
2247 1322 2393 1378 Nam
2425 1319 2734 1393 cujusdam
2757 1317 2897 1377 civis
2927 1319 3116 1394 ipsius
3143 1320 3306 1376 urbis
3332 1319 3700 1394 mancipium

2047 1426 2218 1466 mane
2249 1409 2306 1466 in
2339 1409 2431 1466 die
2463 1408 2884 1482 assumptionis
2932 1408 3374 1486 sanctas'Marizs
3413 1405 3698 1468 vestitum

2046 1497 2448 1572 lineum,quod
2473 1496 2781 1554 camisium
2807 1497 2980 1570 vulgo
3001 1501 3262 1564 vocatur,
3286 1497 3538 1573 levigare
3559 1499 3704 1556 inei-

2045 1588 2236 1659 piens,
2254 1591 2320 1643 ut
2343 1586 2490 1643 illud
2513 1586 2788 1644 dominus
2817 1597 2962 1644 suus
2981 1581 3065 1642 ad
3097 1587 3342 1643 missam
3374 1588 3698 1660 procedens

2045 1681 2316 1748 paratum
2347 1679 2576 1748 portare
2599 1675 2898 1746 quivisset,
2920 1675 2991 1732 ad
3024 1669 3285 1748 primam
3319 1676 3554 1732 initium
3580 1691 3696 1750 quo

2043 1763 2150 1820 levi
2157 1779 2290 1836 gam
2312 1764 2658 1837 imprimens
2675 1763 3287 1840 traxit,vestimentum
3302 1765 3696 1838 sanguineum

2043 1857 2134 1909 est
2157 1854 2424 1910 cﬂ‘ectum
2445 1872 2458 1922 ;
2482 1853 2684 1926 sicque
2707 1853 2980 1926 quotiens
3001 1854 3156 1909 idem
3179 1853 3542 1928 mancipium
3563 1851 3699 1910 leri-

2043 1959 2177 2014 gam
2199 1942 2394 2008 traxit,
2411 1943 2652 2014 sanguis
2672 1946 2760 1998 est
2783 1941 3156 2008 subsecutus,
3171 1959 3358 2017 usque
3380 1958 3499 2014 quo
3520 1943 3695 1998 vesti-

2043 2035 2308 2086 mentum
2327 2030 2468 2086 illud
2489 2035 2678 2086 totum
2696 2019 2972 2103 rejacenti
2986 2019 3272 2105 sanguine
3283 2036 3372 2096 e'st
3387 2031 3693 2088 infectum.

2043 2121 2207 2188 Quod
2237 2120 2654 2176 vestimentum
2693 2119 3040 2186 Hunl‘ridus,
3061 2116 3266 2192 ipsius
3287 2107 3544 2177 civitatis
3572 2121 3698 2193 cpi-

2043 2226 2277 2281 scopus,
2300 2211 2370 2264 ad
2405 2227 2466 2265 se
2497 2209 2631 2265 fecit
2666 2209 2898 2274 deferri,
2921 2212 2978 2264 et
3009 2208 3069 2264 in
3099 2209 3301 2264 eadem
3343 2207 3591 2265 ecclesia
3620 2209 3692 2264 ad

2042 2297 2446 2353 testimonium
2473 2297 2772 2353 reservari.
2791 2297 2860 2352 Et
2881 2296 3160 2368 quoniam
3181 2297 3383 2353 eadem
3409 2297 3698 2365 festivitas

2043 2385 2116 2440 ab
2148 2385 2353 2441 incolis
2403 2384 2689 2458 parochias
2733 2383 2896 2440 illius
2926 2400 3042 2440 non
3074 2383 3412 2450 feriabatur,
3443 2372 3697 2459 etgcele-

2042 2473 2196 2529 brari
2229 2479 2283 2530 et
2313 2473 2505 2530 feriari
2539 2473 2732 2530 debito
2765 2473 2982 2530 honore
3013 2473 3086 2529 ab
3117 2463 3393 2531 omnibus
3425 2463 3696 2548 eamdem

2043 2561 2472 2619 solemnitatem
2505 2561 2797 2636 praecepit.
3419 2563 3424 2570 ’

2113 2651 2514 2720 Hludowicus,
2547 2651 2650 2724 qui
2705 2669 2738 2708 a
2785 2656 2949 2725 patre
2994 2651 3220 2708 dudum
3275 2652 3588 2721 defecerat,
3620 2653 3696 2709 ad

2041 2757 2174 2797 eum
2207 2741 2376 2809 redit,
2401 2745 2458 2797 et
2479 2741 2710 2798 veniam
2742 2741 2813 2797 ab
2845 2757 2912 2796 eo
2933 2729 3045 2797 sed
3076 2746 3132 2797 et
3162 2741 3235 2796 ab
3265 2741 3560 2814 episcopis
3587 2758 3696 2814 pro

2041 2829 2166 2886 suis
2195 2827 2530 2886 excessibus
2561 2829 2886 2902 postulans,
2911 2829 3061 2902 patri
3085 2829 3156 2886 de
3181 2833 3372 2885 cetero
3403 2827 3699 2906 forciﬁde-

2039 2917 2153 2974 lem
2172 2917 2626 2974 districtissimis
2652 2916 3034 2974 sacramentis
3051 2933 3114 2974 se
3139 2915 3386 2991 obligat;
3407 2917 3502 2992 cui
3528 2923 3698 2992 pater

2039 3007 2386 3063 comitatum
2414 3005 2770 3062 Meldensem
2801 3011 2858 3062 et
2886 3005 3179 3062 abbatiam
3213 3005 3401 3062 sancti
3433 3006 3693 3080 Crispini

2039 3097 2287 3162 donans,
2309 3112 2444 3151 cum
2473 3111 2649 3150 uxore
2670 3095 2742 3150 dc
2761 3093 3022 3150 Niustria‘
3050 3095 3120 3150 ad
3155 3111 3215 3150 se
3245 3094 3442 3150 venire
3473 3111 3695 3166 praece-

2039 3185 2142 3258 pit.
2167 3185 2472 3249 Hunfrido,
2496 3200 2674 3256 super
2696 3200 2871 3256 quem
2893 3183 3344 3256 Warcngaudus
3376 3181 3697 3239 inﬁdelita-

210 3293 250 3331 ..‘
282 3273 550 3330 amentiis
567 3275 660 3341 (e),
679 3271 737 3328 in
756 3273 976 3344 synodo
998 3271 1336 3344 provinciali
1356 3273 1934 3348 regulariterepisco-
1961 3267 2004 3334 C
2043 3276 2161 3329 tem
2195 3273 2436 3329 miserat
2456 3272 2561 3344 (h),
2595 3271 2930 3344 petentibus
2961 3272 3085 3328 suis
3132 3271 3428 3337 ﬁdelibus,
3455 3290 3528 3327 ne
3560 3291 3702 3328 con-

209 3399 241 3417 ,ι
269 3377 493 3433 porum
519 3359 936 3415 communione
966 3359 1388 3432 privatus,cum
1412 3378 1520 3418 sua
1545 3379 1607 3418 se
1631 3367 1934 3420 contuma-

217 3470 254 3516 ξ.
284 3448 392 3504 cia-
431 3451 684 3519 quatuor
741 3447 1170 3518 provinciarum
1227 3449 1469 3507 consilio
1524 3451 1933 3523 praasentavit;

268 3551 460 3606 :quem
490 3536 780 3593 fraternus
805 3541 1145 3602 conventus,
1171 3556 1240 3594 ne
1273 3539 1676 3612 deponeretur,
1703 3539 1936 3612 penitus
1987 3569 1992 3574 -

216 3663 222 3669 ι
252 3624 397 3681 --sub
419 3623 807 3696 appellatione
826 3625 982 3682 sedis
1015 3626 1344 3699 apostolica:
1375 3645 1602 3685 servare
1625 3629 1933 3702 disposuit.

2046 3363 2207 3435 ﬁigat
2237 3360 2410 3430 bello,
2443 3357 2752 3428 concessit,
2779 3360 3094 3434 ipsumque
3123 3364 3182 3419 et
3212 3361 3702 3437 Warengaudum

2046 3449 2332 3524 paciﬁcat.

2116 3538 2518 3603 Hludowicus,
2544 3555 2642 3595 rex
2671 3537 3010 3595 Germaniae.
3039 3538 3382 3594 Lotharium
3427 3544 3702 3614 nepotem

2047 3645 2222 3683 suum
2255 3628 2406 3700 apud
2443 3626 2804 3699 Moguntiam
2831 3627 3176 3696 accersicns,
3203 3626 3347 3701 petit
3379 3631 3446 3684 ut
3476 3645 3701 3684 cumeo

1554 3770 1962 3826 VARIANTES
2003 3769 2308 3826 LECTION
2317 3769 2421 3826 ES.

359 3867 375 3901 ³
409 3863 468 3920 in
500 3864 643 3921 deest
671 3866 766 3920 Ch.
843 3868 864 3899 ³
895 3865 1028 3922 inde
1061 3865 1154 3920 Ch.
1233 3868 1254 3899 ³
1284 3865 1515 3922 beluam
1548 3866 1642 3921 Ch.
1714 3869 1736 3900 ‘
1766 3866 1866 3939 qui
1897 3865 1957 3922 in
1988 3868 2132 3923 deest
2155 3865 2254 3921 Ch.
2329 3867 2354 3900 ³
2383 3865 2534 3922 Βίῐδίὲἓ
2567 3866 2661 3922 Ch.

1861 4009 2120 4066 VARle.

356 4105 436 4172 (α)
466 4102 709 4159 Comitis
737 4104 1148 4160 Arvernorum.
1178 4106 1470 4169 Bouous'r.

357 4173 626 4247 (b)_Pist§3
642 4173 816 4247 vulgo
839 4175 1238 4247 Pistresﬂocus
1270 4177 1329 4232 in
1361 4177 1591 4234 dimcesi
1627 4177 1938 4234 Rhotoma—

326 4245 451 4336 ensi
473 4246 546 4336 ad
569 4245 800 4336 Indeil'ie
831 4250 888 4336 et
913 4245 1612 4336 Jchuante‘conﬁueptem
1635 4250 1938 4336 pqoxiriius

249 4375 254 4380 ,
289 4317 458 4389 Ponti
488 4319 666 4389 Arcus
705 4317 1245 4389 (Poni-de-l'Arche).
1268 4319 1515 4378 Andellu
1547 4317 1656 4376 seti
1693 4320 1933 4389 Indella,

249 4395 252 4399 ’
286 4387 460 4462 vulgo
485 4387 928 4462 Andell_e,oritur
949 4386 1421 4462 inAVeliocassum
1445 4386 1940 4456 ﬁnibus,Audura
1988 4445 1992 4448 .

231 4489 237 4494 ο
289 4459 645 4534 scu'Aiitura
675 4459 734 4515 in
765 4459 1138 4534 Carnutibus,
1165 4461 1335 4534 vulgo
1366 4461 1527 4534 Eure.
1564 4462 1741 4534 Bono.

309 4532 314 4536 ’
359 4529 790 4604 (c)Maidunus,
823 4547 926 4587 seu
972 4529 1332 4604 Magdunum
1365 4536 1423 4588 et
1465 4533 1850 4602 Maudunum,
1875 4533 1936 4589 in

289 4601 584 4675 tercitqrio
596 4601 1020 4675 Aurelianensi,
1035 4601 1206 4675 vulgo
1225 4603 1738 4660 Mehtmosur-Loire.
1756 4601 1933 4668 Bono.
1972 4633 1997 4675 rt

337 4652 576 4754 ίῖᾷῖῇίῗ
593 4652 1416 4746 ἱξεῖιὶὶἑίῑ“’ἁέῥῖἱιὰῑέιῖ’ίῖι“ἑᾶἱῐ.’
1443 4652 1738 4732 ’(Ξὲιίῆἷιὶὶιῗ
1756 4652 1830 4731 ’ἱῖ
1843 4652 1948 4754 TI;
1967 4652 2014 4717 Ι)

291 4760 346 4898 _p.
361 4760 660 4883 (iﬁloster
679 4813 783 4898 hic.
795 4819 998 4870 auctor
1013 4815 1272 4898 iniquior
1283 4820 1372 4898 est
1388 4783 1938 4898 ﬁethaquuicon-

289 4889 379 4941 tra
399 4901 603 4958 omnes
626 4884 1033 4958 regulasanno
1055 4884 1401 4958 praecedenti
1422 4887 1481 4941 in
1503 4884 1746 4944 concilio
1769 4890 1938 4944 Sues-

289 4956 548 5030 sionensi
579 4956 899 5030 episcopali
925 4956 1336 5030 communione
1362 4959 1624 5030 privatus
1648 4960 1856 5022 fuerat.
1879 4965 1937 5016 et

288 5028 396 5084 hoc
426 5045 579 5100 anno
605 5027 711 5100 862
740 5027 938 5083 assde
969 5045 1076 5083 sua
1098 5027 1304 5100 pulsus
1335 5027 1425 5084 est
1455 5029 1514 5084 in
1546 5030 1659 5085 alio
1691 5030 1934 5086 concilio

286 5100 503 5155 ibidem
529 5099 748 5155 habito.
769 5100 952 5169 llujus
978 5099 1166 5154 ultimi
1187 5101 1412 5155 concilii
1433 5105 1565 5156 acta
1585 5101 1821 5156 rescidit
1842 5103 1936 5156 Ni-

285 5169 486 5244 colaus
510 5171 530 5226 Ι
553 5189 703 5244 papa
736 5170 791 5225 in
810 5188 928 5244 sua
947 5171 1285 5244 epistolaad
1311 5172 1616 5244 episcopos
1637 5171 1736 5244 qui
1759 5171 1936 5228 Silva-

285 5241 476 5368 nectiIs3
491 5241 822 5324 congregati
849 5241 1096 5308 fuerant,
1121 5242 1220 5297 ubi
1242 5241 1544 5316 corrigend
1556 5241 1935 5300 um_Suessio-

288 5330 400 5368 ms.
479 5329 612 5368 ouo.
1651 5329 1656 5338 '

288 5330 400 5368 IIIS.
435 5329 612 5375 DOUQ.
1651 5329 1656 5338 ’

356 5385 422 5466 (Ι)
457 5384 803 5466 llincmarus
836 5389 954 5466 tres
973 5385 1278 5466 episcopos
1298 5385 1462 5439 misit
1483 5385 1550 5466 ad
1578 5385 1799 5466 Ilothad
1811 5403 1930 5466 uin,

286 5455 386 5524 qui
418 5472 557 5528 eum
577 5457 650 5528 ad
674 5457 962 5528 synodum
987 5455 1240 5528 juridice
1270 5462 1567 5528 vocarent;
1586 5456 1808 5528 quibus
1838 5457 1934 5528 ille

289 5526 608 5598 respondit,
637 5525 930 5598 integrum
961 5525 1074 5598 sibi
1107 5545 1221 5598 non
1251 5545 1378 5582 esse
1409 5525 1703 5596 judicium
1737 5527 1933 5583 subire

290 5596 516 5678 synodi,
541 5596 826 5678 pendente
847 5596 1234 5678 appellatione
1257 5598 1326 5678 ad
1359 5598 1680 5678 Romanam
1712 5599 1928 5678 sedem.

289 5665 558 5720 Secundo
587 5670 644 5720 et
673 5667 839 5722 tertio
861 5665 1071 5724 citatus
1093 5667 1396 5725 Rothadus
1417 5667 1570 5723 idem
1594 5669 1892 5738 respondit
1916 5686 1927 5722 :

2044 4112 2169 4162 tum
2194 4107 2295 4178 qui
2317 4107 2556 4163 stabant
2574 4125 2610 4180 a
2630 4107 2896 4180 partibus
2918 4106 3236 4180 Hincmari,
3259 4107 3399 4164 data
3416 4107 3534 4180 ipsi
3559 4107 3696 4174 ﬁde,

2046 4194 2386 4250 persuasere
2401 4184 2464 4254 ut
2480 4180 2552 4234 ad
2572 4178 2696 4254 locu
2709 4196 2762 4234 m
2782 4179 3002 4254 synodo
3021 4179 3350 4252 proximum
3368 4178 3700 4254 regiaech

2045 4249 2214 4322 reret,
2240 4266 2372 4304 cum
2397 4249 2524 4322 ejus
2547 4249 2856 4322 majestate
2881 4249 3276 4322 collofcuturrus
3301 4267 3314 4304 :
3341 4249 3696 4322 quodetiam

2045 4321 2366 4393 innuerunt
2401 4317 2856 4393 Silessionenses
2897 4320 3112 4393 clerici.
3148 4317 3459 4393 Progressa
3501 4317 3699 4393 itaque

2047 4391 2312 4464 Rothado
2330 4408 2428 4446 rex
2443 4391 2692 4464 benigne
2707 4391 2980 4458 occurrit,
2993 4391 3306 4464 ipsamque
3321 4391 3549 4464 audivit
3559 4391 3637 4446 su

2045 4461 2359 4535 plicantem
2380 4461 3281 4535 utantéagconcessam’Romam
3303 4461 3482 4535 eundi
3509 4461 3699 4518 facul-

2046 4531 2226 4607 tatem
2249 4551 2364 4589 non
2383 4531 2628 4607 tolleret.
2653 4533 3096 4607 Respondit_rex
3117 4534 3176 4590 id
3202 4533 3416 4607 negotii
3433 4539 3701 4606 spectare

2045 4605 2334 4677 synodum
2347 4649 2359 4670 ,
2373 4608 2430 4660 et
2445 4603 2949 4677 archiepiscopum
2967 4603 3315 4677 Remenserﬁ
3337 4605 3390 4676 ej
3397 4603 3703 4677 us‘metmy

2045 4663 2315 4748 p'olitam;
2347 4663 2411 4731 se
2452 4691 2588 4748 vero
2633 4663 3040 4748 épiscdporum
3091 4674 3324 4732 decreta
3361 4663 3702 4748 Execationi

2046 4746 2760 4820 mandaturumjlege'ad
2791 4746 3080 4820 synodum
3112 4763 3399 4820 regresso,
3420 4751 3544 4802 tres
3573 4747 3702 4817 epi-

2003 4844 2010 4853 ~
2045 4818 2205 4888 scopi
2251 4831 2455 4889 rursus
2495 4815 2842 4873 Rotbadum'
2865 4815 3207 4889 convenere;
3236 4822 3510 4889 urgentes
3544 4815 3703 4874 ufse

2043 4886 2266 4959 synodo
2297 4887 2548 4944 sisteret.
2573 4890 2758 4954 Quem
2786 4889 2886 4944 ubi
2907 4889 2974 4960 in
3002 4886 3388 4960 appellatione
3417 4889 3541 4960 sua
3559 4904 3702 4944 con-

2045 4958 2298 5030 stantem
2323 4964 2751 5030 compererunt,
2767 4960 2826 5014 in
2849 4958 2996 5015 cella
3016 4958 3239 5014 recludi
3251 4959 3704 5030 jussere,donec

2044 5029 2246 5102 synodi
2273 5029 2566 5100 judicium
2605 5030 3328 5102 excepisset._Hincmarus
3358 5029 3702 5102 Bothgidugn

1996 5131 2002 5142 ι
2042 5087 2201 5156 velut
2211 5087 2615 5172 contumacem
2628 5087 2920 5172 deposuit.
2937 5100 3290 5172 Denuntiata
3308 5087 3708 5172 fuit'Rotiiado

2042 5189 2076 5254 ξι
2095 5171 2284 5228 tribus
2301 5170 2590 5254 episcopis
2611 5163 3098 5254 exauctorationis
3117 5163 3705 5254 septentia,m_égxlque

1997 5279 2006 5284 -
2043 5243 2101 5297 in
2125 5240 2415 5298 carcerem
2435 5240 2738 5314 conjectus
2752 5245 2868 5314 est,
2892 5259 2994 5314 spe
3016 5240 3140 5314 ipsi
3162 5242 3320 5297 facta
3342 5240 3702 5314 abbatiaz'ab

2005 5373 2008 5378 _
2042 5311 2450 5394 Hincmaronsi
2475 5310 2560 5366 ab
2577 5310 2966 5394 appellatione
2995 5310 3304 5394 desisteret
3327 5310 3707 5394 iordinatds-

2009 5397 2012 5402 '
2041 5390 2276 5466 quaest
2303 5384 2616 5466 episcopus
2646 5384 2704 5465 in
2735 5385 2878 5466 ejus.
2908 5385 3128 5466 locum:
3151 5384 3280 5466 Hice
3310 5384 3603 5466 discimus
3629 5401 3703 5440 ex

2041 5453 2236 5510 libello
2269 5453 2739 5526 proclamationis
2770 5453 2960 5527 ipsius
3001 5453 3252 5510 Rothadi
3281 5455 3354 5510 ad
3387 5454 3700 5511 Nicolaum

2042 5543 2272 5598 papam.
2308 5527 2594 5586 BOUQUE'r.
3637 5535 3644 5544 ‘

2115 5597 2190 5668 (υ)
2222 5597 2542 5668 Tervanna.

2112 5665 2192 5738 (ἢ)
2225 5667 2284 5722 Id
2315 5671 2423 5734 est,
2457 5683 2630 5738 quem
2661 5665 3023 5724 inﬁdelitatis
3052 5670 3443 5724 accusaverat.
