4028 6178
274 345 290 399 ί
389 369 544 436 1213

269 494 282 527 Ι

273 580 321 616 [τι
366 589 371 598 ’

271 672 342 702 -ις,

1454 376 1556 438 AD
1603 377 1858 438 ()PERA
1909 375 2295 438 HINCMARI
2343 375 2733 437 Al’PENDlX

3515 310 3574 330 ﬂ.
3641 309 3800 433 l2l6

383 505 472 563 vel
494 506 726 564 decreta
742 525 844 582 pro
868 507 1156 566 catholica
1176 510 1308 575 fide,
1335 529 1436 584 pro
1457 510 1852 567 ecclesiastica
1864 491 2033 565 disci-
2061 517 2114 579 Α
2145 512 2468 576 terfectum,
2489 509 2728 583 impune
2752 511 2821 566 ad
2847 525 2984 566 suas
3010 525 3181 564 naves
3204 507 3466 584 redeunt.
3490 503 3800 580 Pippinus,

383 591 566 668 plina,
600 613 704 670 pro
753 597 1111 655 correctione
1167 599 1451 667 ﬁdelium,
1481 617 1583 671 pro
1628 599 2036 655 emendatione

385 675 902 770 sceleratorumvel
916 688 1320 744 interdictione
1334 689 1770 744 imminentium
1783 688 1868 744 vel
1885 689 2037 743 futu-

355 787 585 850 rorum
616 773 904 832 malorum
920 777 1120 834 asedis
1149 776 1479 850 apostolicae
1512 777 1760 850 praesule
1791 777 2036 833 salubri-

273 858 314 872 ’”
382 847 472 918 ter
500 856 872 939 promulgata
901 847 1335 938 contempserit,
1368 847 1682 924 anathema
1713 867 1806 922 sit.

454 975 482 1002 ‹‹
519 951 804 1026 Optamus
834 954 1205 1012 sanctitatem
1253 960 1506 1012 vestram
1537 956 1596 1012 in
1629 955 1858 1013 Christo
1887 957 2033 1013 bene

381 1039 594 1099 valere.
629 1065 658 1092 ››

454 1129 698 1188 Carolus
727 1129 782 1187 8.
813 1132 1053 1190 Kalend.
1087 1134 1429 1216 Novembris
1480 1136 1767 1210 synodum
1801 1135 1859 1191 in
1892 1135 2040 1201 Ver:

323 1239 326 1242 '
385 1219 569 1276 meria
597 1215 815 1292 palatio
844 1221 1074 1290 habuit,
1107 1215 1304 1296 ibique
1336 1225 1630 1280 abbatiam
1662 1225 1848 1281 sancti
1881 1224 2034 1280 Cari-

278 1339 282 1342 »
383 1305 541 1380 lephi
553 1309 632 1380 (a)
644 1324 821 1381 super
833 1311 1542 1386 Rotbertum.episcopum
1557 1315 2029 1370 Cinnomannicze

303 1415 312 1423 '
340 1397 346 1404 ’
381 1395 570 1465 urbis,
603 1398 703 1469 qui
737 1393 866 1454 eam
894 1417 996 1470 per
1032 1401 1409 1472 apostolicam
1462 1403 2029 1459 commendationem

283 1485 332 1533 l~'
373 1483 495 1556 juri
509 1483 986 1560 suiepiscopatus
1009 1491 1400 1563 mancipatam
1415 1497 1609 1548 tenere
1629 1491 2050 1566 volebat,lega-_

289 1859 310 1876 ο-
381 1835 564 1894 ﬁliam
598 1857 790 1911 suam,
821 1843 925 1915 per
953 1833 1420 1929 deprecationem
1470 1829 1670 1904 dlomni
1721 1831 2024 1920 apostolici
2055 1887 2103 1954 Β

289 1930 332 1954 ,⁸
381 1927 665 1954 ..Ἁμηιιρκ
702 1935 752 1954 ,ι
777 1930 1025 1954 1-..-Α--...
1056 1934 1241 1954 ιιᾼιη
1302 1940 1342 1954 ,ι
1417 1937 1494 1954 :,-
1545 1937 1578 1954 η
1731 1953 1770 1954 ,,
1842 1953 1875 1954 κν
1980 1953 1983 1954 ,

309 1578 324 1596 ‘
377 1571 516 1630 liter
543 1573 912 1644 evindicavit,
944 1581 1001 1634 et
1040 1579 1371 1636 Rothadum
1431 1599 1619 1653 nuper
1673 1580 2028 1653 depositum,

286 1662 297 1688 '
381 1661 536 1720 sicut
563 1662 819 1723 ddm’nus
849 1683 1001 1740 papa
1029 1665 1080 1723 ei
1111 1671 1646 1746 mandaverat,cum
1679 1671 1803 1727 suis
1817 1671 2030 1743 etepis—

376 1749 660 1824 c'oporum
679 1751 889 1812 litteris
905 1747 1082 1828 atque
1094 1757 1324 1814 vicariis
1338 1761 1579 1816 Romam
1601 1759 1780 1815 misit.
1797 1759 1825 1816 J
1836 1759 2024 1825 udith,

289 1950 297 1956 -
323 1930 332 1938 '
379 1927 449 1982 a'd
463 1935 757 2000 pacem,et
775 1930 1033 2004 legatum
1056 1927 1532 2010 Mahomet,regis
1545 1937 2020 2002 Sarracenorum,

377 2031 513 2072 cum
545 2017 776 2092 magnis
805 2027 862 2076 et
891 2021 1096 2079 multis
1152 2025 1498 2082 muneribus
1556 2043 1623 2082 ac
1661 2024 1872 2082 litteris
1903 2027 1919 2060 ¹
1951 2026 2024 2080 de

294 2129 304 2142 ι
378 2122 518 2178 pace
542 2107 601 2162 e't
629 2109 843 2165 foedere
880 2110 1111 2168 amicali
1160 2112 1536 2186 loquentibus
1585 2113 1830 2172 solemni
1863 2130 2024 2170 more

344 2195 674 2269 'suscepit;
705 2214 876 2270 quem
907 2217 1042 2256 cum
1075 2201 1292 2259 honore
1321 2208 1378 2259 et
1416 2203 1612 2260 debito
1663 2203 2022 2260 salvamento

292 2305 312 2318 ν
376 2299 443 2340 ac
465 2283 730 2342 subsidio
751 2289 1080 2346 necessario
1100 2291 1160 2345 in
1183 2290 1527 2348 Silvaneetis
1558 2293 1788 2348 civitate
1811 2309 2020 2365 oppor-

341 5388 349 5394 ,
439 5341 455 5374 ί
488 5339 699 5396 litteris
729 5341 824 5397 Ch.

375 2375 980 2448 tunumtempus,quo
992 2378 1209 2434 remitti
1223 2379 1538 2436 honoriﬁce
1550 2381 1622 2437 ad
1637 2397 1831 2454 regem
1845 2398 2022 2437 suum

374 2464 592 2532 posset,
646 2463 898 2536 opperiri
929 2466 1285 2540 ‘disposuit.
1335 2470 1592 2542 Indeque
1641 2487 1773 2525 cum
1829 2469 2024 2524 valida

322 2621 334 2630 ο
377 2564 556 2633 manu
574 2551 647 2606 ad
671 2552 1073 2626 recipiendum
1093 2557 1304 2615 virtute
1326 2557 1513 2614 filium
1531 2575 1706 2614 suum
1728 2557 2018 2626 Carolum,

301 2633 313 2654 ‘
368 2635 424 2720 si
453 2635 621 2695 aliter
651 2639 833 2698 nollet
862 2643 1074 2714 venire,
1100 2645 1390 2704 hostiliter
1416 2665 1621 2704 versus
1649 2646 2020 2720 Aquitaniam

305 2789 314 2805 ι
368 2718 582 2806 pergit,
599 2732 655 2785 et
667 2730 738 2786 ad
758 2731 1199 2791 Antisiodorum
1223 2735 1514 2792 civitatem
1533 2718 2019 2808 usque—pervenit;

299 2811 320 2897 ί
373 2809 764 2890 ibiqueﬁliam
786 2837 956 2878 suam
981 2823 1208 2891 Judith,
1223 2825 1377 2881 sicut
1397 2825 1648 2882 domnus
1667 2822 2024 2897 apostolicus

313 2894 322 2910 ⁵
373 2898 510 2960 eum
536 2907 804 2982 petierat,
833 2909 1076 2967 consilio
1119 2912 1383 2968 ﬁdelium
1433 2929 1674 2968 suorum
1705 2894 2020 2981 ‘Balduino,

329 2992 338 3081 λ
373 3009 554 3084 quem
587 3002 792 3071 secuta
819 2999 1028 3070 fuerat,
1063 2999 1326 3073 legaliter
1349 3001 1621 3074 conjugio
1651 3000 1861 3058 sociari
1891 3017 2020 3074 per-

381 3079 564 3139 misit.
599 3084 738 3142 lnde
764 3087 1394 3168 Nivernumcivitatem
1417 3090 1685 3163 perrexit,
1708 3090 1807 3146 ubi
1831 3089 2020 3146 filium

303 3165 319 3251 ξ
374 3167 550 3226 suum
569 3171 842 3230 Carolum
861 3175 934 3230 ad
956 3193 1018 3233 se
1038 3165 1366 3234 venientem
1398 3179 1633 3251 recepit,
1657 3184 1714 3235 et
1734 3179 1846 3235 sibi
1877 3180 2018 3236 ﬁde-

307 3235 318 3261 ⁸
369 3255 598 3316 litatem
611 3265 668 3316 et
678 3261 935 3318 debitam
949 3265 1369 3336 subjectionem
1382 3235 1642 3339 promitti
1654 3273 2019 3324 sacramento
2051 3253 2092 3320 C
2129 3235 2658 3342 degente,cleruset
2679 3268 2931 3342 populus
2954 3269 3253 3324 Romanus
3273 3281 3408 3330 cum
3429 3261 3782 3318 crucibuset

372 3349 665 3424 praecepit,
688 3355 746 3406 et
775 3367 979 3408 omnes
1011 3353 1298 3426 primores
1322 3355 1648 3428 Aquitaniae
1671 3357 1882 3413 iterum
1903 3355 2016 3413 sibi

334 3427 342 3502 ξ
364 3431 433 3506 j'u
444 3451 569 3514 rare
591 3435 743 3494 fecit.
769 3438 894 3496 Duo
916 3458 1148 3514 quoque
1170 3427 1643 3516 Nortmanni,qui
1677 3463 1862 3517 nuper
1879 3463 2015 3500 cum

313 3515 324 3598 ξ
371 3520 659 3582 Welando
689 3526 1175 3606 christianitatem
1207 3533 1441 3602 dolo,ut
1472 3515 1610 3590 tunc
1639 3515 1946 3590 dice—batur
1960 3538 2019 3590 ct

315 3690 324 3701 ι
370 3615 503 3684 post
532 3613 762 3684 claruit,
777 3619 1138 3689 postulantes
1168 3623 1239 3677 de
1270 3621 1516 3678 navibus
1543 3623 2020 3694 exierunt,super

371 3717 507 3757 eum
529 3703 605 3775 (b)
624 3704 1029 3764 infidelitatem
1053 3709 1370 3779 miserunt;
1384 3729 1634 3784 quorum
1650 3729 1802 3766 unus
1816 3729 2019 3768 secun-

317 3771 332 3866 ί
372 3785 513 3846 dum
532 3793 724 3865 gentis
745 3813 862 3850 sua
885 3814 1107 3854 morem
1128 3815 1262 3854 cum
1275 3815 1342 3855 eo
1355 3805 1604 3871 negante
1625 3801 1806 3856 armis
1819 3817 2016 3856 coram

319 3945 328 3950 _
370 3895 504 3952 rege
517 3884 1062 3958 contendens,illum
1078 3885 1136 3940 in
1150 3887 1468 3943 certamine
1480 3887 1492 3942 i
1503 3887 2019 3945 nterfecit.1nterea

320 4037 330 4054 ³
371 3967 525 4023 tristi
557 3971 763 4026 nuntio
792 3975 1258 4048 comperit,quod
1287 3977 1632 4034 Nortmanni
1667 3977 2017 4033 Pictavisve-

208 4087 216 4094 -
321 4125 330 4142 ι
373 4062 598 4127 nerant,
632 4063 690 4116 ct
717 4060 828 4134 sub
870 4063 1267 4136 redemptione
1297 4065 1527 4122 civitate
1556 4071 1800 4132 servata,
1834 4065 2014 4124 eccle-

321 4213 334 4232 ι
371 4143 520 4232 siam
579 4149 765 4224 sancti
817 4149 1042 4219 Hilarii,
1101 4153 1300 4226 magni
1384 4154 1754 4224 confessoris,
1816 4155 2015 4212 incen-

320 4229 649 4324 ;‘derant.’.
691 4238 912 4316 :Natale
967 4245 1163 4297 autem
1223 4243 1452 4299 Domini
1513 4243 1572 4300 in
1626 4245 1830 4302 eodem
1889 4243 2014 4300 loco

324 4389 332 4410 ,
369 4337 540 4379 secus
570 4324 885 4383 Nivernum
916 4327 1336 4396 civitatem,ubi
1363 4330 1551 4388 filium
1582 4349 1756 4388 suum
1785 4349 2015 4405 recepe-

371 4415 479 4480 rat,
511 4412 842 4471 celebravit.

1005 4487 1374 4546 DCCCLXIV.

2149 599 2206 655 Pi
2214 601 2374 674 ppini
2399 601 2650 667 ﬁlius,ex
2672 599 2955 658 monacho
2977 597 3162 656 laicus
3193 601 3252 653 et
3279 600 3554 670 apostata
3585 595 3799 662 factus,

2145 707 2205 744 se
2238 690 2614 745 Nortmannis
2647 687 2972 762 conjungit,
3005 692 3062 743 et
3093 685 3272 742 ritum
3327 700 3533 740 eorum
3585 688 3798 742 servat.

2143 778 2382 834 Carolus
2407 777 2846 850 juvenis,quem
2870 782 3034 850 pater
3055 792 3242 848 nuper
3261 775 3331 830 ab
3357 771 3680 846 Aquitania
3711 789 3800 827 re-

2142 871 2375 940 ceptum
2397 867 2818 940 Compendium
2841 883 3039 922 secum
3063 865 3323 932 duxerat,
3351 866 3528 920 noctu
3562 861 3798 918 rediens

2143 957 2212 1013 de
2234 957 2538 1015 venatione
2560 956 2618 1012 in
2639 956 2787 1014 silva
2808 953 3164 1026 Cotiajocari
3186 969 3320 1010 cum
3335 950 3798 1024 aliisjuvenibus

2141 1051 2197 1101 et
2227 1046 2431 1104 coaevis
2463 1045 2588 1102 suis
2617 1049 2854 1118 putans,
2877 1047 3152 1118 operante
3181 1041 3412 1104 diabolo
3442 1039 3517 1098 ab
3540 1039 3794 1098 Albuino

2131 1136 2346 1207 juvene
2375 1135 2434 1192 in
2469 1136 2658 1208 capite
2687 1135 2900 1206 spatha
2930 1132 3258 1208 percutitur
3306 1147 3451 1203 pene
3497 1145 3693 1201 usque
3723 1129 3796 1184 ad

2140 1225 2441 1281 cerebrum
2466 1243 2480 1294 ;
2514 1241 2642 1296 qua:
2671 1222 2844 1298 plaga
2873 1241 2908 1278 a
2935 1227 3195 1294 tempore
3225 1219 3466 1276 sinistro
3499 1234 3691 1289 usque
3721 1217 3794 1273 ad

2141 1312 2357 1368 malam
2379 1315 2400 1348 ⁵
2429 1313 2643 1369 dextrae
2673 1311 2922 1368 maxillae
2955 1309 3234 1384 pervenit.
3673 1351 3679 1360 .
3799 1304 3812 1316 ⁸

2211 1401 2547 1468 Lotharius,
2568 1401 2826 1458 Lotharii
2847 1399 3026 1470 (ilius,
3047 1400 3118 1455 de
3133 1398 3293 1455 omni
3317 1413 3498 1470 regno
3515 1411 3630 1454 suo
3651 1411 3794 1466 qua-

2139 1495 2272 1547 tuor
2298 1492 2570 1548 denarios
2601 1509 2669 1547 ex
2699 1490 2861 1546 omni
2907 1507 3112 1546 manso
3159 1487 3468 1559 colligens,
3493 1499 3796 1542 summam

2137 1580 2512 1638 denariorum
2535 1598 2671 1648 cum
2696 1579 2884 1636 multa
2906 1579 3186 1652 pensione
3205 1578 3412 1633 farina:
3433 1580 3802 1646 atquepeco-

2138 1687 2270 1726 rum
2305 1687 2531 1726 necnon
2560 1669 2676 1730 vini
2696 1686 2764 1724 ac
2783 1670 2981 1725 sicerae
3011 1665 3262 1724 Rodulfo
3292 1661 3795 1729 Nortmanno,lle-

2138 1757 2305 1814 rioldi
2341 1757 2482 1827 ﬁlio,
2515 1776 2583 1814 ac
2614 1759 2740 1814 suis
2768 1757 2967 1814 locarii
2999 1755 3235 1822 nomine
3264 1753 3495 1812 tribuit.

2209 1846 2614 1913 Hludowicus,
2671 1847 2987 1918 imperator
3045 1845 3219 1900 Italia:
3277 1843 3640 1909 nominatus,
3701 1841 3791 1895 in-

2132 1939 2365 1992 centore
2425 1935 2755 1991 Gunthario
2815 1935 2887 1992 ad
2935 1951 3107 1991 suam
3168 1932 3444 2006 injuriam
3503 1929 3788 1994 referens,

2131 2025 2412 2096 quoniam
2455 2023 2677 2096 legatos
2737 2024 2827 2080 sui
2888 2023 3084 2079 fratris
3141 2020 3399 2078 Lotharii
3443 2037 3549 2092 per
3596 2017 3790 2090 ipsius

2131 2114 2408 2170 ﬁduciam
2440 2119 2498 2168 et
2529 2113 3009 2188 interventionem
3061 2113 3304 2168 Romam
3345 2109 3599 2180 directos
3643 2123 3786 2179 apo-

2131 2201 2394 2270 stolicus,
2428 2207 2492 2256 ut
2522 2218 2700 2273 supra
2729 2195 3583 2274 monstravimus,degradavit,
3599 2211 3782 2266 seque

2130 2290 2326 2364 ipsum
2385 2291 2578 2346 furore
2636 2307 2752 2347 non
2810 2291 3069 2364 capiens,
3101 2287 3519 2346 comitantibus
3575 2299 3778 2340 secum

2131 2381 2355 2437 eisdem
2385 2381 2595 2455 legatis
2626 2380 3009 2454 Theutgaudo
3042 2383 3214 2450 atque
3261 2372 3606 2442 Gunthario,
3639 2389 3780 2427 cum

2131 2470 2378 2542 conjuge
2412 2471 2654 2527 Romam
2687 2488 2754 2526 ea
2785 2469 3105 2525 intentione
3138 2463 3344 2539 pergit,
3369 2464 3784 2536 quatenusaut

2131 2573 2282 2630 papa
2314 2559 2940 2627 Romanus(c)eosdem
2965 2556 3296 2612 restitueret
3326 2552 3656 2625 episcopos,
3678 2553 3783 2604 aut

2131 2647 2239 2703 hoc
2262 2647 2447 2704 facere
2471 2665 2586 2704 non
2628 2647 2841 2724 volenti
2873 2646 3038 2702 noxie
3069 2641 3503 2717 quodammodo
3535 2654 3782 2694 manum

2131 2734 2407 2792 mitteret.
2428 2737 2588 2803 Quod
2622 2736 2866 2792 audiens
2897 2733 3420 2806 apostolicus,cum
3443 2726 3670 2795 litaniis
3691 2743 3787 2799 ge-

2131 2824 2325 2902 nerale
2348 2825 2645 2898 jejunium
2675 2824 2786 2881 sibi
2832 2829 2889 2880 et
2936 2821 3214 2880 Romanis
3262 2817 3492 2889 indixit,
3529 2821 3597 2872 ut
3627 2816 3783 2872 Deus

2129 2913 2527 2986 apostolorum
2557 2913 2854 2986 suffragiis
2885 2914 3121 2987 praafato
3153 2906 3490 2983 imperatori
3521 2909 3780 2961 mentem

2129 3001 2344 3058 bonam
2360 3007 2417 3059 et
2437 3003 2819 3060 reverentiam
2851 3019 2991 3076 erga
3019 3001 3284 3057 divinum
3314 2995 3544 3054 cultum
3570 2998 3631 3049 et
3650 3010 3783 3066 apo-

2129 3090 2345 3148 stolicae
2357 3091 2514 3150 sedis
2526 3093 2931 3148 auctoritatem
2944 3091 3204 3146 donaret.
3213 3089 3783 3159 Imperator-cautem

2129 3179 2497 3251 perveniente
2527 3181 2773 3236 Romam
2821 3185 2878 3236 et
2907 3196 3077 3236 secus
3107 3175 3409 3234 basilicam
3440 3171 3599 3230 beati
3629 3169 3782 3227 Petri

2125 3356 2665 3428 litaniisJejunium
2687 3356 3066 3426 celebrantes,
3084 3355 3238 3414 beati
3257 3351 3406 3410 Petri
3428 3347 3780 3408 memoriam

2125 3446 2364 3514 adeunt,
2395 3451 2453 3502 et
2482 3447 2554 3502 ab
2587 3446 2929 3503 hominibus
2966 3441 3354 3517 imperatoris,
3387 3457 3524 3496 cum
3555 3437 3780 3511 gradus

2125 3539 2260 3590 ante
2291 3533 2595 3590 basilicam
2628 3535 2781 3590 beati
2813 3533 2961 3592 Petri
2993 3535 3295 3605 cmperunt
3345 3527 3686 3591 ascendere,
3721 3522 3781 3578 in

2123 3626 2338 3678 terram
2365 3624 2663 3695 prostrati,
2685 3629 2743 3678 et
2762 3624 2938 3678 variis
2959 3621 3175 3680 ictibus
3198 3616 3564 3691 ﬂagellati,et
3581 3613 3778 3670 cruci-

2125 3711 2238 3766 bus
2268 3728 2334 3768 ac
2363 3711 2588 3769 vexillis
2645 3711 2978 3778 confractis,
3006 3712 3107 3782 qui
3162 3707 3404 3766 evadere
3455 3703 3782 3777 potuerunt

2125 3785 2309 3872 fugati
2331 3805 2496 3872 sunt;
2523 3801 2582 3856 in
2599 3817 2716 3873 quo
2749 3800 3006 3856 tumultu
3034 3803 3091 3858 et
3117 3815 3262 3856 crux
3291 3791 3580 3852 mirabilis
3600 3795 3660 3846 et
3679 3805 3777 3844 νεα

2125 3888 2385 3945 neranda
2415 3907 2450 3946 a
2479 3895 2693 3946 sanctas
2751 3888 3045 3945 memoriae
3094 3885 3312 3943 Helena
3359 3877 3777 3940 decentissime

2123 3977 2425 4044 fabricata,
2458 3977 2515 4032 in
2549 3995 2668 4050 qua
2693 3977 2921 4050 lignum
2979 3976 3238 4032 miriﬁca
3269 3969 3462 4036 crucis
3490 3967 3694 4041 posuit
3709 3972 3781 4022 .et

2076 4050 2085 4135 ί
2122 4070 2323 4128 sancto
2357 4067 2520 4122 Petro
2552 4084 2793 4122 munere
2821 4065 3074 4122 maxime
3104 4061 3375 4127 contulit,
3397 4059 3702 4116 confracta
3717 4059 3780 4110 et

2121 4154 2184 4212 in
2208 4155 2397 4214 lutum
2428 4156 2688 4227 projecta
2715 4159 2829 4220 est,
2856 4153 3010 4210 unde
3040 4171 3075 4210 a
3099 4150 3482 4224 quibusdam,
3495 4151 3562 4206 ut
3589 4147 3781 4202 fertur

2079 4309 2086 4312 _
2120 4243 2443 4318 Anglorum
2473 4245 2668 4317 gentis
2698 4241 3317 4310 hominibus,collecta
3333 4242 3393 4296 et
3421 4234 3778 4294 custodibus

2123 4333 2350 4388 reddita
2379 4336 2487 4388 est.
2529 4335 2662 4398 Quae
2702 4331 2926 4404 ﬂagitia
2963 4335 3030 4386 ut
3059 4328 3414 4402 apostolicus
3443 4324 3506 4382 in
3537 4325 3778 4383 Latera-

2123 4420 2290 4477 nensi
2322 4419 2536 4493 palatio
2567 4421 2785 4494 degens
2815 4419 3118 4492 comperit,-
3150 4423 3208 4474 et
3237 4415 3408 4488 paulo
3437 4417 3572 4487 post
3601 4411 3776 4470 illum

2124 4509 2474 4582 capiendum
2506 4526 2623 4566 non
2647 4510 2869 4565 incerto
2902 4508 3111 4564 nuntio
3141 4506 3366 4573 didicit,
3389 4504 3642 4562 latenter
3671 4519 3775 4558 na-

389 4579 414 4602 “
442 4590 1030 4681 CarolusAquitanos
1059 4595 1350 4653 hostiliter
1373 4602 1576 4656 contra
1599 4599 2012 4668 Nortmannos,
2046 4617 2092 4681 ι)
2123 4579 2252 4654 veru
2283 4597 2538 4666 intravit,
2567 4603 2628 4654 et
2653 4613 2757 4670 per
2807 4596 3070 4658 Tiberim
3123 4597 3196 4652 ad
3241 4593 3554 4652 ecclesiam
3581 4591 3775 4681 saucii

371 4676 470 4749 qu’i
491 4678 797 4761 ecclesiam
828 4683 1016 4740 sancti
1046 4683 1247 4744 Hilarii
1276 4685 1705 4756 incenderant‘,
1731 4687 2013 4760 disposito

368 4767 625 4849 eaercitu
645 4767 730 4826 ire
755 4773 1118 4846 praecipiens,
1141 4773 1329 4830 ﬁlium
1359 4780 1417 4831 et
1444 4777 1804 4849 aequivocum
1837 4794 2013 4833 suum

369 4855 641 4913 Carolum
665 4875 864 4916 secum
886 4861 1128 4930 ducens,
1151 4861 1574 4936 Compendium
1593 4865 1782 4933 rediit,
1800 4866 2014 4924 missos

369 4961 508 5036 suos
532 4947 602 5036 ad
619 4947 991 5036 recipiendas
1021 4951 1284 5036 civitates
1305 4957 1363 5010 et
1381 4953 1622 5012 castella
1650 4955 1710 5010 in
1741 4954 2011 5012 Gothiam

338 5023 933 5093 mnsit/Nortmanni
975 5027 1298 5097 Arvernum
1329 5042 1622 5098 civitatem
1653 5048 1879 5114 petunt,
1911 5043 2012 5100 ubi

368 5122 755 5196 Stephanum,
775 5126 1032 5198 llugonis
1053 5127 1265 5199 ﬁlium,
1279 5121 1425 5186 eum
1447 5131 1650 5203 paucis
1668 5148 1908 5190 suorum
1931 5133 2014 5188 in-

2085 4750 2095 4755 _
2123 4687 2275 4742 Petri
2297 4703 2359 4742 se
2379 4685 2649 4758 contulit,
2664 4686 2764 4743 ubi
2788 4685 3018 4742 duobus
3037 4685 3247 4742 diebus
3264 4700 3334 4740 ac
3352 4681 3632 4740 noctibus
3646 4679 3777 4738 sine

2124 4775 2253 4832 cibo
2284 4792 2350 4832 ac
2375 4779 2518 4848 potu
2548 4773 2790 4842 mansit,
2822 4774 3048 4832 Interea
3077 4773 3253 4830 homo
3284 4772 3454 4842 cujus
3483 4786 3773 4842 praesum-

2122 4863 2320 4936 ptione
2357 4864 2598 4936 praefata
2643 4879 2786 4922 crux
2829 4863 3158 4924 veneranda
3205 4861 3503 4918 confracta
3559 4858 3771 4923 fuerat,

2123 4952 2391 5020 moritur,
2424 4957 2484 5008 et
2511 4953 2828 5027 imperator
2849 4952 3015 5010 febre
3042 4950 3372 5022 corripitur.
3405 4951 3776 5021 Quapropter

2121 5043 2430 5118 conjugem
2454 5042 2525 5098 ad
2547 5040 2934 5114 apostolicum
2955 5040 3332 5112 mittit.cujus
3351 5037 3774 5109 ﬁdeijussione

2090 5117 2097 5123 ’
2121 5131 2475 5206 apostolicus
2498 5131 2570 5188 ad
2593 5131 3006 5204 imperatorem
3036 5128 3215 5196 venit,
3245 5132 3303 5184 et
3329 5127 3535 5184 habita
3567 5133 3773 5183 mutua

1637 5247 2047 5307 VARIANTES
2087 5247 2504 5307 LECTIONES.

940 5344 960 5378 ²
990 5343 1198 5416 operiri
1229 5346 1323 5401 Ch.
1437 5347 1458 5381 ³
1488 5345 1854 5404 incenderint
1885 5349 1981 5404 Ch.

2094 5349 2116 5382 ⁴
2145 5346 2533 5404 incenderunt
2563 5345 2658 5400 Ch.

2772 5346 2792 5378 ⁵
2823 5343 3044 5399 malum
3075 5342 3175 5399 Ch.

1956 5443 2184 5500 ΝΟΤΕ.

435 5539 514 5605 (a)
543 5495 935 5598 έιιίηε-ϐαιαίδ.
967 5540 1147 5605 Bono.

437 5607 513 5673 (b)
545 5607 606 5662 ld
637 5610 726 5665 est
753 5610 1126 5672 Welandum.

439 5677 508 5756 (ε)
539 5677 870 5738 Orationem
895 5684 1166 5758 anonymi
1189 5685 1498 5756 cujusdam
1521 5683 1772 5757 episcopi
1790 5684 1898 5740 hac
1911 5702 2006 5740 oc-

2119 5543 2421 5626 casionein
2436 5542 2656 5667 sinodo
2670 5542 2932 5597 Romana
2952 5540 3210 5597 habitam
3231 5537 3445 5594 videsis
3461 5542 3622 5621 apud
3648 5541 3764 5623 hiu-

2119 5618 2398 5667 ratormm
2423 5613 2490 5667 S.
2511 5657 2523 5667 .
2551 5613 2674 5667 Ital.
2695 5615 2760 5667 T.
2787 5614 2920 5667 ΠΛ).
2947 5631 3009 5667 ιι.
3034 5630 3090 5667 ῐ).
3118 5613 3238 5667 135.
3264 5611 3468 5666 Exstat
3491 5627 3551 5664 in
3575 5613 3764 5667 codice

2118 5616 2398 5670 ratorium
2423 5613 2523 5669 SS.
2551 5613 2674 5669 Ital.
2695 5615 2760 5668 T.
2787 5614 2920 5685 Il,p.
2947 5631 3009 5678 ιι,
3034 5630 3090 5684 p.
3118 5613 3238 5668 135.
3264 5613 3468 5666 Exstat
3491 5613 3551 5664 in
3575 5613 3767 5669 codice

2117 5703 2228 5742 ms.
2262 5684 2625 5741 bibliothecae
2655 5685 3070 5740 Ambrosianze.
