4028 6178
397 359 550 422 122⁸7

1449 359 1551 417 AD
1597 356 1853 416 OPEltA
1905 351 2284 414 HINCMARI
2329 353 2741 414 APPENDIX.

3647 353 3805 414 1228

396 509 530 548 cum
561 491 772 548 diversi
804 490 1034 562 generis
1063 492 1274 562 pannis
1307 495 1362 544 et
1392 489 1596 545 multis
1645 485 2040 544 odoramcutis
2073 492 2117 556 Α
2154 485 2380 552 habuit,
2414 487 2763 558 conjectum,
2787 491 2906 541 tam
2937 484 2998 540 in
3026 488 3264 558 argento
3289 500 3468 556 quam
3491 485 3625 540 etin
3643 485 3801 554 vino,

395 579 456 634 in
487 578 842 652 Compendio
873 577 1110 652 recipit;
1141 578 1278 634 inde
1309 578 1381 634 ad
1415 577 1716 634 Rofiacum
1739 576 1812 648 (a)
1842 573 2042 629 villam

394 665 654 735 veniens,
688 665 1000 735 Adalardo,
1031 667 1123 722 cui
1157 666 1484 722 custodiam
1517 669 1718 721 contra
1737 665 2043 719 Nortman-

395 770 504 810 nos
533 753 926 823 commiserat,
959 754 1059 810 sed
1091 758 1148 810 et
1175 755 1300 809 suis
1331 753 1676 827 propinquis
1724 751 1954 824 Hugoni
1985 754 2044 806 et

395 841 762 918 Berengario,
787 843 926 916 quia
957 841 1103 898 nihil
1125 843 1397 900 utilitatis
1423 847 1626 899 contra
1645 842 2040 898 Nortmannos

395 936 653 1006 egerant,
687 931 928 988 collatos
958 932 1208 989 honores
1240 931 1412 1001 tollit,
1435 936 1491 988 et
1512 949 1614 1005 per
1635 931 1892 988 diversos
1914 948 2039 986 eos-

395 1021 528 1077 dem
577 1020 830 1077 honores
877 1021 1151 1094 disponit.
1192 1021 1538 1078 Nortmanni
1587 1019 1686 1092 qui
1735 1021 2039 1092 przefatum

396 1109 814 1167 monasterium
846 1109 1158 1181 depraedati
1190 1113 1348 1178 sunt,
1363 1108 1520 1166 vario
1542 1110 1714 1165 modo
1736 1109 2040 1163 inﬁrman-

395 1202 509 1266 tur,
543 1201 600 1253 et
627 1197 868 1270 quidam
897 1198 958 1253 in
989 1197 1209 1254 rabiem
1240 1199 1408 1266 versi,
1431 1198 1672 1270 quidam
1693 1202 1887 1253 autem
1915 1214 2041 1254 sca-

395 1285 487 1342 bie
519 1287 786 1360 correpti,
820 1287 1059 1358 quidam
1101 1287 1380 1344 intestina
1425 1303 1559 1343 cum
1609 1285 1939 1358 aqualiculo
1961 1287 2042 1359 (b)

394 1390 498 1447 per
527 1390 706 1431 anum
739 1375 1088 1443 amittentes,
1123 1375 1472 1431 moriuntur.
1492 1375 1752 1442 Carolus,
1781 1373 2042 1430 dimissis

395 1463 740 1520 custodibus
773 1468 975 1520 contra
1005 1465 1238 1522 eosdem
1261 1465 1674 1527 Nortmannos,
1699 1463 2041 1520 Silvancctis

396 1551 704 1608 revertitur
721 1553 1051 1610 Nativitatis
1082 1553 1384 1610 dominica:
1407 1554 1691 1610 solemnia
1713 1551 2040 1610 celebratu-

394 1658 528 1712 rus;
558 1641 658 1696 ubi
688 1641 740 1698 ei
774 1641 1102 1710 Lotharius,
1136 1641 1292 1699 filius
1323 1659 1467 1700 suus
1499 1647 1554 1698 et
1580 1642 1761 1699 abbas
1802 1657 2041 1698 monas-

392 1729 522 1786 terii
551 1730 738 1787 sancti
769 1715 1069 1800 Germani:
1097 1735 1366 1802 mortuus
1398 1732 1718 1789 nuntiatur.

1045 1820 1393 1878 DCCCLXVI

466 1911 680 1975 Quarto
709 1909 992 1987 Kalendas
1023 1910 1335 1966 Januarias
1367 1911 1436 1966 de
1467 1911 1844 1968 Nortmannis
1865 1912 1925 1966 in
1948 1910 2040 1966 Li-

395 1997 514 2072 geri
547 1997 941 2055 residentibus
973 1999 1240 2072 quaedam
1290 2017 1426 2074 pars
1473 2000 1796 2074 praedatum
1845 2000 2042 2057 exiens

392 2086 453 2142 in
482 2087 1323 2157 Neustriam,Gauzl‘ridum,et
1345 2089 1650 2146 lleriveum
1683 2092 1856 2162 atque
1884 2089 2044 2146 Rori-

395 2177 534 2249 gum
557 2180 634 2246 (c(
653 2177 896 2234 comites
927 2178 1368 2251 congredientes
1389 2178 1661 2247 offendit;
1688 2179 1748 2233 in
1771 2195 1887 2251 qua
1911 2195 2044 2234 con-

394 2265 694 2336 gressione
743 2265 1010 2337 Rorigus,
1067 2267 1247 2322 frater
1293 2267 1608 2332 Gauzfridi,
1661 2267 1954 2335 occubuit,
1986 2272 2044 2322 et

396 2351 852 2424 quamplurimis
872 2352 1217 2408 Nortmanni
1242 2371 1482 2410 suorum
1504 2355 2042 2427 amissis,fugiendo

397 2440 469 2494 ad
487 2456 664 2496 naves
680 2440 1511 2509 reveniunt.Rodulfus,Caroli
1529 2443 1683 2514 regis
1696 2443 2039 2510 avunculus,

396 2528 670 2601 passione
699 2528 880 2587 colica
911 2530 1528 2588 moritur.Nortmanni
1551 2549 1654 2604 per
1681 2532 1908 2589 alveum
1941 2535 2042 2590 Se-

395 2632 601 2688 quanae
619 2619 1000 2676 ascendentes
1021 2635 1208 2692 usque
1231 2619 1302 2674 ad
1325 2623 1585 2675 castrum
1607 2619 2044 2692 Miliduuum,et

395 2721 574 2761 scaraa
605 2705 800 2763 Karoli
831 2723 900 2763 cx
929 2711 1176 2780 utraque
1207 2711 1366 2780 parte
1399 2709 1586 2781 ipsius
1616 2709 1878 2766 fluminis
1909 2727 2042 2782 per-

395 2798 626 2867 gunt,et
643 2795 896 2868 egressis
917 2795 1136 2854 eisdem
1160 2797 1540 2854 Nortmannis
1553 2815 1586 2854 a
1599 2798 1844 2854 navibus
1866 2815 2044 2871 super

393 2899 623 2942 scuram
655 2900 783 2958 quae
814 2887 1004 2959 major
1033 2889 1089 2942 et
1119 2885 1324 2943 fortior
1349 2885 1676 2955 videbatur,
1706 2887 1875 2958 cujus
1895 2904 2039 2960 prae-

392 2972 530 3030 focti
559 2977 726 3031 erant
753 2975 1081 3032 Rodbertus
1112 2979 1169 3031 et
1197 2975 1338 3044 Odo,
1373 2975 1499 3031 sine
1529 2976 1800 3032 conﬂictu
1827 2992 1955 3032 eam
1978 2977 2038 3032 in

393 3062 593 3136 fugam
625 3063 886 3131 mittunt,
917 3067 974 3120 et
1001 3065 1231 3121 onustis
1263 3065 1458 3136 praeda
1491 3063 1735 3120 navibus
1779 3067 1850 3120 ad
1899 3082 2038 3122 suos

394 3153 658 3209 redeunt.
673 3152 1013 3222 Karolus(d)
1027 3169 1159 3208 cum
1179 3154 1397 3209 eisdem
1417 3153 1794 3210 Nortmannis
1816 3154 1873 3210 in
1899 3171 2038 3227 qua-

2151 573 2222 630 ad
2254 591 2501 646 pensum
2535 575 2688 647 quod
2720 573 2866 646 ipsis
2913 573 3294 630 Nortmannis
3342 577 3581 646 pactum
3615 574 3807 630 fuerat

2151 663 2596 734 persolvendum
2621 663 3173 719 contulit.Praeterea
3194 666 3493 736 quoqueet
3507 661 3807 736 mancipia

2151 767 2184 806 a
2213 751 2592 808 Nortmannis
2622 751 2896 824 przedata,
2932 767 3058 824 quae
3088 753 3220 823 post
3248 753 3483 822 paetum
3517 749 3591 805 ab
3613 749 3699 806 eis
3721 751 3806 806 tu-

2148 843 2374 912 gerant,
2409 844 2512 896 aut
2539 839 2766 896 reddita
2795 843 2898 896 aut
2927 838 3250 896 secundum
3272 855 3474 894 eorum
3513 837 3802 911 placitum

2149 927 2454 1000 redempta
2473 929 2743 998 fuerunt;
2767 933 2825 985 et
2843 929 2893 985 si
2915 927 3130 1001 aliquis
3151 928 3222 984 de
3243 927 3630 984 Nortmannis
3649 925 3802 982 oeci-

2149 1033 2252 1073 sus
2285 1016 2415 1084 fuit,
2449 1018 2762 1090 quaesitum
2783 1017 3036 1091 pretium
3059 1019 3082 1052 ³
3100 1034 3203 1090 pro
3225 1034 3291 1073 eo
3321 1021 3412 1072 est
3439 1013 3800 1073 exsolutum.

2149 1103 2553 1174 Hludowicus,
2583 1105 2760 1162 Italize
2790 1105 3124 1179 imperator,
3159 1122 3278 1160 una
3306 1121 3441 1160 cum
3483 1121 3662 1160 uxore
3691 1120 3804 1160 sua

2151 1191 2491 1265 Ingelberga
2511 1193 2571 1248 in
2597 1193 2986 1250 Beneventum
3008 1196 3210 1250 contra
3230 1193 3581 1249 Sarracenos
3595 1192 3799 1248 movit.

2149 1281 2444 1338 Hlotarius
2476 1315 2541 1324 —
2574 1283 2926 1348 interventu,
2950 1289 3015 1339 ut
3043 1283 3283 1356 quidam
3315 1281 3801 1338 autumant.Hlu-

2149 1370 2363 1428 dowici
2379 1371 2747 1444 imperatoris
2763 1375 2820 1427 et
2837 1371 3031 1428 fratris
3054 1373 3144 1427 sui
3167 1403 3235 1412 —-—
3257 1371 3618 1444 episcopium
3641 1369 3802 1427 Colo-

2148 1458 2348 1515 niense
2377 1461 2448 1515 ab
2481 1461 2722 1532 Hugonc
2756 1465 3054 1534 receptum
3101 1459 3392 1528 Hilduino,
3427 1459 3589 1515 fratri
3640 1460 3801 1516 Gun-

2147 1548 2344 1615 tharii,
2377 1550 2488 1606 snb
2521 1550 2868 1622 provisionis
2911 1551 3150 1607 obtentu
3191 1549 3544 1624 committit;
3574 1549 3804 1620 seire-

2147 1651 2284 1694 vera
2312 1637 2618 1711 dispositio
2647 1638 2807 1696 illius
2839 1643 3074 1712 excepto
3107 1637 3420 1712 epiSCOpali
3469 1636 3804 1694 ministerio

2151 1742 2329 1800 penes
2361 1727 2753 1784 Guntharium
2786 1733 3004 1797 manet,
3037 1729 3281 1801 ipsaque
3311 1725 3674 1800 metropolis,
3696 1728 3800 1782 sed

2151 1819 2208 1872 et
2235 1814 2482 1872 ecclesia
2508 1817 2898 1884 Treverensis,
2932 1816 3160 1872 diutino
3189 1819 3451 1888 tempore
3482 1817 3686 1870 contra
3703 1831 3802 1870 sa-

2149 1920 2278 1960 cras
2311 1904 2545 1978 regulas
2575 1922 2710 1962 cum
2743 1921 2956 1978 magno
2987 1909 3042 1960 et
3072 1903 3390 1960 multorum
3413 1901 3674 1976 periculo
3696 1919 3802 1976 pa-

2151 1997 2306 2050 store
2349 1997 2577 2050 vacant.
2629 1993 2870 2051 Carolus
2921 1993 3208 2051 Rodberto
3258 1992 3456 2050 comiti
3499 1991 3802 2048 abbatiam

2151 2081 2336 2140 sancti
2361 2083 2594 2139 Martini
2626 2083 2698 2140 ab
2727 2083 3058 2157 Engilwino
3087 2082 3343 2140 ablatam
3381 2083 3646 2151 donat,et
3673 2081 3805 2153 ejus

2151 2171 2394 2228 consilio
2422 2171 2672 2228 honores
2698 2171 2799 2244 qui
2831 2171 2985 2228 ultra
3013 2175 3266 2246 Sequam
3298 2176 3485 2240 erant,
3505 2188 3610 2244 per
3639 2170 3802 2227 illius

2151 2259 2464 2332 complices
2496 2259 2734 2329 dividit;
2771 2261 3114 2316 comitatum
3157 2277 3390 2332 quoque
3437 2259 3802 2333 Augustidu-

2151 2365 2413 2416 nensem,
2429 2365 2462 2404 a
2483 2350 2774 2406 Bernardo
2797 2348 2916 2404 filio
2939 2349 3216 2406 Bernardi
3240 2366 3416 2422 super
3437 2349 3804 2405 Rodbertum

2151 2443 2522 2510 occupatum,
2555 2437 2919 2505 Hludowico,
2951 2437 3071 2494 filio
3115 2455 3243 2505 suo,
3283 2437 3472 2510 ipsius
3521 2437 3807 2494 Rodberti

2150 2526 2392 2584 consilio
2419 2529 2490 2584 ad
2525 2544 2658 2584 eum
2691 2527 2998 2584 ditandum
3029 2527 3361 2584 committit.

2222 2615 2567 2671 Nortmanni
2599 2633 2798 2672 menso
2828 2615 2982 2673 Julio
3015 2617 3086 2672 ab
3109 2615 3303 2672 insula
3323 2631 3492 2672 secus
3513 2621 3808 2672 monaste-

2151 2703 2302 2760 rium
2337 2704 2523 2761 sancti
2567 2705 2826 2778 Dionysii
2873 2709 3125 2771 movent,
3159 2709 3214 2762 et
3245 2704 3668 2761 descendentes
3701 2720 3808 2776 per

2151 2793 2480 2865 Sequanam
2512 2811 2698 2866 usque
2723 2795 2794 2850 ad
2827 2792 3021 2850 locum
3053 2793 3164 2851 sibi
3198 2796 3401 2866 aptum
3433 2794 3508 2849 ad
3533 2791 3806 2849 reﬁcien-

2149 2881 2256 2937 das
2286 2899 2425 2938 suas
2455 2887 2513 2938 et
2544 2900 2722 2940 novas
2753 2883 3049 2940 faciendas
3081 2900 3254 2940 naves
3292 2881 3661 2956 perveniunt,
3692 2880 3805 2938 ibi-

2149 2985 2260 3042 que
2290 2972 2311 3004 ⁴
2340 2971 2496 3043 quod
2529 2971 2612 3028 eis
2637 2972 3086 3044 persolvendum
3131 2977 3256 3029 erat
3302 2977 3663 3044 exspectant.
3698 2971 3806 3027 Ca-

2147 3058 2307 3116 rolus
2335 3059 2626 3116 hostiliter
2645 3062 2717 3117 ad
2741 3061 2933 3118 locum
2954 3063 3054 3135 qui
3077 3061 3292 3118 dicitur
3311 3061 3486 3118 Pistis
3507 3076 3646 3116 cum
3669 3075 3808 3133 ope-

2144 3147 2315 3206 rariis
2359 3153 2415 3205 et
2460 3149 2640 3208 carris
2689 3151 2762 3207 ad
2822 3150 3176 3224 perﬁcienda
3231 3166 3422 3223 opera,
3457 3166 3532 3206 ne
3584 3149 3806 3206 iterum

392 3245 527 3298 tuor
554 3239 807 3298 millium
827 3240 995 3298 libris
1015 3241 1240 3314 argenti
1265 3241 1334 3298 ad
1363 3257 1608 3314 pensam
1630 3257 1828 3298 eorum
1853 3244 2044 3316 pacis-
2076 3243 2118 3309 C
2146 3238 2491 3294 Nortmanni
2523 3256 2760 3296 sursum
2788 3241 3101 3296 ascendere
3129 3239 3380 3308 valeant,
3413 3239 3626 3314 pergit-
3662 3238 3804 3295 Hlu~

393 3329 564 3406 citur,
597 3334 655 3384 et
682 3329 902 3385 indicta
948 3345 1052 3401 per
1099 3344 1343 3402 regnum
1394 3346 1568 3386 suum
1612 3330 1936 3388 conlatione
1968 3332 2039 3388 ad

394 3415 550 3473 idem
581 3417 995 3474 exsolvendum
1021 3419 1330 3488 tributum,
1351 3421 1422 3476 de
1451 3436 1804 3492 unoquoque
1835 3437 2040 3478 manso

393 3505 678 3578 ingenuili
707 3507 1020 3579 exiguntur
1049 3525 1150 3565 sex
1181 3507 1425 3577 denarii,
1461 3513 1517 3564 et
1545 3509 1616 3565 de
1661 3509 1852 3564 servili
1901 3514 2039 3578 tres,

397 3597 456 3651 et
485 3595 555 3652 de
585 3594 780 3652 accola
809 3600 1051 3662 unus,et
1081 3598 1152 3652 de
1185 3597 1416 3654 duobus
1453 3597 1764 3670 hospitiis‘
1790 3602 1860 3669 (ε)
1891 3616 2046 3655 unus

395 3684 691 3752 denarius,
715 3689 773 3741 et
791 3685 1019 3742 decima
1048 3686 1119 3741 de
1150 3686 1424 3742 omnibus
1455 3703 1583 3757 quae
1615 3687 2002 3759 negotiatores
2021 3689 2044 3722 ¹

393 3773 745 3831 videbantur
772 3773 1004 3842 habere,
1039 3775 1139 3830 sed
1183 3779 1240 3828 et
1271 3790 1304 3828 a
1334 3775 1688 3846 presbyteris
1717 3776 2043 3832 secundum

396 3863 553 3933 quod
581 3861 992 3934 unusquisque
1022 3860 1228 3918 habuit
1255 3861 1498 3934 vectigal
1529 3862 1862 3935 exigitur,et
1889 3864 2042 3920 heri-

395 3948 576 4006 banni
605 3950 676 4007 de
706 3950 981 4006 omnibus
997 3949 1235 4008 Francis
1255 3950 1788 4024 accipiuntur.Inde
1809 3952 1880 4009 de
1903 3970 2044 4010 uno-

397 4055 630 4113 quoque
660 4055 886 4108 manso,
918 4043 1039 4095 tam
1069 4039 1351 4112 ingenuili
1382 4057 1559 4112 quam
1592 4045 1648 4096 et
1670 4041 2047 4108 servili,unus

395 4129 672 4198 denarius
697 4125 970 4196 sumitur,
1003 4131 1059 4184 et
1089 4129 1327 4184 demum
1360 4145 1464 4200 per
1493 4130 1638 4185 duas
1678 4128 1852 4198 vices,
1877 4130 2048 4200 juxta

395 4219 550 4292 quod
583 4215 992 4289 unusquisque
1023 4217 1185 4290 regni
1227 4218 1551 4289 primorum
1603 4219 1672 4274 de
1723 4218 2046 4275 honoribus

2151 3327 2438 3400 dowicus,
2462 3328 2782 3385 Germaniae
2816 3333 3142 3399 rex,contra
3163 3330 3451 3402 quosdam
3474 3345 3722 3385 suorum
3741 3328 3803 3383 iu

2151 3432 2348 3472 marca
2379 3417 2658 3474 adversus
2676 3418 2947 3476 Winidos
2977 3418 3348 3476 rebellionem
3372 3417 3681 3475 molientes
3703 3419 3808 3474 ho-

2151 3510 2297 3562 stem
2332 3506 2529 3575 movit,
2564 3523 2740 3580 quam
2782 3509 3134 3582 praecedens,
3169 3509 3228 3564 in
3261 3508 3418 3566 brevi
3449 3507 3805 3566 rebellantes

2151 3595 2278 3651 sine
2310 3595 2582 3651 conﬂictu
2609 3597 2830 3665 domat,
2861 3601 2918 3653 et
2947 3598 3175 3654 hostem
3206 3599 3468 3654 nondum
3500 3613 3647 3670 pene
3665 3614 3804 3671 pro-

2152 3689 2378 3740 motum
2410 3685 2568 3740 domi
2599 3687 2852 3743 residere
2874 3687 3192 3742 mandavit.

2223 3773 2568 3830 Nortmanni
2601 3777 2666 3847 (f)
2697 3792 2898 3847 mense
2926 3775 3082 3832 Julio
3114 3793 3273 3832 mare
3304 3776 3546 3845 intrant,
3577 3781 3634 3832 et
3663 3789 3802 3848 pars

2154 3863 2422 3935 quazdam
2453 3879 2521 3920 ex
2549 3863 2694 3936 ipsis
2723 3863 3066 3937 aliquandiu
3097 3865 3156 3921 in
3187 3881 3334 3939 pago
3369 3866 3586 3922 Italiae'
3607 3869 3685 3934 (g)
3707 3881 3806 3922 re-

2155 3952 2326 4018 sedit,
2361 3956 2420 4008 et
2465 3952 2732 4010 libitibus
2780 3953 2923 4022 suis,
2965 3957 3202 4026 excepta
3253 3953 3492 4027 publica
3539 3953 3805 4009 Lotharii

2155 4041 2584 4112 conjunctione,
2617 4042 3202 4114 perfruitur.Carolus
3231 4042 3302 4098 ad
3333 4041 3532 4098 villam
3577 4042 3806 4098 abbate:

2155 4129 2342 4186 sancti
2373 4129 2654 4198 Quintini,
2689 4147 2816 4202 qua:
2847 4131 3191 4188 Orti-vineas
3221 4130 3454 4198 dicitur,
3468 4148 3606 4187 cum
3627 4146 3809 4186 uxore

2157 4218 2386 4275 obviam
2421 4219 2693 4274 Lothario
2723 4219 2934 4292 pergit,
2969 4223 3027 4275 et
3054 4237 3160 4293 pro
3193 4219 3549 4293 quibusdam
3599 4234 3809 4275 conve-

1663 4332 2073 4391 VARIANTES
2115 4333 2530 4391 LECTIONES.

464 4449 480 4482 ¹
511 4447 847 4521 hospitibus
880 4449 1078 4521 Chron.
1111 4447 1177 4504 de
1203 4448 1582 4521 gestisANomn.

1697 4449 1717 4482 ¹
1749 4450 2147 4521 negociatores
2179 4450 2271 4505 Ch.

397 4520 416 4553 ⁵
447 4527 544 4576 aut
571 4518 753 4576 Isaliaa
783 4527 880 4575 aut
909 4518 1103 4592 Isalca;
1137 4520 1198 4591 (ἰ.
1232 4537 1260 4574 e
1290 4518 1542 4592 Issi-gae)
1573 4518 1969 4576 emendandum
1998 4522 2190 4590 credo;
2223 4522 2318 4588 Ch,
2351 4529 2403 4578 et

2385 4452 2406 4484 ³
2436 4451 2698 4523 precium
2735 4451 2830 4523 Ch.
2944 4451 2963 4484 ⁸
2990 4452 3198 4523 excidit
3223 4454 3456 4523 fortasse
3493 4451 3814 4506 tributum.

2483 4563 2494 4576 .
2530 4523 2714 4596 legunt
2739 4521 2800 4577 in
2833 4538 2979 4596 pago
3005 4521 3553 4596 ItalianChronicon
3583 4523 3817 4596 tier-

390 4606 720 4668 mannorgup
747 4592 924 4668 gestis,
959 4590 1099 4668 quod
1129 4589 1417 4647 annalium
1440 4589 1764 4648 sententiam
1791 4606 1937 4666 saepe
1964 4593 2238 4649 contrahit
2265 4589 2608 4665 etdepravai,
2645 4595 2735 4650 hic
2757 4589 2966 4666 qubqtle
2997 4589 3170 4663 legit
3190 4597 3246 4650 et
3275 4611 3410 4668 pars
3444 4594 3718 4666 quaedam
3743 4610 3817 4651 ex

394 4661 542 4735 ipsis
571 4661 643 4718 ad
675 4661 905 4718 Italiam
935 4661 1126 4718 rediit.

1981 4761 2213 4820 NOTAE.

461 4855 540 4952 (a)
570 4852 1324 4952 Plures_suntvillaa_hujus
1369 4875 1656 4945 nominis;
1690 4875 1844 4934 hanc
1869 4893 2038 4952 opor-
2069 4885 2116 4952 Ι)

393 4948 506 5006 tuit
533 4963 662 5004 esse
691 4947 752 5002 in
781 4947 1070 5004 Neustria.
1105 4947 1281 5010 Bouh.

487 5021 538 5092 b)
565 5020 612 5092 ly.
648 5035 701 5092 e.
731 5018 1076 5092 ventriculo.

487 5023 538 5092 b)
573 5023 612 5075 Ι.
648 5035 696 5076 e.
731 5023 1076 5074 ventriculo.

462 5023 537 5165 is)
563 5089 821 5165 Rogigus
852 5107 956 5147 seu
987 5090 1192 5146 Rorico
1223 5094 1446 5165 patrem
1469 5091 2037 5165 habuitiioriconem

389 5161 1482 5230 comitem'Cenomannensem,fratrem
1506 5163 1840 5219 Gozlridum
1867 5165 2042 5220 comi-

385 5233 1096 5306 temiCenomannensem,
1129 5233 1431 5306 Gozlinum
1463 5234 1756 5306 abbatem,
1781 5252 2037 5290 sororem

390 5305 756 5372 Blichildem,
781 5322 906 5372 qua:
937 5305 1051 5360 fuit
1081 5309 1266 5362 mater
1296 5305 1574 5361 Bernardi
1607 5306 1825 5362 Gothiae
1857 5306 2036 5363 comi-

386 5377 485 5433 tis.
518 5376 742 5450 Gozlini
766 5376 1005 5450 abbatis
1037 5377 1280 5450 ejusque
1305 5377 1503 5450 fratris
1525 5377 1866 5450 Gozfridi,in
1893 5392 2036 5450 quo-

387 5465 521 5504 rum
552 5447 738 5520 tutela
755 5447 1412 5520 Cenomannica’civitas
1435 5447 1624 5520 posita
1645 5447 2040 5520 erat,mentio-

388 5535 524 5575 nem
555 5519 776 5575 faciunt
805 5525 1026 5576 veteres
1074 5519 1451 5575 membranae
1480 5519 1724 5584 cmnobii
1775 5520 2036 5577 Juvinia-

387 5589 600 5659 censis,
628 5595 695 5646 ut
721 5594 972 5646 testatur
1015 5589 1394 5646 Mabillonius
1444 5589 1544 5645 lib.
1578 5607 1788 5647 xxxvu.
1823 5590 2032 5651 Annal.

389 5658 624 5732 Bened.,
657 5677 801 5718 num
827 5663 917 5720 55.
954 5662 1132 5727 Bouo.

2145 5539 2278 5648 pum
2311 5523 2498 5596 capite
2531 5522 2851 5595 Stavanger
2879 5522 3051 5580 hodie

2173 5610 2262 5648 ur.

2173 5610 2262 5648 ur.

2220 4878 2297 4952 (ἀ)
2327 4879 2408 4952 Cf.
2443 4879 2652 4952 Chron.
2679 4880 2750 4936 de
2778 4879 2960 4952 gestis
2989 4880 3201 4952 Norm.
3221 4897 3274 4936 a.
3303 4880 3430 4952 869.

2221 4951 2292 5023 (θ)
2323 4951 2678 5024 Hospitium,
2708 4950 2920 5024 domus
2952 4969 2985 5006 a
3015 4950 3431 5024 mansionariis
3460 4952 3577 5024 sub
3610 4967 3812 5008 annuo

2149 5038 2328 5096 censu
2357 5022 2704 5096 inhabitata.
2730 5023 3244 5096 Tributumiigitur
3272 5022 3806 5096 impositumﬁerat

2148 5094 2202 5177 ει)
2233 5092 2601 5177 Alo‘dibus‘b)
2633 5095 3019 5177 Mercatoru'm
3050 5092 3220 5177 bonis
3250 5092 3498 5177 ciC—iero
3530 5095 3592 5166 d)
3627 5095 3808 5151 Fran-

2148 5165 2252 5233 cis,
2285 5165 2480 5293 idogst
2519 5165 2790 5222 leudibus
2841 5167 3016 5240 regis,
3067 5171 3188 5222 tam
3239 5165 3582 5223 minoribus
3629 5182 3808 5239 quam

2148 5253 2370 5293 proceri
2417 5254 2506 5292 us.

2190 5253 2506 5292 POCBI‘IDUS.

2147 5253 2506 5308 proceribus.

2217 5311 2290 5380 (Γ)
2321 5307 2404 5381 ΕΓ·
2437 5308 2650 5381 Cbl‘op.
2681 5309 2753 5381 de
2784 5309 2965 5381 gestis
2997 5308 3194 5364 Norm.
3229 5324 3292 5381 a._
3313 5307 3446 5379 8.69.

2217 5377 2294 5451 (9)
2327 5378 2462 5453 Pagi
2496 5379 2677 5453 Isaiae,
2712 5377 2829 5453 sive
2862 5379 3107 5453 Islcgau,
3141 5377 3399 5434 maxima
3430 5396 3574 5453 pars
3622 5397 3807 5438 saecu-

2146 5449 2200 5506 lo
2230 5449 2331 5506 itm
2356 5467 2389 5506 a
2410 5449 2601 5524 'marjs
2635 5451 2908 5524 ﬂuctibus
2939 5449 3212 5524 absorpta
3246 5455 3375 5524 est;
3406 5449 3642 5524 reliqua
3693 5469 3806 5508 uua

3148 5519 3412 5579 estfrisite
3447 5519 3804 5582 adnumera-
