4028 6178
305 351 459 456 i241

1117 398 1475 461 ANNALES
1525 399 1937 461 IIINCMAItO
1985 396 2493 462 DUBI'I‘ANTER
2542 397 2925 460 ASCRIPTI.

3573 395 3726 456 1242

306 525 570 595 introire,
603 526 908 606 ecclesiam
967 528 1204 599 invasit,
1252 531 1410 588 velut
1463 532 1732 589 ethnicus
1791 537 1965 605 atque
1992 541 2048 610 Α
2082 548 2144 586 se
2167 533 2369 603 petens
2390 559 2458 568 —
2480 529 2636 601 quod
2668 528 2779 584 sibi
2805 529 3015 586 totiens
3047 528 3422 586 interdictum
3454 527 3730 586 fuerat--

305 616 696 686 barbarus,ad
729 617 1117 690 perditionem
1142 636 1260 675 suae
1294 619 1502 676 animae
1538 625 1715 693 atque
1748 621 1974 693 pericu-

303 704 431 762 lum
462 704 643 778 hujus
672 708 1015 762 venerandae
1040 705 1246 781 synodi
1269 726 1404 765 cum
1433 711 1559 766 suis
1589 709 1972 782 nequissimis

307 794 717 852 consentaneis
747 798 922 868 atque
967 797 1319 870 sequacibus
1352 799 1642 871 picturam
1687 797 1974 856 destruxit

306 881 791 957 imaginemque‘
840 884 1070 956 dejecit,
1131 903 1309 958 quam
1370 887 1753 944 beatissimus
1821 905 1972 961 papa

307 970 658 1028 Benedictus
698 975 872 1044 atque
923 974 1192 1047 egregius
1241 975 1589 1032 restauravit
1617 980 1672 1032 et
1716 975 1970 1032 lucifluis

310 1059 606 1118 coloribus
637 1060 951 1118 decoravit.

384 1147 725 1206 «Adrianus
748 1151 1081 1225 episcopus,
1105 1168 1307 1212 servus
1333 1171 1634 1211 servorum
1659 1154 1779 1211 Dei.
1799 1151 1970 1214 Omni

312 1237 411 1295 Dei
442 1239 699 1296 ecclesiae
734 1243 939 1298 notum
971 1245 1079 1314 est,
1113 1243 1254 1315 quid
1311 1243 1662 1300 Anastasius
1713 1248 1972 1316 tempore

309 1327 807 1400 praedecessorum
842 1333 1180 1388 nostrorum
1214 1333 1560 1404 pontiﬁcum
1587 1332 1854 1406 gesserit,
1870 1333 1970 1389 sed

311 1419 370 1472 et
396 1415 647 1490 qualiter
675 1417 749 1474 ob
782 1416 842 1475 id
866 1421 888 1453 ²
916 1419 988 1474 de
1019 1419 1117 1476 illo
1152 1425 1366 1478 sanctae
1415 1422 1832 1478 recordationis
1861 1422 1970 1478 Leo

206 1507 212 1514 ’
309 1509 366 1561 et
390 1505 767 1574 Benedictus,
789 1507 1002 1563 'exlmii
1037 1510 1337 1580 praesules,
1373 1510 1750 1580 instituerint,
1777 1510 1972 1585 palam

309 1597 400 1651 est
427 1593 955 1661 cunctis.Quorum
988 1615 1142 1653 unus
1172 1616 1307 1654 eum
1339 1599 1970 1672 deposuit,excommu-

310 1679 523 1739 nicavit
549 1687 608 1739 et
655 1684 1188 1755 anathematizavit,
1221 1688 1370 1744 alter
1413 1706 1546 1745 vero
1599 1689 1972 1746 sacerdotali-

311 1772 424 1828 bus
453 1771 788 1845 exspolians
818 1774 1206 1845 vestimentis,
1231 1776 1385 1833 inter
1416 1777 1596 1835 laicos
1626 1779 1683 1834 in
1717 1796 1974 1836 commu-

310 1860 482 1918 nione
512 1860 747 1935 recepit.
782 1862 1065 1920 Docessor
1097 1865 1302 1938 itaque
1333 1871 1529 1923 noster
1561 1868 1972 1924 sanctissimus

318 1965 471 2022 papa
501 1921 795 2020 Nicolaus,
830 1965 964 2008 eum
997 1921 1224 2026 postea:
1255 1921 1304 2010 si
1343 1921 1968 2030 fidelitermergasan-
2003 1921 2051 1989 Β

310 2041 465 2094 ctam
525 2039 850 2097 Romanam
910 2040 1218 2098 ecclesiam
1279 2043 1591 2112 incederet,
1625 2045 1685 2102 in
1745 2047 1968 2120 gremio

311 2125 436 2199 pari
464 2127 637 2184 modo
666 2125 981 2204 recepisset
1023 2129 1324 2201 Ecclesia};
1369 2133 1468 2188 sed
1499 2132 1814 2192 inﬁdelitas
1840 2137 1889 2207 ej
1901 2153 1968 2192 us

312 2231 469 2272 nunc
499 2215 560 2272 in
591 2220 822 2274 tantum
873 2218 1166 2292 apparuit,
1201 2225 1266 2276 ut
1295 2225 1427 2294 post
1476 2223 1968 2296 depraedationem

310 2303 656 2378 patriarchii
687 2307 870 2363 nostri
903 2308 1375 2383 ablationemque
1423 2311 1792 2382 synodalium
1825 2313 1967 2371 seri-

313 2396 641 2466 pturarum,
676 2411 825 2468 quas
871 2400 992 2453 tam
1035 2383 1214 2470 super
1245 2415 1306 2454 se
1339 2417 1517 2472 quam
1551 2419 1728 2474 super
1757 2402 1965 2474 hujus-

315 2481 926 2541 modiasanctissimis
951 2485 1301 2558 praesulibus
1331 2486 1572 2546 diversis
1603 2490 1968 2563 temporibus

314 2569 579 2627 decretas
635 2580 926 2646 repererat
948 2575 989 2642 ³,
1024 2575 1457 2634 institutionem
1515 2596 1747 2651 quoque
1804 2597 1966 2636 vene-

315 2657 513 2714 randte
544 2659 748 2732 synodi
780 2661 850 2717 ab
879 2661 1026 2735 ipsis
1073 2663 1293 2724 sanctis
1343 2665 1722 2738 pontiﬁcibus
1754 2668 1967 2724 factam

313 2749 494 2818 atque
552 2747 660 2804 sub
717 2747 1159 2823 interpositione
1235 2753 1627 2811 anathematis
1690 2759 1968 2813 retactam

311 2832 519 2890 violari
573 2835 742 2894 nobis
799 2838 1182 2912 subripiendo
1240 2839 1458 2910 fecerit,
1491 2845 1549 2898 et
1599 2843 1868 2901 homines
1896 2846 1968 2901 ad

314 2923 729 2982 seminandum
751 2925 902 2984 inter
921 2927 1222 3002 piissimos
1263 2930 1555 3004 principes
1575 2938 1631 2987 et
1651 2932 1968 2990 Ecclesiam

314 3012 754 3072 Deidiscordias
784 3033 888 3089 per
918 3033 1120 3073 muros
1151 3017 1338 3091 hujus
1369 3019 1620 3077 civitatis
1653 3039 1812 3078 more
1827 3021 1971 3080 furis

315 3103 470 3160 exire
497 3104 1216 3180 coegerit,quemdamque
1243 3107 1650 3182 Adalgrimum
1682 3113 1755 3168 ad
1797 3113 1973 3170 eccle-

319 3190 467 3248 siam
499 3192 842 3267 confugium
885 3193 1197 3251 facientem
1228 3196 1413 3254 oculis
1443 3203 1502 3254 et
1529 3198 1732 3273 lingua
1756 3203 1968 3274 privari

2081 623 2298 675 temere
2339 617 2660 690 usurpavit,
2691 634 2756 672 ac
2813 617 3055 674 vetitum
3114 617 3308 674 locum
3367 616 3725 685 conscendit,

2081 707 2225 764 satis
2251 711 2448 764 nostra
2469 705 2714 762 ecclesia
2735 706 3124 762 murmuravit
3140 711 3195 762 et
3217 707 3728 762 murmurat.Sane

2081 795 2130 852 si
2161 795 2248 851 vel
2281 795 2352 852 ab
2384 796 2526 851 urbe
2558 795 2742 850 Roma
2770 793 3114 866 quantisper
3142 794 3494 862 discesserit,
3515 794 3602 850 vel
3633 812 3726 852 sa-

2081 883 2406 940 cerdotium
2417 882 2502 939 vel
2518 882 2844 940 clericalem
2857 881 3116 954 aliquem
3129 882 3392 939 ordinem
3419 883 3538 940 sive
3559 883 3728 939 mini-

2082 973 2325 1029 sterium
2338 972 2640 1045 quodlibet
2664 975 2920 1045 repetere
2941 973 3042 1028 aut
3062 969 3316 1043 recipere
3341 988 3729 1045 praesumpse-

2081 1062 2175 1130 rit,
2201 1062 2371 1134 quia‘
2387 1065 2588 1118 contra
2608 1065 2830 1116 statuta
2845 1061 3218 1134 praefatorum
3237 1059 3557 1132 praesulum
3589 1077 3726 1117 eon-

2083 1154 2288 1223 traque
2297 1151 2718 1224 jusjurandum
2733 1149 2886 1224 quod
2899 1148 3192 1223 pollicitus
3213 1152 3650 1221 est,numquam
3664 1168 3728 1206 se

2083 1241 2156 1297 ab
2178 1240 2320 1296 urbe
2349 1240 2484 1313 plus
2513 1241 2581 1295 40
2611 1239 2872 1296 millibus
2903 1239 3341 1306 abscessurum,
3368 1254 3475 1294 nec
3494 1238 3515 1272 ⁸
3536 1255 3727 1294 sacer-

2083 1328 2306 1384 dotium
2337 1329 2424 1384 vel
2456 1329 2704 1402 gradum
2753 1327 3040 1384 clericalis
3088 1344 3216 1384 esse
3245 1326 3556 1384 ministerii
3582 1326 3726 1400 peti-

2081 1420 2304 1489 turum,
2337 1419 2522 1474 facere
2560 1417 2872 1486 videbitur,
2905 1434 3040 1474 cum
3089 1415 3364 1476 omnibus
3409 1415 3728 1473 factoribus

2083 1507 2492 1565 consentaneis
2504 1511 2560 1564 et
2571 1507 2925 1580 sequacibus
2936 1507 3061 1564 suis
3077 1505 3435 1562 anathemati
3456 1504 3727 1579 perenni‘5

2085 1601 2404 1671 subjaceat.
2439 1599 2667 1656 Prolata
2698 1598 2755 1654 in
2788 1601 3102 1671 conspectu
3145 1595 3326 1654 totius
3365 1598 3578 1652 sanctae
3610 1595 3727 1652 Ro-

2085 1705 2268 1744 manae
2290 1687 2556 1744 Ecclesiae
2578 1691 2711 1744 ante
2731 1687 2888 1743 hunc
2900 1687 3171 1743 eumdem
3183 1682 3557 1742 Anastasium
3570 1683 3727 1756 apud

2083 1781 2348 1833 sanctam
2409 1777 2724 1834 Praxedem
2783 1762 3064 1850 positum,
3124 1791 3277 1832 anno
3352 1773 3726 1846 pontificatus

2085 1865 2284 1922 domni
2340 1865 2600 1935 Adriani,
2659 1865 2858 1922 sumni
2919 1863 3212 1940 pontiﬁcis
3269 1866 3328 1920 et
3381 1860 3728 1919 universalis

2079 1972 2264 2029 papae,
2297 1955 2486 2029 primo
2516 1973 2620 2029 per
2651 1957 2683 2010 4
2713 1955 2850 2012 Idus
2879 1953 3166 2023 Octobris,
3198 1950 3516 2010 indictione
3542 1955 3597 2006 2.
3626 1973 3654 2001 ››

2152 2044 2462 2101 Lotharius
2491 2048 2832 2118 suspectum
2863 2043 3087 2100 habens
3108 2041 3402 2115 Carolum,
3415 2040 3489 2098 ad
3508 2039 3726 2097 Hludo-

2079 2131 2300 2189 wicum
2332 2150 2393 2190 se
2423 2133 2634 2189 iterum
2666 2131 2998 2206 eontulit,et
3026 2130 3284 2189 obtinuit
3311 2135 3375 2186 ut
3403 2145 3730 2188 sacramen-

2079 2226 2207 2278 tum
2231 2221 2316 2278 illi
2337 2222 2461 2278 ﬁeri
2483 2240 2552 2278 ex
2573 2240 2682 2278 sua
2701 2227 2864 2295 parte
2894 2223 3127 2289 faceret,
3151 2225 3444 2293 quatenus
3474 2218 3535 2274 in
3565 2216 3727 2274 nullo

2081 2315 2432 2368 nocumento
2491 2309 2573 2366 illi
2633 2311 2800 2376 foret,
2832 2311 2881 2367 si
2913 2309 2974 2366 in
3003 2309 3313 2382 conjugem
3354 2305 3727 2364 Waldradam

2079 2398 2406 2469 acciperet;
2438 2398 2641 2470 sicque
2673 2398 2748 2453 ad
2777 2396 3063 2471 palatium
3096 2396 3451 2452 Attiniaeum
3485 2393 3558 2450 ad
3589 2409 3727 2450 eon-

2077 2486 2343 2566 loquium
2374 2486 2562 2543 Caroli
2612 2486 2788 2551 venit,
2821 2486 3019 2559 ibique
3067 2485 3347 2559 placitum
3391 2482 3634 2558 accepit,
3664 2486 3731 2539 ut

2079 2581 2212 2650 post
2233 2577 2461 2632 futuras
2482 2575 2772 2632 Kalendas
2795 2574 3062 2632 Octobris
3092 2573 3270 2631 simul
3301 2572 3514 2631 iterum
3534 2571 3731 2646 loque-

2080 2670 2301 2722 rentur.
2334 2664 2576 2721 Carolus
2631 2669 2826 2720 autem
2885 2679 2987 2736 per
3043 2667 3237 2719 curtes
3267 2662 3458 2736 regias
3487 2656 3547 2717 in
3578 2677 3727 2735 pago

2080 2752 2455 2809 Laudunensi
2481 2753 2868 2808 consistentes
2889 2749 3729 2824 pergens,Hinen1arum,Lau~

2079 2843 2405 2898 dunensem
2428 2841 2789 2914 episc0pum,
2804 2838 2964 2896 nullo
2984 2839 3256 2913 episcopo
3277 2856 3397 2894 suae
3417 2836 3726 2910 provincia

2081 2931 2334 2998 conscio,
2349 2930 2552 3002 jussit,
2573 2934 2636 2985 ut
2657 2931 2727 2986 ad
2761 2945 2969 2985 causas
3000 2928 3235 2997 suas,id
3260 2930 3351 2983 est
3370 2926 3442 2983 ad
3465 2925 3727 2982 seculare

2071 3019 2390 3092 judicium,
2413 3019 2758 3076 advocatum
2793 3035 2968 3076 suum
2999 3018 3184 3086 daret,
3216 3033 3320 3089 pro
3349 3031 3416 3072 eo
3447 3014 3604 3088 quod
3637 3013 3728 3070 be-

2081 3109 2289 3165 neficia
2326 3109 2680 3181 quibusdam
2713 3107 2838 3165 suis
2859 3105 3209 3164 hominibus
3235 3103 3498 3162 abstulit.
3532 3103 3725 3160 Isdem

2081 3203 2275 3255 autem
2307 3197 2618 3271 episcopus
2648 3215 2710 3254 se
2741 3196 3089 3264 reclamans,
3123 3195 3281 3268 quod
3313 3191 3512 3252 relicto
3541 3191 3725 3249 eccle-

319 3281 701 3354 suggesserit.
717 3281 886 3339 Modo
897 3299 1054 3352 vero,
1078 3281 1230 3340 sicut
1247 3285 1414 3341 multi
1443 3291 1701 3344 vestrum
1735 3306 1966 3346 mecum
1999 3287 2041 3354 C
2080 3287 2316 3344 siastico
2333 3287 2556 3360 judicio
2570 3304 2683 3343 non
2706 3287 2945 3343 auderet
2959 3284 3220 3342 seculare
3237 3280 3722 3356 adirejudieium,

317 3385 354 3425 a
383 3369 637 3442 quodam
683 3371 1018 3444 presbytero
1066 3374 1502 3447 consanguineo
1545 3377 1698 3448 ejus,
1729 3379 1964 3436 nomine

308 3455 818 3529 Adone,audistis,
833 3464 891 3516 et
921 3460 1050 3518 aliis
1083 3462 1274 3519 modis
1305 3463 1474 3518 nobis
1507 3466 1827 3522 revelatum
1853 3471 1960 3538 est,

309 3543 728 3603 beneficiorum
777 3565 1009 3620 quoque
1039 3554 1376 3606 nostrorum
1409 3551 1739 3621 immemor,
1773 3555 1961 3612 homi-

311 3649 446 3689 nem
460 3634 530 3690 ad
546 3633 945 3692 Eleutherium
969 3636 1480 3705 misit,exhortans
1504 3640 1820 3700 homicidia
1842 3663 1965 3718 per-

309 3721 549 3792 petrari,
582 3739 733 3796 quas,
765 3723 920 3782 sicut
947 3725 1134 3796 scitis,
1166 3725 1312 3800 proh
1343 3727 1509 3784 dolor
1533 3729 1685 3786 facta
1711 3737 1868 3788 sunt.
1894 3733 1965 3790 Et

307 3806 439 3866 ideo
489 3826 594 3883 pro
647 3811 741 3868 his
797 3813 1073 3870 omnibus
1107 3817 1165 3872 et
1192 3831 1297 3890 pro
1329 3814 1459 3874 aliis
1489 3817 1713 3890 multis,
1746 3820 1963 3894 quibus

308 3897 618 3956 ecclesiam
651 3901 882 3959 Domini
915 3904 1163 3976 perculit
1191 3909 1368 3978 atque
1392 3905 1558 3973 laesit,
1578 3925 1756 3980 quam
1787 3911 1964 3968 etiam

309 3988 578 4046 subdolis
635 3991 1170 4050 machinationibus
1226 3994 1512 4052 hactenus
1571 3999 1814 4055 tundere
1848 4017 1964 4056 non

309 4077 563 4148 desistit,
619 4080 967 4138 auctoritate
997 4081 1099 4138 Dei
1130 4082 1550 4156 omnipotentis
1579 4087 1965 4161 omniumque

309 4171 655 4225 sanctorum
703 4168 940 4228 Patrum
973 4187 1039 4228 ac
1067 4173 1531 4229 venerandorum
1582 4175 1962 4234 conciliorum

309 4257 840 4332 prtedictorumque
871 4261 1215 4334 pontificum
1247 4261 1424 4318 simul
1457 4267 1514 4319 et
1534 4263 1746 4336 judicii
1781 4266 1964 4323 nostri

309 4347 606 4405 sententia
630 4349 952 4418 sancimus,
969 4349 1135 4406 illum
1155 4353 1427 4408 eumdem
1445 4352 1822 4411 Anastasium
1836 4373 1964 4412 esse

307 4437 1168 4512 tenendum,quemadmodum
1201 4441 1272 4497 de
1297 4459 1363 4498 eo
1395 4442 1572 4499 iidem
1603 4444 1803 4500 domni
1824 4461 1965 4518 pon-

307 4525 500 4584 tiﬁces
553 4527 666 4584 Leo
723 4532 780 4585 et
830 4529 1179 4586 Benedictus
1233 4529 1574 4589 solemniter
1602 4537 1658 4588 et
1688 4534 1963 4605 synodiee

309 4618 662 4686 statuerunt,
696 4617 842 4674 nihil
873 4618 932 4674 in
964 4619 1093 4690 ejus
1135 4620 1504 4677 anathemate
1536 4621 1620 4678 vel
1653 4639 1833 4680 causa
1863 4641 1962 4697 pc-

309 4703 472 4762 nitus
502 4705 892 4782 adjungentes
922 4706 1009 4764 vel
1043 4707 1520 4778 minuentes,nisi
1545 4715 1608 4766 ut
1639 4713 1973 4770 omnicom-

308 4793 594 4852 munione
641 4794 1039 4853 ecclesiastica
1094 4797 1355 4870 privatus
1415 4800 1646 4869 existat,
1681 4802 1864 4858 donec
1892 4803 1964 4859 de

309 4881 591 4940 omnibus
638 4883 854 4956 quibus
906 4884 1212 4958 impetitur
1265 4886 1435 4943 nobis
1493 4904 1687 4945 coram
1743 4892 1964 4964 synodo

310 4972 600 5028 rationem
631 4977 850 5044 ponat;
901 4977 958 5029 et
988 4975 1088 5046 qui
1119 4991 1255 5031 cum
1297 4993 1363 5032 eo
1397 4975 1456 5032 in
1488 4976 1801 5046 locutione,
1835 4981 1964 5036 cibo

308 5059 402 5116 vel
433 5064 571 5133 potu
621 5061 1160 5131 communicaverit,
1191 5063 1317 5138 pari
1365 5068 1965 5126 excommunicatione

311 5165 450 5208 eum
479 5165 547 5207 eo
578 5151 846 5208 teneatur
875 5153 1311 5226 annexus,quia
1340 5171 1446 5226 pro
1475 5157 1730 5228 eo,quod
1763 5157 1966 5214 altiora

2074 3378 2228 3434 sicut
2255 3376 2306 3432 ei
2329 3377 2568 3448 jussum
2603 3376 2808 3444 fuerat,
2839 3375 2911 3430 ad
2941 3375 3138 3431 locum
3169 3373 3542 3431 nominatum
3565 3387 3726 3427 secu-

2071 3465 2213 3522 laris
2237 3465 2446 3538 judicii
2479 3481 2593 3520 non
2619 3463 2795 3533 venit,
2829 3463 2929 3520 sed
2963 3479 3172 3520 causas
3202 3479 3320 3518 sua:
3351 3457 3728 3534 impossibili-

2072 3556 2212 3611 tatis
2244 3553 2363 3628 regi
2396 3553 2712 3610 mandavit.
2732 3554 2852 3610 Rex
2871 3558 3069 3609 autem
3089 3551 3328 3609 Carolus
3351 3550 3574 3622 jubens
3591 3546 3726 3608 inde

2073 3643 2360 3714 quasdam
2402 3643 2669 3714 judicare
2727 3641 2902 3698 etiam
2961 3641 3210 3704 infames
3254 3657 3555 3714 personas,
3587 3636 3727 3711 quia

2073 3749 2384 3806 personam
2407 3732 2684 3805 praefatus
2703 3731 3014 3806 episcopus
3036 3747 3153 3788 non
3176 3729 3340 3788 misit
3357 3729 3457 3802 qui
3471 3728 3722 3801 juraret,

2073 3820 2228 3895 quod
2260 3819 2399 3878 illuc
2428 3820 2622 3880 venire
2654 3837 2772 3878 non
2803 3827 3021 3894 posset,
3055 3823 3112 3876 et
3141 3817 3420 3894 quoniam
3479 3817 3725 3874 advoca-

2072 3915 2199 3968 tum
2223 3928 2396 3968 suum
2419 3912 2490 3967 de
2509 3927 2572 3967 se
2593 3911 2653 3966 in
2664 3909 2888 3983 judicio
2910 3907 3159 3966 seculari
3182 3925 3300 3965 non
3321 3907 3500 3975 dedit,
3516 3902 3722 3979 praedi-

2073 4003 2303 4056 ctarum
2334 4017 2718 4071 personarum
2740 3997 2966 4072 judicio
2997 3996 3284 4071 quidquid
3303 3995 3491 4053 isdem
3507 3994 3728 4068 episco-

2073 4105 2185 4160 pus
2215 4088 2286 4144 de
2318 4088 2494 4143 rebus
2515 4091 2572 4142 et
2603 4086 2986 4143 facultatibus
3006 4084 3416 4142 ecclesiasticis
3439 4085 3497 4138 in
3517 4083 3725 4138 usibus

2073 4175 2351 4250 episcopii
2383 4174 2712 4247 specialiter
2741 4174 3012 4240 habebat,
3044 4173 3438 4246 proscriptum
3460 4174 3578 4238 est;
3608 4169 3724 4226 sie-

2073 4282 2186 4337 que
2216 4265 2370 4320 idem
2403 4281 2500 4319 rex
2532 4263 2604 4318 ad
2637 4261 2823 4318 Pistas
2873 4261 3065 4318 medio
3113 4277 3315 4316 mense
3341 4261 3605 4332 Augusto
3627 4275 3721 4314 ve-

2073 4354 2264 4422 niens,
2287 4369 2485 4409 annua
2514 4351 2666 4408 dona
2699 4367 2806 4406 sua
2836 4351 3052 4406 ibidem
3085 4348 3391 4422 accepit,et
3411 4345 3723 4404 castellum

2074 4458 2448 4506 mensurans,
2465 4439 2764 4514 pedituras
2777 4439 2853 4512 (a)
2867 4438 3116 4512 singulis
3131 4455 3200 4495 ex
3217 4454 3322 4494 suo
3342 4453 3518 4510 regno
3539 4435 3718 4492 dedit.

2146 4532 2495 4588 Hincmarus
2564 4534 2786 4597 autem,
2844 4529 3161 4585 Remorum
3223 4523 3720 4598 archiepiscopus,

2073 4623 2456 4680 Hincmarum
2498 4619 2839 4693 episcopum
2882 4617 3331 4674 Laudunensem
3371 4629 3574 4672 secum
3613 4613 3721 4669 du-

2083 4729 2240 4780 cens,
2275 4709 2428 4782 apud
2463 4707 2651 4765 Pistas
2681 4724 2816 4763 cum
2847 4706 2978 4764 aliis
3006 4704 3296 4780 episcopis
3316 4702 3552 4778 scriptis
3572 4701 3646 4778 (b)
3668 4706 3726 4760 et

2073 4796 2264 4859 verbis
2297 4816 2490 4873 regem
2532 4797 2697 4864 adiit,
2731 4797 3043 4854 ostendens
3101 4799 3389 4869 quantum
3447 4789 3722 4867 praejudi-

2075 4891 2231 4948 cium
2263 4893 2320 4945 et
2349 4886 2698 4961 episcopalis
2726 4885 3042 4942 auctoritas
3074 4889 3130 4942 et
3153 4882 3500 4942 universalis
3529 4879 3720 4936 Eccle-

2076 4980 2164 5036 sia
2192 4978 2250 5034 in
2283 4977 2383 5034 tali
2417 4978 2567 5033 facto
2599 4976 2948 5049 patiebatur,
2981 4979 3038 5032 et
3066 4974 3338 5041 obtinuit,
3365 4976 3429 5028 ut
3451 4969 3720 5026 revestito
3791 5031 3798 5041 .

2076 5068 2346 5142 episeopo
2377 5065 2594 5138 quibus
2625 5065 2813 5120 fuerat
2842 5064 3148 5137 spoliatus,
3173 5062 3326 5120 sicut
3355 5075 3531 5117 sacrae
3563 5056 3720 5128 leges

2077 5157 2440 5230 praecipiunt,
2473 5155 2532 5209 in
2563 5152 2860 5226 provincia
2889 5154 2987 5210 ubi
3020 5153 3140 5209 bene
3171 5167 3349 5208 causa
3395 5146 3721 5220 judicanda

1587 5254 1997 5316 VARIANTES
2039 5253 2456 5314 LECTIONES.

387 5320 404 5354 ¹
439 5321 517 5397 ἐρα
543 5319 868 5397 emendan
899 5322 1000 5397 Ch.
1025 5323 1167 5397 etB.
1201 5321 1456 5397 imaque.

313 5391 691 5450 anathemate
719 5391 1002 5466 perhenni
1036 5393 1130 5449 Ch.

1553 5327 1575 5360 ²
1603 5327 1856 5399 qualiter
1885 5330 1956 5386 ab
1986 5329 2071 5386 eis
2103 5329 2198 5385 Ch.

2288 5328 2310 5361 ³
2342 5328 2675 5399 reppererat
2707 5326 2801 5382 Ch.
2897 5325 2917 5357 ⁴
2947 5339 3063 5395 qua
3093 5321 3187 5376 Ch.
3264 5322 3286 5355 ³
3317 5335 3422 5376 nec
3449 5318 3594 5375 deest
3621 5317 3715 5372 Ch.

1899 5471 2132 5528 NOTIE.

385 5549 463 5638 (ει)
493 5549 764 5608 Peditura
794 5569 897 5638 sep
911 5553 1786 5638 pedatura,quodlibetspatium
1807 5565 1962 5618 certo

311 5623 806 5696 pednmgnumero
837 5623 1166 5696 definitum.

387 5694 464 5765 (ὸ)
491 5693 636 5749 Vide
659 5693 952 5751 Hincmari
979 5695 1326 5752 Rhemensis
1358 5696 1659 5768 epistolam
1683 5702 1752 5756 ad
1785 5702 1958 5758 Caro-

2071 5559 2193 5616 lum
2226 5557 2464 5615 Calvum
2497 5575 2649 5614 anno
2679 5557 2785 5610 868
2815 5554 3113 5626 scriptam,
3146 5557 3203 5610 et
3235 5551 3452 5608 Labbci
3496 5548 3715 5606 Coneil.

2071 5636 2212 5688 tom.
2239 5631 2388 5700 VIII,
2425 5647 2556 5702 pag.
2595 5628 2748 5682 1735.
