4028 6178
293 280 447 344 1243

1340 286 1441 346 AD
1486 285 1742 349 OPERA
1789 286 2175 350 HINCMAHI
2219 286 2632 350 APPENDIX.

3540 288 3699 352 1244

290 417 434 485 erat,
467 413 786 473 electorum
838 415 1085 489 judicio,
1119 421 1176 474 et
1223 418 1272 474 si
1321 437 1556 476 necesse
1604 419 1771 488 foret,
1804 425 1938 494 post
1967 422 2022 490 Α
2053 426 2175 478 tare
2204 421 2438 492 resedit,
2471 425 2528 479 et
2565 419 2920 494 quibusdam
2949 418 3240 496 episcopis
3269 419 3702 495 satagentibus,

292 504 402 562 hoc
432 505 697 579 synodali
727 507 1143 564 terminaretur
1185 510 1468 566 examine.
1505 511 1614 566 Sed
1648 515 1706 565 ct
1735 511 1938 566 eodem

292 593 504 668 placito
581 612 679 651 rex
755 597 1087 654 markiones
1144 599 1238 672 (α),
1300 601 1662 655 Bernardum
1720 598 1942 654 scilicet

291 682 578 756 Tholosze,
611 688 668 740 et
715 685 926 741 iterum
984 687 1346 744 Bernardum
1406 687 1646 754 Gothiae,
1684 689 1939 760 itemque

293 771 657 828 Bernardum
679 773 859 830 alium
891 776 1164 849 suscepit.
1201 777 1445 833 Missum
1475 777 1652 832 etiam
1687 776 1942 832 Salomo-

292 859 405 931 nis,
442 861 746 918 Britonum
777 865 965 942 ducis,
997 865 1077 920 ibi
1111 866 1340 922 obviam
1372 866 1602 936 habuit,
1635 883 1738 938 per
1767 882 1940 938 quem

293 949 569 1006 Salomon
599 951 686 1006 illi
717 955 1034 1021 mandavit,
1071 959 1136 1010 ut
1165 955 1322 1012 haud
1383 956 1507 1029 ipse
1555 960 1818 1028 pergeret
1869 956 1941 1010 ad

293 1043 714 1113 expugnandos
743 1041 1137 1101 Nortmannos
1160 1045 1259 1118 qui
1293 1045 1625 1102 residebant
1648 1045 1705 1099 in
1729 1045 1941 1116 Ligeri,

262 1127 437 1200 ,quia
465 1127 652 1186 isdem
684 1131 956 1188 Salomon
989 1149 1122 1188 cum
1168 1133 1360 1190 valida
1410 1151 1590 1190 manu
1640 1133 1941 1189 Britonum

295 1221 538 1291 paratus
566 1223 688 1274 erat
714 1220 846 1277 illos
877 1224 1380 1295 aggredi,tantum
1413 1228 1478 1279 ut
1497 1222 1854 1294 adjutorium
1877 1240 1944 1278 ex

297 1308 461 1378 parte
491 1306 678 1362 Caroli
713 1309 970 1366 haberet.
1006 1313 1091 1368 Ad
1138 1329 1312 1385 quem
1374 1313 1525 1369 idem
1559 1329 1658 1368 rex
1687 1311 1944 1383 praemit-

298 1397 430 1450 tens
464 1395 942 1469 Engelramnum,
973 1402 1360 1458 camerarium
1419 1407 1474 1458 et
1527 1401 1944 1456 bestiariorum

298 1483 646 1556 magistrum
676 1491 848 1560 atque
864 1505 898 1544 a
915 1489 1155 1546 secretis
1175 1489 1574 1548 consiliarium
1607 1507 1944 1560 suum,cum

297 1587 510 1628 corona
543 1590 685 1630 auro
733 1581 790 1632 et
839 1579 1088 1651 gemmis
1145 1585 1368 1646 ornata,
1404 1581 1503 1636 sed
1533 1583 1588 1634 et
1619 1595 1753 1634 cum
1785 1578 1944 1634 omni

297 1667 640 1734 paramento
670 1666 830 1740 regio
861 1667 1020 1724 cultu
1071 1667 1320 1735 exculto,
1354 1669 1845 1725 Carolomannum
1878 1669 1944 1722 fi-

297 1747 446 1806 lium
487 1770 688 1821 suum,
723 1754 1034 1812 diaconum
1081 1761 1140 1812 et
1185 1759 1480 1824 abbatem,
1527 1775 1661 1814 cum
1721 1774 1888 1813 sacra
1917 1774 1946 1812 e

297 1839 564 1919 vestigio,
599 1843 753 1900 sicut
810 1843 1085 1902 Salomon
1141 1847 1191 1902 ei
1247 1847 1647 1914 mandaverat,
1682 1846 1864 1914 misit,
1900 1860 1960 1911 et

299 1928 436 1986 inde
463 1931 815 1990 Andriacam
873 1934 1074 1992 villam
1133 1937 1320 2010 gratia
1376 1935 1629 1992 venandi
1685 1935 1957 2008 perrexit.

301 2018 481 2075 Scara
509 2037 638 2093 quin
669 2038 806 2078 cum
832 2022 1256 2082 Carolomanno
1288 2043 1321 2080 a
1347 2024 1553 2080 Carolo
1613 2040 1748 2097 rege
1795 2027 1962 2078 trans

303 2106 638 2180 Sequanam
670 2111 872 2178 missa,
906 2116 1122 2170 terram
1155 2113 1391 2186 quidem
1425 2112 1810 2179 vastavit,sed
1837 2109 1964 2167 nul-

301 2192 417 2250 lius
450 2196 720 2254 utilitatis
751 2201 1021 2256 effectum
1051 2219 1120 2256 ex
1148 2203 1546 2269 Nortmannis,
1577 2201 1648 2257 ad
1681 2217 1830 2274 quos
1871 2215 1964 2255 re-

303 2281 634 2340 sistendum
657 2287 839 2344 missa
865 2289 1574 2362 fuerat,faciens,jubentc
1598 2305 1732 2362 rege
1753 2287 1958 2344 Carolo

305 2369 513 2442 rediit;
545 2377 600 2429 et
631 2374 715 2431 sic
746 2377 1154 2450 unusquisque
1194 2379 1267 2434 ad
1307 2379 1415 2434 Sua
1463 2377 1732 2451 perrexit.
1768 2376 1960 2432 Picta-

301 2475 511 2518 venses
541 2467 738 2520 autem
765 2468 897 2521 vota
939 2465 1218 2524 facientes
1249 2467 1365 2524 Deo
1396 2471 1454 2522 et
1487 2471 1690 2522 sancto
1724 2464 1964 2544 Hilario,

305 2548 474 2607 tertio
505 2553 742 2609 eosdem
771 2555 1166 2612 Nortmannos
1193 2557 1358 2612 fuere
1393 2555 1676 2630 aggressi,
1709 2571 1965 2627 quorum

307 2636 506 2710 plures
537 2643 896 2713 occiderunt,
916 2649 1140 2702 ceteros
1169 2663 1302 2702 vero
1331 2645 1391 2702 in
1424 2646 1623 2718 fugam
1657 2645 1966 2701 miserunt.

205 2809 213 2818 ι
307 2733 365 2786 et
393 2731 463 2786 de
505 2731 665 2787 omni
713 2733 927 2806 praeda,
960 2739 1198 2808 excepta
1252 2735 1583 2791 voluntaria
1636 2731 1962 2795 oblatione,

309 2818 597 2876 decimam
630 2824 832 2878 sancto
881 2821 1098 2880 Hilario
1157 2824 1554 2880 contulerunt.
1589 2819 1838 2878 Carolus
1869 2837 1968 2876 rex

305 2907 597 2965 Kalendas
618 2911 956 2968 Decembris
986 2913 1346 2968 Carisiacum
1371 2912 1636 2978 veniens,
1673 2911 1965 2982 quosdam

303 2996 746 3069 primores,tam
773 3017 840 3056 ex
870 3001 1160 3075 episcopis
1193 3017 1370 3073 quam
1401 3017 1470 3056 ex
1501 2999 1630 3056 aliis
1649 2999 1813 3073 regni
1845 2999 1961 3066 sui,

286 3087 541 3168 gobviam
563 3087 675 3144 sibi
699 3088 1020 3159 accersivit,
1047 3093 1102 3146 et
1123 3092 1452 3149 commotus
1473 3093 1675 3144 contra
1700 3088 1967 3143 llincina-

2049 516 2244 568 actum
2277 516 2366 568 est
2403 516 2470 568 ut
2516 511 2627 585 ipsi
2687 512 2787 584 qui
2837 511 3002 568 missi
3052 512 3300 577 fuerant,
3335 511 3407 567 de
3453 511 3707 568 ecclesia

2051 617 2186 657 eum
2242 619 2358 656 non
2416 600 2824 669 extraherent;
2884 601 2984 657 sed
3060 601 3186 657 sine
3239 599 3337 657 illo
3396 601 3468 656 ad
3527 601 3708 656 Caro-

2049 691 2173 746 lum
2233 692 2550 761 redierunt,
2613 707 2935 763 omnesque
3011 689 3280 747 homines
3333 687 3525 762 ipsius
3582 689 3707 761 epi-

2051 780 2232 852 scopii
2290 779 2512 839 liberos,
2563 780 2674 836 sibi
2730 783 3099 838 sacramenta
3155 779 3279 835 fieri
3337 777 3494 834 fecit.
3523 777 3709 834 Caro-

2050 867 2144 924 lus
2170 873 2366 924 autem
2410 866 2577 924 valde
2625 871 2976 936 commotus,
3011 867 3302 940 synodum
3331 867 3404 938 (c)
3434 865 3708 923 omnium

2051 957 2457 1030 episcoporum
2517 957 2678 1029 regni
2732 956 2824 1012 sui
2857 973 2956 1012 vm
2989 955 3232 1012 Kalend.
3268 955 3406 1012 Maii
3437 955 3711 1011 secunda:

2053 1045 2390 1115 indictionis
2423 1045 2575 1118 apud
2607 1044 2970 1100 Vermeriam
3001 1042 3408 1116 condixit,quo
3430 1043 3710 1098 eumdem

2052 1133 2432 1189 Hincmarum
2465 1133 2540 1202 (ἀ)
2581 1133 2922 1206 episc0pum
2973 1133 3166 1188 vocari
3224 1131 3518 1204 praecepit.
3583 1131 3714 1203 Ipse

2054 1225 2247 1278 autem
2281 1222 2353 1278 ad
2384 1223 2677 1278 Conadam
2710 1221 2779 1294 (ε)
2811 1221 3005 1278 vicum
3039 1219 3216 1276 nimis
3254 1220 3715 1294 incongruenter

2053 1314 2111 1366 et
2142 1328 2244 1383 pro
2294 1310 2575 1383 qualitate
2632 1311 2913 1384 temporis
2963 1314 3021 1366 et
3063 1327 3168 1382 pro
3201 1308 3506 1366 nimietate
3535 1307 3714 1364 famis

2053 1399 2322 1472 perrexit,
2340 1399 2438 1455 ubi
2471 1400 2763 1472 quosdam
2779 1399 3104 1471 Aquitanos
3125 1398 3327 1454 obvios
3348 1397 3586 1465 habuit;
3609 1397 3713 1454 sed

2053 1489 2406 1555 markiones,
2439 1492 2555 1544 tres
2585 1487 2854 1544 videlicet
2909 1487 3264 1553 Bernardos,
3293 1503 3443 1558 quos
3472 1484 3586 1542 sibi
3618 1503 3715 1541 oc-

2053 1594 2284 1632 currere
2309 1577 2554 1649 putavit,
2581 1593 2695 1632 non
2719 1576 2943 1632 habens
2971 1575 3194 1642 obvios,
3215 1592 3330 1631 non
3354 1574 3480 1631 sine
3502 1573 3717 1630 sollici-

2051 1667 2254 1722 tudine
2266 1670 2322 1722 et
2333 1666 2459 1722 sine
2484 1665 2756 1722 utilitatis
2780 1667 2983 1721 effectu
3009 1665 3080 1720 ad
3105 1663 3500 1721 Silvanectum
3517 1661 3713 1719 rediit:

2058 1756 2310 1828 indeque
2330 1759 2542 1828 quarta
2565 1755 2706 1810 feria
2727 1771 2800 1810 an
2812 1759 2868 1810 te
2889 1754 3125 1810 initium
3149 1752 3613 1827 quadragesima:
3645 1753 3720 1808 ad

2068 1843 2488 1900 monasterium
2502 1841 2949 1916 sanctiDionysii
2963 1840 3316 1916 perrexit,ibi
3323 1858 3434 1914 que
3445 1844 3721 1897 sanctum

2069 1932 2530 2005 quadragesimae
2580 1933 2896 2004 jejunium.
2937 1930 3129 2004 exegit
3159 1933 3216 1988 et
3235 1929 3455 2002 pascha
3483 1928 3719 1986 Domini

2069 2020 2400 2092 celebravit,
2424 2025 2480 2078 et
2501 2019 2806 2077 castellum
2830 2019 2888 2076 in
2909 2035 3049 2094 gyro
3079 2017 3265 2092 ipsius
3288 2017 3629 2075 monasterii
3653 2035 3726 2073 ex

2069 2109 2231 2182 ligno
2255 2113 2310 2165 et
2329 2109 2522 2182 lapide
2549 2110 2834 2166 conficere
2864 2108 3056 2181 coepit.
3071 2109 3141 2164 Et
3171 2111 3486 2180 antequam
3519 2107 3593 2162 ad
3615 2109 3721 2162 Co-

2073 2199 2287 2254 nadam
2317 2203 2600 2271 pergeret,
2636 2215 2738 2270 per
2767 2214 2939 2254 omne
2969 2213 3217 2272 regnum
3267 2213 3444 2253 suum
3495 2195 3722 2251 litteras

2075 2285 2256 2354 misit,
2289 2292 2357 2343 ut
2385 2287 2664 2361 episcopi,
2697 2287 2939 2344 abbates
2969 2291 3028 2342 et
3057 2285 3368 2342 abbatissae
3417 2285 3620 2342 breves
3649 2284 3724 2340 de

2075 2375 2396 2433 honoribus
2440 2375 2584 2443 suis,
2614 2380 2836 2449 quanta
2889 2391 3099 2433 mansa
3156 2373 3407 2446 quisque
3459 2373 3724 2438 haberet,

2076 2467 2148 2522 ad
2173 2467 2187 2502 '
2217 2466 2445 2524 futuras
2473 2465 2763 2522 Kalendas
2793 2464 2928 2520 Maii
2959 2464 3182 2520 deferre
3212 2468 3504 2530 curarent,
3517 2461 3728 2519 vasalli

2077 2560 2271 2612 autem
2294 2555 2571 2612 dominici
2591 2553 2870 2610 comitum
2890 2553 3256 2624 heneficia,et
3276 2551 3522 2609 comites
3542 2549 3732 2608 vasal-

2076 2645 2266 2702 lorum
2314 2643 2600 2701 beneficia
2649 2642 3064 2710 inbreviarent,
3097 2646 3156 2698 et
3185 2641 3458 2716 praadicto
3508 2639 3728 2714 placito

2075 2734 2287 2789 aedium
2320 2735 2520 2790 breves
2547 2733 2682 2788 inde
2714 2732 3023 2796 deferrent,
3046 2735 3104 2787 et
3134 2731 3204 2786 de
3233 2735 3469 2788 centum
3501 2727 3734 2785 mansis

2075 2839 2260 2879 unum
2281 2821 2640 2878 haistaldum
2655 2821 2723 2893 (Γ)
2733 2825 2791 2877 et
2802 2822 2871 2877 de
2885 2819 3045 2876 mille
3058 2819 3281 2877 mansis
3295 2835 3480 2876 unum
3494 2835 3734 2874 carrum

2075 2928 2209 2967 cum
2225 2911 2454 2967 duobus
2465 2911 2655 2968 bobus
2668 2909 2940 2984 pradicto
2957 2907 3348 2981 placito’eum
3361 2906 3495 2963 aliis
3507 2905 3735 2963 exoniis

2076 3019 2202 3074 quae
2225 3017 2470 3074 regnum
2491 2998 2651 3056 illius
2673 2999 2990 3055 admodum
3009 3001 3274 3071 gravant,
3290 2996 3361 3052 ad
3387 2996 3578 3051 Pistas
3600 2995 3738 3050 mit-

2075 3091 2117 3146 ti
2143 3089 2436 3164 przecepit,
2459 3091 2749 3160 quatenus
2770 3087 2881 3160 ipsi
2905 3085 3181 3143 haistaldi
3212 3083 3543 3151 castellum,
3571 3084 3737 3156 quod

309 3191 462 3242 rum,
496 3177 946 3234 Laudunensem
991 3178 1353 3252 episcopum,
1387 3177 1526 3250 quia
1557 3179 1801 3233 Romam
1835 3175 1961 3232 sine
1995 3164 2036 3231 C
2075 3179 2290 3236 ibidem
2323 3195 2392 3234 ex
2420 3179 2580 3251 ligno
2611 3183 2668 3234 et
2700 3177 2892 3249 lapide
2923 3175 3044 3232 ﬁeri
3079 3174 3372 3248 praecepit,
3395 3173 3740 3230 excolerent

310 3261 470 3320 illius
495 3263 849 3322 conscientia
871 3265 1216 3336 miserat(b),
1231 3271 1288 3322 et
1307 3265 1586 3341 epistolas
1605 3283 1708 3338 pro
1741 3265 1958 3338 quibus

313 3370 428 3408 non
459 3359 806 3412 convenerat
863 3355 1215 3424 obtinuerat,
1251 3357 1441 3412 eidem
1497 3373 1630 3412 vero
1689 3354 1960 3428 episcopo

313 3441 740 3498 contumaciter
787 3443 897 3500 sibi
949 3445 1245 3500 resistenti
1287 3445 1453 3501 valde
1503 3445 1766 3500 infensus
1817 3445 1959 3498 erat.

314 3527 479 3587 Unde
497 3529 684 3588 isdem
715 3531 1024 3606 episcopus
1048 3534 1173 3589 sine
1203 3533 1362 3590 illius
1395 3533 1788 3598 licentia,cum
1812 3549 1962 3604 saepe

315 3617 387 3674 ab
409 3637 475 3676 eo
498 3626 770 3678 evocatus
800 3622 988 3678 fuerat
1015 3627 1072 3678 ct
1101 3623 1170 3678 ad
1204 3621 1370 3678 illum
1391 3621 1584 3678 venire
1616 3621 1961 3690 distulisset,

316 3708 389 3764 ad
421 3709 618 3766 sedem
651 3727 819 3767 suam
851 3711 1120 3784 perrexit,
1155 3715 1212 3766 et
1244 3709 1498 3782 amplius
1531 3726 1708 3780 quam
1740 3709 1963 3782 episco-

315 3797 466 3870 palis
495 3799 750 3870 gravitas
783 3798 1061 3871 postulat,
1095 3800 1369 3854 eumdem
1428 3815 1621 3870 regem
1671 3801 1874 3854 contra
1903 3814 1964 3854 se

317 3883 605 3940 excitavit.
638 3885 878 3943 Carolus
904 3890 1100 3943 autem
1133 3886 1556 3960 Compendium
1587 3885 1966 3954 veniens,ibi-

318 3972 452 4029 dem
483 3973 846 4030 nativitatem
876 3976 1104 4031 Domini
1135 3974 1464 4032 celebravit.

966 4117 1325 4174 DCCCLXIX.

389 4242 460 4297 Et
501 4242 775 4315 quoniam
837 4242 1024 4299 isdem
1085 4243 1413 4316 episcopus,
1447 4243 1622 4298 etiam
1669 4261 1773 4316 per
1822 4243 1968 4301 alios

323 4330 630 4405 episcopos
659 4336 932 4389 evocatus
961 4337 1026 4388 ut
1055 4334 1126 4388 ad
1160 4331 1328 4388 illum
1370 4332 1610 4401 veniret,
1635 4333 1966 4404 jussionem

318 4418 478 4477 illius
510 4419 752 4495 implere
781 4422 1142 4488 detrectavit,
1173 4439 1398 4478 scaram
1423 4438 1490 4478 ex
1515 4423 1969 4496 quamplurimis

321 4507 634 4566 comitibus
668 4510 830 4584 regni
861 4511 954 4567 sui
985 4512 1307 4569 confectam
1341 4512 1690 4568 Laudunum
1716 4511 1971 4582 misit,ut

321 4597 518 4669 ipsum
549 4597 890 4672 episcopum
920 4600 994 4656 ad
1037 4617 1173 4656 cum
1225 4599 1506 4657 violenter
1563 4601 1967 4673 perducerent.

324 4686 516 4744 Isdem
547 4692 743 4745 autem
770 4689 1079 4762 episcopus
1112 4707 1246 4746 cum
1279 4690 1503 4746 clericis
1535 4691 1660 4748 suis
1682 4692 1854 4762 juxta
1883 4689 1972 4746 al-

2067 3271 2125 3324 et
2154 3266 2539 3324 custodirent.
2573 3265 2903 3334 Lotharius,
2929 3265 3169 3320 mittens
3191 3262 3264 3319 ad
3287 3277 3423 3318 eum
3454 3261 3558 3317 sed
3577 3264 3637 3316 et
3652 3261 3730 3316 ad

2069 3355 2502 3423 Hludowicum,
2524 3354 2792 3427 petiit,ut
2810 3353 2869 3408 in
2893 3370 3000 3410 suo
3022 3369 3201 3426 regno
3226 3349 3460 3408 nullum
3481 3349 3736 3422 impedi—

2071 3449 2336 3502 mentum
2367 3444 2416 3500 ei
2447 3444 2724 3509 facerent,
2758 3443 2940 3498 donec
2999 3443 3125 3514 ipse
3167 3441 3352 3497 Roma
3407 3439 3648 3495 rediret.
3681 3441 3732 3494 Α

2070 3532 2274 3590 Carolo
2304 3537 2500 3588 autem
2533 3531 2756 3588 nullam
2788 3529 3126 3602 firmitatem
3159 3528 3505 3603 accepit,sed
3529 3545 3566 3584 a
3594 3526 3739 3583 Hlu-

2075 3623 2302 3679 dowico
2335 3621 2489 3677 sicut
2507 3620 2724 3676 dicitur
2746 3619 3084 3676 ﬁrmitatem
3107 3618 3242 3674 inde
3265 3616 3738 3689 suscipiens,Ro-

2077 3728 2234 3768 mam
2259 3708 2842 3782 perrexit,locuturus
2857 3708 3022 3780 prius
3036 3723 3170 3763 cum
3185 3703 3528 3763 Hludowico
3549 3705 3739 3759 fratre

2073 3819 2178 3856 suo
2211 3799 2691 3872 imperatore,.ut
2722 3803 2884 3864 tunc,
2917 3797 2968 3854 si
3001 3800 3218 3870 posset,
3250 3813 3354 3870 per
3395 3811 3532 3851 eum
3571 3793 3736 3867 apud

2071 3889 2286 3946 Adrian
2296 3906 2392 3943 um
2418 3905 2630 3961 papam
2652 3887 2958 3954 obtineret,
2984 3891 3273 3958 quatenus
3295 3884 3738 3956 Theutbergam

2073 3980 2338 4050 rejiceret
2360 3981 2416 4033 et
2437 3975 2811 4034 Waldradam
2837 3975 3496 4046 resumeret,ipsamque
3515 3971 3748 4028 Theut-

2074 4068 2313 4140 bergam
2337 4070 2470 4139 post
2494 4082 2556 4122 se
2580 4066 2825 4121 Romam
2849 4063 2933 4120 ire
2957 4063 3232 4136 praecepit
3257 4081 3272 4130 ;
3293 4062 3394 4118 sed
3420 4066 3488 4117 ut
3502 4059 3746 4116 diceba-

2075 4155 2586 4224 tur,Hludowicus
2606 4153 2925 4228 imperator
2937 4152 3008 4209 ab
3029 4151 3369 4208 obsessione
3388 4151 3740 4207 Sarraceno-

2077 4263 2209 4301 rum
2224 4262 2328 4319 pro
2343 4244 2538 4300 fratris
2552 4243 2641 4298 sui
2659 4243 2940 4315 petitione
2953 4259 3067 4298 non
3083 4241 3386 4298 debuisset
3409 4240 3744 4306 discedere,

2077 4335 2171 4390 cui
2195 4332 2449 4407 amplius
2479 4348 2656 4406 quam
2690 4333 2975 4388 ducentas
3000 4347 3175 4388 naves
3208 4347 3308 4387 rex
3326 4329 3748 4386 Graecorumin

2079 4423 2360 4480 auxilium
2383 4427 2584 4479 contra
2604 4421 2842 4490 eosdem
2864 4421 3215 4478 Sarracenos
3234 4418 3504 4476 festinato
3535 4419 3752 4476 mitte-

2002 4535 2048 4600 Ι)
2079 4513 2197 4568 bat.
2235 4511 2549 4568 Lotharius
2580 4509 2712 4580 iter,
2747 4510 2904 4584 quod
2963 4514 3223 4583 tempore
3280 4505 3751 4600 inconvenienti,

2081 4601 2303 4658 scilicet
2320 4617 2520 4658 mense
2539 4600 2738 4668 Junio,
2760 4617 2938 4657 causa
2957 4615 3205 4654 uxorum
3227 4595 3547 4654 suarumin
3569 4602 3756 4669 parte

2082 4690 2276 4747 Romae
2297 4692 2567 4761 coeperat,
2591 4688 2953 4746 contendens
2973 4687 3270 4761 perﬁcere,
3293 4702 3482 4758 usque
3503 4685 3751 4742 Raven-

1593 4788 2006 4846 VARIANTES
2047 4787 2356 4845 LECTION
2360 4787 2464 4844 ES.

397 4885 410 4918 '
444 4884 516 4941 ad
546 4883 689 4942 deest
719 4885 814 4941 Ch.
927 4889 947 4922 ²
976 4887 1250 4960 praedicto
1281 4886 1494 4959 placito
1521 4887 1665 4943 deest
1693 4886 1785 4942 Ch.
1898 4919 1908 4923 -

1915 4993 2148 5050 NOTAE.

397 5097 726 5171 Bernardus
781 5101 900 5156 dux
954 5101 1298 5171 Tolosanus,
1357 5100 1675 5158 Raimundi
1730 5100 1753 5156 Ι
1811 5098 1970 5156 filius

325 5173 480 5238 erat;
505 5167 837 5228 Bernardus
867 5173 986 5228 dux
1017 5173 1258 5243 Gothiae,
1285 5167 1535 5229 alterius
1568 5171 1844 5228 Bernardi
1875 5172 1974 5228 Ce-

325 5243 745 5322 nomannensis
775 5245 1194 5322 comitisAﬁlius
1219 5263 1232 5313 ;
1260 5245 1473 5322 tertius
1496 5244 1854 5322 _B_ernardus,
1871 5243 1971 5322 qui

325 5311 646 5386 honoribus
676 5385 681 5386 γ
706 5315 963 5386 privatus
1013 5311 1398 5371 fuerat'anno
1447 5318 1553 5371 864
1594 5315 1654 5370 in
1686 5311 1972 5386 conventu

326 5383 608 5460 Pisten‘si,
630 5383 787 5460 ﬁli—us
814 5393 938 5460 erat
957 5387 1256 5460 ABernardir
1277 5386 1646 5460 Septimaniae
1677 5385 1972 5459 ducis,qui

328 5471 482 5510 anno
511 5457 616 5512 844
646 5475 680 5512 a
710 5457 911 5514 Carolo
943 5458 1112 5516 Calvo
1143 5457 1371 5516 occisus
1403 5463 1508 5516 est.
1540 5459 1718 5520 Bouo.

399 5526 588 5593 (b)Cf.
641 5530 928 5601 synodum
991 5531 1534 5601 Duziacensem,et
1591 5528 1970 5585 Hincmarum

221 5655 229 5658 _
330 5594 717 5654 Rhemensem
751 5601 808 5656 in
841 5601 1122 5674 opusculo
1151 5606 1328 5676 Capp.
1361 5594 1472 5658 LV.
1507 5600 1685 5662 Bono.

2151 5103 2224 5170 (ο)
2255 5099 2318 5154 In
2348 5099 2457 5156 hac
2487 5097 2706 5170 synodo
2737 5098 3081 5170 confirmata
3110 5098 3251 5170 sunt
3279 5097 3566 5170 praecepta
3581 5111 3750 5170 con-

2081 5165 2246 5228 cessa
2275 5165 2629 5228 monasterio
2659 5169 3006 5226 Carrofensi.
3041 5165 3558 5224 Conﬁrniationem
3581 5165 3751 5223 hanc

2082 5243 2284 5300 recitat
2314 5242 2584 5298 Labbeus
2614 5241 2681 5297 T.
2715 5241 2737 5297 l
2768 5239 3011 5309 Concil.,
3047 5256 3104 5312 p.
3145 5240 3303 5295 1527.

2152 5314 2230 5384 (d)
2261 5315 2345 5370 Cf.
2380 5312 2677 5369 Hincmari
2706 5329 2796 5384 ep.
2829 5313 2919 5368 35.

2153 5386 2226 5460 (θ)
2257 5386 2459 5460 σοιςηθη
2479 5386 2657 5460 Bono.

2152 5451 2219 5530 (fl
2249 5455 2582 5530 Ηαίδιαιάιφε
2606 5453 2860 5530 agriqgla'
2880 5453 3046 5530 liber,
3083 5454 3527 5530 ql_1_i_non_tene_t
3552 5451 3748 5530 hara-

2082 5523 2322 5654 ditggellm
2354 5545 2387 5582 a
2417 5526 2596 5582 curia.
2631 5523 2714 5582 Cf.
2748 5524 3078 5592 Hontheim,
3098 5523 3275 5582 'Hist.
3329 5523 3579 5593 Trevir.,
3606 5527 3656 5576 t.
3697 5524 3747 5587 Ι.

2085 5617 2142 5654 n.
2287 5639 2299 5652 .

2085 5617 2142 5670 p.
2174 5617 2299 5654 004.
