4028 6178
323 401 478 464 1245

1134 403 1241 462 AN
1249 403 1502 464 NALES
1548 403 1959 466 HlNCMAltO
2003 402 2508 465 DUBl'l‘ANTER
2549 405 2933 468 ASCltIl‘TI.

3593 407 3749 468 1246

321 551 459 592 nam
487 533 664 603 venit,
689 533 788 592 ubi
823 533 1039 592 missos
1067 534 1269 591 fratris
1291 535 1383 590 sui
1408 535 1608 592 obvios
1629 535 1857 607 habuit,
1883 554 1986 610 per
2013 535 2066 602 Α
2095 537 2160 591 Et
2188 553 2284 606 ego
2313 536 2418 592 tibi
2444 537 2670 593 concedo
2719 537 2923 594 laicam
2966 541 3419 608 communionem,
3449 556 3513 596 ea
3560 540 3750 597 condi”

321 639 469 696 quos
500 627 558 681 et
586 622 1036 691 contradixit,ut
1068 639 1172 678 nec
1207 621 1268 678 in
1299 628 1473 680 antea
1506 625 1862 698 procederet,
1884 644 1990 683 nec

320 711 547 769 diutius
576 711 636 768 in
666 712 872 768 eodem
894 727 1071 785 regno
1099 711 1544 778 immoraretur,
1575 715 1676 770 sed
1701 717 1772 770 ad
1807 732 1984 772 suum

321 817 570 874 regnum
600 801 833 872 rediret,
857 806 916 857 et
944 805 1203 874 tempore
1226 803 1539 858 commodo
1571 808 1629 858 et
1659 810 1988 876 opportuno

321 890 451 948 loco
482 890 662 948 simul
691 890 1086 956 convenirent,
1111 894 1171 946 et
1201 891 1271 947 de
1302 891 1522 962 quibus
1557 891 1726 948 vellet
1756 910 1892 950 cum
1924 911 1989 950 eo

327 984 638 1053 satageret.
659 979 972 1036 Lotharius
993 983 1190 1036 autem
1214 980 1462 1036 Romam
1492 981 1744 1048 rediens,
1760 998 1793 1038 a
1811 982 1989 1040 latere

325 1069 398 1124 ad
431 1085 608 1124 suum
629 1068 869 1125 fratrem
893 1068 952 1124 in
985 1068 1383 1125 Beneventum
1405 1085 1598 1142 usque
1630 1072 1910 1143 pervenit,
1935 1077 1992 1127 et

324 1157 482 1230 apud
511 1173 648 1215 eum
677 1173 782 1230 per
807 1156 1232 1230 Engelbergam
1275 1157 1480 1214 multis
1510 1158 1902 1230 petitionibus
1934 1163 1992 1216 et

323 1245 672 1303 muneribus
690 1250 864 1318 atque
879 1245 1346 1302 inconvenientis
1363 1247 1638 1313 obtinuit,
1655 1250 1720 1302 ut
1737 1247 1868 1320 ipsa
1884 1248 1992 1303 En'

323 1333 600 1409 gelberga
616 1349 752 1392 cum
771 1351 838 1393 eo
858 1351 1049 1408 usque
1067 1335 1138 1391 ad
1160 1335 1584 1392 monasterium
1607 1335 1991 1392 sanctiBene'

324 1423 487 1492 dicti,
508 1423 746 1497 quodin
769 1429 968 1481 monte
991 1425 1232 1480 Cassino
1273 1423 1453 1481 situm
1476 1429 1585 1492 est,
1610 1425 1842 1482 rediret.
1866 1427 1989 1492 Quo

325 1513 503 1569 etiam
524 1512 850 1568 Adrianum
873 1529 1086 1586 papam
1108 1513 1298 1569 eidem
1317 1513 1690 1586 Engelbergaz
1713 1517 1769 1570 et
1790 1513 1901 1570 sibi
1923 1530 1991 1570 ex

318 1601 590 1674 jussione
615 1601 988 1674 imperatoris
1009 1601 1206 1657 venire
1229 1601 1383 1670 fecit,
1409 1607 1464 1658 et
1486 1604 1640 1676 apud
1665 1619 1824 1674 eum,
1840 1603 1990 1660 datis

327 1689 414 1746 illi
438 1688 643 1746 multis
668 1689 1036 1762 muneribus,
1061 1707 1164 1763 per
1182 1690 1373 1762 ipsam
1397 1691 1822 1765 Engelbergam
1843 1691 1989 1747 obti-

328 1777 480 1845 nuit,
503 1782 569 1834 ut
590 1779 744 1834 idem
768 1795 920 1852 papa
939 1777 1023 1833 illi
1049 1779 1294 1835 missam
1318 1780 1656 1848 cantavcrit,
1682 1785 1740 1836 et
1759 1797 1986 1837 sacram

2098 626 2261 692 tione,
2293 633 2355 680 ut
2397 627 2495 695 ita,
2543 624 2793 697 quandiu
2839 627 3066 695 vixeris,
3103 629 3382 699 _observes,
3409 630 3552 684 sicut
3597 627 3751 686 modo

2091 716 2371 786 pro/“casus
2399 692 2578 786 fuisti.
3054 692 3060 695 ⁷
3103 692 3112 715 ’

2171 803 2533 875 Engelberga
2563 803 2816 875 denique
2848 803 3126 860 redeunte
3157 807 3229 860 ad
3265 809 3477 862 suum‘
3507 807 3752 880 impera-

2098 891 2616 957 torem,Adrianus
2638 909 2788 964 papa
2812 893 3056 948 Romam
3092 909 3358 949 reversus
3387 899 3494 964 est,
3513 913 3688 969 quem
3719 912 3751 952 e

2096 980 2340 1053 vestigio
2370 980 2686 1036 Dotharius
2707 985 2797 1037 est
2825 985 3191 1052 prosecutus.
3217 981 3288 1036 Et
3316 981 3567 1040 Adriano
3600 1001 3752 1056 papa

2101 1069 2346 1124 Romam
2377 1067 2761 1141 ingrediente,
2795 1069 3105 1126 Lotharius
3139 1069 3212 1126 ad
3259 1069 3564 1127 ecclesiam
3595 1072 3750 1128 beati

2101 1157 2248 1214 Petri
2282 1157 2456 1226 venit,
2493 1157 2593 1214 ubi
2641 1157 2870 1214 nullum
2913 1157 3191 1215 clericum
3238 1157 3474 1216 obvium
3521 1159 3746 1229 habuit,

2099 1246 2202 1302 sed
2243 1250 2475 1302 tantum
2507 1246 2632 1318 ipse
2671 1263 2855 1318 usque
2885 1247 2957 1302 ad
2991 1246 3326 1319 sepulcrum
3368 1248 3556 1304 sancti
3599 1247 3750 1304 Petri

2099 1351 2234 1391 cum
2253 1335 2378 1390 suis
2399 1334 2678 1406 pervenit,
2691 1335 2946 1408 indeque
2960 1334 3239 1394 solarium
3257 1352 3426 1393 secus
3445 1335 3750 1394 ecclesiam

2098 1423 2250 1480 beati
2272 1424 2421 1481 Petri
2440 1424 2807 1481 mansionem
2827 1425 3139 1482 habiturus
3160 1426 3428 1495 intravit;
3448 1443 3624 1500 quem
3645 1443 3750 1484 nec

2099 1513 2276 1572 etiam
2295 1529 2473 1586 scopa
2499 1513 2851 1571 mundatum
2877 1515 3114 1572 invenit.
3143 1514 3486 1588 Putavitque
3528 1514 3590 1572 in
3619 1533 3747 1572 cra-

2098 1603 2274 1671 stina,
2295 1603 2688 1676 subsequente
2704 1603 2973 1661 videlicet
2991 1603 3286 1662 dominica
3303 1636 3371 1644 —
3388 1621 3522 1661 nam
3547 1605 3753 1662 sabba-

2097 1696 2154 1748 to
2177 1692 2248 1748 ad
2275 1692 2579 1748 basilicam
2607 1693 2794 1750 sancti
2829 1693 2980 1750 Petri
3011 1694 3272 1766 pervenit
3295 1725 3360 1734 —
3384 1693 3497 1750 sibi
3527 1694 3750 1750 cantari

2097 1782 2306 1838 debere
2331 1782 2602 1850 missam;
2626 1783 2726 1839 sed
2751 1801 2784 1838 a
2805 1783 3044 1855 praefato
3067 1783 3339 1855 pontiﬁce
3360 1782 3469 1839 hoc
3491 1783 3753 1840 obtinere

328 1865 806 1924 communionem
856 1867 966 1924 hac
1005 1867 1410 1924 convenientia
1456 1867 1507 1923 ei
1556 1869 1876 1937 donaverit,
1911 1869 1981 1936 si,
2013 1906 2061 1970 Β
2098 1886 2212 1925 non
2245 1870 2455 1944 potuit.
2481 1871 2618 1927 Inde
2649 1873 2908 1928 secunda
2936 1871 3081 1928 feria
3113 1873 3360 1928 Romam
3390 1871 3748 1945 ingrediens,

327 1961 644 2028 postquam
679 1955 951 2012 Nicotaus
983 1973 1134 2030 papa
1167 1955 1543 2012 Waldradam
1579 1957 1977 2013 excommuni-

327 2044 500 2116 eavit,
525 2043 754 2101 nullum
778 2061 913 2101 cum
935 2061 1003 2102 ea
1023 2045 1473 2102 contubernium
1494 2045 1582 2101 vel
1613 2045 1864 2102 carnalis
1884 2063 1978 2102 co-

327 2131 478 2206 pulte
511 2132 958 2190 mercimonium
982 2133 1126 2206 quin
1147 2150 1254 2189 nec
1285 2133 1661 2206 conloquium
1683 2135 1979 2206 quoddam

325 2221 619 2278 habuerit.
645 2222 772 2295 Ipse
809 2226 1007 2280 autem
1056 2223 1275 2292 infelix,
1301 2239 1459 2280 more
1489 2223 1679 2294 Judze,
1707 2223 1983 2280 simulata

326 2311 482 2368 bona
513 2311 874 2368 conscientia
904 2317 962 2368 et
993 2311 1320 2385 impudenti
1353 2311 1558 2380 fronte,
1591 2313 1857 2369 eamdem
1891 2329 1982 2368 sa-

324 2416 485 2456 cram
519 2401 995 2458 communionem
1027 2401 1137 2458 sub
1173 2401 1283 2457 hac
1313 2401 1695 2457 conventione
1725 2401 1986 2474 accipere

330 2504 448 2545 non
480 2488 786 2562 pertimuit
823 2506 927 2546 nec
977 2491 1296 2558 recusavit;
1331 2491 1432 2546 sed
1483 2494 1541 2546 et
1587 2491 1680 2546 sui
1731 2489 1987 2548 fautores

329 2593 468 2633 cum
500 2594 566 2635 eo
596 2579 670 2636 ab
699 2579 829 2651 ipso
860 2595 1011 2652 papa
1042 2595 1350 2652 percepere
1381 2579 1881 2647 communionem,
1913 2580 1972 2635 in

331 2669 424 2722 ter
454 2683 601 2739 quos
650 2681 706 2723 e'.
735 2667 1116 2737 Guntherius,
1142 2673 1347 2725 auctor
1394 2672 1453 2723 et
1501 2667 1767 2723 incentor
1811 2667 1991 2738 hujus

333 2754 558 2828 publici
587 2755 882 2823 adulterii,
904 2755 1378 2814 communionem
1411 2756 1562 2812 inter
1590 2755 1772 2813 laicos
1801 2755 1874 2813 ab
1902 2773 1990 2812 eo-

337 2843 472 2900 dem
504 2844 760 2901 Adriano
805 2861 957 2918 papa
997 2845 1240 2918 accepit,
1266 2845 1404 2902 data
1449 2845 1534 2902 illi
1584 2846 1749 2918 prius
1795 2861 1990 2901 coram

339 2933 618 2990 omnibus
647 2935 1028 3007 professione,
1052 2951 1180 3008 quas
1211 2933 1294 2990 ita
1323 2933 1618 2990 babetur':

411 3045 439 3073 «
475 3023 754 3080 Proﬁteor
783 3039 890 3097 ego
913 3023 1278 3080 Guntharius
1318 3040 1514 3080 coram
1541 3023 1657 3080 Deo
1691 3031 1748 3079 et
1776 3024 1995 3080 sanctis

2090 1959 2150 2014 in
2170 1959 2382 2032 palatio
2403 1961 2775 2018 Lateranensi
2793 1977 2927 2017 cum
2944 1959 3071 2033 ipso
3090 1959 3413 2034 apostolico
3430 1960 3748 2034 prandidit,

2090 2053 2147 2103 et
2177 2048 2329 2104 datis
2359 2047 2410 2105 ei
2443 2048 2788 2106 muneribus
2825 2047 2885 2105 in
2916 2050 3072 2108 vasis
3119 2049 3312 2107 aureis
3343 2053 3400 2107 et
3429 2049 3746 2122 argenteis,

2091 2136 2367 2204 obtinuit,
2383 2141 2447 2192 ut
2463 2137 2514 2193 ei
2534 2137 2660 2210 ipse
2683 2137 2942 2210 pontifex
2959 2137 3170 2195 laenam
3187 2140 3208 2174 ⁸
3229 2140 3304 2210 (b)
3326 2143 3383 2196 et
3403 2138 3660 2211 palmam
3681 2155 3748 2194 ac

2093 2224 2341 2280 ferulam
2373 2225 2556 2293 daret,
2589 2227 2744 2282 sicut
2785 2231 2843 2282 et
2873 2226 3028 2283 fecit.
3053 2229 3186 2294 Quae
3235 2243 3481 2282 munera
3512 2227 3592 2282 ita
3623 2227 3748 2298 ipse

2094 2316 2151 2369 et
2180 2314 2272 2369 sui
2306 2313 2666 2386 interpretati
2701 2319 2864 2385 sunt,
2885 2314 3155 2370 videlicet
3195 2318 3259 2370 ut
3297 2331 3402 2387 per
3437 2314 3647 2370 lienam
3678 2315 3748 2370 de

2096 2401 2412 2457 Waldrada
2442 2403 2836 2470 revestiretur,
2859 2419 2962 2475 per
3001 2401 3258 2476 palmam
3289 2403 3568 2460 victorem
3597 2420 3660 2460 se
3689 2403 3749 2458 in

2095 2489 2190 2546 his
2218 2508 2345 2562 quae
2368 2495 2618 2562 cmperat
2641 2493 3092 2558 demonstraret,
3119 2509 3222 2564 per
3247 2491 3495 2548 ferulam
3519 2491 3748 2566 episco-

2099 2596 2205 2651 pos
2233 2595 2354 2636 sua:
2383 2578 2670 2634 voluntati
2703 2580 3042 2636 resistentes
3071 2581 3410 2637 obsistendo
3433 2580 3752 2654 distringe-

2099 2671 2205 2722 ret.
2230 2668 2341 2723 Sed
2364 2666 2533 2723 aliter
2553 2669 2624 2723 ab
2647 2669 2850 2724 eodem
2873 2686 3026 2741 papa
3054 2672 3112 2724 et
3142 2669 3422 2726 Romanis
3443 2671 3603 2726 fuere
3629 2670 3747 2726 dis-

2099 2755 2316 2828 posita;
2342 2773 2478 2811 nam
2502 2756 2655 2812 idem
2678 2757 2936 2829 pontifex
2965 2757 3310 2813 Formosum
3331 2757 3672 2829 episcopum
3692 2761 3750 2814 et

2101 2843 2280 2901 alium
2313 2843 2489 2900 etiam
2519 2861 2655 2900 cum
2686 2862 2752 2901 eo
2784 2846 3126 2918 episcopum
3179 2845 3239 2900 in
3288 2845 3396 2901 has
3425 2844 3747 2901 Galliarum

2102 2936 2298 3004 partes
2331 2931 2644 2988 mittendos
2671 2931 2981 3004 disposuit,
3003 2936 3069 2987 ut
3099 2947 3236 2988 cum
3266 2931 3600 3005 pluralitate
3626 2932 3748 3005 epi-

2103 3036 2414 3093 scoporum
2437 3021 2508 3076 de
2537 3020 2630 3077 his
2649 3037 2777 3093 qua:
2811 3019 3120 3078 Lotharius
3151 3020 3384 3094 petebat
3411 3024 3746 3088 tractarent,

328 3112 461 3183 ejus
481 3112 669 3184 vobis,
684 3112 926 3169 domino
946 3129 1076 3169 meo
1096 3112 1372 3181 Adriano,
1397 3129 1629 3169 summo
1653 3113 1914 3186 pontiﬁci
1938 3111 1997 3168 et
2105 3115 2161 3166 et
2190 3109 2272 3165 illi
2296 3108 2569 3166 Kalendis
2592 3109 2804 3180 Martii,
2819 3129 2946 3183 qua:
2966 3110 3200 3167 inventa
3219 3111 3428 3180 forent,
3446 3109 3506 3166 in
3528 3110 3749 3184 synodo

335 3201 650 3257 universali
685 3217 870 3274 papas,
895 3218 961 3258 ac
991 3202 1337 3258 venerandis
1357 3201 1462 3258 tibi
1494 3203 1749 3259 subditis
1771 3203 1995 3276 episco-

2107 3199 2528 3265 renuntiarent,
2553 3215 2732 3271 quam
2763 3200 2958 3256 Romae
2984 3199 3042 3255 in
3073 3199 3218 3273 ipsis
3249 3199 3526 3256 Kalendis
3558 3198 3750 3256 Martii

329 3289 424 3362 pis
455 3289 798 3364 reliquoque
824 3291 1424 3364 conventu,quoniam
1448 3291 1744 3363 judicium
1765 3275 1992 3364 deposi-
2020 3275 2063 3342 C
2100 3288 2615 3360 denuntiavit,quo
2646 3287 2824 3344 etiam
2855 3293 3111 3361 quatuor
3138 3289 3443 3362 episcopos
3473 3306 3542 3344 ex
3571 3305 3748 3361 regno

328 3378 510 3436 tionis
541 3379 601 3436 in
633 3395 726 3436 me
757 3396 793 3436 a
820 3379 1037 3436 domno
1067 3379 1302 3437 Nicolao
1333 3379 1611 3436 canonice
1652 3379 1838 3436 latum
1871 3397 1986 3437 non

330 3467 714 3542 reprehendo,
739 3469 842 3525 sed
871 3468 1176 3525 humiliter
1204 3471 1391 3542 porto.
1418 3468 1580 3526 Unde
1602 3485 1706 3524 nec
1740 3468 1986 3526 ulterius

331 3573 568 3614 sacrum
599 3556 995 3614 ministerium
1030 3557 1367 3630 contingere
1397 3573 1707 3628 praesumo,
1743 3556 1855 3614 nisi
1886 3575 1990 3630 per

331 3645 798 3702 misericordiam
839 3644 984 3701 mihi
1034 3644 1340 3702 subvenire
1368 3644 1690 3714 volueritis,
1723 3663 1828 3703 nec
1881 3645 1984 3702 ali-

331 3735 569 3808 quando
599 3739 803 3791 eontra
845 3739 1111 3792 sanctam
1163 3735 1488 3792 Romanam
1535 3733 1854 3794 Ecclesiam
1887 3740 1987 3792 aut

331 3825 462 3896 ejus
493 3823 830 3897 pontiﬁcem
872 3821 1111 3898 aliquod
1143 3823 1490 3883 scandalum
1531 3822 1622 3882 vel
1663 3823 1986 3898 quidquam

332 3912 560 3969 adversi
593 3928 821 3969 movere
843 3911 994 3980 volo,
1018 3915 1120 3970 sed
1142 3913 1417 3969 devotum
1447 3929 1539 3969 me
1563 3913 1751 3970 eidem
1773 3918 1985 3972 sancta:

333 4001 508 4057 matri
528 4000 795 4058 Ecclesiae
818 4002 1063 4075 ejusque
1094 4001 1327 4073 praesuli
1352 4001 1620 4058 exhibere
1646 4007 1822 4074 atque
1851 4004 1984 4060 obe-

331 4091 592 4146 dientem
623 4105 964 4162 permanere
985 4093 1292 4168 protestor.
1317 4090 1434 4163 Ego
1456 4089 1819 4147 Guntbarius
1849 4090 1987 4147 huic

332 4177 681 4252 professioni
714 4195 749 4236 a
777 4193 871 4235 me
909 4179 1072 4236 facta:
1121 4193 1302 4235 manu
1351 4179 1590 4252 propria
1637 4178 1982 4252 subscripsi.

332 4268 480 4324 Data
503 4266 794 4326 Kalendas
820 4267 984 4336 Julii,
1007 4267 1322 4325 indictione
1343 4270 1404 4337 2;
1437 4266 1497 4324 in
1523 4267 1766 4324 ecclesia
1796 4269 1984 4324 sancti

333 4355 650 4412 Salvatoris
677 4357 775 4429 (a),
801 4375 927 4430 qua:
960 4357 1152 4414 est'in
1196 4358 1552 4415 monasterio
1583 4356 1986 4414 sancti‘Bene-

330 4445 474 4502 dicti
503 4445 564 4501 in
593 4445 858 4502 Cassino.
890 4469 916 4496 »

401 4532 709 4606 Accipiens
739 4538 933 4591 autem
966 4536 1153 4592 isdem
1193 4552 1344 4608 papa
1374 4553 1407 4593 a
1436 4534 1759 4594 Guntbario
1790 4536 1986 4592 consi-

331 4626 525 4711 stente
555 4621 708 4679 inter
727 4622 908 4680 laicos
938 4623 1089 4711 hanc
1121 4625 1562 4696 professionem,
1592 4623 1864 4681 relectum
1897 4624 1984 4680 in-
2017 4645 2064 4711 Ι)

332 4715 426 4768 ter
449 4708 632 4768 laicos
653 4711 726 4768 ab
749 4711 877 4784 ipso
904 4709 1135 4784 publice
1159 4729 1354 4771 coram
1375 4712 1670 4782 omnibus,
1695 4713 1842 4770 dixit
1861 4713 1942 4770 illi
1971 4733 1981 4769 :

2097 3375 2446 3445 Hludowiei,
2479 3377 2633 3450 regis
2663 3375 3005 3444 Germanias,
3033 3393 3170 3433 cum
3211 3377 3400 3450 ipsius
3441 3376 3670 3451 legatis,
3693 3377 3752 3432 et

2096 3471 2350 3538 quatuor
2368 3467 2672 3539 episcopos
2690 3482 2759 3524 ex
2775 3481 2953 3540 regno
2972 3465 3164 3523 Karoli
3181 3482 3316 3522 cum
3334 3466 3462 3538 ejus
3479 3465 3689 3539 legatis
3703 3466 3750 3534 ³,

2095 3559 2154 3611 et
2183 3555 2471 3627 quosdam
2503 3554 2810 3628 episcopos
2842 3572 2910 3611 ex
2940 3571 3116 3628 regno
3157 3553 3415 3612 Lotharii
3445 3553 3707 3628 epistolis
3727 3555 3750 3590 ‘

2096 3645 2222 3701 suis
2244 3644 2351 3700 bac
2374 3643 2707 3700 conditione
2726 3645 2922 3700 venire
2944 3644 3319 3717 praecepit,ut
3339 3661 3466 3717 qua:
3492 3642 3552 3698 in
3575 3661 3747 3716 syno-

2097 3734 2169 3790 do
2191 3729 2292 3790 vel'
2311 3732 2702 3790 examinanda
2740 3733 2829 3790 vel
2871 3733 3127 3807 gerenda
3157 3733 3364 3799 forent,
3390 3731 3449 3788 in
3482 3730 3749 3804 personis

2097 3823 2344 3881 aliorum
2367 3823 2801 3894 confirmarent,
2827 3827 2949 3878 tam
2981 3839 3048 3880 ex
3080 3820 3541 3893 oceidentalibps
3569 3819 3748 3894 parti-

2096 3913 2208 3969 bus
2239 3929 2416 3984 quam
2447 3928 2516 3967 ex
2546 3893 2948 3968 orientalibus.
2977 3911 3140 3968 Unde
3171 3910 3384 3968 missos
3417 3893 3750 3982 suos,'quos

2096 4018 2284 4074 nuper
2338 3999 2904 4072 Constantinopolim
2963 4018 3065 4073 pro
3134 3999 3506 4056 contentione
3571 4016 3749 4072 quam

2095 4087 2405 4145 orientales
2453 4105 2587 4144 cum
2638 4087 2873 4144 Nicolao
2923 4105 3075 4160 papa
3121 4087 3440 4153 habebant,
3485 4087 3746 4154 miserat,

2091 4180 2235 4233 tunc
2262 4180 2537 4232 venturos
2569 4176 2898 4248 separabat.

2169 4265 2478 4322 Lotharius
2500 4267 2522 4299 ⁵
2551 4282 2685 4321 vero
2717 4265 2904 4320 Roma
2949 4263 3116 4320 laetus
3159 4278 3524 4335 promovens,
3559 4279 3749 4334 usque

2095 4356 2314 4412 Lucam
2341 4353 2634 4409 civitatem
2656 4352 2832 4418 venit,
2855 4351 2957 4407 ubi
2989 4351 3148 4407 febre
3168 4348 3500 4422 corripitur,
3515 4354 3573 4406 et
3592 4367 3750 4424 gras-

2096 4449 2260 4502 sante
2278 4442 2442 4498 clade
2457 4441 2515 4496 in
2535 4457 2692 4509 suos,
2709 4457 2858 4512 quos
2878 4439 2939 4495 in
2960 4438 3160 4496 oculos
3179 4441 3349 4496 suos6
3366 4433 3748 4496 coacervatim

2097 4533 2242 4592 mori
2275 4529 2690 4605 conspiciebat,
2715 4529 2816 4585 sed
2840 4527 3134 4600 judicium
3163 4526 3264 4584 Dei
3294 4525 3620 4601 intelligere
3653 4545 3750 4584 no-

2095 4623 2242 4690 lens,
2289 4638 2473 4694 usque
2523 4617 2880 4676 Placentiam
2911 4616 3112 4674 81dus
3160 4613 3410 4689 Augusti
3455 4615 3744 4689 pervenit;

2096 4707 2293 4784 ibique
2339 4709 2632 4766 dominica
2683 4707 2776 4764 die
2824 4704 3308 4780 superdiurnans,
3342 4704 3498 4762 circa
3541 4704 3746 4763 horam

1608 4865 2023 4926 VARIANTES
2064 4863 2480 4922 LECTIONES.

409 4980 424 5014 ¹
455 4977 634 5036 deesse
659 4976 1202 5054 videtur_maritum,
1234 4979 1666 5054 Hludoyvicum.
1745 4987 1766 5019 ²
1795 4985 1888 5041 Ch.
1924 4981 2185 5054 leonum,
2205 4979 2600 5054 Bq,_leaanum;
2623 4980 2800 5054 facile
2825 4977 3128 5054 emendatio.
3207 4979 3228 5012 ³
3255 4981 3314 5034 et
3343 4980 3597 5049 quatuor
3624 4973 3745 5054 epi-

333 5066 544 5136 scopos
573 5065 641 5106 ex
672 5065 850 5136 regpo
883 5048 1072 5135 Karoli
1102 5051 1396 5136 eruum-ejus
1428 5050 1636 5136 legatis
1665 5055 1807 5111 deest
1837 5056 1936 5136 Ch:
1999 5055 2033 5136 f
2065 5048 2321 5109 Lotharii
2371 5067 2516 5136 cuni
2545 5048 2811 5136 epistolis
2834 5049 2955 5134 ei...
3068 5048 3530 5136 Quaesequuntur
3557 5053 3746 5136 contu-

330 5120 501 5195 limus
530 5137 655 5176 enm
695 5120 878 5195 codice
926 5122 1080 5191 regio
1129 5120 1376 5195 8394(1)
1405 5120 1514 5194 qui
1548 5140 1612 5180 ea
1659 5133 1872 5180 tantum
1915 5126 2077 5182 habet

2125 5139 2252 5197 ᾳτρίε
2297 5129 2518 5197 exstant
2567 5117 2719 5197 apud
2777 5121 3020 5197 Aimoini
3075 5117 3527 5197 continuatorejn.
3561 5117 3742 5197 B999.

329 5193 441 5268 Ego
467 5209 531 5249 ea
563 5208 698 5268 cum
714 5192 964 5268 Aimoini
989 5189 1399 5268 continuatione
1411 5189 1527 5250 'lib.
1559 5212 1614 5260 v,
1648 5212 1766 5268 cap.
1796 5198 1983 5252 21-40.
2017 5189 2190 5268 (αριὶά
2219 5195 2511 5268 Freherum
2552 5189 2620 5268 in:
2653 5209 2872 5268 corpore
2901 5192 3028 5247 hist.
3062 5192 3348 5268 Francicw
3371 5197 3414 5268 ζ.
3437 5189 3504 5268 ll,
3525 5205 3577 5259 p.
3612 5189 3746 5268 47]-

335 5335 464 5392 suis
487 5336 548 5392 A.

445 5269 481 5331 .)
511 5264 741 5340 contuli,
774 5272 827 5320 et
849 5265 1076 5337 majoris
1104 5269 1365 5322 momenti
1394 5258 1642 5322 lectiones
1683 5258 1865 5322 littera
1893 5270 1930 5322 A
1965 5258 2211 5340 adposita
2259 5267 2464 5332 notavi,
2497 5266 2687 5320 multis
2717 5258 2777 5319 in
2807 5272 3013 5319 textum
3044 5263 3289 5332 receptis.
3367 5263 3389 5296 ⁶
3416 5258 3530 5317 sub
3558 5258 3746 5316 oculis

1923 5435 2154 5492 NOTrE.

405 5548 484 5676 (αἱ
525 5548 589 5604 In
631 5549 758 5606 vico
807 5549 1274 5617 Sun-Germano;
1346 5551 1404 5607 in
1475 5551 1677 5608 eadem
1745 5549 1989 5608 ecclesia

405 5644 432 5676 ι.
486 5621 613 5676 230.
639 5620 968 5676 Fridericus
999 5622 1047 5676 II
1081 5621 1398 5676 imperator
1419 5622 1692 5676 Gregorio
1725 5623 1794 5676 ΙΧ
1825 5640 1988 5676 name

332 5637 432 5678 an.
453 5621 613 5695 i239,
639 5621 968 5680 Fridericus
999 5622 1047 5680 II
1081 5621 1398 5694 imperator
1419 5622 1692 5694 Gregorio
1725 5623 1794 5678 IX
1825 5640 1988 5695 papa:

332 5691 750 5769 reconciliatus
777 5697 885 5749 est.

2168 5553 2235 5620 (bi
2277 5554 2433 5608 Ltcna
2465 5559 2628 5614 λαΐνα,
2659 5557 2855 5622 χλαῖνα,
2887 5564 3094 5619 sagum
3126 5547 3396 5604 densum.
