4028 6178
292 355 445 436 m7
1346 383 1449 442 AD
1495 381 1755 446 opaea
1798 377 2178 442 HINCMARI
2227 380 2648 446 APPENDIX.
2708 419 2717 425 -
3547 385 3708 453 1248

271 522 504 564 .nonam
536 507 834 583 inopinate
863 510 1148 570 exanimis
1179 531 1323 586 pene
1356 515 1593 571 effectus
1624 519 1712 571 est
1742 518 1798 570 et
1829 515 1936 571 ob-
1968 515 2020 582 Α
2051 511 2288 588 [Αίφηθη.
2343 513 2467 569 add.
2521 513 2597 588 et]
2647 513 2866 588 scripto
2919 519 2977 572 et
3019 515 3214 574 verbis
3269 516 3644 574 denuntiavit
3695 536 3709 574 :

289 597 510 654 mutuit
541 599 578 668 ί,
609 604 784 672 atque
833 600 892 657 In
937 603 1193 660 crastina
1214 606 1253 672 ³,
1289 604 1431 661 hora
1488 605 1598 660 diei
1661 606 1939 673 secunda,
2125 628 2151 654 ‹‹
2185 603 2302 659 Vos
2335 603 2496 661 scitis
2532 604 2625 672 [id.
2659 605 2785 662 add.
2819 605 3070 674 fratres],
3101 611 3162 662 et
3199 605 3403 664 multis
3433 609 3494 664 in
3527 607 3716 681 pluri-

290 686 556 753 moritur,
581 693 638 744 et
675 706 709 744 a
746 691 949 762 paucis
981 710 1222 748 suorum
1261 695 1357 766 qui
1387 712 1420 750 ει
1451 695 1613 750 clade
1647 711 1942 751 remanse-
2052 692 2217 749 rimis
2241 693 2436 766 regnis
2459 698 2546 750 est
2569 694 3150 768 cognitum,quantos
3169 700 3226 752 et
3245 695 3448 768 quales
3468 703 3716 755 eventus

289 779 441 842 rant,
459 775 518 831 in
540 779 798 850 quodam
821 782 1236 838 monasteriolo
1259 801 1427 839 secus
1447 785 1632 856 ipsam
1651 784 1942 840 civitatem

289 868 454 920 terrae
479 867 813 924 mandatur.
833 871 996 936 Quod
1019 871 1260 928 Carolus
1283 873 1437 946 apud
1463 872 1804 930 Silvancctis
1827 876 1848 907 ³
1871 875 1948 930 ci-

287 952 528 1010 vitatem
556 955 774 1029 degens
799 989 863 999 —
891 959 991 1014 ubi
1022 964 1143 1016 tam
1176 962 1299 1033 ipse
1330 979 1508 1034 quam
1541 967 1597 1018 et
1626 981 1770 1019 uxor
1799 981 1906 1020 sua
1925 966 1945 997 ‘

287 1042 618 1114 thesauros,
643 1063 791 1120 quos
822 1049 882 1104 in
909 1050 1361 1124 quibuscunque
1393 1054 1566 1110 rebus
1598 1055 1942 1122 habuerant,

289 1149 394 1206 per
414 1133 542 1192 loca
563 1142 768 1194 sancta
789 1139 847 1194 in
872 1157 1039 1196 suam
1063 1141 1492 1216 elecmosynam
1516 1144 1944 1216 dispensantes,

290 1239 324 1278 a
347 1221 522 1280 Pistis
544 1226 779 1296 reversi,
805 1228 1050 1286 Domino
1073 1231 1144 1286 de
1168 1232 1338 1303 cujus
1360 1225 1538 1289 manu
1569 1233 1698 1289 illos
1719 1250 1950 1306 accepe-

291 1317 442 1378 rant,
458 1314 840 1372 reddiderunt
859 1349 926 1358 —-
945 1336 1060 1375 non
1091 1320 1310 1376 incerto
1328 1323 1694 1395 comperiens
1716 1324 1948 1392 nuntio,

2052 786 2313 855 tempore
2347 781 2594 840 senioris
2627 783 2810 840 nostri
2842 800 3015 856 quem
3047 783 3334 842 hactenus
3363 787 3714 854 habuimus,

2053 888 2157 944 pro
2187 871 2384 928 causis
2415 872 2741 928 notissimis
2773 873 3165 929 communiu'r
3206 873 3629 944 sustinuimus,
3657 880 3717 932 et

2055 964 2274 1033 quanto
2302 959 2498 1017 dolore
2521 966 2858 1035 quantaque
2877 962 3154 1036 angustia
3171 963 3242 1020 de
3261 961 3420 1020 illius
3453 963 3718 1021 infausta

2057 1053 2244 1106 morte
2268 1067 2454 1123 nuper
2469 1050 2746 1106 cordibus
2768 1050 3018 1124 perculsi
3043 1067 3272 1108 sumus.
3289 1051 3451 1109 Unde
3468 1051 3713 1112 unicum

2056 1137 2348 1212 refugium
2380 1143 2438 1194 et
2467 1138 2766 1213 singulare
2789 1141 2829 1174 ¹⁷
2862 1157 2930 1196 ac
2959 1139 3194 1197 salubre
3216 1140 3556 1208 consilium,
3580 1159 3718 1216 rege

2057 1232 2114 1283 et
2144 1228 2403 1301 principe
2434 1234 2632 1285 nostro
2655 1228 2920 1286 destituti
2953 1245 3019 1286 ac
3040 1229 3306 1298 desolati,
3330 1231 3504 1289 nobis
3523 1231 3719 1288 omni-

2059 1317 2170 1374 bus
2200 1334 2328 1374 esse
2358 1318 2876 1388 consideravimus,
2905 1324 2970 1374 ut
2988 1319 3235 1392 jejuniis
3265 1324 3322 1376 et
3347 1320 3721 1378 orationibus

290 1401 364 1458 ab
415 1401 544 1474 ipsa
595 1403 824 1482 civitate
873 1424 1134 1479 movens,
1164 1411 1524 1466 Attiniacum
1556 1413 1741 1480 venit;
1785 1413 1884 1469 ubi
1917 1430 1950 1468 a
2061 1405 2132 1461 ad
2155 1421 2290 1461 eum
2315 1423 2420 1462 nos
2444 1411 2932 1477 converteremus,
2949 1408 3049 1480 qui
3073 1412 3164 1464 est
3178 1409 3497 1481 adiutorin
3513 1425 3723 1482 oppor—

292 1491 650 1564 quibusdam
691 1495 1005 1570 episcopis,
1036 1500 1138 1555 sed
1169 1502 1268 1555 et5
1299 1501 1370 1556 ab
1399 1499 1700 1572 aliquibus
1733 1502 1948 1574 primo-
2059 1493 2436 1558 tunitatibus.
2457 1496 2516 1550 in
2549 1495 2946 1564 tribulatione,
2970 1500 3029 1552 et
3059 1498 3230 1570 cujus
3261 1501 3351 1554 est
3379 1495 3722 1563 consilium,

291 1577 458 1636 ribus
516 1583 682 1657 regni
742 1587 1040 1656 quondam
1094 1587 1350 1660 Letharii
1401 1587 1656 1644 missos“
1700 1589 1952 1645 directos
2066 1584 3240 1658 cujusqueest”regnum,etutscriptum
3259 1585 3726 1655 est,«cuivolue-

292 1669 571 1743 suscepit,
587 1677 653 1728 ut
673 1671 753 1728 ibi
777 1673 1076 1742 resideret,
1093 1677 1226 1732 etin
1249 1694 1494 1750 regnum
1517 1679 1670 1750 quod
1696 1678 1952 1735 Lotharii
2062 1671 2138 1728 rit
2159 1673 2323 1730 dabit
2353 1672 2496 1730 illud
2526 1697 2552 1723 »
2576 1679 2633 1730 et
2655 1675 2712 1730 in
2735 1675 2908 1746 cujus
2928 1690 3108 1731 manu
3131 1679 3272 1731 sunt
3287 1676 3469 1732 corda
3489 1691 3721 1748 regum.

291 1757 484 1816 fuerat
513 1776 632 1817 non
662 1760 934 1832 intraret,
958 1765 1141 1820 donec
1166 1766 1343 1822 frater
1369 1785 1512 1824 suus
1546 1766 1952 1833 Hludowicus,
1982 1782 2030 1848 Β
2061 1765 2118 1816 et
2136 1762 2272 1818 facit
2294 1763 2604 1828 unanimes
2625 1763 2889 1820 habitare
2911 1765 2970 1820 in
2992 1763 3188 1836 domo,
3205 1763 3437 1821 solvens
3459 1763 3723 1822 medium

292 1863 391 1904 rex
411 1847 757 1920 Germaniae,
791 1852 862 1908 ab
898 1853 1267 1926 expeditione
1299 1855 1496 1912 hostili
1538 1857 1608 1912 de
1639 1857 1952 1936 Winidis",
1994 1847 2003 1848 ί
2065 1851 2344 1923 parietem
2391 1857 2448 1908 et
2492 1851 2697 1909 faciem
2757 1856 3003 1926 utraque
3061 1869 3278 1922 unum;
3340 1853 3724 1926 deprecantes

292 1951 426 1992 cum
449 1937 664 2010 quibus
695 1941 966 2012 praesenti
1000 1947 1057 1998 et
1087 1945 1375 2016 praeterito
1397 1963 1550 2001 anno
1581 1963 1732 2018 saepe
1769 1947 1946 2002 comi-
2065 1939 2254 2012 ipsius
2275 1939 2758 2013 misericordiam,
2782 1945 2846 1998 ut
2867 1942 3034 1998 daret
3058 1941 3228 1999 nobis
3257 1957 3456 2016 regem
3477 1959 3550 1998 ac
3571 1941 3725 2014 prin-

293 2041 406 2083 nus
425 2027 517 2084 sui
541 2028 1002 2102 congredientes,
1029 2036 1129 2088 aut
1151 2031 1295 2088 nihil
1317 2039 1418 2090 aut
1439 2052 1646 2108 parum
1671 2035 1944 2094 utilitatis
2059 2029 2247 2102 cipem
2283 2031 2610 2086 secundum
2643 2047 2742 2087 cor
2792 2047 2992 2098 suum,
3027 2031 3129 2103 qui
3175 2030 3236 2086 in
3277 2029 3507 2102 judicio
3556 2037 3616 2088 et
3661 2032 3720 2090 in

291 2121 555 2189 egerunt,
571 2119 672 2175 sed
693 2120 714 2154 ⁸
735 2120 1021 2178 damnum
1044 2124 1368 2179 maximum
1392 2123 1738 2193 retulerunt,
1764 2141 1946 2180 rever-

290 2206 514 2261 teretur
532 2207 572 2262 °.
603 2207 902 2266 Petierunt
937 2227 1094 2285 ergo,
1129 2217 1194 2268 ut
1237 2211 1298 2267 in
1347 2213 1562 2285 palatio
1612 2213 1940 2287 Ingiliheim

265 2293 578 2360 'residens,
603 2297 674 2352 ad
711 2314 845 2353 eum
878 2299 1093 2356 missos
1124 2319 1263 2357 suos
1291 2302 1585 2374 dirigeret,
1609 2307 1666 2358 et
1695 2303 1745 2358 ei
1779 2319 1940 2359 man-

294 2381 478 2449 daret,
498 2382 598 2439 ubi
619 2385 661 2418 ¹⁰
681 2389 739 2440 et
757 2388 992 2458 quando
1014 2388 1191 2444 simul
1214 2391 1590 2447 convenirent
1611 2395 1668 2447 et
1689 2392 1758 2448 de
1781 2391 1941 2464 regni

294 2468 482 2543 ipsius
529 2471 813 2530 divisione
855 2479 1199 2546 tractarent;
1233 2478 1431 2550 plures
1480 2485 1674 2537 autem
1723 2481 1940 2538 seniori

293 2558 537 2616 consilio
577 2560 661 2618 illi
699 2565 1146 2634 mandaverunt,
1178 2572 1260 2636 ut,
1295 2569 1644 2640 quantocius
1682 2586 1939 2626 commo-

294 2647 366 2705 de
387 2649 426 2684 “
458 2655 674 2724 posset,
700 2669 886 2726 usque
907 2655 1101 2712 Mettis
1123 2657 1166 2691 ¹²
1192 2674 1532 2730 prosperare
1554 2662 1860 2732 satageret,
1884 2664 1942 2716 ct

291 2734 406 2811 ipsi
435 2742 558 2796 tam
587 2739 648 2796 in
678 2740 885 2800 itinere
915 2760 1093 2817 quam
1125 2746 1199 2815 ad
1230 2745 1420 2820 ipsam
1452 2747 1745 2804 civitatem
1775 2748 1826 2804 ei
1854 2765 1944 2804 oc-

294 2841 526 2886 currere
556 2833 937 2889 maturarent.
962 2835 1220 2900 Quorum
1251 2835 1562 2893 consilium
1584 2836 1825 2894 Carolus
1856 2854 1946 2893 ac-

295 2917 640 2989 ceptabilius
668 2924 726 2976 et
745 2919 908 2994 [Aim.
935 2921 1064 2991 sibi]
1099 2923 1396 2981 salubrius
1427 2943 1556 2982 esse
1586 2927 1939 3000 intelligens,

2046 2119 2284 2190 justitia
2306 2136 2412 2175 nos
2435 2118 2492 2174 in
2521 2117 2680 2176 omni
2702 2119 2908 2174 ordine
2926 2123 2984 2175 et
3011 2118 3370 2192 protectione
3393 2121 3436 2155 ¹⁹
3465 2124 3716 2192 regeret,

2052 2207 2302 2264 salvaret
2320 2213 2495 2280 atque
2512 2209 2848 2266 defenderet
2863 2209 2909 2244 ²⁰
2921 2209 3095 2281 juxta
3113 2209 3478 2266 voluntatem
3503 2209 3718 2281 ejus,et

2052 2297 2228 2352 corda
2250 2297 2517 2352 omnium
2535 2302 2804 2353 nostrum
2824 2297 3196 2354 unanimiter
3213 2297 3286 2354 ad
3306 2314 3447 2354 eum
3472 2296 3628 2353 decli
3649 2313 3724 2354 na

2051 2389 2137 2441 ret
2151 2389 2328 2458 atque
2347 2386 2738 2458 uniret,quem
2756 2385 2881 2460 ipse
2893 2387 2966 2442 ad
2983 2385 3236 2444 salutem
3248 2387 3290 2422 ³⁸
3303 2389 3364 2442 et
3372 2385 3702 2460 profectum

2051 2478 2316 2531 nostrum
2334 2475 2667 2548 priescitum
2685 2480 2743 2532 et
2760 2475 3009 2532 electum
3025 2479 3200 2549 atque
3218 2475 3700 2548 predestinatum

2049 2564 2356 2621 habebat”
2367 2565 2692 2622 secundum
2710 2563 3170 2622 misericordiam
3189 2561 3702 2632 suam.Quiadeni-

2049 2671 2164 2726 que
2183 2653 2542 2711 voluntatem
2574 2653 2803 2728 Dei,qui
2824 2656 2868 2690 ³³
2887 2653 3244 2712 voluntatem
3273 2653 3615 2712 timentium
3637 2671 3701 2710 se

2049 2744 2209 2813 facit,
2235 2749 2292 2800 et
2319 2743 2758 2817 deprecationes
2807 2759 3013 2800 eorum
3063 2743 3321 2812 exaudit,
3343 2743 3404 2800 in
3436 2742 3710 2799 concordi

2052 2833 2444 2891 unanimitate
2457 2835 2503 2868 ’δ
2514 2838 2715 2890 nostra
2727 2833 2993 2890 videmus
3009 2832 3167 2890 hunc
3183 2830 3346 2906 regni
3363 2832 3467 2904 hai
3477 2849 3547 2890 us
3561 2831 3725 2888 here-

2053 2923 2184 2978 dem
2212 2939 2340 2980 esse
2359 2922 2813 2996 legitimum,cui
2831 2938 2938 2980 nos
2955 2924 3161 2994 sponte
3179 2921 3724 2988 commisimus,do-

287 3005 459 3078 juxta
477 3023 680 3065 eorum
703 3013 1140 3085 suggestionem
1166 3031 1336 3088 agere
1358 3015 1670 3072 festinavit.
1691 3016 1942 3073 Veniens
1979 3047 2022 3114 Ο
2059 3012 2289 3068 minum
2305 3011 2574 3068 videlicet
2591 3015 2649 3068 et
2665 3013 2709 3048 ³⁸
2725 3015 3072 3085 ρι’ωεθῐηθω
3092 3025 3286 3084 regem
3303 3027 3371 3066 ac
3389 3009 3722 3083 principem

293 3110 431 3168 ergo
449 3096 492 3132 ¹³
514 3113 702 3170 usque
719 3097 1092 3169 Viridunum,
1117 3101 1404 3174 plurimos
1428 3102 1499 3158 de
1521 3103 1724 3159 eodem
1747 3119 1946 3176 regno,

295 3183 396 3239 sed
427 3187 486 3240 et
512 3185 822 3254 Hattonem
844 3189 906 3257 η,
931 3187 1118 3260 ipsius
1159 3189 1408 3248 civitatis
1438 3191 1802 3264 episcopum,
1831 3195 1888 3247 et
1909 3193 1950 3227 ³⁵

291 3271 688 3346 Arnulphum,
735 3275 1028 3334 Tullensis
1086 3277 1250 3336 urbis
1309 3279 1674 3353 episcopum,
1728 3279 1839 3337 sibi
1889 3283 1972 3337 se

293 3364 782 3421 commendantes
839 3367 1138 3440 suscepit;
1197 3367 1448 3441 indeque
1507 3368 1701 3425 Mettis
1758 3369 1952 3426 Nonas

296 3448 660 3522 Septembris
703 3454 964 3522 veniens,
1016 3455 1401 3526 Adventium,
1453 3456 1640 3530 ipsius
1699 3457 1950 3515 civitatis

296 3537 630 3610 praesulem,
659 3545 717 3598 et
747 3543 1124 3611 Franconem,
1149 3545 1553 3618 Tungrensem
1585 3546 1946 3620 cpiscopum,

297 3641 432 3682 cum
464 3627 668 3685 multis
700 3629 832 3687 aliis
872 3630 932 3687 in
972 3650 1080 3689 sua
1119 3635 1625 3691 commendatione
1653 3636 1948 3708 suscepit;

297 3711 502 3788 sicque
530 3717 567 3772 5
597 3717 735 3775 Idus
764 3719 952 3793 ipsius
999 3721 1220 3778 mensis
1269 3723 1342 3778 ab
1393 3723 1683 3795 episcopis
1716 3723 1815 3794 qui
1850 3724 1950 3779 ad-

296 3801 557 3874 fuerunt,
591 3808 940 3864 coeuntibus
971 3807 1248 3866 omnibus
1281 3810 1338 3865 in
1369 3809 1612 3867 basilica
1643 3811 1794 3868 beati
1827 3812 1950 3868 Ste-

297 3891 502 3964 phani,
554 3893 676 3951 haec
724 3912 854 3967 quae
905 3903 1254 3970 sequuntur,
1295 3897 1639 3955 denuntiata
1687 3905 1743 3956 et
1791 3906 1953 3974 gesta

295 3979 460 4036 fuere
491 3981 600 4038 hoc
631 3985 802 4040 modo
838 4001 852 4042 :

368 4090 396 4120 «
409 4069 575 4126 Anno
594 4070 1014 4131 incarnationis
1028 4075 1340 4134 Dominicas
1358 4078 1464 4132 869
1480 4078 1952 4152 '°,indictionc(a)

299 4159 559 4215 secunda
577 4161 618 4228 ⁸,
647 4161 784 4220 Idus
809 4163 1172 4236 Septembris
1197 4165 1392 4222 Mettis
1419 4166 1648 4223 civitate
1681 4167 1738 4222 in
1771 4167 1952 4225 eccle-

299 4246 388 4304 sia
417 4249 603 4305 sancti
635 4250 916 4324 Stephani
959 4253 1255 4326 martyris,
1279 4254 1398 4310 hznc
1449 4273 1577 4327 qua:
1627 4261 1956 4328 sequunti'r

2062 3105 2329 3158 nostrum
2351 3100 2645 3169 Carolum,
2663 3105 2728 3157 ut
2762 3099 2930 3157 nobis
2961 3099 3159 3174 pressit
3177 3103 3236 3156 et
3263 3098 3470 3172 prosit,
3485 3098 3727 3156 videtur

2061 3190 2252 3258 nobis,
2281 3189 2330 3246 si
2360 3189 2547 3262 placet
2575 3190 2760 3259 vobis,
2785 3193 2874 3262 ut,
2896 3189 3050 3248 sicut
3099 3192 3230 3262 post
3280 3187 3440 3246 illius
3470 3188 3654 3244 verba
3676 3189 3726 3226 ²⁶

2059 3278 2224 3336 vobis
2254 3279 2784 3347 manifestabimus,
2807 3279 2974 3351 signo
2997 3276 3326 3336 certissimo
3356 3277 3726 3335 demonstre-

2061 3385 2217 3437 mus,
2241 3369 2380 3440 quia
2400 3369 2442 3402 ³⁷
2475 3367 2643 3423 illum
2683 3385 2717 3423 a
2753 3367 2869 3424 Deo
2919 3365 3170 3424 electum
3200 3371 3262 3422 et
3291 3364 3462 3422 nobis
3508 3365 3726 3424 datum

2059 3455 2385 3530 principem
2416 3454 2711 3512 credimus
2731 3457 2794 3523 ³⁸,
2819 3459 2878 3511 et
2898 3456 2942 3491 ²⁹
2970 3459 3038 3512 ut
3074 3454 3264 3512 eidem
3307 3453 3572 3527 largitori
3601 3453 3725 3510 Deo

2059 3563 2129 3601 ex
2159 3545 2283 3602 suis
2313 3544 2612 3602 beneﬁciis
2644 3561 2758 3601 non
2783 3544 2972 3602 simus
2997 3543 3234 3616 ingrati,
3256 3543 3359 3600 sed
3389 3542 3721 3616 gratiarum

2061 3635 2317 3691 actiones
2349 3633 2431 3690 illi
2466 3635 2800 3700 referentes,
2823 3649 3061 3689 oremus
3082 3633 3146 3699 ³ο,
3171 3637 3465 3705 quatenus
3493 3635 3552 3687 et
3579 3646 3720 3686 eum

2062 3722 2232 3778 nobis
2291 3723 2392 3794 Hd.
2425 3723 2551 3778 add.
2593 3723 2798 3779 datum
2849 3719 3192 3794 principem]
3227 3720 3301 3778 ad
3349 3719 3602 3778 salutem
3659 3724 3722 3775 et

2062 3811 2460 3868 defensionem
2489 3815 2706 3868 sancta:
2749 3828 2869 3868 sua:
2901 3809 3191 3878 Ecclesia),
3226 3813 3284 3865 et
3327 3809 3400 3865 ad
3429 3807 3718 3864 auxilium

2063 3904 2238 3973 atque
2267 3901 2589 3973 profectum
2610 3900 2874 3958 omnium
2899 3904 3190 3966 nostrum,
3214 3914 3352 3958 cum
3377 3896 3569 3954 salute
3595 3900 3656 3952 et
3673 3897 3717 3931 ³³

2062 4007 2201 4062 pace
2227 3995 2404 4062 atque
2423 3987 2848 4062 tranquillitate
2869 3988 3038 4044 nobis
3061 3992 3365 4046 conservet
3392 3984 3640 4053 diutius,
3661 3989 3725 4042 et

2063 4095 2169 4134 nos
2200 4079 2358 4135 fideli
2405 4078 2709 4135 devotione
2740 4076 2824 4136 illi
2855 4078 3246 4150 obsequentes
3293 4081 3472 4148 atque
3517 4077 3725 4147 optata

2063 4166 2381 4224 salvatione
2399 4169 2444 4202 ³²
2475 4169 2752 4236 fruentes,
2781 4167 2892 4226 sub
2925 4165 3086 4222 illius
3117 4162 3628 4230 administratione
3655 4163 3723 4220 in

2063 4272 2170 4311 suo
2207 4255 2494 4329 gubernet
2543 4253 2796 4311 servitio.
2831 4255 2964 4311 Ει³³
2995 4253 3045 4310 si
3095 4252 3182 4310 illi
3228 4251 3439 4326 placet,
3469 4251 3722 4324 dignum

299 4335 557 4408 capitula
572 4339 1238 4414 Adventius,episcopus
1261 4343 1448 4416 ipsius
1465 4344 1736 4414 civitatis,
1756 4362 1950 4401 coram
1984 4313 2032 4378 D
2062 4343 2176 4416 ipsi
2200 4349 2257 4401 et
2287 4343 2683 4401 necessarium
2716 4342 2883 4400 nobis
2916 4344 3038 4410 fore
3055 4344 3101 4376 3‘
3121 4341 3370 4412 videtur,
3396 4345 3463 4396 ut
3489 4357 3560 4396 ex
3591 4339 3726 4410 ejus

298 4439 434 4500 rege
471 4431 530 4484 et
571 4425 860 4502 episcopis
913 4430 1013 4502 qui
1064 4431 1398 4500 adfuerunt,
1448 4431 1684 4504 publice
1737 4433 1950 4506 populo
2063 4451 2161 4490 ore
2186 4435 2520 4505 audiamus,
2545 4434 2699 4506 quod
2726 4450 2761 4489 a
2784 4430 3292 4490 Christianissimo
3313 4444 3447 4503 rege
3467 4427 3631 4488 fideli
3663 4439 3724 4490 et

1574 4603 1983 4660 VARIANTES
2024 4604 2440 4662 LECTIONES.

374 4739 388 4772 ¹
419 4739 836 4820 obmutescens
867 4744 929 4800 in
974 4747 1034 4800 A.
1113 4749 1134 4784 ²
1165 4747 1488 4804 crastinum
1519 4750 1581 4803 A.
1657 4751 1678 4782 ³
1709 4749 2201 4806 silvanectensum
2233 4749 2293 4820 Α.
2368 4749 2406 4820 θ’
2421 4762 2599 4820 quam
2650 4760 2819 4820 uxor
2840 4745 2968 4820 ejus
3001 4745 3058 4801 A.
3137 4744 3442 4820 δμάεσδιᾼη-
3473 4743 3724 4820 Α.-ι·οες.ς

301 4807 539 4902 lgg‘atps
565 4820 618 4902 et
661 4815 916 4902 nuncius
944 4833 1088 4902 saepe
1113 4820 1352 4902 adhibet,
1387 4820 1484 4876 ubi
1514 4821 1609 4902 Qh.
1641 4829 1692 4902 et
1719 4822 2056 4902 B:_miss_us.
2182 4807 2457 4902 Winedis“
2475 4818 2569 4874 Ch.
2638 4817 2668 4900 ,⁸
2698 4821 2757 4874 et
2784 4817 2844 4872 A.
2865 4807 2888 4816 ⁷
2923 4817 2945 4851 ⁹
2973 4833 3019 4871 r.
3051 4821 3111 4902 et
3155 4817 3243 4902 in“
3266 4814 3483 4902 palatio
3533 4814 3719 4902 Eugi-

299 4879 546 4964 linheim
575 4883 636 4938 Α.
716 4886 912 4994 10(tuo
971 4879 1033 4942 ΑΖ
1112 4891 1148 4924 ¹¹
1184 4879 1596 4963 quoquomodo
1629 4892 1690 4946 A.
1771 4893 2055 4948 "mettos
2104 4893 2163 4948 Α.
2243 4893 2286 4926 ¹³
2318 4891 2357 4946 f.
2409 4894 2468 4946 et
2523 4889 2762 4946 veniens
2819 4904 3005 4970 usque
3063 4888 3124 4942 Α.
3197 4879 3562 4970 .“llatonem
3622 4879 3718 4940 Ch.

300 4951 620 4994 “andnrmm
666 4956 693 4994 Δ
797 4959 814 4994 ι
868 4961 921 4994 οι
968 4976 994 4994 n
1071 4965 1090 4994 ι
1167 4979 1199 4994 ,ι
1279 4981 1307 4994 η
1381 4963 1520 4994 ιιηηηρ
1561 4965 1584 4994 Α
1690 4965 1730 4994 ιδ
1761 4963 2164 4994 rmnnrvvnt
2220 4965 2273 4994 ηι
2353 4961 2560 4994 nnnnt
2585 4960 2652 4994 ῐγ
2724 4961 2750 4994 Α
2856 4959 2896 4993 17
2926 4958 3305 4994 αιηηηιωηίοπι
3359 4955 3599 4994 anlnhm
3666 4957 3692 4994 Δ

300 4951 624 5040 ξξαίἀοῐξςξη
657 4956 718 5011 Α.
797 4951 838 4994 ιδ
868 4961 925 5014 et
966 4976 1018 5015 a.
1071 4965 1124 5040 ι.Δ
1167 4951 1338 5040 u'._e.‘
1379 4963 1520 5018 deest
1554 4965 1608 5040 A_.
1690 4965 1730 5040 ξθ
1760 4963 2166 5040 ΒΟῼΟΒΧῩΙΙΔΙ
2218 4965 2294 5040 a_l.
2352 4960 2656 5040 DCCCbIX
2714 4961 2774 5040 Α..
2856 4951 3305 5040 ξτῖεὶηευῇωῆες
3359 4955 3600 5040 salubre

372 5025 681 5108 ceps‘ilium
713 5045 779 5108 ac
812 5032 1148 5108 regnum_A.
1231 5035 1340 5090 ‘90.
1367 5051 1440 5108 ac
1461 5034 1819 5108 professione
1849 5037 1910 5090 A.
1987 5036 2032 5070 ¹⁰
2054 5029 2650 5108 defenderet,_parite_r
2675 5024 3327 5108 voluntatem'etcorda
3355 5027 3626 5108 omnium

375 5096 835 5181 salutemhto‘tius
862 5095 1129 5181 Ecclesia;
1159 5109 1215 5160 et
1244 5095 1950 5181 populifprzcdestinatum
1982 5108 2044 5162 Α.
2122 5109 2166 5140 ²²
2195 5107 2302 5181 alii
2339 5095 2572 5181 habent.
2597 5104 2787 5181 lieno.
2865 5103 2908 5136 ³⁸
2939 5102 3078 5181 quia
3108 5101 3360 5181 denique
3391 5099 3492 5181 i119
3521 5099 3624 5180 QPi
3657 5100 3720 5154 Αο

299 5167 346 5251 ’ξ
375 5169 761 5251 υιξξιηὶωξιᾳιθ
809 5173 1087 5251 praetegit
1115 5167 1272 5251 hunc
1305 5167 1490 5251 r‘egni‘
1520 5178 1704 5251 hujus
1761 5177 2050 5251 haeredem
2078 5195 2223 5251 esse
2250 5179 2311 5251 A_.
2390 5178 2433 5211 ³⁵
2460 5174 2730 5251 videlicet
2785 5167 3133 5251 praesentem
3166 5167 3341 5251 hunc
3391 5167 3720 5251 principem

437 5243 480 5275 "
511 5239 1017 5321 post_h_zec'v._A."
1046 5249 1088 5281 ³⁷
1117 5248 1260 5304 decu
1289 5250 1349 5303 A.
1368 5239 1468 5321 vi"
1493 5239 1638 5306 dees't
1667 5251 1727 5305 A.
1805 5251 1850 5285 ²⁹
1877 5250 2021 5307 deest
2049 5249 2110 5304 A.
2186 5250 2231 5284 ³ο
2261 5249 2404 5305 deest
2434 5249 2495 5304 A.
2531 5319 2538 5321 Α
2573 5248 2612 5281 ³¹
2645 5239 2835 5321 salute
2863 5245 3092 5321 etdeest
3165 5246 3209 5280 ³³
3239 5239 3416 5316 atque
3448 5239 3718 5300 observa-

299 5313 458 5367 tione
488 5313 548 5368 Ᾱ.
625 5315 671 5350 ³³
697 5317 771 5371 At
799 5317 849 5372 si
883 5317 920 5374 i.
955 5336 1010 5392 p.
1045 5323 1102 5376 et
1132 5320 1529 5376 necessarium
1560 5322 1724 5378 vobis
1755 5340 1882 5378 esse
1912 5322 2140 5378 videtur
2171 5321 2475 5377 hortamur
2503 5319 2562 5374 A.
2641 5319 2686 5352 ³⁸
2717 5334 2845 5373 esse
2877 5316 2972 5372 Ch.

3327 4892 3562 4942 atonem

1898 5491 2136 5548 NOTAE.

301 5612 800 5740 86geeltszoindictio
832 5625 1089 5681 secunda
1137 5627 1622 5683 Constantiniana
1671 5629 1780 5693 est,
1813 5644 1940 5697 quac
1992 5626 2226 5684 initium
2288 5625 2542 5702 sumpsit
2573 5641 2608 5683 a
2636 5624 2729 5682 die
2756 5625 2828 5679 24
2878 5621 3101 5678 mensis
3157 5614 3522 5690 Septembris
3581 5612 3716 5670 anni

383 5726 424 5738 ..
545 5703 638 5740 uo.

383 5703 424 5738 5.
461 5703 638 5749 DOUQ.
