4028 6178
295 328 454 392 1269

1103 331 1460 393 ANNALES
1503 329 1918 393 HINCMARO
1961 329 2471 392 DUBITANTER
2515 333 2898 396 ASCRIPTI.

3542 327 3700 392 12Ἰο

292 461 606 529 sententia,
641 467 706 519 ut
735 461 928 518 locum
961 468 1019 520 et
1048 464 1304 536 spatium
1335 465 1652 537 paenitendi
1682 464 1940 530 haberet,
1971 463 2028 530 Α
2058 467 2242 530 rante,
2275 463 2462 520 redire
2519 467 2892 536 praevaleret;
2921 467 3129 524 deinde
3187 463 3479 538 disposuit
3530 463 3699 520 illum

290 559 348 611 et
377 553 642 626 graviora
672 552 1021 609 admittendi
1052 554 1388 609 facultatem
1423 557 1460 621 ¹,
1492 554 1646 610 sicut
1701 553 1947 609 medita—

289 644 483 708 batur,
503 660 618 698 non
641 642 900 706 haberet,
922 641 1248 698 luminibus
1279 642 1697 699 acclamatione
1717 645 1947 697 cuncto-

289 749 422 789 rum
469 732 571 804 qui
621 732 938 787 adfuerunt
996 732 1209 798 orbari,
1243 738 1537 804 quatenus
1572 731 1896 803 perniciosa
1925 731 1946 764 ²

288 840 423 896 spes
453 837 657 894 pacem
688 821 1012 876 odientium
1046 822 1116 876 de
1147 821 1245 876 illo
1277 822 1564 877 frustrata
1592 821 1758 887 foret,
1782 825 1839 875 et
1860 837 1946 875 ec-

283 911 464 968 clesia
493 909 594 966 Dei
623 927 688 964 ac
721 909 1128 965 ehristianitas
1159 909 1220 964 in
1253 925 1432 982 regno
1461 910 1591 978 ejus
1622 925 1756 964 cum
1793 909 1940 963 infe-

283 1000 536 1057 statione
567 1014 933 1070 paganorum
967 997 1252 1054 seditione
1299 997 1578 1054 exitiabili
1613 997 1942 1070 perturbari

287 1105 404 1146 non
437 1091 651 1161 posset.

353 1177 757 1243 Hludowicus,
783 1175 1104 1231 Germaniae
1129 1193 1248 1243 rex,
1283 1181 1416 1232 ante
1447 1176 1811 1232 nativitatem
1839 1181 1939 1232 Do.

281 1267 424 1324 mini
458 1267 530 1322 ad
566 1265 1002 1321 Franconofurd
1037 1265 1325 1338 palatium
1355 1266 1530 1333 venit,
1564 1265 1763 1336 ibique
1795 1266 1940 1321 nati-

277 1357 520 1413 vitatem
543 1353 777 1410 Domini
799 1353 1194 1420 celebravit,et
1215 1353 1497 1426 placitum
1523 1370 1694 1408 suum
1719 1353 1934 1410 ibidem

279 1447 435 1502 circa
486 1443 776 1501 Kalendas
808 1443 1106 1500 Februarii
1139 1443 1414 1510 condixit,
1449 1460 1564 1514 quo
1597 1441 1748 1498 filios
1796 1460 1934 1500 suos

279 1532 693 1590 Hludowicum
721 1531 1080 1587 et'Carolum
1111 1549 1248 1587 cum
1279 1531 1412 1588 aliis
1443 1531 1931 1599 fidelibus,homi-

279 1641 384 1679 nes
414 1638 648 1695 quoque
691 1621 792 1692 qui
823 1621 892 1675 de
925 1637 1102 1692 regno
1135 1621 1434 1692 quondam
1468 1621 1725 1676 Lotharii
1755 1620 1838 1675 illi
1870 1639 1931 1678 se

279 1711 856 1776 commendaverunt,
891 1709 1196 1765 convenire
1253 1711 1544 1781 praecepit.
1577 1711 1648 1764 Et
1677 1711 1816 1766 dum
1849 1711 1928 1766 ibi

2058 551 2302 608 Romam
2336 553 2604 626 dirigere,
2639 556 2762 619 sed,
2789 557 3147 628 quibusdam
3179 552 3700 611 intervenientibus

2056 641 2270 711 causis,
2304 643 2413 699 iter
2441 641 2585 698 illud
2618 642 2861 698 dimisit.

2129 729 2526 798 Hludowicus,
2552 731 2866 804 imperator
2888 731 3084 802 Italiae,
3107 733 3164 788 in
3189 733 3386 804 Capua
3414 729 3696 796 residens,

2055 824 2284 876 mortuo
2299 821 2425 892 jam
2449 821 2776 876 Landberto
2808 819 2988 886 calvo,
3011 827 3068 875 et
3088 825 3358 892 pervento
3381 821 3420 856 “
3455 818 3698 892 patricio

2053 907 2422 980 imperatoris
2469 911 2801 966 Graecorum
2848 927 2983 965 cum
3023 909 3190 965 hoste
3221 910 3280 964 in
3311 909 3540 966 civitate
3568 927 3696 981 qua:

2054 997 2388 1068 Hydrontus
2409 999 2450 1033 ¹²
2479 999 2696 1054 dicitur
2727 999 2786 1054 in
2817 997 3100 1054 auxilium
3133 998 3693 1063 Beneventanorum,

2053 1086 2151 1157 qui
2182 1103 2424 1143 censum
2475 1089 2628 1160 quod
2682 1087 3134 1160 imperatoribus
3171 1084 3421 1142 Franciie
3450 1089 3694 1141 eatenus

2047 1173 2267 1230 dabant
2293 1175 2376 1230 illi
2421 1175 2822 1248 persoluturos
2853 1193 2914 1232 se
2945 1175 3384 1248 promittebant,
3416 1173 3692 1245 quoniam

2047 1261 2216 1320 aliter
2243 1264 2584 1337 Adalgisum
2643 1265 2904 1321 obtinere
2948 1282 3062 1320 non
3115 1267 3360 1336 poterat,
3395 1261 3696 1318 mandavit

2048 1353 2366 1424 apostolico
2389 1353 2640 1410 Johanni
2669 1355 2730 1421 ‘3,
2756 1353 3039 1426 compatri
3069 1351 3351 1424 Adalgisi,
3375 1357 3442 1408 ut
3461 1353 3531 1407 ad
3555 1369 3691 1408 eum

2045 1441 2116 1496 ad
2140 1441 2522 1514 Campaniam
2545 1444 2588 1477 ¹⁴
2605 1443 2844 1508 veniret,
2866 1449 2922 1498 et
2943 1442 3054 1499 sibi
3075 1440 3418 1514 Adalgisum
3442 1441 3695 1498 reconci-

2044 1528 2230 1598 liaret,
2260 1530 2458 1587 volens
2515 1536 2826 1598 ostentare,
2859 1531 3016 1604 quod
3075 1531 3244 1602 quasi
3296 1529 3689 1586 intercedente

2041 1619 2193 1675 beati
2227 1620 2379 1676 Petri
2409 1620 2619 1677 vicario
2650 1621 2844 1694 ipsum
2892 1620 3231 1693 Adalgisum
3283 1620 3582 1691 reciperet,
3617 1619 3688 1675 de

2041 1725 2154 1783 quo
2186 1709 2504 1780 juraverat,
2539 1711 2695 1782 quod
2755 1727 3059 1782 nunquam
3117 1711 3187 1764 de
3245 1709 3363 1765 illis
3419 1710 3686 1782 partibus

277 1800 530 1872 degeret,
560 1797 720 1853 venit
767 1798 835 1852 ad
884 1796 1176 1863 Carolum,
1229 1799 1416 1854 filium
1475 1800 1625 1868 ejus,
1661 1798 1928 1855 diabolus
1963 1830 2008 1894 Β
2040 1796 2336 1854 rediturus
2365 1803 2519 1854 esset
2549 1803 2863 1871 antequam
2893 1798 3063 1854 illum
3095 1803 3364 1870 caperet;
3393 1815 3570 1871 quem
3603 1817 3686 1856 re-

273 1888 706 1960 transfigurans
731 1903 792 1942 se
823 1887 882 1941 in
914 1887 1190 1959 angelum
1221 1887 1460 1956 lucis,et
1480 1887 1624 1946 dixit
1645 1887 1922 1960 illi,quod

273 1981 439 2050 pater
486 1977 617 2047 ejus
668 1975 767 2047 qui
816 1975 982 2031 illum
1019 1989 1210 2032 causa
1263 1977 1693 2043 Carolomanni,
1728 1978 1922 2035 fratris

271 2065 385 2132 sui,
420 2064 661 2136 perdere
693 2063 1061 2130 moliebatur,
1095 2066 1278 2120 Deum
1327 2066 1614 2120 offensum
1661 2065 1920 2133 haberet,

267 2158 326 2210 et
349 2169 597 2226 regnum
621 2153 680 2208 in
704 2153 861 2209 brevi
902 2153 1214 2218 amitteret,
1238 2159 1296 2208 et
1319 2154 1507 2208 eidem
1533 2153 1733 2209 Carolo
1765 2155 1922 2210 Deus

265 2242 414 2298 illud
465 2258 712 2316 regnum
764 2241 1103 2297 habendum
1137 2241 1489 2314 dispositum
1519 2244 1540 2276 ³
1569 2242 1828 2312 haberet,
1861 2249 1920 2298 et

266 2331 422 2402 quod
448 2329 593 2386 illud
622 2331 681 2384 in
725 2329 989 2402 proximo
1019 2329 1328 2385 obtineret.
1364 2331 1492 2402 Ipse
1521 2333 1716 2386 autem
1747 2336 1918 2387 Caro-

261 2417 359 2476 lus
387 2419 598 2476 timore
629 2419 1025 2492 perterritus‘,
1051 2419 1191 2490 quia
1219 2420 1419 2474 domui
1462 2420 1521 2474 in
1553 2437 1671 2490 qua
1700 2419 1918 2476 latebat

263 2507 616 2575 adhaerebat,
641 2507 948 2577 ecclesiam
975 2511 1064 2563 est
1085 2507 1531 2584 ipgressus,quo
1554 2524 1689 2562 eum
1722 2507 1919 2563 diabo-

262 2594 359 2652 lus
389 2600 480 2651 est
506 2595 828 2660 insecutus,
861 2595 953 2650 cui
987 2597 1199 2650 iterum
1233 2595 1406 2650 dixit:
1441 2596 1550 2650 Cur
1581 2599 1737 2652 times
1766 2603 1818 2652 et
1833 2601 1917 2668 fw-

262 2687 374 2754 gis,
405 2701 540 2738 nam
567 2686 682 2738 nisi
707 2701 775 2740 ex
798 2685 902 2740 Deo
932 2687 1217 2750 venissem,
1252 2685 1353 2740 tibi
1409 2685 1746 2740 adnuntians
1789 2701 1916 2757 quae

266 2774 328 2828 in
349 2775 604 2844 proximo
630 2781 756 2828 sunt
779 2775 989 2843 futura,
1025 2775 1084 2827 in
1145 2773 1288 2828 hanc
1343 2774 1564 2828 domum
1621 2773 1842 2829 Domini
1865 2783 1916 2830 te

263 2877 495 2934 sequ-ens
521 2877 629 2917 non
659 2863 943 2917 intrarent.
980 2861 1080 2916 llis
1109 2866 1165 2918 et
1194 2861 1324 2916 aliis
1369 2861 1670 2918 blanditiis
1700 2861 1750 2917 ei
1785 2879 1914 2934 per-

265 2950 478 3018 suasit,
514 2954 577 3005 ut
600 2951 1074 3006 communionem
1107 2968 1141 3006 a
1172 2950 1288 3006 Deo
1347 2950 1457 3006 sibi
1517 2950 1760 3007 missam
1792 2952 1812 2986 ⁵
1843 2952 1914 3008 de

262 3056 443 3094 manu
465 3039 626 3096 illius
647 3040 952 3112 acciperet,
979 3040 1132 3096 sicut
1153 3043 1210 3096 et
1229 3039 1364 3095 fecit
1387 3057 1400 3106 ;
1435 3044 1491 3094 et
1523 3043 1655 3112 post
1683 3039 1912 3096 buccel-

259 3127 378 3184 lam
410 3129 535 3200 ipse
566 3129 855 3184 Sathanas
887 3129 1125 3184 intravit
1157 3129 1216 3183 in
1248 3145 1403 3184 eum.
1437 3128 1687 3184 Veniens
1715 3133 1911 3184 autem

2037 1901 2170 1940 vera
2199 1887 2412 1942 virtute
2443 1905 2550 1942 sua
2578 1887 2840 1944 obtinere
2874 1904 2987 1943 non
3015 1891 3231 1959 posset.

2103 1973 2343 2030 Carolus
2373 1975 2598 2032 hostem
2632 1975 2950 2032 denunciat
2979 1977 3020 2011 ³³
3051 1994 3255 2033 versus
3295 1978 3678 2047 Britanniam,

2031 2066 2098 2115 ut
2128 2063 2447 2118 Normanni
2479 2063 2580 2136 qui
2622 2064 2950 2136 Andegavis
2981 2063 3301 2120 .civitatem
3359 2083 3680 2140 occupave-

2031 2154 2302 2216 rant,non
2333 2157 2708 2208 autumareut
2739 2170 2802 2208 se
2827 2154 3103 2208 adversus
3134 2170 3234 2210 eos
3262 2153 3400 2210 illuc
3432 2154 3676 2226 iturum,

2029 2255 2100 2294 ne
2129 2239 2199 2294 ad
2221 2239 2334 2295 alia
2356 2239 2482 2296 loca
2503 2239 2565 2296 in
2588 2241 2800 2313 quibus
2825 2243 2906 2296 ita
2927 2243 3247 2314 constringi
3280 2261 3394 2299 non
3417 2251 3677 2316 possent,

2027 2329 2392 2400 aufugerent.
2426 2329 2577 2384 Dum
2619 2335 2816 2386 autem
2847 2329 2986 2384 illuc
3017 2335 3300 2402 pergeret,
3337 2332 3396 2386 in
3427 2333 3552 2404 ipso
3583 2333 3676 2389 iti-

2027 2433 2162 2470 nere
2195 2417 2537 2472 nunciatum
2569 2423 2660 2474 est
2690 2417 2762 2485 ei,
2797 2419 2952 2490 quod
3017 2417 3268 2475 factione
3327 2421 3524 2485 fratris
3584 2423 3674 2478 sui

2025 2505 2376 2576 Hludowiei,
2413 2506 2734 2562 Germaniae
2783 2506 2960 2580 regis,
2995 2507 3459 2565 Carolomannus
3489 2527 3676 2566 caecus

2024 2610 2128 2665 per
2147 2593 2415 2650 homines
2427 2595 2723 2666 quondam
2747 2613 2904 2652 suos.
2921 2589 3424 2654 consentientibus
3445 2600 3675 2656 duobus

2025 2682 2607 2754 pseudo-monachis,
2641 2685 2713 2737 de
2743 2684 2986 2739 Corbeia
3017 2685 3057 2718 ¹⁶
3085 2687 3440 2741 monasterio
3473 2688 3672 2744 subla-

2023 2774 2140 2837 tus,
2164 2773 2222 2824 et
2241 2771 2314 2825 ad
2337 2769 2748 2826 Hludowicum
2770 2772 2964 2838 fuerit,
2989 2771 3314 2829 cohaerente
3337 2775 3375 2808 ‘7
3405 2791 3472 2829 ac
3504 2775 3674 2832 inter-

2022 2858 2288 2914 veniente
2315 2858 2624 2927 Adalardo,
2656 2857 2716 2914 in
2749 2877 2920 2915 suam
2959 2859 3430 2917 contrarietatem
3459 2865 3671 2934 perdu-

2023 2951 2172 3003 ctus.
2198 2947 2362 3004 Unde
2383 2965 2497 3004 non
2519 2964 2872 3021 magnopere
2894 2953 2983 3005 est
3003 2949 3241 3005 Carolus
3263 2953 3668 3021 conturbatus,

2023 3037 2124 3094 sed
2155 3038 2265 3092 iter
2293 3041 2546 3108 coeptum
2581 3053 2882 3110 peragens,
2916 3055 3052 3093 cum
3083 3038 3251 3094 hoste
3281 3039 3521 3096 collecta
3540 3042 3673 3097 civi-

2022 3129 2202 3181 tatem
2240 3125 2562 3198 Andegavis
2591 3157 2660 3166 --
2690 3126 2746 3179 in
2781 3143 2897 3197 qua
2927 3126 3270 3183 Nortmanni
3303 3128 3671 3201 depopulatis

262 3219 334 3273 ad
366 3222 589 3290 patrem
622 3234 820 3284 suum,
857 3222 912 3272 et
943 3217 1204 3273 residens
1234 3217 1293 3272 in
1328 3217 1569 3272 consilio
1614 3219 1741 3288 ejus
1777 3234 1911 3273 cum
1940 3193 1983 3260 δ
2023 3214 2378 3286 quibusdam
2403 3215 2899 3281 urbibus,eversis
2919 3215 3194 3282 castellis,
3221 3217 3590 3274 monasteriis
3611 3223 3671 3276 et

264 3307 444 3362 fratre
499 3312 556 3361 et
613 3306 743 3362 aliis
796 3307 1068 3362 ﬁdelibus
1098 3338 1166 3348 --υ
1196 3311 1316 3361 tam
1349 3307 1639 3378 episcopis
1683 3322 1862 3378 quam
1892 3309 1913 3340 ⁶

262 3394 432 3450 laicis
465 3395 565 3466 [id.
599 3395 723 3450 add.
757 3395 943 3466 patris
978 3394 1114 3468 sui],
1144 3426 1214 3435 —
1244 3395 1439 3451 subito
1497 3395 1734 3450 invasus
1781 3411 1912 3450 sur-

259 3483 427 3554 rexit,
460 3487 520 3539 et
563 3484 726 3552 dixit,
763 3484 901 3556 quia
959 3484 1222 3540 seculum
1281 3483 1453 3538 vellet
1510 3483 1823 3549 dimittere,
1857 3489 1914 3538 et

256 3573 398 3644 quia
428 3589 665 3628 uxorem
699 3589 867 3628 suam
901 3572 1121 3628 carnali
1153 3571 1503 3627 commercio
1536 3589 1651 3626 non
1683 3571 1907 3627 contin-

256 3665 419 3734 geret
447 3664 488 3729 ⁷,
521 3665 578 3717 et
626 3661 962 3733 discingens
991 3663 1012 3695 ⁸
1044 3678 1105 3716 se
1171 3665 1356 3732 spata,
1419 3661 1622 3716 cadere
1677 3660 1738 3715 in
1797 3666 1910 3717 ter-

257 3750 592 3806 ram°illam
618 3749 901 3822 permisit,
927 3755 1140 3805 etcum
1163 3767 1224 3804 se
1246 3749 1416 3804 vellet
1436 3748 1670 3806 baltheo
1693 3749 1911 3806 discin—

257 3855 393 3912 gere
405 3837 817 3894 etvestimento
841 3855 1070 3902 exuere,
1091 3837 1264 3909 etrapit
1284 3837 1497 3892 vexari.
1520 3839 1910 3910 Comprehen-

257 3944 364 3982 sus
381 3932 576 3983 autem
601 3928 674 3982 ab
697 3925 984 3998 episcopis
1008 3930 1066 3980 et
1087 3927 1158 3981 ab
1181 3925 1312 3980 aliis
1330 3925 1728 3993 viris,turbato
1750 3932 1911 3998 patre

258 4021 316 4071 et
327 4016 607 4072 omnibus
621 4002 720 4086 qui
743 4013 1526 4084 adfuerunt,vehementique
1539 4018 1776 4085 stupore
1790 4031 1912 4086 per-

257 4104 465 4181 culsis,
497 4104 712 4160 ductus
759 4108 850 4159 est
897 4103 958 4158 in
990 4101 1315 4157 ecclesiam.
1345 4103 1415 4156 Et
1446 4101 1780 4158 Lintbertus
1813 4120 1910 4158 ar-

255 4191 668 4264 chiepiscopus
725 4191 977 4246 induens
1017 4207 1080 4246 se
1118 4189 1580 4246 sacerdotalibus
1626 4191 1906 4258 vestibus,

258 4280 506 4337 missam
539 4285 775 4336 cantare
805 4281 1014 4352 cmpit;
1050 4295 1302 4351 cumque
1331 4283 1568 4333 ventum
1600 4279 1808 4334 fuisset
1837 4280 1908 4334 ad

251 4368 450 4426 locum
481 4369 784 4442 evangelii,
809 4368 983 4441 cepit
1003 4367 1234 4439 magnis
1253 4367 1491 4422 vocibus
1513 4367 1912 4441 patrialingua

251 4460 396 4516 υέείο
407 4459 484 4528 (a)
501 4459 752 4514 clamare
768 4475 782 4525 ;
798 4462 856 4512 et
867 4457 950 4512 sic
973 4456 1266 4512 continuis
1287 4455 1528 4510 vocibus
1543 4455 1777 4512 vwillud
1793 4456 1908 4511 cla-

2021 3303 2281 3359 ecclesiis
2314 3304 2588 3372 incensis,
2614 3309 2669 3358 et
2699 3303 2854 3376 agris
2884 3304 2943 3359 in
2979 3303 3358 3361 solitudinem
3390 3306 3664 3376 redactis,

2014 3393 2136 3463 jam
2198 3391 2474 3446 diuturno
2533 3396 2790 3464 tempore
2850 3392 3558 3463 residebant—obsedit,
3611 3400 3668 3452 et

2022 3497 2156 3551 sepe
2179 3479 2498 3536 fortissima
2527 3481 2930 3548 circumdedit,
2957 3481 3287 3549 Salomone,
3312 3484 3459 3540 duce
3489 3485 3670 3541 Brito-

2022 3585 2186 3633 num,
2222 3568 2374 3623 ultra
2403 3569 2751 3624 Meduanam
2774 3571 2846 3640 (II)
2873 3570 3110 3624 fluvium
3142 3587 3275 3625 cum
3301 3571 3466 3628 hoste
3489 3573 3671 3630 Brito-

2023 3673 2163 3711 num
2197 3658 2255 3712 in
2285 3657 2412 3727 ejus
2443 3656 2656 3712 auxilio
2687 3658 2994 3713 residente.
3028 3659 3098 3713 Et
3127 3659 3269 3714 dum
3301 3659 3541 3717 Carolus
3571 3679 3669 3718 rex

2021 3746 2080 3800 in
2111 3745 2221 3800 hoc
2281 3746 2510 3818 negotio
2567 3752 2885 3817 occupatus
2943 3751 3116 3816 esset,
3151 3745 3427 3805 Salomon
3477 3749 3665 3806 filium

2021 3851 2216 3900 suum,
2252 3834 2488 3890 nomine
2537 3835 2764 3906 Wigon,
2800 3835 2872 3890 ad
2927 3851 3062 3889 eum
3122 3852 3256 3890 eum
3310 3836 3668 3908 primoribus

2021 3923 2328 3978 Britonum
2357 3923 2539 3990 misit,
2567 3922 2665 3994 qui
2698 3922 2854 3978 filius
2885 3923 3012 3993 ejus
3044 3941 3106 3979 se
3135 3923 3337 3980 Carolo
3369 3941 3668 3982 commen-

2021 4011 2198 4078 davit,
2223 4017 2281 4067 et
2301 4011 2643 4065 ﬁdelitatem
2667 4027 2860 4066 coram
2885 4010 3159 4067 fidelibus
3181 4014 3306 4068 suis
3329 4012 3410 4067 illi
3425 4013 3664 4084 juravit.

2022 4101 2247 4156 Interea
2269 4100 2553 4156 Rodulfus
2575 4101 3103 4173 Nortmannus,qui
3127 4102 3314 4158 multa
3337 4103 3562 4160 malain
3586 4120 3670 4159 re-

2020 4205 2134 4261 gno
2191 4187 2378 4244 Caroli
2433 4192 2786 4256 exercuerat,
2825 4188 2882 4242 in
2914 4205 3092 4262 regno
3151 4190 3482 4248 Hludowivi
3531 4209 3666 4248 cum

2021 4276 2361 4349 quingentis
2393 4279 2449 4330 et
2477 4292 2542 4331 co
2574 4275 2830 4347 amplius
2864 4277 3258 4351 complicibus
3279 4279 3405 4336 suis
3435 4280 3665 4338 occisus

2021 4372 2129 4434 est,
2155 4365 2356 4420 Carolo
2375 4382 2508 4420 vero
2533 4365 2806 4420 residenti
2834 4367 2874 4399 ιδ
2899 4383 3067 4422 secus
3105 4367 3432 4441 Andegavis
3463 4368 3666 4426 civita«

2019 4459 2158 4523 tem,
2195 4471 2306 4508 non
2339 4453 2560 4508 incerta
2591 4453 2870 4510 relatione
2898 4454 3007 4510 hoc
3040 4455 3380 4512 nunciatur:
3411 4457 3667 4514 Multitu-

253 4547 459 4616 mavit,
485 4563 671 4619 usque
697 4547 838 4602 dum
861 4545 1046 4601 missa
1076 4543 1366 4600 celebrata
1389 4544 1516 4598 fuit.
1542 4547 1724 4610 Quem
1748 4549 1912 4616 pater
1939 4563 1986 4627 Ι)
2019 4544 2090 4599 do
2113 4542 2403 4616 siquidem
2435 4542 2797 4598 locustarum
2822 4561 2923 4615 per
2942 4544 3313 4601 Germaniam
3334 4545 3392 4600 in
3423 4546 3661 4614 Gallias,
3723 4542 3728 4547 ’

251 4637 384 4708 ejus
415 4636 707 4708 episcopis
738 4641 795 4690 et
822 4633 954 4690 aliis
988 4631 1258 4689 fidelibus
1281 4631 1380 4704 [ίιὶ.
1416 4633 1541 4686 add.
1575 4633 1722 4705 suis]
1755 4650 1906 4688 com-

254 4725 629 4797 mittens,per
650 4740 817 4780 sacra
839 4721 966 4778 loca
987 4726 1324 4776 sanctorum
1348 4726 1669 4792 martyrum
1699 4722 1902 4777 deduci

253 4812 548 4886 pracepit,
569 4817 861 4885 quatenus
892 4810 1126 4866 illorum
1161 4810 1384 4865 meritis
1409 4813 1466 4864 et
1497 4809 1908 4866 orationibusa

253 4903 520 4958 daemone
541 4901 924 4968 liberatus,ad
949 4915 1151 4955 sanam
1179 4897 1709 4962 mentem,Domino
1731 4899 1904 4953 mise~

2017 4634 2268 4689 maxime
2305 4636 2502 4687 autem
2534 4632 2592 4686 in
2618 4632 2982 4703 Hispaniam,
3006 4634 3148 4689 adeo
3179 4651 3240 4690 se
3269 4635 3476 4692 effudit
3506 4637 3568 4705 '9,
3601 4642 3666 4693 ut

2015 4722 2360 4794 ,Egyptiacce
2394 4719 2576 4792 plagae
2605 4720 2860 4792 potuerit
2889 4723 3236 4792 comparari.
3257 4723 3663 4793 Hludowieus,

2016 4828 2116 4867 rex
2172 4807 2513 4874 Germaniae,
2567 4809 2720 4878 apud
2777 4808 2972 4864 Mettis
3031 4809 3322 4868 civitatem
3382 4813 3662 4887 placitum

2017 4914 2191 4954 suum
2247 4899 2442 4952 tenere
2501 4896 2840 4968 disponens,
2887 4897 3171 4954 nuncium
3231 4903 3470 4974 accepit,
3505 4889 3695 4974 quod.

1533 5011 1944 5070 VARIANTES
1985 5012 2398 5070 LECTIONES.

329 5134 345 5168 ³
377 5131 571 5204 locum
604 5133 678 5186 ut.
715 5137 823 5204 Bg.
849 5132 1016 5204 locus
1039 5134 1106 5204 et
1125 5129 1383 5204 spatium
1416 5146 1464 5183 s.
1499 5147 1576 5183 m.
1613 5147 1726 5184 non
1760 5129 1996 5204 daretur
2023 5132 2093 5204 A.
2200 5132 2220 5163 ²
2250 5130 2566 5204 pernitiosa
2597 5131 2692 5204 Ch.
2805 5133 2826 5204 3
2856 5132 2983 5188 Cod.
3011 5151 3078 5204 re;

765 5199 786 5237 λ
811 5203 870 5258 Ρ.
905 5199 1211 5274 ecclesiam
1243 5206 1332 5256 est
1363 5199 1670 5274 ingressus
1692 5217 1821 5270 qua:
1852 5202 2051 5258 domui
2082 5203 2140 5256 in
2171 5199 2289 5274 qua
2311 5201 2545 5271 jacebat
2573 5202 2906 5258 adhaerebat
2937 5207 2994 5258 A.
3070 5199 3092 5234 ῖί
3122 5203 3199 5274 M.
3231 5206 3296 5255 ut
3326 5199 3518 5258 aiebat
3535 5205 3598 5260 Α.
3639 5207 3662 5241 θ

255 5203 522 5276 proximo
552 5209 651 5276 Bg.

255 5273 435 5347 quam
466 5279 523 5330 et
552 5273 717 5347 laicis
749 5276 842 5328 Ch.
885 5276 903 5347 ξ’
937 5273 1091 5347 conti

255 5291 435 5347 quam
466 5289 523 5330 et
554 5289 717 5330 laicis
749 5289 842 5328 (λιι.
892 5289 901 5307 ¹
937 5289 1244 5377 contigerit
1273 5289 1338 5326 Α.
1397 5289 1417 5304 ο
1449 5289 1785 5326 (ΙΙΒΟΙΠΟΘΠΒ
1818 5289 1914 5330 un.
1992 5289 2012 5308 '
2043 5289 2105 5329 m
2141 5289 2179 5328 ι.
2211 5289 2354 5328 deos:
2391 5289 2447 5327 Α.
2531 5289 2570 5306 ιυ
2599 5289 2751 5328 uecst
2782 5289 2850 5329 (λη

253 5350 464 5402 rontus
495 5347 590 5402 Ch.
633 5345 900 5414 ‘3joanni
935 5346 1029 5399 Ch.
1121 5346 1141 5378 "
1171 5345 1324 5414 apud
1357 5360 1604 5414 capuam
1633 5345 1697 5398 A.
1761 5345 1802 5378 ³⁵
1833 5345 2136 5400 denuntiat
2169 5345 2263 5398 Ch.
2337 5345 2376 5378 ¹⁶
2397 5344 2626 5401 corbeio
2660 5347 2754 5399 Ch.
2787 5350 2850 5399 Β.

255 5419 298 5454 ιδ
330 5416 639 5474 Residente
670 5416 765 5471 Ch.
847 5417 888 5451 ¹⁹
917 5416 1176 5471 Etfundit
1205 5416 1298 5469 Ch.

2200 5132 2220 5163 ²
2250 5130 2566 5202 pernitiosa
2597 5131 2692 5187 Ch.
2805 5133 2826 5163 ³
2856 5132 2983 5188 Cod.
3011 5151 3118 5202 reg.
3153 5132 3392 5202 haberet
3421 5134 3576 5202 quod
3600 5133 3661 5190 in

1137 5273 1244 5327 erit
1273 5275 1338 5326 A.
1397 5271 1785 5326 8idiscindens
1818 5275 1914 5330 Ch.
1991 5276 2012 5308 ⁹
2043 5275 2105 5329 In
2141 5271 2355 5328 tfdeest
2391 5275 2447 5327 A.
2529 5274 2570 5306 ¹⁰
2599 5275 2751 5328 Deest
2782 5275 2875 5329 (1h.
2957 5275 2997 5308 ¹¹
3027 5272 3376 5343 appulsoA.
3457 5275 3500 5308 ¹²
3529 5275 3661 5332 hid-

2931 5346 2969 5378 ³⁷
3001 5342 3190 5398 fuerat
3212 5342 3574 5402 cohibendus
3592 5350 3658 5403 A.

1845 5513 2075 5608 NOT/E:

331 5633 412 5705 (a)
441 5631 820 5700 Germanice;
857 5630 1136 5688 scribitur
1159 5630 1285 5701 jam
1319 5628 1472 5683 weh!

2097 5630 2172 5702 (b)
2201 5630 2484 5703 Mayenne.
