4028 6178
274 312 298 371 i
309 310 424 372 281

1088 306 1447 368 ANNALES
1492 303 1902 366 HINCMARO
1942 299 2449 390 DUBITANﬂ‘ER
2490 302 2865 363 ASCRIPTI.

3524 307 3546 365 i
3559 305 3676 367 282

270 442 477 514 lbique
507 440 764 497 natalem
795 439 1027 496 Domini
1075 438 1384 496 celebravit
1426 454 1578 495 anno
1620 436 1921 493 dominicae
1950 436 2009 503 Α
2038 406 2209 506 prout
2230 434 2526 506 quantitas
2554 434 2663 489 loci
2689 436 2894 503 extitit,
2919 436 2988 490 ad
3015 436 3165 491 idem
3190 436 3475 492 tributum
3498 438 3679 495 exsol-

268 528 697 588 incarnationis
731 530 857 584 877.

879 615 1320 672 DCCCLXXVII.

340 706 767 765 Convalescens
799 708 994 761 autem
1028 720 1130 778 per
1155 703 1512 760 Carisiacum
1544 706 1615 761 ad
1649 704 1929 777 Compen-

266 798 440 856 dium
470 796 660 865 venit;
714 795 814 852 ubi
864 794 1007 851 dum
1037 797 1384 859 moraretur,
1416 793 1575 850 filius
1620 794 1749 865 ejus
1801 792 1923 865 qui,

267 892 589 960 antequam
623 884 911 942 Richildis
941 884 1014 940 ad
1044 885 1451 940 Antennacum
1480 883 1719 951 veniret,
1743 882 1803 937 in
1834 883 1929 937 via

268 981 452 1033 natus
496 976 711 1043 fuerat,
762 973 1125 1041 inﬁrmatur;
1176 976 1234 1028 et
1281 989 1317 1027 a
1356 973 1600 1037 Bosone,
1641 969 1926 1027 avunculo

268 1082 400 1133 suo,
417 1064 488 1120 de
510 1064 668 1120 fonte
686 1065 1018 1133 susceptus,
1033 1058 1277 1116 Carolus
1294 1058 1635 1115 nominatus
1657 1057 1924 1125 moritur,

268 1159 328 1210 et
356 1154 432 1209 ad
462 1150 893 1209 monasterium
923 1149 1111 1205 sancti
1144 1147 1403 1221 Dionysii
1435 1146 1806 1219 sepeliendus
1837 1146 1931 1202 de-

272 1244 463 1300 fertur
486 1243 524 1297 ί.
566 1239 809 1298 Carolus
855 1243 1052 1295 autem
1100 1237 1418 1310 imperator
1464 1238 1524 1292 in
1572 1234 1927 1308 Compendio

268 1329 790 1405 quadragesimum
822 1343 1126 1401 peragens,
1158 1326 1377 1398 pascha
1406 1324 1638 1381 Domini
1668 1324 1929 1381 celebra-

266 1421 375 1487 vit,
400 1424 460 1476 et
490 1418 706 1475 missos
754 1415 1057 1490 apostolici
1100 1414 1408 1484 Johannis,
1440 1415 1673 1470 Petrum
1705 1414 1929 1487 episco-

271 1525 415 1581 pum
459 1504 972 1579 Foro-Simpronii,
1006 1503 1263 1575 itemque
1303 1503 1536 1559 Petrum
1586 1503 1929 1575 episcopum

270 1595 638 1670 Senogalliae,
690 1594 982 1667 suscepit;
1016 1609 1119 1666 per
1166 1608 1313 1664 quos
1358 1596 1476 1647 tam
1524 1592 1718 1647 verbis
1751 1608 1928 1664 quam

268 1685 483 1742 litteris
514 1701 648 1741 eum
681 1683 980 1739 Johannes
1012 1680 1369 1753 apostolicus
1409 1681 1652 1739 Romam
1682 1682 1927 1748 vocavit,

270 1779 589 1848 quatenus,
614 1772 768 1829 sicut
798 1771 1165 1844 promiserat,
1190 1774 1453 1825 sanctam
1485 1769 1805 1826 Romanam
1839 1786 1931 1824 ec-
1959 1805 2008 1870 Β

270 1863 515 1920 clesiam
549 1879 583 1918 a
613 1861 861 1934 paganis
888 1858 1105 1931 quibus
1135 1858 1540 1926 infestabatur,
1572 1858 1822 1929 eriperet
1851 1863 1934 1913 at-

272 1969 389 2025 que
420 1951 779 2007 defenderet.
804 1948 1081 2004 Kalendis
1114 1946 1249 2003 Maii
1288 1947 1593 2019 episcopos
1626 1947 1933 2003 Remensis

274 2038 584 2115 provincia:
618 2039 721 2095 sed
753 2043 809 2094 et
839 2036 1087 2094 aliarum
1119 2035 1551 2108 provinciarum
1576 2035 1932 2109 Compendio

272 2128 723 2197 convocavit,.et
750 2125 1060 2184 ecclesiam
1092 2141 1271 2197 quam
1323 2124 1382 2180 in
1429 2124 1632 2180 eodem
1682 2124 1933 2180 oratorio

272 2220 703 2285 construxerat,
717 2232 851 2273 cum
875 2214 1064 2271 multo
1088 2217 1372 2287 apparatu
1400 2213 1460 2269 in
1482 2230 1590 2269 sua
1614 2217 1670 2269 et
1691 2214 1933 2269 nuncio-

275 2324 408 2364 rum
421 2308 443 2342 ²
465 2304 798 2379 apostolicae.
816 2304 973 2361 sedis
995 2302 1304 2377 praesentia
1320 2302 1393 2358 ab
1410 2301 1629 2357 eisdem
1646 2301 1935 2374 episcopis

246 2385 606 2453 ‘consecrari
627 2393 779 2463 fecit,
795 2393 934 2449 inde
955 2391 1235 2467 placitum
1254 2407 1428 2447 suum
1449 2390 1718 2463 generale
1732 2390 1938 2446 Kalen-

276 2486 388 2542 das
412 2485 492 2557 (α)
521 2482 660 2540 Julii
678 2482 701 2518 ³
728 2481 960 2551 habuit,
1001 2479 1102 2537 ubi
1140 2495 1245 2554 per
1279 2478 1538 2553 capitula
1559 2481 1660 2551 (ὁ),
1688 2479 1939 2551 qualiter

279 2590 532 2647 regnum
560 2571 816 2628 Francia:
848 2569 1007 2626 filius
1029 2587 1173 2627 suus
1196 2568 1581 2625 Hludowicus
1602 2585 1736 2624 cum
1758 2567 1939 2625 ﬁdeli-

282 2663 399 2718 bus
416 2662 546 2733 ejus
563 2666 621 2716 et
640 2659 802 2732 regni
824 2659 1179 2731 primoribus
1199 2663 1638 2733 regeret,usque
1656 2659 1795 2712 dum
1814 2658 1939 2729 ipse

286 2752 477 2807 Roma
499 2748 733 2817 rediret,
749 2748 1057 2816 ordinavit,
1082 2751 1140 2803 et
1156 2748 1447 2819 quomodo
1468 2746 1756 2801 tributum
1779 2748 1850 2817 (ο)
1870 2747 1941 2800 de

286 2841 453 2911 parte
483 2837 646 2909 regni
679 2835 933 2893 Francia:
977 2851 1155 2907 quam
1198 2839 1334 2891 ante
1387 2837 1634 2891 mortem
1685 2834 1943 2890 Lotbarii

284 2926 520 2993 habuit,
543 2926 645 2983 sed
678 2928 737 2980 et
765 2926 836 2980 de
866 2924 1225 2996 Burgundia,
1258 2923 1605 2997 exigeretur.
1628 2923 1939 2997 disposuit,

287 3016 516 3073 scilicet
535 3018 603 3071 ut
621 3014 692 3071 de
712 3013 941 3071 mansis
961 3011 1400 3069 indominicatis
1416 3013 1493 3083 (ά)
1515 3012 1739 3069 solidus
1765 3030 1943 3085 unus,

287 3108 360 3163 de
392 3119 748 3177 unoquoque
772 3118 981 3159 manso
1013 3100 1296 3175 ingenuili
1316 3103 1339 3137 ⁴
1359 3106 1611 3174 quatuor
1631 3101 1849 3158 denarii
1872 3103 1944 3157 de

2032 524 2286 578 vendum
2316 527 2622 595 acceptum
2646 522 2774 578 fuit.
2799 524 3045 581 Summa
3062 541 3197 581 vero
3218 525 3419 581 tributi
3444 526 3681 582 fuerunt

2034 613 2294 684 quinque
2326 612 2486 667 milia
2517 612 2675 666 librze
2708 614 2929 685 argenti
2981 614 3051 668 ad
3104 631 3369 687 pensam.
3406 614 3493 669 llli
3524 631 3678 686 vero,

2032 705 2154 757 tam
2179 701 2435 773 episc0pi
2458 717 2637 773 quam
2658 704 2715 757 et
2735 700 2968 772 alii,qui
2999 706 3162 758 trans
3183 703 3513 775 Sequanam
3540 708 3682 759 sunt

2034 791 2106 846 de
2127 789 2416 858 Neustria,
2436 789 2724 846 tributum
2743 788 2861 844 illis
2886 789 3265 847 Nortmannis
3286 792 3385 864 qui
3408 791 3466 847 in
3493 791 3682 865 Ligeri

2034 884 2219 947 erant,
2252 879 2579 935 secundum
2611 879 2766 950 quod
2799 876 2911 933 sibi
2951 878 3023 933 ab
3054 879 3140 935 eis
3170 879 3282 935 fuit
3310 879 3679 954 impositum,

2035 969 2447 1040 undecumque
2472 966 2798 1033 valuerunt,
2827 967 3069 1022 reddere
3099 974 3575 1038 procuraverunt.

2108 1062 2364 1112 Domnus
2405 1060 2599 1112 autem
2642 1056 2960 1127 imperator
2990 1054 3230 1111 Carolus
3280 1056 3351 1111 de
3395 1057 3684 1115 Carisiaco

2034 1145 2482 1218 Compendium,
2511 1145 2763 1215 indeque
2792 1159 2894 1215 per
2922 1143 3296 1200 Suessionem
3331 1145 3402 1200 ad
3436 1145 3684 1202 Remum

2036 1233 2348 1304 civitatem,
2371 1237 2427 1288 et
2454 1232 2538 1288 sic
2562 1232 2674 1287 iter
2695 1248 2868 1288 suum
2901 1248 3004 1304 per
3023 1230 3372 1288 Catalaunos
3402 1238 3460 1289 et
3491 1233 3687 1289 Ponti-

2036 1338 2243 1395 gonem
2268 1328 2443 1394 atque
2469 1321 2757 1393 Lingones
2780 1336 3063 1393 peragens
3088 1320 3309 1393 [Αηηαι.
3334 1322 3541 1378 Vedast.
3558 1322 3685 1378 add.

2036 1414 2240 1467 contra
2268 1410 2623 1466 voluntatem
2663 1414 2949 1477 suorum],
2973 1425 3105 1463 cum
3141 1425 3317 1465 uxore
3344 1414 3402 1466 et
3432 1410 3691 1467 maxima
3791 1458 3799 1468 .

2038 1500 2163 1555 auri
2196 1504 2253 1555 et
2284 1498 2508 1571 argenti
2551 1496 3029 1569 caballorumque
3060 1513 3126 1551 ac
3157 1496 3506 1553 facultatum
3546 1498 3689 1555 alia-

2038 1606 2167 1644 rum
2193 1589 2358 1660 copia
2380 1588 2450 1643 de
2474 1586 2716 1642 Francia
2738 1586 2962 1641 Italiam
2991 1586 3175 1658 petiit.
3194 1588 3262 1641 Et
3281 1588 3517 1643 veniens
3538 1587 3693 1644 ultra

2038 1679 2248 1734 Jurum
2275 1679 2296 1711 ⁸⁵
2328 1692 2514 1748 usque
2544 1676 2617 1731 ad
2652 1675 2889 1743 Urbam,
2923 1675 3151 1730 obviam
3203 1676 3412 1732 habuit
3442 1677 3691 1748 Adalga-

2041 1769 2192 1823 rium
2234 1766 2596 1838 episcopum,
2630 1780 2804 1836 quem
2852 1780 3053 1819 mense
3104 1764 3417 1819 Februario
3450 1765 3691 1821 Romam

2041 1855 2250 1912 direxit
2281 1872 2383 1928 pro
2424 1855 2649 1927 agenda
2697 1855 2917 1925 synodo
2951 1870 2984 1908 a
3014 1869 3165 1924 papa
3209 1852 3497 1921 Johanne,
3519 1855 3692 1926 cujus

2041 1942 2337 2015 exemplar
2350 1942 2535 1997 isdem
2547 1939 2893 2013 Adalgarius
2910 1956 3013 2012 pro
3030 1956 3272 1996 munere
3292 1941 3696 2014 magnoimpe-

2042 2032 2217 2089 ratori
2239 2031 2862 2087 detulit.Summavero
2882 2029 3147 2099 ejusdem
3168 2029 3374 2101 synodi
3398 2034 3531 2103 post
3549 2030 3696 2085 mul-

2044 2127 2135 2178 tas
2155 2125 2213 2177 et
2234 2118 2588 2191 multiplices
2608 2118 2813 2174 laudes
2834 2118 3205 2189 imperatoris
3226 2117 3347 2173 haec
3368 2121 3476 2187 est,
3494 2123 3561 2173 ut
3580 2119 3694 2175 ele-

2044 2211 2157 2267 ctio
2175 2215 2231 2266 et
2248 2208 2534 2282 promotio
2551 2209 2621 2263 ad
2641 2206 2969 2279 imperialia
2982 2211 3213 2279 sceptra
3229 2223 3384 2262 anno
3407 2207 3696 2279 praeterito

2044 2300 2240 2355 Rome
2270 2297 2579 2363 celebrata,
2614 2311 2683 2351 ex
2712 2299 2850 2350 tunc
2889 2300 2946 2350 et
2981 2311 3138 2350 nunc
3168 2299 3226 2350 et
3253 2294 3312 2349 in
3344 2301 3695 2368 perpetuum

2046 2389 2217 2442 firma
2246 2390 2301 2441 et
2330 2384 2559 2440 stabilis
2590 2384 2882 2451 manebit;
2906 2399 3086 2455 quam
3107 2383 3156 2438 si
3188 2383 3324 2455 quis
3355 2385 3697 2456 perturbare

2045 2480 2147 2532 aut
2173 2474 2387 2531 violare
2418 2472 2744 2538 tentaverit,
2777 2472 3204 2544 cujuscumque
3236 2472 3313 2527 sit
3341 2472 3565 2530 ordinis
3595 2478 3699 2530 aut

2047 2561 2353 2635 dignitatis
2382 2560 2470 2616 vel
2522 2559 2921 2631 professionis,
2955 2559 3368 2615 anathemate6
3398 2577 3587 2633 usque
3624 2563 3697 2619 ad

2048 2650 2507 2708 satisfactionem
2531 2652 2798 2704 teneatur
2817 2647 2975 2702 omni
3002 2653 3258 2718 tempore
3281 2649 3349 2702 ad
3360 2666 3567 2717 nexus;
3602 2667 3698 2722 pa-

2048 2744 2295 2796 tratores
2318 2743 2374 2794 et
2387 2736 2725 2792 incitatores
2743 2735 2841 2805 buj
2853 2751 2920 2789 us
2938 2733 3486 2805 consilii,siquidem
3505 2737 3697 2794 clerici

2049 2829 2287 2896 fuerint,
2302 2828 2690 2899 deponantur,
2715 2823 2848 2878 laici
2867 2840 3001 2879 vero
3031 2828 3087 2879 et
3115 2823 3387 2879 monachi
3418 2831 3696 2898 perpetuo

2051 2918 2423 2975 anathemate
2443 2912 2817 2981 feriantur,ut
2837 2912 2976 2984 quia
2996 2912 3255 2985 synodus
3274 2929 3428 2969 anno
3450 2914 3697 2985 praeteri-

2046 3014 2109 3063 to
2131 3007 2285 3080 apud
2310 3004 2689 3077 Pontigonem
2714 3001 2849 3056 hinc
2870 3000 3066 3057 habita
3090 3016 3260 3057 secus
3280 3003 3655 3059 Andrnacum
3676 3005 3696 3040 ⁷

2053 3098 2136 3153 nil
2158 3094 2394 3170 profuit,
2410 3106 2831 3165 usquequaque
2850 3088 2963 3146 ista
2979 3090 3185 3146 debeat
3202 3090 3529 3162 pravalere.
3545 3092 3700 3149 Nun-

290 3212 471 3252 censu
502 3166 893 3260 d.ominico,et
913 3166 1165 3265 quatuor
1190 3192 1262 3247 de
1290 3166 1567 3247 facultate
1596 3191 1940 3261 mausuarii,
1970 3166 2021 3241 α
2054 3166 2225 3244 ciavit
2253 3184 2428 3241 etiam
2452 3183 2603 3237 inter
2624 3180 2739 3250 alia
2764 3180 2950 3234 isdem
2969 3177 3318 3251 Adalgarius
3338 3179 3695 3253 imperatori,

289 3285 362 3341 de
382 3299 589 3340 manso
609 3298 744 3339 vero
764 3280 959 3338 servili
979 3281 1094 3336 duo
1112 3280 1337 3336 denarii
1359 3280 1431 3336 de
1451 3296 1630 3337 censu
1650 3281 1943 3337 dominico

287 3378 350 3429 et
378 3374 495 3429 duo
527 3373 599 3428 de
630 3369 906 3427 facultate
938 3368 1282 3437 mausuarii,
1307 3373 1364 3425 et
1392 3370 1799 3441 unusquisque
1820 3370 1942 3442 epi-

286 3478 506 3536 scopus
531 3462 601 3517 de
622 3458 978 3533 presbyteris
995 3475 1114 3514 suaa
1134 3457 1421 3530 parochias
1443 3459 1765 3515 secundum
1786 3460 1943 3531 quod

288 3550 612 3622 unicuique
642 3547 922 3621 possibile
953 3552 1094 3615 erat,
1119 3564 1153 3602 a
1184 3563 1301 3618 quo
1330 3546 1650 3618 plurimum
1684 3549 1945 3620 quinque

289 3639 534 3707 solidos,
558 3655 592 3693 a
622 3653 737 3709 quo
768 3635 1083 3692 minimum
1109 3639 1362 3708 quatuor
1391 3636 1661 3691 denarios
1686 3636 1941 3709 episcopi

288 3730 364 3784 de
396 3726 646 3801 singulis
676 3726 1032 3799 presbyteris
1063 3725 1409 3798 acciperent,
1441 3728 1497 3782 et
1524 3724 1725 3783 missis
1755 3726 1945 3781 domi-

289 3817 442 3875 nicis
473 3815 803 3872 redderent.
837 3815 947 3871 Sed
990 3818 1048 3870 et
1089 3814 1158 3870 de
1196 3814 1490 3871 thesauris
1538 3815 1940 3889 ecclesiarum,

2052 3274 2328 3349 quoniam
2351 3271 2649 3330 Johannes
2670 3285 2821 3341 papa
2839 3267 3067 3324 obviam
3093 3266 3176 3323 illi
3199 3267 3433 3340 Papiam
3454 3272 3696 3328 veniret.

2052 3367 2414 3436 QuaprOpter
2442 3358 2725 3433 przemisit
2750 3357 3062 3426 Odacrum,
3097 3358 3338 3413 secundi
3372 3360 3570 3414 scrinii
3604 3377 3703 3416 no-

2051 3450 2770 3524 tarinm(e),Goiramnum
2794 3446 3161 3513 comitem,et
3191 3446 3499 3520 Pippinum
3524 3454 3700 3524 atque

2054 3544 2420 3602 Heribertum
2442 3544 2531 3612 (f),
2557 3539 2629 3593 ad
2653 3537 3018 3610 procuranda
3037 3534 3225 3608 ipsius
3255 3553 3417 3609 papaa
3444 3540 3697 3597 servitia.

2055 3637 2183 3707 Ipse
2234 3636 2428 3689 autem
2469 3628 2743 3684 festinato
2794 3624 3041 3697 perrexit
3075 3628 3301 3692 [Αίηιοη.
3335 3626 3459 3681 add.
3494 3628 3594 3695 ire]
3629 3630 3702 3685 ad

2053 3741 2209 3795 eum,
2225 3737 2398 3795 quem
2422 3718 2651 3775 obviam
2673 3716 2877 3772 habuit
2898 3715 3052 3788 apud
3077 3714 3352 3771 Vercellis
3373 3716 3698 3789 civitatem;

2052 3825 2109 3877 et
2134 3835 2199 3875 eo
2232 3813 2461 3881 recepto
2490 3821 2625 3863 cum
2658 3804 2875 3860 honore
2915 3803 3190 3875 maxime,
3218 3812 3595 3877 perrexerunt
3624 3808 3702 3864 si-

1563 3967 1975 4031 VARIANTES
2016 3967 2434 4030 LECTIONES.

363 4088 379 4120 ¹
414 4086 555 4141 Hine
581 4086 650 4139 ab
676 4083 919 4139 Aimoini
965 4085 1342 4154 continuatam
1385 4084 1551 4154 plura
1580 4083 1644 4139 de
1670 4090 2000 4146 monasterio
2030 4089 2086 4144 S.
2121 4083 2377 4143 Germani
2404 4079 2715 4154 Parisiensi’
2743 4076 2930 4154 ςιιιιὶίια
2957 4083 3101 4154 sunt,
3134 4090 3259 4154 quae
3306 4079 3369 4154 in_
3413 4078 3708 4154 annatt'bus

286 4174 404 4215 non
450 4157 740 4231 habentur.
772 4155 984 4231 Caesar.
1060 4155 1186 4231 ’_al.
1212 4146 1539 4231 missorum
1585 4156 1683 4228 Bq.
1719 4230 1724 4231 γ
1759 4160 1781 4193 ³
1817 4159 1974 4231 junii
2003 4162 2065 4215 Α.
2140 4157 2445 4231 ‘ingenuo
2612 4149 2632 4182 ⁵
2664 4146 2820 4201 lirim
2868 4154 2919 4201 et
2958 4147 3142 4215 jurim
3189 4147 3433 4203 Aimoini
3478 4149 3706 4210 codices.

288 4232 310 4265 ⁶
341 4228 724 4287 anathema...
759 4227 1043 4283 adnoxius
1072 4227 1133 4281 A.
1212 4228 1231 4261 ⁷
1263 4221 1663 4283 andranacum
1690 4230 1753 4285 A.
1789 4221 2182 4288 a'ntennacum
2212 4221 2609 4294 cdn‘igemlum.

1888 4354 2115 4412 NOTAE.

292 4469 493 4526 locum
523 4465 800 4539 Verzenai
833 4466 1076 4539 dictum,
1104 4483 1293 4539 prope
1313 4466 1735 4539 monasterium
1767 4470 1952 4525 sancti
1984 4469 2031 4534 D
2062 4467 2221 4525 Junii
2253 4470 2391 4538 (quo
2424 4463 2684 4537 synodus
2715 4459 2914 4515 habita
2944 4461 3053 4529 est)
3081 4457 3323 4514 innuere
3350 4458 3605 4518 voluisse
3632 4460 3710 4518 vi-

294 4540 512 4607 Basoli,
533 4539 594 4594 in
617 4538 851 4595 dioecesi
880 4537 1616 4594 RhemensiIMabillonius
1640 4539 1741 4595 lib.
1766 4557 1954 4596 xxxvii

292 4615 447 4668 Ann.
480 4610 718 4678 Bened.,
752 4625 916 4665 num.
949 4610 1041 4678 79,
1073 4608 1369 4665 existimat
1408 4608 1602 4665 locum
1642 4626 1771 4668 esse
1818 4613 1955 4668 Visi-

293 4685 522 4767 θηέσιέτρ
556 4685 853 4764 vocatum,
884 4696 1063 4767 prape
1111 4680 1780 4767 Frwm'onstratum:‘Est
1810 4700 1952 4767 quo-

294 4750 415 4828 que
441 4751 838 4808 Virciniacum
868 4750 1026 4819 villa,
1056 4750 1228 4824 vulgo
1262 4752 1541 4825 Versz‘gny,
1573 4753 1762 4811 tribus
1788 4750 1953 4811 circi-

294 4830 388 4882 ter
416 4823 602 4881 leucis
633 4822 859 4880 distans
890 4840 923 4878 a
950 4822 1497 4882 Cresnv—en-Valois.
1524 4824 1703 4882 Bono.

1165 4842 1280 4878 -ΘΠ-
1292 4842 1320 4877 ν
1333 4842 1497 4881 81018.
1524 4842 1703 4888 DOUQ.

373 4843 388 4880 ξ
418 4840 602 4881 ιθιιοιε
633 4840 859 4880 (natans
890 4840 923 4878 a
950 4840 1497 4896 urespy—en-vamis.
1524 4840 1703 4888 bOUQ.

373 4896 451 4978 (α)
474 4895 812 4978 Bouquetus
834 4892 1244 4978 corrigendum
1266 4898 1463 4977 censet
1481 4912 1619 4977 xvni
1642 4896 1769 4978 Igal:
1790 4896 1950 4978 Julii,

298 4965 397 5023 cui
441 4965 711 5022 assentiri
746 4965 1330 5037 nequeOIObservavi
1369 4965 1547 5033 enim,
1574 4966 1634 5022 in
1666 4968 1953 5024 Kalenda-

297 5038 409 5094 riis
430 5035 869 5109 manuscriptis,
886 5038 1033 5109 dum
1045 5052 1211 5109 voces
1234 5035 1522 5109 Kalendae,
1544 5037 1718 5095 Nonae
1741 5044 1797 5096 et
1819 5040 1875 5095 Id
1887 5056 1955 5095 us

298 5107 517 5165 litteris
548 5107 895 5179 majus—culis
925 5108 1243 5164 scribendze
1264 5112 1480 5174 essent,
1508 5108 1567 5163 id
1598 5127 1716 5165 non
1749 5110 1955 5166 Kalen-

299 5178 617 5251 dis‘Nonis
644 5178 703 5234 et
736 5179 937 5235 Idibus
984 5180 1271 5251 cujusque
1300 5179 1562 5251 mensis,
1596 5181 1697 5235 sed
1749 5198 1817 5236 ea
1862 5181 1955 5237 die

300 5249 723 5323 fierinsoilitium,
757 5267 882 5323 qua:
928 5249 1121 5323 prima
1150 5249 1379 5323 ad__di_es
1417 5250 1573 5323 istas
1621 5252 1951 5308 referretur.

302 5322 392 5378 Ita
423 5321 730 5377 KALEND.
765 5319 885 5377 IVL
918 5319 1033 5378 non
1064 5319 1179 5377 diei
1217 5320 1608 5377 Kalendarum
1639 5322 1951 5391 Juliarum,

300 5393 407 5466 sed
428 5391 555 5466 'diei
587 5393 656 5466 ili
686 5393 914 5466 mensis
936 5392 1113 5466 Junii
1138 5391 1478 5466 aseribitur;
1513 5398 1580 5466 et_
1596 5398 1785 5466 totum
1817 5411 1955 5466 spa-

299 5465 454 5519 tium
503 5462 639 5519 inde
672 5480 706 5518 a
735 5463 827 5519 die
860 5465 928 5519 14
956 5462 1119 5520 Junii
1168 5477 1356 5533 usque
1386 5464 1457 5519 ad
1492 5466 1517 5520 1
1549 5464 1691 5521 Julii
1744 5462 1954 5521 Kalen-

299 5536 515 5593 darum
556 5533 849 5591 Juliarum
894 5534 1133 5592 nomine
1157 5533 1332 5589 venit.
1367 5535 1748 5592 Hincmarum
1779 5536 1959 5594 igitur

301 5606 405 5668 hic
435 5606 663 5665 initium
703 5605 1102 5666 Kalendarum
1149 5604 1290 5678 Jul.,
1324 5604 1383 5663 id
1431 5611 1522 5667 est
1567 5608 1765 5688 ipsum
1798 5604 1864 5666 f4
1896 5608 1953 5668 d.

2064 4541 2249 4595 detur.

2136 4613 2210 4679 (ὁ)
2241 4610 2483 4664 Exstant
2511 4605 2570 4659 in
2616 4602 3038 4679 capitularibus
3066 4601 3255 4679 Caroli
3295 4602 3469 4679 Calvi,
3494 4605 3583 4679 tit.
3615 4605 3706 4679 53,

2064 4673 2164 4737 ubi
2191 4673 2469 4737 dicuntur
2494 4673 2812 4733 constituta
2842 4673 3116 4730 Carisiaci
3140 4691 3278 4731 xvni
3300 4675 3593 4734 Kalendas
3612 4673 3711 4734 Ju-

2065 4753 2194 4820 lias,
2227 4750 2544 4806 indictione
2574 4764 2627 4801 Χ.
2662 4746 2840 4807 Bouo.

2136 4816 2216 4906 (cl
2228 4823 2357 4879 Haec
2382 4821 2823 4906 adﬁconventum
2840 4816 3358 4906 Compendiensem
3375 4818 3556 4906 genis
3572 4817 3709 4903 Maii

2063 4888 2329 4951 habitum
2380 4890 2700 4957 referenda,
2740 4904 2912 4961 quem
2952 4888 3086 4945 cum
3126 4888 3338 4961 placito
3382 4889 3711 4961 Cariacensi

2065 4965 2370 5023 confundit
2412 4966 2610 5019 noster
2652 4958 2961 5016 annalista.
2996 4958 3426 5017 Hoc—tributum
3460 4959 3626 5016 laicis
3655 4965 3712 5017 et

2065 5036 2473 5095 ecclesiasticis
2499 5034 2606 5089 fuit
2624 5031 2967 5104 impositum
2992 5033 3064 5104 ob
3085 5032 3407 5104 Rollonem,
3433 5032 3711 5104 Norman-

2067 5126 2273 5165 norum
2293 5110 2522 5173 ducem,
2538 5103 2637 5176 qui
2660 5102 3007 5176 Rothomagi
3029 5121 3181 5159 anno
3204 5102 3488 5176 superiori
3511 5104 3709 5176 sedem

2067 5183 2287 5236 ﬁxerat.
2313 5173 2790 5249 Compendiensis
2810 5173 3130 5249 conventus
3153 5173 3432 5230 recitatur
3462 5174 3519 5229 in
3542 5174 3709 5248 Capi-

2064 5252 2355 5308 tularibus
2386 5244 2570 5304 Ca'roli
2602 5245 2777 5314 Calvi,
2799 5244 2888 5300 tit.
2920 5247 3009 5300 51.
3045 5246 3334 5308 Bouous'r.

2134 5323 2211 5393 (cl)
2243 5325 2288 5377 A
2320 5320 2554 5376 domino
2584 5318 2711 5393 ipso
2742 5315 3006 5393 excultis.

2134 5386 2277 5461 (e'ld
2309 5397 2400 5448 est
2430 5386 2981 5457 secundiscrinium,
3006 5387 3330 5443 secundum
3381 5388 3536 5444 inter
3580 5405 3712 5445 ean-

2066 5465 2351 5522 cellarios.

2137 5539 2205 5609 (f)
2227 5535 2508 5609 Pippinus
2524 5537 2581 5589 et
2598 5531 2951 5609 Heribertus,
2968 5529 3091 5609 fiilii
3106 5530 3340 5609 _I_’ippini
3364 5546 3543 5609 supra
3559 5531 3631 5587 ad
3653 5547 3708 5589 a.

2065 5601 2171 5667 831i
2187 5601 2526 5677 memorati,
2558 5608 2795 5678 nepotes
2827 5601 3355 5677 Bernhardi,‘r‘egis
3386 5601 3583 5663 Italia.
