4028 6178
403 325 558 386 1283

1451 323 1552 384 AD
1599 322 1852 415 OPEftA
1902 320 2292 382 HINCMARI
2339 292 2757 386 APPFNDIX.

3660 327 3808 391 1284

399 456 519 512 mul
545 473 732 528 usque
754 455 1010 528 Pupiam.
1029 455 1134 510 Ubi
1155 457 1238 511 eis
1257 455 1601 510 nunciatum
1620 459 1707 510 cst
1728 471 1843 509 non
1869 454 2046 508 incer-
2075 457 2132 520 Α
2161 459 2217 510 et
2248 453 2448 512 lectica
2480 456 2708 513 delatus
2730 459 2801 514 ad
2836 459 3089 531 propria,
3115 475 3216 532 per
3237 477 3460 514 annum
3493 461 3577 516 ita
3599 461 3808 533 jacuit,

396 553 455 601 ta
478 545 754 602 relatione
775 544 1288 611 Carolomannum,
1305 543 1630 600 Hludowici
1653 543 1849 598 fratris
1869 544 1962 598 sui
1987 542 2044 596 f1-

395 635 704 703 lium,cum
721 635 978 690 maxima
994 633 1373 690 multitudine
1389 633 1736 690 bellatorum
1755 651 1932 705 super
1945 650 2045 688 eos

2158 548 2222 598 ut
2253 561 2286 598 a
2314 544 2516 600 multis
2546 545 2718 602 fuerit
2747 547 3111 619 desperatus.

2231 633 2577 702 Ludovicus,
2610 640 2845 708 accepto
2884 628 3100 692 nuncio
3146 637 3203 692 in
3251 638 3540 694 Audriaca
3571 637 3710 694 villa
3739 640 3809 696 de

392 725 618 792 venire;
649 727 1006 796 quapropter
1047 723 1440 795 relinquentes
1488 721 1742 793 Papiam,
1764 726 2046 777 venerunt
2155 725 2339 776 morte
2366 722 2550 792 patris
2577 721 2668 778 sui
2689 722 3064 796 Caroli,quos
3095 725 3289 798 potuit
3309 725 3640 782 conciliavit
3671 727 3809 800 sibi,

391 813 464 868 ad
498 813 830 869 'Iardunam
861 815 960 881 (α),
993 816 1053 868 et
1084 815 1424 868 consecrata
1479 809 1762 866 Richildis
1809 827 1844 865 a
1893 827 2046 884 papa
2153 810 2300 866 dans
2330 810 2414 866 eis
2443 811 2710 868 abbatias
2739 817 2797 868 et
2825 814 3142 870 comitatus
3169 831 3238 870 ac
3267 814 3435 872 villas
3479 817 3810 873 secundum

391 901 660 958 Johanne
679 901 738 956 in
760 899 1211 972 imperatricem,
1236 916 1372 954 mox
1391 903 1709 956 retrorsum
1735 898 1936 972 fugam
1956 915 2042 955 ar-

391 989 574 1062 ripuit
601 1007 736 1046 cum
769 989 1044 1045 thesauro
1073 1005 1278 1046 versus
1310 988 1691 1044 Moriennam.
1721 990 2042 1060 Imperator

390 1083 586 1135 autem
608 1077 954 1149 aliquandiu
976 1094 1093 1132 una
1115 1093 1250 1132 eum
1277 1076 1542 1132 Johanne
1565 1094 1715 1149 papa
1736 1077 1792 1131 in
1817 1077 2036 1133 eisdem

388 1167 535 1224 locis
553 1167 896 1234 immorans,
923 1165 1273 1238 exspectavit
1293 1165 1578 1238 primores
1599 1166 1760 1238 regni
1783 1167 1894 1234 sui,
1920 1167 2038 1222 Hu-

387 1271 598 1328 gonem
619 1256 910 1324 abbatem,
940 1255 1246 1322 Bosonem,
1272 1255 1632 1310 Bernardum
1657 1255 2036 1310 Arvernicum

388 1343 684 1414 comitem,
718 1343 973 1414 itemque
1025 1343 1385 1398 Bernardum
1425 1343 1602 1398 Gotiai
1650 1343 2035 1414 markionem,

387 1449 535 1505 quos
552 1448 750 1488 secum
771 1430 1123 1502 irejusserat
1143 1447 1155 1486 :
1179 1430 1279 1503 qui
1301 1449 1420 1488 una
1435 1448 1569 1487 cum
1591 1431 1723 1487 aliis
1742 1432 1902 1504 regni
1927 1433 2040 1505 pri-

388 1519 672 1589 moribus,
687 1519 950 1592 exceptis
966 1519 1191 1591 paucis,
1214 1524 1270 1575 et
1290 1519 1580 1592 episcopis
1601 1521 1880 1576 adversus
1901 1537 2034 1576 eum

385 1607 786 1681 conspirantes
818 1609 1282 1679 eonjuraverant.
1301 1609 1373 1664 Et
1397 1609 1764 1680 comperiens
1791 1625 1890 1664 eos
1919 1626 2034 1664 non

383 1702 554 1752 ventu
565 1714 678 1765 ros,
694 1701 760 1752 ut
778 1696 1090 1752 audierunt
1113 1697 1235 1768 ipse
1255 1701 1313 1753 et
1331 1714 1482 1770 papa
1499 1697 1798 1753 Johannes
1825 1715 2033 1770 appro-

384 1787 671 1858 pinquare
691 1785 1201 1886 (larolomannum,
1213 1785 1533 1889 imperator
1552 1791 1685 1858 post
1708 1786 2034 1843 Richildem
2063 1823 2110 1889 Β

381 1875 582 1948 fugam
614 1874 882 1946 arripuit,
914 1879 972 1930 et
1019 1891 1172 1946 papa
1205 1874 1504 1931 Johannes
1533 1891 1736 1931 versus
1787 1876 2031 1932 Romam

381 1963 606 2019 concite
637 1962 948 2019 festinavit.
967 1962 1072 2018 Per
1091 1979 1265 2034 quem
1288 1961 1528 2019 Carolus
1549 1963 1868 2036 imperator
1885 1963 2032 2020 ima-

380 2051 576 2123 ginem
611 2051 927 2108 Salvatoris
957 2051 1016 2107 in
1055 2069 1226 2108 cruce
1256 2051 1375 2120 fixi,
1399 2069 1469 2107 ex
1505 2069 1648 2108 auro
1687 2053 1856 2108 multi
1888 2071 2032 2126 pon-

381 2141 537 2196 deris
561 2141 937 2197 fabrefactam
954 2145 1013 2196 et
1031 2140 1282 2212 gemmis
1303 2141 1582 2214 preciosis
1601 2147 1888 2208 ornatam,
1905 2159 2034 2197 san-

381 2233 474 2284 cto
507 2227 716 2284 direxit
747 2228 913 2284 Petro
946 2227 1226 2300 apostolo.

453 2316 915 2372 Carolomannus
937 2332 1068 2371 vero
1088 2317 1354 2372 mendaci
1377 2319 1590 2372 nuncio
1604 2317 2032 2390 andiens,quod

380 2404 458 2458 im
469 2409 700 2474 perator
711 2408 769 2458 et
789 2419 941 2475 papa
957 2403 1257 2460 Johannes
1273 2421 1450 2475 super
1463 2421 1598 2460 eum
1616 2423 1751 2461 cum
1773 2406 2034 2461 multitu-

380 2493 516 2548 dine
543 2491 798 2548 maxima
817 2491 1164 2547 bellatorum
1188 2493 1540 2558 vcnirent,et
1559 2493 1683 2566 ipse
1705 2494 1904 2567 fugam
1939 2511 2032 2550 ar-

2152 897 2620 972 uniuscujusque
2646 900 3208 973 postulationem.Et
3238 903 3348 960 iter
3367 919 3548 976 agens
3577 919 3687 976 per
3703 904 3812 961 Ca-

2151 987 2426 1044 risiacum
2449 995 2506 1045 et
2524 989 2946 1062 Compendium
2969 1008 3156 1064 usque
3178 994 3252 1048 ad
3266 992 3524 1048 Vernum
3543 993 3588 1060 ⁸,
3604 998 3809 1066 quate-

2149 1095 2266 1135 nus
2283 1079 2356 1134 ad
2377 1077 2748 1152 sepultarum
2770 1080 2952 1152 patris
2975 1081 3066 1136 sui
3091 1085 3175 1148 [ut
3196 1081 3457 1154 putabat]
3481 1082 3642 1154 apud
3675 1099 3808 1138 mo-

2149 1167 2472 1223 nasterium
2532 1167 2720 1224 sancti
2777 1168 3090 1242 Dionysii"
3141 1170 3499 1242 perveniret;
3547 1169 3652 1226 ubi
3701 1188 3811 1226 au-

2141 1256 2315 1331 diens
2335 1257 2356 1290 ⁸
2388 1260 2612 1328 patrem
2646 1274 2822 1312 suum
2843 1259 2866 1292 ’
2894 1256 3214 1330 sepultum,
3236 1261 3294 1314 et
3322 1258 3485 1332 regni
3516 1259 3810 1330 primores

2147 1350 2267 1400 tam
2289 1345 2530 1400 abbates
2553 1362 2732 1417 quam
2753 1347 2997 1402 comites
3018 1347 3374 1419 indignatos,
3399 1347 3540 1419 quia
3559 1348 3814 1420 quibus-

2145 1433 2283 1488 dam
2308 1434 2556 1489 honores
2577 1435 2817 1491 dederat
2837 1434 2966 1491 sine
2985 1435 3219 1491 illorum
3238 1452 3554 1502 consensu,
3571 1441 3634 1492 et
3653 1437 3730 1492 ob
3751 1437 3813 1492 id

2145 1523 2424 1578 adversus
2463 1539 2526 1578 se
2565 1523 2930 1595 conspiratos
2962 1539 3091 1580 esse
3117 1525 3180 1590 ¹⁰,
3214 1540 3482 1580 reversus
3511 1529 3604 1581 est
3632 1528 3812 1580 Com-

2143 1611 2424 1682 pendum.
2445 1611 2560 1683 Ipsi
2593 1616 2788 1667 autem
2821 1612 3108 1684 primores
3151 1629 3288 1668 cum
3337 1611 3626 1680 Richilde,
3655 1612 3810 1668 diri-

2142 1699 2368 1770 pientes
2389 1700 2587 1755 omnia
2604 1716 2736 1773 quae
2759 1700 2817 1754 in
2840 1700 2934 1756 via
2961 1699 3194 1756 illorum
3227 1705 3394 1756 erant
3415 1702 3478 1768 “,
3510 1718 3703 1774 usque
3733 1701 3806 1757 ad

2141 1789 2512 1844 Avennacum
2527 1788 2602 1860 (ἀ)
2622 1789 3042 1845 monasterium
3066 1793 3538 1862 pervenerunt,et
3555 1807 3806 1846 conven.

2141 1880 2270 1931 tum
2293 1893 2466 1931 suum
2485 1877 2554 1932 ad
2581 1881 2841 1933 montem
2857 1877 3132 1932 Witmari
3151 1879 3194 1912 ¹²
3215 1877 3624 1946 condixerunt,
3646 1878 3811 1934 inde-

2142 1980 2255 2037 que
2281 1964 2496 2021 missos
2527 1982 2667 2022 suos
2707 1967 2776 2022 ad
2825 1966 3184 2022 Ludovicum
3218 1965 3575 2034 direxerant,
3610 1967 3715 2022 sed
3748 1971 3808 2023 et

2143 2053 2468 2110 Ludovicus
2489 2054 2712 2128 legatos
2741 2071 2880 2110 suos
2904 2055 2976 2110 ad
3005 2072 3106 2111 eos
3126 2054 3356 2110 direxit.
3374 2056 3446 2111 Et
3465 2055 3803 2112 discurren-

2140 2143 2300 2198 tibus
2330 2143 2481 2198 inter
2509 2159 2608 2199 eos
2633 2142 2856 2209 missis,
2875 2144 2948 2198 ad
2972 2143 3082 2200 hoc
3108 2148 3448 2216 perventum
3476 2149 3588 2211 est,
3611 2149 3681 2200 ut
3709 2144 3804 2199 Ri-

2142 2231 2352 2286 childis
2373 2236 2430 2286 et
2458 2231 2568 2304 ipsi
2593 2232 2880 2304 primores
2914 2233 2984 2288 ad
3016 2249 3152 2290 eum
3185 2233 3612 2305 Compendium
3635 2233 3800 2288 veni-

2141 2324 2352 2387 rent,et
2366 2337 2540 2376 suum
2555 2325 2903 2376 conventum
2923 2322 2992 2377 ad
3009 2325 3263 2378 Casnum
3279 2322 3396 2390 “(3)
3413 2322 3475 2377 in
3486 2322 3648 2377 Cotia
3665 2337 3800 2377 eon-

2141 2407 2738 2486 dixerunt..Richildis
2757 2409 3180 2481 Compendium
3206 2409 3280 2464 ad
3307 2409 3668 2466 Ludovicum
3697 2426 3802 2465 ve-

2141 2497 2330 2565 niens,
2353 2495 2413 2552 in
2438 2497 2620 2553 missa
2639 2498 2827 2554 sancti
2851 2499 3092 2553 Andreae
3116 2497 3316 2554 attulit
3336 2497 3387 2553 ei
3417 2501 3798 2572 praeceptum,

382 2580 561 2654 ripuit
589 2597 690 2652 per
717 2579 870 2636 viam
889 2597 1082 2652 quam
1109 2582 1124 2616 ⁸
1157 2584 1410 2648 venerat,
1434 2581 1636 2653 sicque
1674 2582 1831 2639 Deus
1871 2599 2032 2640 more
2129 2603 2243 2668 per
2263 2586 2418 2658 quod
2443 2591 2608 2658 pater
2628 2603 2774 2642 suus
2804 2585 2888 2642 illi
2910 2602 3156 2659 regnum
3187 2591 3321 2642 ante
3351 2591 3599 2642 mortem
3623 2603 3801 2642 suam

381 2669 792 2726 misericordiae
823 2687 943 2725 suae
975 2673 1326 2726 conventum
1358 2670 1525 2726 illum
1555 2670 1840 2728 dissolvit.
1865 2672 2033 2729 Caro-

381 2759 476 2815 lus
519 2775 654 2814 vero
702 2758 859 2814 febre
917 2763 1218 2830 correptus
1241 2761 1283 2828 ²,
1315 2760 1610 2832 pulverem
1661 2761 1810 2816 bibit
1857 2773 2030 2832 quem

381 2849 494 2906 sibi
524 2847 774 2904 nimium
823 2847 1071 2905 dilectus
1115 2865 1182 2904 ac
1220 2849 1535 2905 credulus3
1567 2850 1831 2906 medicus
1863 2867 2026 2920 suus,

379 2938 620 2994 Judaeus
645 2937 880 2993 nomine
901 2937 1236 3008 Sedechias,
1259 2937 1606 3005 transmisit,
1623 2942 1688 2994 ut
1708 2955 1776 2994 ea
1796 2939 2031 3010 potione

381 3044 414 3082 a
446 3027 604 3082 febre
633 3024 996 3092 liberaretur,
1027 3025 1339 3082 insanabili
1371 3043 1589 3082 veneno
1622 3027 1852 3098 hausto,
1883 3028 2033 3084 inter

381 3131 594 3170 manus
633 3114 994 3186 portantium
1044 3115 1290 3170 transito
1337 3119 1534 3170 monte
1564 3115 1804 3182 Cinisio,
1829 3103 2027 3187 pervo-

2140 2674 2481 2740 tradiderat,
2502 2679 2562 2730 et
2591 2678 2821 2747 spatam
2845 2691 2970 2746 quae
3001 2679 3243 2731 vocatur
3271 2674 3459 2730 sancti
3490 2673 3663 2741 Petri,
3697 2690 3800 2746 per

2141 2779 2319 2834 quam
2340 2779 2475 2818 eum
2507 2763 2577 2818 de
2609 2780 2787 2835 regno
2819 2763 3118 2820 revestiret
3139 2765 3200 2831 ιδ,
3227 2764 3327 2820 sed
3359 2769 3416 2820 et
3445 2763 3676 2837 regium
3696 2779 3800 2818 ve-

2141 2851 2488 2907 stimentum
2509 2856 2566 2907 et
2581 2867 2860 2908 coronam
2877 2868 2945 2908 ac
2965 2851 3182 2908 fustem
3199 2869 3267 2908 ex
3283 2869 3426 2908 auro
3443 2857 3500 2908 et
3518 2851 3798 2924 gemmis.

2139 2941 2210 2996 Et
2237 2939 2704 2996 discurrentibus
2734 2939 2942 3012 legatis
2969 2939 3122 2996 inter
3153 2940 3512 2996 Ludovicum
3544 2945 3602 2996 et
3632 2939 3801 3014 regni

2141 3029 2448 3100 primores,
2471 3033 2528 3085 et
2568 3028 2756 3101 pactis
2797 3029 3120 3086 honoribus
3159 3029 3411 3103 singulis
3441 3046 3590 3102 quos
3618 3030 3802 3102 petie-

2142 3123 2300 3183 runt,
2321 3119 2356 3172 6
2377 3117 2512 3174 Idus
2546 3117 2881 3174 Decembris
2911 3135 3201 3174 consensu
3224 3119 3514 3184 omnium,
3537 3122 3664 3173 tam
3688 3118 3806 3191 epi-

384 3203 552 3259 niens
583 3203 655 3258 ad
688 3202 879 3258 locum
913 3202 1014 3274 qui
1045 3202 1208 3257 Brios
1229 3201 1304 3271 (b)
1336 3202 1572 3269 dicitur,
1606 3203 1767 3260 misit
1797 3222 1900 3277 pro
1933 3205 2030 3260 Ri-
2060 3187 2104 3258 Β
2143 3223 2422 3279 coporum
2451 3211 2509 3262 et
2540 3207 2845 3274 abbatum,
2871 3224 3047 3280 quam
3088 3207 3251 3280 regni
3282 3208 3610 3280 primorum
3642 3187 3804 3263 cete-

382 3291 573 3348 childe
605 3307 732 3364 quas
763 3296 888 3346 erat
915 3291 1072 3362 apud
1105 3291 1489 3358 Moriennam,
1516 3297 1581 3347 ut
1610 3294 1678 3348 ad
1714 3310 1847 3348 cum
1878 3295 2031 3350 veni-

382 3386 488 3450 ret,
521 3381 672 3438 sicut
701 3385 759 3435 et
796 3378 949 3435 fecit.
983 3379 1053 3434 Et
1081 3379 1391 3436 undecimo
1421 3379 1514 3436 die
1565 3385 1696 3452 post
1739 3397 2028 3439 venenum

381 3470 662 3525 haustum
688 3467 748 3522 in
769 3467 1055 3525 vilissimo
1077 3468 1312 3542 tugurio
1330 3471 1352 3503 ‘
1381 3473 1650 3526 mortuus
1671 3475 1759 3526 est
1777 3471 1816 3527 2
1835 3472 2030 3528 Nonas

383 3556 668 3614 Octobris.
703 3558 884 3623 Quem
917 3558 1241 3629 aperientes
1270 3559 1371 3630 qui
1403 3575 1538 3614 cum
1569 3575 1635 3614 eo
1667 3565 1852 3627 erant,
1877 3559 2032 3617 abla-

381 3647 458 3703 tis
489 3645 823 3714 interaneis,
855 3651 912 3703 et
943 3647 1204 3703 infusum
1241 3647 1377 3703 vina
1416 3665 1482 3704 ac
1519 3649 1879 3706 aromatibus
1901 3650 2028 3722 qui-

382 3737 495 3792 bus
525 3741 812 3810 poterant,
835 3740 894 3792 et
921 3737 1264 3808 impositum
1297 3737 1520 3804 locello,
1554 3743 1855 3810 cmperunt
1885 3740 2031 3795 ferre

381 3843 584 3882 versus
628 3825 1051 3880 monasterium
1101 3825 1286 3879 sancti
1335 3825 1615 3896 Dionysii,
1649 3827 1748 3880 ubi
1799 3827 2030 3898 sepeliri

381 3929 446 3968 se
476 3912 888 3984 postulaverat.
915 3914 1094 3976 Quem
1130 3929 1232 3983 pro
1257 3913 1454 3968 fmtore
1476 3929 1592 3968 non
1617 3913 1876 3970 valentes
1906 3931 2030 3986 por-

381 4003 524 4066 tare,
558 3998 848 4053 miserunt
878 4015 1011 4053 eum
1044 3998 1100 4052 in
1135 4004 1313 4054 tonna
1333 4000 1353 4033 ⁸
1381 3999 1627 4057 interius
1658 4002 2032 4076 exteriusque

380 4084 574 4160 picata
603 4103 779 4159 quam
822 4087 994 4143 coriis
1029 4087 1410 4156 involverunt,
1437 4091 1592 4162 quod
1634 4091 1779 4146 nihil
1813 4093 1884 4147 ad
1919 4091 2032 4149 tol-

380 4177 621 4238 lendum
645 4177 905 4234 faetorem
929 4176 1190 4250 profecit.
1209 4177 1368 4234 Unde
1389 4179 1461 4234 ad
1485 4178 1690 4236 cellam
1712 4183 2030 4252 quamdam

381 4267 804 4324 monachorum
837 4267 1248 4339 Lugdunensis
1286 4267 1584 4340 episcopii,
1621 4285 1746 4342 quae
1778 4270 2029 4326 Nantoa-

381 4356 472 4412 dis
494 4357 566 4429 (ε)
597 4356 830 4424 dicitur,
849 4355 943 4410 vix
993 4355 1411 4428 pervenientes,
1436 4355 1582 4412 illud
1632 4375 1844 4431 corpus
1895 4375 2030 4415 cum

377 4447 508 4520 ipsa
537 4451 720 4502 tonna
748 4449 914 4500 terra:
949 4445 1388 4501 mandaverunt.

2138 3312 2454 3368 rorumque
2481 3295 2582 3368 qui
2613 3295 2948 3362 adfuerunt,
2981 3300 3360 3352 consecratus
3387 3299 3446 3352 et
3474 3300 3796 3351 coronatus

2137 3384 2304 3440 estin
2328 3400 2522 3456 regem
2547 3383 2874 3440 Ludovicus
2893 3384 2968 3439 ab
2993 3384 3323 3452 [lincmaro,
3339 3383 3660 3440 Remorum
3683 3381 3804 3455 epi-

2139 3475 2398 3544 scopo,et
2415 3472 2673 3544 episcopi
2691 3489 2753 3529 se
2770 3489 3028 3545 suasque
3043 3473 3319 3530 ecclesias
3335 3471 3420 3528 illi
3439 3473 3514 3528 ad
3531 3471 3796 3528 debitam

2139 3561 2536 3617 defensionem
2573 3565 2631 3617 et
2660 3561 2942 3618 canonica
2964 3563 3006 3597 ¹⁵
3031 3561 3334 3636 privilegia
3362 3561 3476 3618 sibi
3507 3562 3799 3618 servanda

2139 3651 2716 3718 commendaverunt,
2735 3651 3078 3723 profitentes
3103 3651 3428 3707 secundum
3446 3667 3624 3706 suum
3649 3649 3798 3706 scire

2139 3743 2196 3794 et
2226 3756 2397 3810 posse
2418 3739 2585 3811 juxta
2609 3755 2786 3794 suum
2819 3738 3214 3796 ministerium
3235 3738 3482 3808 consilio
3501 3743 3559 3794 et
3578 3737 3797 3795 auxilio

2140 3827 2223 3882 illi
2255 3826 2456 3882 fideles
2488 3828 2636 3896 fore;
2661 3827 2903 3884 abbates
2933 3832 3132 3884 autem
3151 3833 3208 3884 et
3229 3827 3392 3900 regni
3418 3827 3704 3900 primores
3724 3843 3794 3881 ac

2137 3915 2348 3971 vassali
2375 3917 2415 3950 ¹⁶
2439 3915 2581 3988 reg-ii
2605 3933 2666 3971 se
2687 3915 2772 3970 illi
2793 3917 3366 3984 commendaverunt,
3387 3920 3447 3970 et
3467 3929 3796 3971 sacramen-

2137 4004 2214 4061 tis
2239 4003 2567 4060 secundum
2597 4021 2821 4060 morem
2852 4003 3194 4060 ﬁdelitatem
3225 4003 3645 4077 promiserunt.

2209 4090 2454 4162 Quando
2467 4093 2538 4166 (Γ)
2552 4093 2882 4151 Ludovicus
2897 4093 3182 4167 rex,filius
3193 4092 3383 4149 Caroli
3401 4093 3799 4166 imperatoris.

2139 4184 2252 4240 fuit
2271 4187 2584 4239 coronatus
2607 4183 2666 4237 in
2687 4182 3066 4256 Compendio,
3085 4183 3196 4238 hoc
3218 4181 3516 4254 petierunt
3533 4180 3799 4254 episcopi

2140 4271 2296 4344 apud
2328 4272 2546 4344 ipsum,
2575 4271 2727 4326 sicut
2767 4270 2862 4326 hic
2901 4270 3284 4342 subsequitur
3315 4285 3366 4326 :«
3391 4271 3439 4326 Α
3467 4269 3634 4325 vobis
3666 4286 3802 4342 per-

2141 4360 2344 4417 donari
2377 4360 2546 4416 nobis
2577 4360 2856 4432 petimus,
2881 4364 2947 4416 ut
2977 4359 3297 4432 unicuique
3329 4360 3402 4415 de
3430 4357 3602 4414 nobis
3632 4364 3693 4414 et
3711 4374 3804 4414 ec-

2141 4449 2334 4506 clesiis
2364 4448 2534 4505 nobis
2565 4448 2898 4504 commissis
2927 4448 3254 4504 secundum
3283 4446 3543 4520 primum
3563 4446 3802 4520 capitu-

448 4534 910 4594 Carolomannus
938 4549 1085 4607 pene
1123 4550 1310 4606 usque
1339 4535 1407 4590 ad
1427 4538 1673 4592 mortem
1700 4536 2034 4596 inﬁrmatus
2064 4551 2110 4618 Ι)
2141 4537 2266 4595 lum
2288 4537 2443 4610 quod
2465 4535 2780 4595 novissime
2800 4537 3160 4597 inCarisiaco
3177 4535 3431 4593 domnus
3453 4536 3801 4608 imperator,

1650 4652 2058 4712 VARIANTES
2100 4653 2519 4711 LECTIONES.

451 4735 468 4770 ¹
503 4751 620 4806 qua
645 4734 706 4788 A.
783 4736 804 4768 ³
828 4735 1165 4806 correptum
1197 4733 1294 4788 Ch.
1371 4734 1393 4766 ³
1427 4734 1503 4787 ita
1523 4733 1638 4806 iCh.
1671 4735 1734 4788 Β.
1767 4743 1821 4806 et
1846 4735 1980 4790 Hist.
2013 4751 2202 4806 regum
2248 4735 2582 4806 Francorum
2631 4733 2777 4806 apud
2827 4733 2996 4806 Bouq.
3033 4733 3140 4798 VII,
3184 4749 3241 4805 p.
3281 4732 3412 4801 259,
3463 4747 3533 4788 ex
3579 4731 3705 4806 eqd.
3740 4731 3800 4786 5.

382 4803 578 4863 Victor.
604 4806 786 4861 Paris.
820 4804 884 4860 N.
911 4803 1046 4875 4197;
1079 4804 1362 4859 Aimoz'nus
1405 4805 1682 4860 creditus.
1759 4806 1780 4838 ⁴
1810 4805 1868 4860 in
1899 4823 1953 4861 x.
1986 4812 2028 4863 t.
2061 4803 2206 4862 deest
2228 4805 2290 4860 A.
2367 4805 2388 4839 ⁸
2417 4803 2582 4860 codex
2613 4803 2796 4874 regius
2825 4812 2876 4860 et
2918 4803 3162 4862 A‘imoini
3185 4803 3536 4875 ὶεοηιίηααωτ
3565 4821 3584 4856 :
3617 4803 3805 4875 sepe-

379 4877 597 4936 lierunt
624 4874 850 4950 eumAin
889 4874 1136 4950 basilica
1161 4875 1314 4930 beati
1341 4875 1577 4930 Eusebii
1617 4876 1893 4950 martyris
1922 4879 1980 4933 in
2013 4878 2242 4950 civitate
2267 4875 2564 4950 Vercellis,
2590 4875 2688 4950 ubi
2715 4875 2996 4950 requievit
3025 4875 3485 4950 annis_septem._
3503 4874 3643 4950 Post
3661 4873 3804 4950 haec

381 4954 574 5022 autem
607 4964 710 5022 per
736 4945 1025 5022 visionem
1049 4945 1325 5022 delatum
1347 4952 1435 5001 est
1481 4964 1692 5019 corpus
1723 4944 1851 5019 ejus
1881 4948 1939 5003 in
1974 4949 2296 5022 Franciam,
2330 4951 2386 5003 et
2416 4946 2732 5022 honoriﬁce
2781 4944 3167 5022 sepultumin
3197 4944 3445 5022 basilica
3472 4944 3626 5022 beati
3649 4945 3804 5022 _Dio_-

382 5021 534 5094 nysii
578 5017 852 5102 martyris
902 5017 1177 5073 Parisius.
1203 5017 1624 5074 Carlomannus
1673 5017 1803 5076 vero
1855 5036 2020 5125 pene,
2053 5026 2162 5076 etc.
2199 5020 2376 5082 Bono.
2451 5020 2472 5053 °
2503 5035 2690 5091 usque
2721 5017 3028 5074 arve’rnum
3059 5019 3120 5073 Λ,
3197 5019 3216 5052 ⁷
3248 5035 3298 5074 s.
3332 5017 3390 5074 d.
3423 5021 3648 5089 martyr

382 5093 404 5125 ο
434 5093 530 5125 “hi
568 5091 786 5125 «ιι-Αἶπυιᾶ
817 5089 890 5125 [γι.
955 5090 982 5125 Α
1085 5091 1105 5123 ο
1135 5105 1307 5125 annm
1341 5089 1602 5125 vonnnllie
1629 5107 1654 5125 α
1708 5091 1736 5125 Δ
1838 5092 1854 5124 1
1911 5091 2277 5125 ηηησηῖνιηοοο
2315 5092 2342 5125 Δ
2446 5091 2485 5124 ﬂ
2517 5089 2710 5125 nmnin
2747 5106 2874 5125 ηιειω
2905 5089 3136 5125 ςιιηιηπη
3167 5094 3288 5125 απαξ
3317 5089 3388 5125 Ωιι
3487 5089 3532 5123 II
3560 5088 3641 5125 ιιγί

1838 5088 1882 5216 ἶῧ
1895 5091 2278 5216 gqnspira'ssse
2306 5092 2367 5144 Α.
2391 5160 2402 5171 .
2434 5091 2485 5213 ἕ
2517 5088 2717 5146 omnia
2746 5106 2874 5162 quae
2905 5089 3140 5146 illorum
3167 5094 3293 5146 erat
3312 5089 3434 5162 Bq..
3487 5089 3532 5123 ¹²
3560 5088 3810 5145 Witma-

1861 5179 1889 5216 e
1935 5180 1950 5216 ι
1982 5179 2016 5216 a
2091 5206 2102 5216 .
2250 5177 2405 5216 vasm
2483 5203 2494 5215 .

381 5093 404 5127 ⁸
426 5089 532 5147 ubi
567 5089 790 5147 audivit
817 5089 914 5146 Ch.
946 5090 1008 5142 Α.
1085 5091 1105 5123 ⁰
1134 5105 1308 5144 suum
1341 5089 1603 5146 vercellis
1629 5107 1675 5145 s.
1699 5091 1760 5143 Α.

381 5163 537 5220 rium
565 5165 626 5218 A.
661 5168 676 5186 '
705 5162 748 5196 ⁸³
776 5159 1042 5216 casinum
1073 5159 1134 5213 Α.
1211 5161 1254 5194 ¹⁸
1286 5160 1580 5218 investiret
1608 5164 1668 5216 Α.
1749 5163 1790 5196 ¹⁶
1819 5161 2016 5218 debita

3649 5015 3707 5073 is
3736 5019 3800 5072 Α.

2181 5163 2222 5198 ¹⁶
2250 5160 2405 5217 vassi
2434 5161 2494 5215 Α.

1969 5260 2196 5318 NOTE.

451 5341 875 5416 (a)_Qertonam
907 5339 994 5416 vel
1024 5340 1361 5416 Tortonam.

452 5409 528 5482 (ὁ)
545 5412 722 5469 Vicus
743 5410 1066 5483 editoribus
1089 5409 1444 5483 incognitus,
1461 5411 1708 5468 fortasse
1727 5412 2028 5483 Βνίαηροη,

378 5500 498 5542 non
530 5484 811 5555 oppidum
845 5482 984 5555 illud
1021 5482 1164 5555 satis
1197 5482 1424 5547 netum,
1455 5483 1556 5537 sed
1589 5483 1814 5539 viculus
1845 5482 1918 5538 ad
1950 5483 2025 5538 ri-

383 5571 526 5704 pa(m)
554 5554 722 5683 gsam‘e
753 5554 928 5626 paulo
955 5554 1109 5612 infra
1141 5559 1429 5612 Moustzers
1457 5570 1524 5611 en
1562 5555 1896 5610 Tarantaise.

475 5642 504 5680 ο
604 5643 678 5683 an
701 5642 792 5684 ua.

475 5630 526 5696 c)
555 5630 792 5684 Nantua.

2208 5338 2286 5412 (ἀ)
2314 5337 2522 5396 Λυεηαί
2552 5339 2611 5394 in
2642 5338 2874 5412 dimcesi
2909 5338 3244 5412 Rhemensi.
3279 5339 3569 5401 Bououer.

2207 5409 2278 5480 (θ)
2307 5411 2799 5481 Chesne-Herbelot,
2841 5411 3015 5468 modo
3059 5411 3318 5483 positum
3368 5415 3529 5466 extra
3575 5409 3800 5465 silvam

2137 5483 2382 5538 Cotiam.
2416 5483 2704 5546 Bououer.

2131 5561 2172 5625 Ἀ
2208 5555 2278 5624 (f)
2299 5553 2613 5625 Sequentia
2636 5569 2823 5625 usque
2843 5555 2914 5609 ad
2940 5570 2992 5609 a.
3019 5554 3125 5609 878
3143 5553 3347 5611 omisit
3364 5551 3614 5625 Aimoini
3651 5568 3798 5608 con-

2134 5623 2410 5688 tinuator'.
2436 5623 2800 5704 omittuntur
2819 5625 2996 5684 etiam
3019 5625 3081 5684 in
3101 5625 3300 5687 codice
3326 5625 3506 5701 regio.
3527 5623 3721 5688 Bono.
