4028 6178
319 331 475 394 1285

1128 329 1490 396 ANNALES
1534 331 1942 395 HINCMARO
1981 328 2488 416 DUBlTAlflTER
2531 334 2916 408 ASCRIPTI,

3576 305 3733 397 me

320 469 486 536 pater
513 466 721 528 vester,
746 481 779 519 a
800 480 861 520 sc
884 469 940 519 et
963 482 996 519 a
1015 463 1179 520 vobis
1203 470 1568 521 servaturum
1597 468 1712 538 ¹((ι)
1736 484 1974 522 eonscn-
2003 496 2054 561 Α
2086 481 2222 534 ceps
2265 463 2359 518 isti
2411 466 2622 520 seniori
2675 473 2730 522 et
2773 469 2892 539 regi
2943 485 3070 522 meo
3120 467 3430 532 Ludovico,
3460 466 3646 522 Caroli
3678 472 3736 523 et

317 549 604 607 tientibus
630 549 903 608 ﬁdelibus
932 552 1057 608 suis
1091 568 1158 607 ac
1187 553 1395 608 vestris
1425 559 1598 625 atque
1642 554 1971 626 apostolicae

320 639 479 695 sedis
511 639 738 712 legatis,
773 639 1001 713 legente
1030 639 1278 696 Gozleno
1309 641 1697 710 denunciavit,
1733 643 1973 699 canoni-

231 760 249 772 ρ
319 744 455 783 cum
487 727 859 801 privilegium
886 746 953 785 ac
983 729 1242 785 debitam
1273 729 1460 802 legem
1487 735 1664 804 atque
1687 731 1972 803 iustitiam

320 817 678 873 conservetis
709 821 766 872 et
795 817 1198 874 defensionem
1227 818 1570 886 exhibeatis,
1605 821 1758 876 sicut
1788 838 1885 876 rex
1915 821 1974 876 in

316 921 428 962 suo
459 920 638 978 regno
667 905 990 978 unicuique
1019 904 1290 979 episeopo
1320 911 1376 962 et
1403 907 1659 965 ecclesiae
1681 908 1792 966 sibi
1816 926 1974 966 com-

325 993 519 1049 missa:
541 994 706 1065 juste
735 995 1008 1051 exhibere
1037 995 1226 1052 debet.
1265 1019 1286 1045 ι

394 1081 522 1154 Ipse
551 1086 748 1138 autem
781 1083 1137 1140 Ludowicus
1168 1083 1344 1141 talem
1368 1085 1818 1158 promissionem
1843 1087 1978 1144 fecit

319 1171 440 1228 illis
467 1171 760 1244 episcopis
797 1189 808 1228 :

393 1282 420 1310 «
457 1259 735 1316 Promitto
767 1266 826 1318 et
856 1263 1114 1334 perdono
1153 1263 1339 1330 vobis,
1373 1264 1513 1336 quia
1561 1264 1876 1338 unicuique
1907 1267 1978 1322 de

319 1347 484 1403 vobis
515 1352 572 1405 et
599 1349 859 1406 ecclesiis
891 1349 1053 1406 vobis
1102 1352 1438 1408 commissis
1485 1354 1810 1408 secundum
1862 1354 1980 1426 pri-

319 1453 486 1497 mum
516 1436 865 1510 capitulum,
891 1440 1054 1511 quod
1091 1439 1408 1497 novissime
1429 1441 1490 1496 in
1511 1441 1801 1497 Carisiaeo
1824 1443 1982 1497 dom-

321 1540 436 1580 nus
461 1525 798 1598 imperator,
834 1531 1002 1599 pater
1030 1543 1223 1595 meus,
1258 1545 1320 1585 se
1347 1533 1985 1601 servaturum,con8en-

323 1613 606 1670 tientibus
637 1613 911 1671 ﬁdelibus
935 1615 1097 1672 illius
1121 1633 1186 1672 ac
1207 1617 1426 1673 nostris
1448 1622 1622 1690 atque
1651 1617 1982 1691 apostolicae

323 1701 481 1756 sedis
512 1700 739 1774 legatis,
773 1702 1002 1777 legente
1032 1703 1282 1761 Gozleno
1312 1706 1711 1776 denuneiavit,
1743 1707 1979 1764 canoni-

324 1806 459 1845 cum
491 1789 861 1864 privilegium
893 1796 951 1847 et
981 1792 1238 1848 debitam
1269 1793 1458 1867 legem
1489 1798 1663 1868 atque
1684 1797 1981 1868 justitiam

2088 553 2525 608 Hermentrudis
2557 555 2696 621 ﬁlio,
2730 557 3052 618 secundum
3085 572 3283 612 meum
3316 555 3466 610 scire
3485 561 3543 611 et
3563 549 3735 628 posse

2083 646 2140 696 et
2169 658 2366 696 meum
2398 642 2794 699 ministerium
2827 644 3041 700 auxilio
3071 649 3128 700 et
3170 643 3414 700 consilio
3460 643 3648 700 ﬁdelis
3679 648 3736 700 et

2083 730 2318 800 adjutor
2347 731 2628 796 ero,sicut
2659 733 2969 805 cpiscopus
3001 737 3152 789 recte
3191 731 3406 788 seniori
3436 749 3543 788 suo
3572 733 3734 788 debi-

2081 823 2175 874 tor
2205 823 2315 886 est,
2349 818 2409 874 in
2442 837 2571 874 mea
2601 820 2715 875 ﬁde
2746 824 2804 876 et
2835 836 2964 876 meo
2989 820 3329 876 sacerdotio.
3370 844 3391 869 η

2154 906 2238 962 Ad
2269 908 2732 980 suprascriptam
2767 925 2896 964 vero
2940 906 3347 980 episcoporum
3396 907 3735 981 petitionem

2085 995 2205 1050 haec
2236 1012 2364 1067 quas
2407 1000 2734 1068 sequuntur
2785 1013 2883 1052 rex
2933 995 3260 1051 Ludovicus
3309 997 3608 1067 professus
3647 1001 3738 1054 est

2085 1083 2396 1156 episcopis,
2442 1089 2498 1139 et
2543 1084 2716 1140 istam
2762 1085 2950 1156 ipsam
2999 1081 3334 1139 donationis
3382 1085 3736 1156 scripturam

2087 1189 2266 1228 manu
2299 1189 2407 1228 sua
2435 1173 2520 1228 eis
2551 1173 2709 1228 dedit
2741 1174 2799 1228 in
2823 1171 3366 1244 Compendio,anno
3391 1172 3740 1229 incarnatio-

2089 1260 2180 1316 nis
2209 1260 2514 1316 dominieaz
2543 1263 2666 1328 877,
2703 1261 2889 1332 pridie
2920 1259 3207 1316 Kalendas
3238 1260 3593 1316 Decembris.

2336 1351 2610 1420 Professio
2643 1351 2801 1404 istius
2837 1349 3111 1416 Ludovici,
3145 1348 3255 1418 ﬁlii
3281 1349 3486 1405 Caroli.

2161 1460 2190 1488 «
2221 1438 2340 1510 Ego
2375 1437 2721 1507 Ludovicus,
2757 1437 3158 1494 misericordia
3187 1436 3409 1492 domini
3430 1437 3529 1492 Dei
3553 1437 3740 1494 nostri

2090 1532 2148 1582 et
2175 1525 2455 1582 electione
2487 1527 2685 1599 populi
2729 1544 2825 1583 rex
2873 1525 3250 1592 constitutus,
3284 1525 3562 1598 promitto
3592 1529 3742 1581 teste

2092 1614 2336 1671 ecclesia
2372 1615 2465 1670 Dei
2497 1615 2772 1672 omnibus
2805 1614 3132 1679 ordinibus,
3154 1613 3558 1686 episcoporum
3589 1612 3744 1668 vide-

2093 1703 2246 1770 licet,
2263 1703 2654 1772 sacerdotum,
2671 1703 3114 1769 monachorum,
3127 1701 3545 1762 .canonicorum
3568 1705 3743 1774 atque

2093 1791 2654 1857 sanctimonialium,
2681 1790 2912 1864 regulas
2943 1808 2978 1846 a
3009 1789 3270 1862 patribus
3301 1789 3663 1862 conscriptas
3684 1794 3744 1845 et

326 1879 701 1946 conservabo,
727 1881 797 1952 λοι
827 1880 1224 1937 defensionem
1257 1865 1542 1954 quantum
1568 1865 1814 1956 potuero
1839 1885 1994 1941 exhi-
2021 1865 2068 1930 Β
2100 1879 2438 1953 apostolicis
2466 1880 2944 1936 attestationibus
2976 1880 3275 1935 roboratas
3291 1895 3360 1934 ex
3380 1878 3490 1934 hoc
3509 1877 3568 1934 in
3593 1878 3745 1934 futu-

322 1967 491 2034 bebo,
525 1967 838 2040 adjuvante
875 1969 1145 2039 Domino,
1178 1970 1333 2027 sicut
1381 1989 1479 2028 rex
1527 1972 1586 2028 in
1637 1991 1744 2029 suo
1796 1990 1974 2047 regno

322 2055 641 2128 unicuique
669 2056 942 2130 episcopo
973 2061 1030 2114 et
1061 2057 1316 2115 ecclesia:
1336 2059 1448 2116 sibi
1469 2062 1797 2128 commissa;
1820 2064 1978 2119 debi-

320 2147 411 2200 tor
438 2148 528 2200 est
556 2143 852 2202 exhibere.
889 2169 918 2196 ››

390 2231 507 2288 Hoc
525 2237 617 2289 est
636 2233 963 2308 capitulum
995 2237 1154 2308 quod
1178 2237 1272 2292 hic
1293 2244 1789 2296 commemoratur
1813 2257 1826 2295 :
1849 2265 1875 2290 «
1900 2241 1979 2296 De

317 2321 537 2378 honore
568 2338 801 2396 quoque
831 2329 889 2380 et
920 2323 1082 2381 cultu
1113 2325 1216 2382 Dei
1237 2331 1413 2399 atque
1435 2333 1774 2384 sanctarum
1797 2329 1978 2386 eccle‘

308 2410 541 2473 siarum
563 2428 689 2484 quae
709 2417 946 2470 auctore
967 2413 1084 2470 Deo
1107 2415 1217 2470 sub
1241 2415 1464 2472 ditione
1485 2420 1542 2472 et
1563 2416 1811 2474 tuitione
1836 2419 1978 2490 regi-

317 2498 496 2554 minis
527 2499 712 2556 nostri
740 2501 1353 2569 eonsistunt,Domino
1383 2504 1678 2562 mediante
1707 2506 1970 2562 decerni-

321 2603 479 2656 mus,
511 2592 577 2644 ut
602 2589 758 2645 sicut
785 2594 1046 2664 tempore
1077 2592 1258 2648 beatae
1303 2593 1731 2650 recordationis
1781 2595 1981 2651 domni

322 2675 608 2747 genitoris
636 2677 820 2733 nostri
849 2679 1087 2735 exculta:
1125 2685 1185 2736 et
1233 2680 1529 2738 honoratae
1582 2685 1761 2754 atque
1808 2683 1984 2740 rebus

326 2763 622 2836 ampliata:
651 2765 1043 2840 fuerunt,quze
1065 2786 1099 2824 a
1121 2773 1320 2826 nostra
1349 2769 1699 2827 liberalitate
1732 2771 1984 2828 honora-

322 2856 396 2907 ιω
429 2856 606 2924 atque
631 2852 827 2910 ditata:
859 2860 1018 2922 sunt,
1051 2857 1123 2913 de
1155 2862 1347 2914 cetero
1377 2859 1490 2915 sub
1521 2857 1860 2931 integritate
1893 2862 1984 2916 sui

324 2944 647 3008 serventur,
680 2945 739 2998 et
777 2945 1109 3001 sacerdotes
1157 2949 1332 3018 atque
1381 2946 1531 3002 servi
1582 2947 1682 3004 Dei
1725 2948 1983 3021 vigorem

325 3028 790 3089 ecclesiasticum
805 3036 862 3088 et
875 3033 1077 3090 debita
1092 3033 1395 3108 privilegia
1407 3035 1580 3106 juxta
1601 3038 1880 3093 reverend
1891 3055 1986 3094 am

325 3117 732 3177 auctoritatem
762 3120 1088 3189 obtineant,
1103 3127 1162 3180 et
1181 3123 1404 3180 eisdem
1429 3123 1774 3197 principalis
1797 3131 1988 3198 potes-

2085 1986 2218 2024 rum
2250 1974 2482 2042 tempus
2516 1985 2610 2026 me
2657 1968 2775 2025 illis
2825 1986 2892 2024 ex
2939 1970 3166 2042 integro
3217 1972 3532 2024 servatum.
3567 1967 3742 2024 Polli-

2087 2074 2219 2115 ceor
2247 2058 2444 2125 etiam,
2479 2075 2570 2113 me
2601 2063 2966 2116 servaturum
3001 2057 3156 2130 leges
3178 2061 3235 2112 et
3257 2058 3478 2112 statuta
3503 2055 3742 2129 populo,

2089 2147 2188 2220 qui
2220 2147 2365 2202 mihi
2395 2149 2466 2202 ad
2500 2149 2818 2220 regendum
2860 2144 3260 2203 misericordia
3290 2145 3392 2200 Dei
3423 2145 3742 2200 committi-

2089 2242 2205 2302 tur,
2239 2253 2343 2308 pro
2373 2235 2670 2292 communi
2699 2236 2942 2292 consilio
2967 2233 3227 2289 ﬁdelium
3259 2237 3618 2299 nostrorum,
3651 2248 3742 2288 se-

2089 2325 2349 2380 cundum
2393 2325 2546 2397 quod
2602 2325 3054 2396 praedecessores
3104 2321 3239 2389 mei,
3271 2322 3656 2394 imperatores
3687 2325 3745 2376 et

2091 2430 2276 2485 reges,
2310 2413 2492 2485 gestis
2539 2412 2936 2478 inseruerunt,
2971 2415 3026 2466 et
3055 2409 3296 2466 omnino
3336 2408 3748 2465 inviolabiliter

2089 2500 2341 2556 tenenda
2365 2504 2422 2555 et
2454 2500 2815 2555 observanda
2845 2500 3246 2555 decreverunt.
3280 2498 3398 2572 Ego
3429 2497 3612 2571 igitur
3641 2498 3750 2552 Lu-

2091 2589 2330 2644 dovicus
2360 2588 2730 2644 rectitudinis
2752 2592 2808 2643 et
2820 2587 3069 2659 justitize
3101 2604 3298 2643 amore
3329 2587 3481 2643 hanc
3513 2590 3749 2659 sponta-

2093 2694 2262 2732 noam
2297 2675 2745 2749 promissionem
2779 2693 2969 2731 meam
3001 2675 3266 2748 relegens
3303 2691 3479 2731 manu
3514 2674 3749 2747 propria

2097 2765 2318 2821 firmavi
2352 2765 2446 2836 (b).
2487 2786 2511 2812 ι)

2687 2886 3158 2943 DCCCLXXVIII.

2167 3033 2332 3086 Anno
2363 3032 2467 3084 878
2495 3033 2535 3085 ³.
2573 3028 2898 3085 Ludovicus
2948 3045 3044 3084 rex
3093 3043 3262 3084 secus
3313 3028 3648 3084 Suessionis
3684 3029 3746 3086 in

2100 3117 2453 3172 monasterio
2486 3117 2672 3174 sancti
2707 3117 2966 3172 Medardi
3001 3116 3360 3172 nativitatem
3393 3115 3625 3172 Domini
3655 3133 3747 3173 ce-

323 3209 415 3262 tas
444 3210 503 3263 et
531 3206 854 3265 illustrium
884 3209 1140 3266 virorum
1173 3212 1494 3268 strenuitas
1517 3229 1622 3268 seu
1645 3213 1982 3286 reipublicae
2014 3229 2057 3294 α
2099 3205 2361 3272 lehravit,
2396 3206 2646 3278 indeque
2678 3206 2748 3260 ad
2778 3205 3124 3260 Audriacam
3155 3204 3353 3260 villam
3387 3205 3658 3278 perrexit.
3691 3211 3750 3262 et

324 3295 852 3366 administratores,
877 3303 942 3355 ut
973 3316 1149 3356 suum
1176 3299 1570 3357 ministerium
1593 3307 1998 3374 competenter
2104 3295 2324 3368 pascha
2355 3294 2584 3350 Domini
2617 3295 2676 3350 in
2711 3294 3064 3350 monasterio
3096 3295 3282 3350 sancti
3315 3294 3574 3366 Dionysii
3601 3295 3747 3352 cele-

319 3383 558 3456 exsequi
583 3385 836 3458 valeant,
867 3385 928 3442 in
959 3387 1236 3444 omnibus
1284 3389 1713 3446 rationabiliter
1749 3396 1810 3447 et
1828 3393 1994 3463 juste

329 3477 777 3540 concurrant,et
797 3475 954 3532 ﬁlius
985 3480 1183 3533 noster
1211 3477 1330 3534 hmc
1353 3478 1689 3550 supradicta
1711 3479 1952 3538 similite
1969 3488 1997 3526 ι’

332 3561 452 3618 Deo
479 3563 794 3634 adjuvante
823 3570 1138 3622 esnservet.
1173 3589 1203 3616 »

319 3651 728 3708 Commendalio
760 3652 1022 3724 Ansegisi
1047 3656 1289 3727 episcopi
1329 3663 1382 3712 et
1427 3657 1670 3714 aliorum
1715 3661 1993 3732 episcopo-

401 3755 526 3794 rum
580 3742 678 3812 qui
732 3740 1030 3812 adfuerunt
1085 3742 1232 3816 apud
1296 3745 1708 3816 Compendium,
1769 3748 1986 3820 quando

399 3827 788 3886 benediterum
833 3831 1184 3900 Ludovicu-m,
1224 3833 1407 3905 ﬁlium
1457 3835 1650 3894 Caroli
1691 3837 1989 3908 imperato-

396 3933 507 3973 ηε.

403 4027 424 4054 α
464 4005 555 4062 Me
586 4023 652 4062 ae
681 4007 988 4065 ecclesiam
1021 4010 1166 4067 mibi
1197 4010 1576 4068 commissam
1616 4013 1791 4069 vobis
1821 4030 1983 4070 eom-

330 4093 544 4150 mendo
574 4096 646 4151 ad
664 4096 923 4153 debitam
941 4097 1128 4170 legem
1148 4099 1508 4170 etjustitiam
1529 4102 1988 4158 conservandam

325 4185 384 4237 et
413 4183 813 4240 defensionem
856 4185 1268 4254 exhibendam,
1301 4187 1454 4244 sicut
1503 4205 1602 4244 rex
1651 4189 1942 4262 episcopis
1968 4192 1990 4225 ²

327 4270 585 4328 ecclesia:
616 4291 735 4330 suae
779 4275 944 4346 justo
984 4275 1209 4347 judicio
1264 4293 1605 4334 conservare
1631 4282 1688 4334 et
1714 4277 1988 4335 exhibere

333 4359 526 4417 debet.
560 4383 589 4412 »

865 4481 1138 4550 Professio
1189 4483 1450 4552 ipsorum.

2105 3383 2311 3441 bravit.
2335 3386 2414 3440 Ae
2445 3384 2726 3440 suadente
2756 3384 3000 3456 Hugone
3020 3383 3091 3456 (ο)
3113 3384 3323 3440 abbate
3343 3389 3402 3439 et
3421 3383 3746 3452 markione,

2102 3471 2355 3545 perrexit
2383 3472 2533 3528 ultra
2564 3473 2918 3544 Sequanam,
2950 3476 3070 3526 tam
3101 3488 3203 3544 pro
3243 3471 3458 3528 auxilio
3491 3470 3750 3544 llugonis

2103 3565 2306 3617 contra
2331 3561 2929 3632 Nortmannos,quam
2960 3563 3018 3616 et
3047 3577 3150 3632 pro
3183 3577 3270 3629 eo,
3286 3561 3442 3632 quod
3473 3559 3577 3615 lilii
3607 3560 3750 3616 Goz-

2105 3649 2238 3705 fridi
2288 3648 2595 3706 castellum
2643 3653 2701 3704 et
2746 3649 2997 3705 honores
3027 3648 3133 3703 ﬁlii
3179 3649 3418 3714 Odonis,
3453 3649 3750 3721 quondam

2102 3738 2356 3805 comitis,
2387 3737 2744 3806 invaserunt,
2779 3743 2838 3793 et
2866 3737 3051 3793 Imino
3082 3739 3102 3770 ‘
3132 3737 3230 3810 (ά),
3267 3737 3444 3793 frater
3471 3737 3749 3793 Bernardi

2101 3827 2444 3894 markionis,
2461 3827 2847 3882 Ebrocensem
2881 3824 3170 3880 civitatem
3204 3842 3518 3898 usurpans,
3534 3824 3751 3882 multas

2101 3916 2563 3989 depraedationes
2592 3915 2974 3971 circumcirca
3001 3913 3061 3970 in
3083 3913 3202 3970 illis
3233 3914 3570 3987 regionibus
3599 3931 3754 3970 exer-

2099 4007 2287 4071 cebat,
2322 4005 2563 4075 insuper
2590 4008 2647 4059 et
2689 4003 2943 4059 Eirieum
2976 4005 2997 4038 ⁵
3027 4004 3095 4075 (e)
3126 4020 3286 4060 more
3332 4003 3752 4060 Nortmannieo

2100 4092 2420 4165 depraedari
2452 4092 2846 4164 praesumpsit.
2871 4093 2940 4146 Et
2961 4093 3198 4148 veniens
3223 4092 3544 4149 Lodovicus
3565 4109 3752 4165 usque

2099 4181 2372 4249 Turonis,
2407 4181 2741 4235 inﬁrmatus
2789 4185 2878 4235 est
2927 4197 3114 4251 usque
3163 4181 3236 4236 ad
3287 4181 3752 4252 desperationem

2096 4269 2259 4335 vitaz;
2294 4270 2394 4325 scd
2428 4269 2744 4328 miserante
2777 4268 3022 4323 Domino
3061 4267 3494 4340 aliquantulum
3544 4285 3752 4326 conva-

2098 4355 2344 4423 lescens,
2362 4357 2766 4429 satagentibus
2795 4355 3152 4428 quibusdam
3177 4355 3530 4413 consiliariis
3553 4355 3678 4412 suis
3697 4361 3755 4414 et

2098 4445 2306 4502 amicis
2336 4446 2611 4516 Gozfridi,
2644 4444 2802 4501 venit
2832 4445 2902 4500 ad
2934 4461 3067 4500 eum
3098 4444 3286 4500 isdem
3319 4445 3758 4512 Gozfridus,ad-

2099 4536 2320 4592 ducens
2352 4552 2550 4591 secum
2575 4534 2726 4590 ﬁlios
2751 4551 2890 4590 suos
2912 4551 2980 4589 ea
2998 4533 3352 4602 conditione,
3367 4539 3432 4590 ut
3445 4533 3754 4590 castellum

406 4640 434 4669 α
458 4619 577 4693 Ego
609 4619 707 4677 ille
739 4620 866 4694 ipse
897 4622 982 4678 sic
1014 4623 1328 4694 proﬁteor:
1355 4623 1436 4680 De
1467 4623 1580 4680 ista
1616 4623 1710 4680 die
1739 4627 1798 4679 et
1827 4623 1988 4680 dcin-
2020 4608 2066 4673 D
2097 4629 2154 4680 et
2183 4625 2433 4680 honores
2464 4641 2614 4696 quos
2653 4623 3008 4693 invaserant,
3042 4622 3332 4680 Ludovico
3384 4623 3506 4697 regi
3555 4623 3748 4681 redde

1603 4721 2014 4780 VARIANTES
2053 4723 2472 4779 LECTlONES.

406 4815 425 4892 ξ
453 4815 599 4892 apud
627 4815 982 4892 signandum
1009 4827 1060 4873 et
1088 4819 1383 4892 Baluzium
1413 4822 1473 4892 iri
1501 4820 2101 4892 capitularibuspater
2131 4837 2298 4878 meus
2330 4838 2364 4876 a
2394 4836 2455 4876 se
2487 4824 2545 4875 et
2577 4836 2611 4892 a
2641 4836 2733 4874 me
2763 4823 3152 4892 servaturum.

3269 4822 3290 4855 ²
3319 4821 3625 4903 episcopos
3654 4818 3751 4903 Ch;

405 4886 426 4920 ⁸
452 4884 620 4943 Anno
650 4889 756 4944 878
787 4889 928 4946 deest
955 4893 1018 4946 Β.
1099 4891 1119 4924 ⁴
1148 4890 1330 4946 immo
1357 4892 1422 4946 A.
1457 4884 1797 4948 invaserunt
1826 4909 1892 4948 ac
1913 4884 2042 4948 ideo
2063 4891 2200 4965 quia
2223 4893 2401 4948 frater
2425 4893 2522 4948 Ch.
2605 4891 2624 4924 ⁵
2655 4891 3008 4962 legendumne
3029 4884 3270 4965 in'super
3289 4884 3757 4949 efretomieum?

1931 4989 2162 5047 NOTAE.

431 5084 485 5150 η)
512 5082 573 5137 Id
607 5087 698 5139 est
726 5084 1101 5140 servandum.

433 5153 485 5231 _b)
514 5155 600 5231 {td
633 5155 814 5231 ﬁnem
843 5155 1022 5231 hujus
1054 5157 1190 5231 anni
1223 5159 1329 5213 877
1349 5160 1610 5231 spectare
1628 5158 1857 5231 videtur
1877 5159 1993 5231 epi-

338 5223 492 5296 stola
521 5223 816 5282 Hincmari
851 5223 1280 5296 ad'Gozlinum,
1316 5223 1586 5284 abbatem
1618 5229 1804 5285 sancti
1855 5223 1990 5286 Ger-

337 5295 565 5385 manina
596 5296 802 5385 Pirati's,
835 5315 1022 5385 quam.
1047 5295 1739 5385 memorathli‘l'odoardus
1769 5301 1871 5356 lib.
1905 5319 1989 5385 n.1,

337 5381 466 5439 cap.
499 5368 590 5422 24.
621 5367 899 5426 Gozlinus
933 5375 1155 5442 patrem
1187 5371 1395 5427 habuit
1427 5370 1766 5428 Roriconem
1806 5367 1991 5427 comi-'-

337 5437 1054 5511 t‘em‘Qenomannensem,
1081 5443 1320 5498 fratrem
1351 5441 1712 5511 Gozfridum,
1735 5460 1990 5499 sororem

338 5507 706 5584 Clichildern,
739 5528 867 5584 qua:
899 5517 1087 5569 mater
1115 5511 1224 5570 fuit
1249 5513 1528 5570 Bernardi
1560 5507 1782 5570 Gothia:
1832 5531 1990 5570 mar-

340 5579 591 5638 cbionis.
620 5579 800 5648 Βουρ.

2173 5087 2241 5158 (c)
2275 5088 2462 5158 Hugo,
2497 5087 2677 5158 abbas
2708 5091 2766 5142 et
2809 5086 3091 5156 marchio,
3126 5087 3281 5142 ﬁlius
3329 5091 3456 5158 erat
3503 5085 3754 5158 Conrad,

2099 5157 2419 5214 Autissiod.
2456 5157 2708 5226 comitis,
2745 5159 2922 5212 frater
2952 5158 3200 5214 Conradi
3233 5157 3752 5226 Paris.comitis,et

2104 5235 2167 5286 ut
2196 5229 2462 5287 nonnulli
2487 5228 2710 5294 volunt,
2747 5229 2980 5284 Roberti
3018 5229 3227 5284 Fortis.
3253 5229 3432 5292 Bono.

2173 5302 2248 5373 (ά)
2279 5299 2932 5373 Emcnotl’ictaviensis
2981 5316 3197 5373 eomes,
3233 5301 3411 5355 frater
3457 5303 3581 5355 erat
3620 5299 3755 5354 Ber-

2103 5369 2289 5435 nardi,
2323 5371 2504 5443 patris
2539 5370 2811 5425 Bernardi
2847 5369 3097 5427 rebellis.
3133 5372 3424 5435 Bovoun'r.

2173 5450 2245 5513 (ο)
2281 5445 2609 5516 lgneratur.
