4028 6178
356 235 510 296 1293

1170 235 1529 296 ANNALES
1575 234 1979 296 IIINCMARO
2023 232 2526 298 DUBITANTER
2569 240 2951 302 ASCRIPTI.

3611 246 3635 301 1
3648 245 3763 304 294

353 366 498 434 lum,
522 365 807 440 gloriosos
838 381 1024 438 reges,
1049 365 1393 440 dirigamus,
1431 367 1531 440 qui
1563 369 1700 422 eos‘
1734 369 1803 422 ad
1837 365 2010 438 placi-
2036 364 2092 431 Α
2119 384 2316 424 serum
2353 369 2653 426 inventum
2713 374 2852 442 fuit;
2887 375 2986 446 qui
3013 392 3145 430 vero
3186 375 3391 430 dicunt
3439 375 3656 446 injuste
3702 392 3766 430 se

351 460 480 512 tum
515 457 669 527 quod
703 459 901 510 octavo
925 455 1061 510 Idus
1085 455 1383 511 Februarii
1409 460 1697 511 statutum
1723 456 2010 511 habemus

352 545 678 613 invitent,et
707 548 772 600 ut
789 543 1127 599 nullatenus
1150 545 1345 599 venire
1367 545 2007 613 diﬁ‘erant,obsecrent;

350 635 372 668 ²
401 637 457 689 et
504 634 831 688 secundum
892 632 1049 704 quod
1106 638 1380 704 optamus
1430 633 1625 687 venire
1667 633 2008 703 voluerint’,

354 722 752 777 communiter
782 738 890 776 nos
921 722 993 776 ad
1019 721 1118 776 Dei
1151 720 1511 776 voluntatem
1542 727 1597 776 et
1645 727 1856 777 sanctae
1904 723 2008 778 Ec-

351 809 540 865 clesiae
573 809 978 876 salvationem,
1009 827 1073 865 ac
1117 825 1488 865 communem
1544 809 1821 866 honorem
1874 828 2007 867 nos-

351 904 512 955 trum
544 916 610 954 ac
631 900 981 972 profectum,
1009 903 1181 971 atque
1213 898 1642 954 salvamentum
1673 899 1853 955 totius
1901 916 2008 971 po-

352 988 476 1061 puli
506 987 818 1044 Christiani
845 989 1014 1044 nobis
1037 988 1358 1053 commissi,
1376 988 1618 1043 Domino
1641 994 2003 1060 cooperante,

352 1077 432 1133 ita
462 1078 914 1150 conjungamus,
948 1082 1013 1132 ut
1043 1077 1114 1132 de
1145 1082 1335 1132 cetero
1365 1077 1422 1131 in
1454 1094 1520 1132 eo
1553 1076 1654 1148 qui
1704 1095 1856 1133 unus
1897 1083 2006 1145 est,

353 1183 536 1221 unum
565 1165 755 1222 simus
786 1171 842 1221 et
872 1182 1059 1221 unum
1089 1165 1358 1233 velimus,
1391 1170 1448 1220 et
1477 1167 1498 1198 ⁴
1540 1164 1796 1237 idipsum
1847 1166 2004 1221 dica-

353 1271 504 1321 mus,
539 1255 864 1310 secundum
896 1253 1262 1326 Apostolum,
1295 1257 1352 1308 et
1384 1253 1670 1309 faciamus
1700 1271 1926 1322 omnes,
1951 1258 2007 1310 et

348 1345 370 1378 ⁵
400 1360 512 1398 non
546 1343 665 1398 sint
694 1342 752 1397 in
776 1343 945 1398 nobis
977 1341 1099 1397 ulla
1130 1342 1502 1398 schismata“.
1541 1365 1569 1391 »

419 1432 554 1487 CAP.
588 1432 682 1487 VI.
731 1454 758 1482 ‹‹
801 1432 860 1488 Si
918 1438 1114 1488 autem
1175 1430 1280 1496 illi,
1343 1433 1744 1489 obsecratione
1804 1438 2006 1489 nostra

347 1520 533 1575 vocati
580 1524 636 1575 et
684 1519 931 1587 invitati,
967 1524 1068 1575 aut
1099 1519 1265 1576 missi
1309 1537 1532 1586 eorum,
1567 1523 1638 1576 ad
1692 1523 2001 1593 praefatum

349 1609 627 1681 placitum
676 1609 871 1664 venire
923 1608 1282 1673 distulerint,
1317 1626 1444 1674 nos,
1480 1612 1801 1666 secundum
1847 1611 2003 1682 quod

350 1701 639 1752 statutum
688 1698 996 1762 habemus,
1039 1696 1178 1752 illuc
1235 1696 1474 1753 omnino
1522 1697 1734 1764 venire,
1776 1703 1833 1754 et
1895 1717 2000 1754 nos

2121 459 2533 528 proprietatem
2565 459 2798 516 illorum
2823 464 2864 496 ¹³
2896 463 3239 534 perdidisse,
3268 464 3504 519 veniant
3537 464 3594 518 in
3633 481 3768 518 nos-

2120 547 2272 599 tram
2306 538 2696 616 praesentiam,
2731 553 2786 602 et
2833 551 2985 606 sicut
3027 553 3257 622 justum
3311 557 3420 618 est,
3462 552 3542 608 ita
3586 551 3770 607 illis”

2112 633 2432 703 judieetur,
2457 638 2514 689 et
2544 653 2651 690 sua
2683 636 2984 708 recipiant.

2193 722 2313 776 I-Iod
2339 723 2849 787 dicto,Ludevicus
2875 725 3146 783 Ludovici
3174 729 3328 784 ﬁlius
3353 731 3423 785 ad
3447 747 3553 785 sua
3576 729 3764 797 rediit,

2120 813 2176 864 et
2199 810 2527 866 Ludovicus
2558 811 2745 867 Caroli
2769 812 2925 868 ﬁlius
2965 831 3067 884 per
3096 819 3475 874 Arduennam
3506 817 3764 884 veniens,

2730 901 3144 958 DCCCDXXIX.

2117 1003 2270 1041 anno
2303 986 2722 1044 incarnationis
2751 989 3086 1057 Dominicze,
3119 992 3179 1046 in
3215 994 3519 1066 Longlario
3552 995 3763 1051 nativi-

2116 1077 2293 1128 tatem
2311 1073 2543 1130 Domini
2564 1075 2894 1132 celebravit.
2918 1079 2985 1133 Et
3004 1079 3344 1151 aliquandiu
3377 1082 3434 1136 in
3457 1084 3765 1140 Arduenna

2116 1161 2429 1219 demorans
2459 1163 2708 1235 indeque
2741 1165 2848 1220 iter
2877 1182 3075 1238 agens,
3108 1169 3260 1224 circa
3297 1170 3758 1241 puriﬁcationem

2115 1253 2328 1304 sancta:
2361 1251 2554 1306 Mariae
2583 1254 2652 1307 ad
2675 1253 3053 1326 Pontigonem
3084 1257 3258 1325 venit,
3279 1259 3432 1313 unde
3460 1259 3658 1314 volens
3681 1259 3762 1314 ire

2117 1339 2172 1392 in
2210 1344 2405 1410 partes
2423 1343 2831 1413 Augustoduni
2865 1345 2935 1398 ad
2969 1345 3468 1416 comprimendam
3500 1347 3763 1403 rebellio-

2117 1444 2239 1482 sem
2275 1428 2549 1484 Bernardi
2571 1433 2648 1497 (ιι)
2672 1430 3011 1497 markionis,
3045 1450 3232 1504 usque
3263 1435 3335 1488 ad
3387 1436 3596 1490 Trecas
3630 1453 3764 1506 per-

2117 1515 2281 1570 rexit.
2316 1516 2425 1571 Sed
2487 1518 2628 1588 quia
2676 1518 3108 1590 ingravescente
3167 1522 3506 1577 inﬁrmitate
3563 1524 3764 1578 sua—-

2115 1604 2419 1659 dicebatur
2447 1607 2603 1661 enim
2641 1624 2859 1662 veneno
2894 1608 3144 1664 infectus
3175 1642 3243 1650 —
3274 1609 3505 1683 longius
3533 1612 3615 1666 ire
3649 1630 3762 1668 non

2115 1693 2323 1763 potuit,
2348 1694 2536 1750 ﬁlium
2569 1700 2626 1751 et
2656 1696 3016 1768 azquivocum
3051 1716 3227 1754 suum
3262 1700 3616 1755 Ludovicum
3662 1701 3762 1756 ba-

349 1786 674 1840 secundum
707 1786 805 1840 Dei
837 1785 1194 1860 voluntatem
1241 1787 1596 1859 conjungere
1646 1788 2000 1843 omnimodis
2033 1781 2076 1797 ”
2102 1781 2380 1850 julationi
2414 1783 2691 1838 Bernardi
2729 1787 2827 1853 (ὁ),
2847 1786 3079 1841 comitis
3104 1787 3412 1854 Arvernici,
3435 1788 3766 1859 specialiter

350 1890 464 1930 non
495 1874 859 1940 omittamus,
893 1874 1004 1929 nisi
1036 1874 1180 1928 forte
1212 1872 1346 1928 talis
1401 1873 1752 1929 inevitabilis
1802 1891 1998 1930 neces-

349 1961 492 2016 sitas
521 1962 794 2029 evenerit,
826 1979 929 2034 pro
978 1977 1094 2034 qua
1140 1962 1199 2017 id
1244 1961 1369 2016 ﬁeri
1423 1961 1757 2017 nullatenus
1791 1962 1997 2034 possit.

348 2051 417 2105 Et
447 2050 495 2105 si
524 2050 632 2106 hoc
664 2051 960 2117 acciderit,
991 2051 1064 2106 ad
1115 2055 1348 2122 tempus
1399 2050 1686 2122 quisque"
1718 2051 1844 2124 pari
1893 2070 1999 2108 suo

354 2138 461 2193 hoc
494 2139 705 2195 rescire
735 2139 938 2206 faciat;
973 2144 1028 2194 et
1055 2143 1359 2211 propterea
1387 2139 1646 2195 amicitia
1675 2145 1877 2196 nostra
1897 2159 2002 2196 nec

348 2228 650 2283 minuatur
693 2245 798 2284 nec
849 2229 1210 2294 immutetur,
1246 2229 1426 2283 donec
1477 2228 1722 2284 Domino
1754 2230 2000 2300 jubente

350 2332 608 2388 congruo
641 2320 904 2389 tempore
937 2317 1185 2390 perfecte
1218 2317 1614 2372 conﬁrmetur.
1653 2339 1681 2366 ››

419 2406 552 2460 CAP.
584 2404 706 2460 Vll.
735 2428 763 2454 ‹‹
799 2405 871 2460 Ut
902 2421 994 2460 res
1025 2404 1402 2460 ecclesiarum
1457 2405 1517 2459 in
1572 2406 2000 2478 cujuscumque

351 2509 527 2564 regno
559 2499 732 2565 caput
763 2494 957 2554 fuerit.
990 2496 1109 2548 tam
1141 2494 1211 2547 de
1240 2493 1676 2565 episcopatibus
1725 2511 1900 2566 quam
1931 2497 2002 2551 de

354 2581 624 2646 abbatiis,
639 2583 763 2636 sine
797 2581 918 2637 ulla
946 2582 1405 2637 contradictione
1441 2587 1690 2637 rectores
1739 2583 2000 2654 ipsarum

355 2667 735 2724 ecclesiarum
765 2668 896 2725 illas
925 2669 1290 2741 possideant;
1326 2675 1380 2724 et
1408 2670 1456 2725 si
1497 2670 1716 2742 aliquid
1750 2671 1826 2726 ibi
1861 2671 1998 2726 mali

352 2756 613 2811 factum8
645 2775 678 2812 a
727 2775 1018 2829 quoquam
1074 2762 1182 2824 est,
1219 2758 1275 2812 in
1335 2759 1762 2830 cujuscumque
1823 2777 2000 2832 regno

349 2843 461 2900 illa:
494 2863 585 2901 res
614 2846 962 2911 consistunt,
986 2846 1250 2919 legaliter
1270 2848 1290 2881 ⁹
1321 2847 1527 2902 exinde
1550 2847 1849 2918 justitiam
1883 2849 2002 2903 red-

351 2933 485 2988 dere
515 2934 707 2989 faciat.
741 2955 770 2985 ››

419 3021 550 3077 CAP.
587 3023 732 3079 VIII.
769 3047 794 3073 «
831 3025 900 3079 Et
930 3025 1068 3096 quia
1122 3043 1223 3097 per
1264 3042 1442 3098 vagos
1494 3030 1550 3080 et
1599 3025 1654 3079 in
1703 3025 2005 3098 tyronnica

2111 1871 2504 1939 committens,
2541 1873 2842 1944 Hugonem
2875 1878 2946 1943 (ο)
2978 1876 3248 1931 abbatem
3281 1882 3336 1932 et
3367 1878 3674 1946 Bosonem,
3705 1882 3763 1934 et

2110 1959 2415 2029 praefatum
2448 1961 2810 2017 Bernardum
2843 1979 2976 2018 cum
3015 1963 3135 2019 ﬁlio
3167 1981 3296 2031 suo,
3320 1966 3421 2020 sed
3470 1970 3526 2021 et
3574 1966 3761 2021 Theo-

2110 2047 2369 2103 dericum
2419 2065 2554 2105 cum
2601 2050 2775 2106 sociis
2832 2051 2980 2120 suis,
3031 2055 3525 2124 Augustudunum
3577 2055 3758 2111 misiti

2111 2142 2400 2207 quatenus
2429 2137 2624 2210 ipsum
2659 2140 3002 2195 comitatum
3031 2142 3102 2196 ad
3133 2159 3280 2214 opus
3310 2143 3760 2211 Theoderici,cui

2111 2229 2284 2280 antea
2337 2225 2502 2281 illum
2528 2229 2569 2262 ¹⁵
2602 2229 2859 2295 dederat,
2912 2230 3327 2286 evindicarent.
3379 2232 3507 2302 Ipse
3565 2237 3760 2288 autem

2110 2329 2242 2366 cum
2278 2330 2491 2385 magna
2520 2314 2866 2371 difﬁcultate
2888 2333 2990 2386 per
3018 2318 3264 2374 Jodrum
3291 2321 3332 2354 ¹⁶
3362 2319 3438 2390 (d)
3471 2305 3762 2375 monaste-

2111 2400 2264 2455 rium
2296 2401 2722 2474 Compendium
2752 2405 2926 2472 venit,
2952 2409 3008 2460 et
3039 2406 3298 2462 sentiens
3347 2424 3407 2462 se
3457 2409 3762 2463 mortem”

2112 2489 2353 2544 evadere
2402 2507 2515 2545 non
2569 2508 2760 2562 posse,
2796 2509 2897 2563 per
2944 2494 3226 2561 Odonem,
3287 2495 3687 2552 Belvacenscm
3725 2496 3765 2534 ¹⁸

2111 2577 2475 2649 episcopum,
2510 2584 2567 2634 et
2598 2579 2911 2635 Albuinum
2945 2581 3216 2637 comitem
3257 2600 3531 2639 coronam
3559 2590 3614 2640 et
3639 2603 3767 2657 spa-

2111 2671 2230 2720 tam
2265 2683 2330 2720 ac
2364 2667 2654 2737 reliquum
2689 2669 2912 2739 regium
2937 2676 3283 2740 apparatum
3309 2673 3426 2726 ﬁlio
3450 2690 3554 2728 suo
3582 2674 3764 2728 Ludo-

2110 2753 2234 2809 vico
2257 2755 2440 2816 misit,
2477 2756 2763 2810 mandans
2794 2755 2911 2810 illis
2943 2755 3042 2828 qui
3073 2775 3206 2811 cum
3241 2775 3306 2813 eo
3339 2764 3505 2815 erant
3536 2766 3599 2815 ut
3629 2778 3762 2816 eum

2113 2843 2171 2896 in
2205 2859 2396 2914 regem
2422 2843 2637 2897 sacrari
2672 2860 2736 2897 ac
2767 2844 3030 2898 coronari
3065 2845 3335 2901 facerent.
3374 2848 3501 2918 Ipse
3541 2853 3760 2917 autem,

2113 2948 2170 2985 1v
2198 2932 2334 2985 Idus
2355 2930 2568 3001 Aprilis
2595 2931 2652 2985 in
2687 2931 2778 2986 die
2811 2935 3288 3004 parascevesjam
3318 2953 3552 3007 vespere
3583 2937 3759 3004 obiit;

2114 3019 2250 3073 etin
2275 3020 2550 3086 crastina,
2585 3019 2804 3075 scilicet
2834 3021 2892 3074 in
2932 3021 3130 3094 vigilia
3178 3025 3364 3079 sancti
3417 3025 3669 3093 Paschae,
3705 3027 3763 3081 in

350 3111 770 3167 consuetudine
821 3113 1212 3169 inreverentcs
1257 3114 1529 3170 homines
1587 3133 1696 3186 pax
1739 3120 1796 3170 et
1839 3116 2008 3186 quies
2038 3099 2080 3164 (ἶ
2118 3107 2362 3163 000185ίᾶ
2393 3114 2605 3164 διωθιίὲ
2639 3109 2830 3165 Mariae
2862 3110 3129 3182 Sepultus
3161 3112 3292 3166 fuit.

353 3199 510 3271 regni
536 3201 865 3272 perturbari
897 3202 1062 3268 solet,
1097 3202 1368 3258 volumus
1400 3208 1463 3258 ut
1497 3204 1567 3257 ad
1601 3220 2011 3276 quemcunque

352 3293 614 3344 nostrum
647 3289 782 3345 talis
805 3292 1047 3358 venerit,
1085 3296 1148 3346 ut
1182 3293 1250 3347 de
1284 3291 1376 3347 his
1408 3309 1534 3364 quae
1563 3293 1681 3364 egit
1723 3294 2009 3348 rationem

353 3381 409 3432 et
456 3378 752 3448 justitiam
799 3381 1204 3453 subterfugere
1263 3382 1470 3452 possit,
1504 3399 1675 3436 nemo
1727 3400 1796 3436 ex
1839 3383 2010 3438 nobis

355 3466 396 3501 ¹⁰
424 3465 591 3521 illum
638 3468 708 3522 ad
742 3466 901 3523 aliud
952 3469 1196 3541 recipiat
1238 3468 1325 3524 vel
1377 3469 1645 3535 retineat,
1679 3469 1794 3526 nisi
1841 3474 1906 3524 ut
1936 3471 2006 3525 ad

352 3559 572 3610 rectam
603 3554 887 3612 rationem
919 3561 977 3612 et
1008 3557 1264 3612 debitam
1297 3558 1765 3614 emendationem
1798 3559 2007 3630 perdu-

355 3647 536 3698 catur.
573 3644 640 3698 Et
670 3643 718 3698 si
751 3645 1036 3700 rationem
1069 3651 1287 3701 rectam
1333 3647 1769 3718 subterfugerit,
1805 3663 2009 3703 omnes

358 3732 397 3766 ³¹
422 3731 481 3785 in
504 3748 831 3800 commune,
857 3733 914 3788 in
948 3733 1118 3804 cujus
1151 3751 1395 3807 regnum
1418 3735 1663 3802 venerit,
1687 3735 1850 3790 illum
1886 3753 2010 3808 per-

357 3835 694 3892 sequamur,
727 3822 908 3877 donec
941 3826 1039 3876 aut
1071 3823 1141 3877 ad
1185 3823 1470 3879 rationem
1505 3824 1875 3896 perducatur,
1908 3828 2011 3880 aut

355 3909 426 3964 de
463 3925 639 3981 regno
672 3909 993 3983 expellatur
1018 3910 1106 3966 vel
1135 3911 1416 3967 deleatur.
1451 3935 1478 3962 »

427 3995 562 4051 CAP.
594 3997 681 4051 IX.
720 4019 746 4046 ‹‹
778 3996 1064 4053 Volumus
1093 4002 1158 4052 ut
1188 3997 1245 4052 hi
1302 3999 1402 4070 qui
1450 3999 1654 4054 merito
1687 4001 2008 4070 proprieta—

357 4090 477 4139 tem
537 4083 768 4140 illorum
829 4086 886 4140 in
941 4102 1118 4158 regno
1177 4092 1375 4142 nostro
1426 4087 1806 4159 perdiderunt
1829 4087 1890 4153 η,
1925 4087 2010 4142 ita

291 4226 305 4236 ,
347 4172 711 4244 judicentur’,
744 4174 899 4230 sicut
947 4175 1312 4247 temporibus
1367 4180 1703 4231 nostrorum
1747 4179 2007 4231 anteces-

2188 3198 2508 3252 Audientes
2534 3203 2727 3253 autem
2756 3199 2876 3254 Odo
2909 3203 2966 3254 et
2990 3199 3275 3256 Albuinus
3308 3201 3472 3257 illum
3505 3220 3633 3260 esse
3667 3205 3765 3259 de-

2119 3287 2566 3358 functum,quaz
2617 3292 2985 3359 portaverant
3043 3289 3398 3346 Theoderico
3448 3291 3768 3348 camerario

2119 3375 2491 3441 dederunt,ct
2507 3391 2638 3430 cum
2664 3375 3034 3432 festinatione
3057 3378 3267 3434 reversi
3293 3384 3450 3434 sunt.
3473 3379 3558 3434 Illi
3573 3385 3767 3436 autem

2119 3464 2218 3536 qui
2247 3481 2380 3519 cum
2414 3463 2817 3519 Hludowico”
2835 3464 2953 3520 ﬁlio
2983 3466 3136 3538 regis
3159 3471 3343 3537 erant,
3369 3469 3570 3524 audita
3589 3474 3773 3524 morte

2119 3551 2302 3624 patris
2335 3551 2520 3623 ipsius
2555 3551 2815 3620 infantis,
2842 3553 3266 3608 mandaverunt
3291 3554 3646 3625 primoribus
3669 3557 3769 3629 qui

2117 3641 2177 3697 in
2210 3643 2393 3697 istis20
2415 3643 2679 3713 partibus
2695 3647 2880 3709 erant,
2904 3648 2967 3697 ut
2989 3645 3144 3715 apud
3167 3643 3374 3700 Meldis
3397 3646 3772 3701 convenirent

2118 3732 2344 3788 obviam
2378 3732 2482 3803 eis,
2507 3733 2616 3788 et"
2654 3731 2733 3786 ibi
2764 3731 3254 3803 tractarent,quid
3290 3732 3358 3787 de
3390 3738 3578 3789 cetero
3601 3750 3770 3806 agere

2118 3822 2415 3877 deberent.
2434 3821 2588 3876 Inter
2611 3822 2890 3876 Bosonem
2909 3826 3106 3876 autem
3130 3825 3186 3876 et
3207 3821 3628 3878 Theodericum
3655 3839 3770 3879 me-

2119 3911 2316 3966 diante
2348 3910 2588 3983 Hugone
2634 3910 2841 3965 abbate
2874 3915 3222 3966 conventum
3251 3915 3357 3978 est,
3389 3915 3452 3965 ut
3497 3913 3643 3967 Boso
3675 3928 3769 3967 co-

2120 4000 2390 4053 mitatum
2434 3999 2928 4069 Augustodunum
2981 3999 3239 4068 haberet,
3272 4004 3329 4054 et
3375 4000 3770 4055 Theodericus

2119 4085 2383 4142 abbatias
2415 4103 2562 4155 quas
2596 4086 2740 4140 Boso
2774 4085 2830 4139 in
2882 4085 3012 4141 istis
3060 4087 3327 4156 partibus
3377 4087 3677 4154 habuerat,
3713 4088 3772 4141 in

2120 4172 2582 4230 commutatione
2605 4171 3205 4243 acciperet.Gozlenus
3223 4173 3547 4244 (e)denique
3569 4175 3770 4230 abbas;

1626 4307 2036 4365 VARIANTES
2078 4305 2496 4364 LECTIONES.

429 4407 450 4477 ¹ί
480 4405 578 4477 qui
610 4406 752 4461 ad...
805 4405 1142 4472 invitentur,
1175 4410 1242 4461 ut
1288 4404 1697 4461 nullatenus...

361 4549 456 4604 Ch.
533 4549 554 4582 ⁶
588 4547 871 4603 acismata
901 4548 993 4604 Ch.
1028 4549 1092 4603 A.

357 4619 485 4691 Ch,
510 4623 576 4691 Β.
657 4620 698 4652 ¹⁰
721 4619 780 4674 Ρ.
806 4623 1010 4675 neuter
1040 4622 1308 4691 nostrum
1339 4619 1404 4674 Α.
1512 4621 1550 4656 ²¹
1578 4624 1821 4691 uterque
1852 4621 1911 4674 Δ.

363 4763 407 4796 ¹⁹
439 4761 584 4817 deest
614 4761 709 4818 Ch.
745 4762 806 4816 Β.
884 4763 929 4795 ²⁰
959 4761 1076 4816 illis
1110 4761 1203 4816 Ch.
1237 4763 1300 4816 Β.
1378 4763 1417 4795 ²¹
1454 4765 1517 4816 ut
1545 4763 1611 4816 A.

1751 4406 2149 4461 obsecrentur.
2195 4405 2293 4462 Ch.
2339 4405 2398 4458 Β.
2476 4404 2498 4437 ²
2527 4402 2627 4474 qui
2678 4419 2776 4458 eos
2824 4402 2894 4457 ad
2945 4401 3297 4474 placitum...
3331 4401 3595 4469 invitent,
3627 4407 3683 4459 et
3714 4409 3778 4459 ut

357 4475 698 4557 nullatenus
726 4477 1228 4557 veniremdiiferapt
1257 4478 1563 4557 obsecrent
1593 4477 1767 4557 Sirmi
1794 4485 1845 4557 et
1873 4478 2121 4557 Balaam
2147 4478 2169 4511 ³
2198 4475 2486 4557 valuerint
2526 4475 2620 4557 Ch‘.
2639 4543 2649 4555 .
2828 4475 3034 4557 ξυθεδς,
3258 4475 3285 4557 ⁵.
3308 4490 3511 4557 ompes
3560 4479 3626 4557 ut
3659 4493 3685 4557 η

1170 4549 1189 4582 ⁷
1223 4556 1467 4620 uterque
1495 4551 1560 4604 A.
1638 4549 1658 4582 ⁸
1692 4549 2030 4604 misfactum
2059 4548 2230 4604 Sirm.
2265 4554 2318 4602 et
2347 4547 2540 4600 Batus.
2575 4545 2652 4599 ibi
2687 4545 2972 4615 injustum
3007 4545 3226 4599 factum
3258 4545 3321 4599 A.
3398 4545 3780 4616 9regulariter

1170 4636 1308 4674 .rum
1339 4622 1404 4674 A.
1512 4621 1550 4656 ²¹
1578 4624 1821 4674 uterque
1852 4621 1911 4674 Α.
2017 4621 2063 4654 ¹²
2094 4617 2451 4674 perdiderint
2483 4617 2577 4672 Ch.
2609 4617 2674 4674 A.
2780 4617 2820 4649 ¹³
2855 4617 3032 4670 Suam
3065 4616 3160 4670 Ch.
3259 4615 3301 4648 “
3330 4614 3412 4670 ita
3442 4617 3511 4670 de
3533 4617 3648 4672 illis
3681 4619 3776 4674 Ch.

357 4637 459 4674 ch.
510 4637 576 4674 υ.
658 4637 698 4652 ιυ
721 4637 780 4674 ι’.
806 4637 1010 4675 neuter
1040 4637 1308 4674 noscrum
1339 4637 1404 4674 Α.
1512 4637 1550 4656 ιι
1578 4637 1821 4691 uterque
1852 4637 1911 4674 Α.
2017 4637 2062 4654 η
2094 4637 2451 4692 pertuderint
2483 4637 2577 4672 cn.
2609 4637 2674 4674 Α.
2781 4637 2820 4649 ιν
2855 4637 2891 4669 δ

430 4690 583 4772 illud
883 4691 927 4772 ξξ
957 4706 1058 4772 per
1085 4690 1507 4772 atdiednrum‘A.‘
1561 4692 1612 4772 f7
1646 4708 1708 4746 se
1739 4691 1813 4746 ab
1847 4690 2190 4746 inﬁrmitate
2222 4688 2453 4744 liberari
2489 4704 2603 4742 non
2638 4703 2808 4758 posse
2836 4688 2898 4742 A.

2828 4475 2849 4507 ‘
2875 4473 3030 4528 Deest
3060 4475 3152 4529 Ch.
3258 4473 3278 4507 ⁵
3308 4490 3511 4531 omnes
3560 4479 3626 4529 ut
3659 4492 3776 4530 non

2780 4617 2820 4649 ¹³
2855 4617 3032 4670 Suam
3065 4616 3160 4670 Ch.
3259 4615 3301 4648 “
3330 4614 3412 4670 ita
3442 4614 3648 4672 de'illis
3681 4619 3776 4674 Ch.

3009 4688 3049 4721 ¹⁸
3081 4685 3546 4758 belgivacencem
3577 4691 3675 4747 Ch.
3712 4692 3775 4746 Α.

1957 4850 2190 4907 NOT/E.

438 4966 515 5036 (α)
547 4965 878 5036 Bernardus
911 4964 1038 5032 iste,
1058 4964 1299 5020 alterius
1323 4964 1599 5036 Bernardi
1624 4969 1680 5020 et
1702 4964 2021 5031 Blichildis,
2054 4969 2099 5032 D

366 5036 669 5091 Roriconis
700 5035 1200 5092 Cenomannensis
1233 5035 1463 5091 comitis
1499 5035 1649 5102 ﬁliae,
1687 5036 1866 5102 ﬁlius,
1911 5037 2023 5092 Go-

364 5107 500 5161 thiae
535 5107 942 5178 marchionatu
993 5109 1246 5162 donatus
1301 5109 1493 5162 fuerat
1541 5125 1693 5162 anno
1738 5109 1844 5162 865
1892 5113 2025 5178 post

366 5177 762 5260 Humfridum.
795 5179 1180 5260 Anno_87_8‘in
1215 5179 1488 5260 Trecensi
1521 5180 1740 5260 synodo
1779 5177 2028 5260 anathe-

367 5253 526 5304 mate
597 5266 874 5305 ercussus
904 5255 994 5305 est
1023 5255 1080 5306 et
1107 5249 1429 5305 honoribus
1463 5249 1744 5321 privatus.
1779 5251 1956 5314 Bono.

436 5319 511 5388 (b)
545 5267 896 5388 gernardus,
927 5322 1279 5376 Arvernicus
1309 5338 1527 5385 comes,
1556 5320 1710 5376 ﬁlius
1749 5327 1874 5376 erat
1897 5323 1956 5376 Β(

592 5321 896 5388 ernardus,
927 5322 1279 5376 Arvernicus
1309 5320 1527 5385 comes,
1556 5320 1710 5376 ﬁlius
1749 5327 1874 5376 erat
1897 5323 2030 5376 Ber-

2131 4969 2219 5021 est
2240 4980 2392 5018 anno
2422 4963 2546 5017 886.
2565 4962 2709 5017 Boso
2730 4962 2846 5015 dux
2868 4965 2992 5015 erat
3022 4961 3352 5029 Provinciae,
3370 4961 3782 5033 Theodericus,

2137 5034 2408 5091 Ludovici
2429 5033 2588 5088 Balbi
2605 5032 3546 5106 eamerarius,Augustoduneusis
3566 5032 3781 5088 comes.

2141 5109 2502 5257 Bogdgyulge
2526 5180 2786 5256 Jouarre,
2823 5175 2880 5229 in
2903 5192 3058 5257 pango
3084 5172 3384 5257 Meldens‘i.
3401 5173 3587 5257 IBouol.

2211 5254 2278 5316 (θ)
2311 5245 2720 5318 Gozlinus,qui
2755 5245 2937 5301 sancti
2965 5245 3236 5318 Germani
3257 5261 3303 5318 _a
3318 5245 3502 5318 Patris
3524 5249 3581 5318 et
3602 5245 3788 5300 sancti

2140 5318 2397 5396 Dionysii
2433 5319 2613 5396 abbas
2640 5315 2859 5396 fuit,et
2879 5321 3076 5388 postea
3091 5315 3435 5396 Parisiensis
3456 5315 3788 5396 episcopus,

368 5387 964 5474 perdiuseptimanize
1025 5393 1212 5474 ducis,
1252 5396 1320 5474 et
1368 5393 1641 5474 Dedanfe.
1695 5393 1877 5474 Pater.
1924 5393 2033 5446 fuit
2140 5387 2448 5474 eratﬁlius
2482 5387 3316 5474 Ror‘iconi‘s,Ceno‘ma‘nn‘ensis
3347 5387 3793 5474 com‘it.is,frater

368 5461 684 5518 Guillelmi'
703 5463 803 5535 pii.
828 5465 994 5519 Anno
1023 5465 1130 5518 878
1153 5462 1372 5520 Gothiae
1406 5463 1814 5519 marchionatu
1847 5463 2030 5517 dona-

368 5538 468 5590 tus
494 5538 613 5601 est;
648 5535 792 5592 obiit
824 5551 976 5591 anno
1002 5537 1127 5590 886.
1164 5535 1344 5598 Bouo.

444 5605 515 5680 (ε)
553 5606 715 5681 Hugo
741 5606 946 5676 abbas,
979 5606 1228 5665 Conradi
1277 5605 1508 5663 comitis
1553 5604 1730 5676 ﬁlius,
1765 5609 2033 5663 mortuus

2143 5459 2456 5527 Blichildis,
2492 5460 2696 5515 matris
2731 5458 3007 5514 Bernardi
3041 5458 3261 5514 Gothiae
3312 5457 3689 5530 m‘archionis,
3723 5459 3792 5516 de

2143 5549 2256 5608 quo
2290 5549 2487 5608 supra.
2519 5532 2694 5596 BCUQ.
