4002 6446
1707 513 2508 645 ELENCHUS

459 876 984 952 AUCTOBUM
1055 877 1176 949 ET
1249 873 1635 948 OPEBUM
1703 873 1865 958 QUI
1943 871 2034 944 IN
2111 870 2300 943 H00
2367 870 2634 944 τοΜο
2697 869 2974 944 CXXV
3041 869 3789 946 CONTINENTUB.

1699 1182 1704 1186 -
1741 1169 2468 1202 —--————-oo<=-——~--——
2565 1187 2570 1190 -

1295 1498 1744 1563 HINCMARUS
1784 1499 2222 1562 RHEMENSIS
2265 1499 2939 1564 ARCHIEPISCOPUS.

3661 1684 3794 1746 Col.

550 1789 814 1868 Epistola
864 1787 936 1849 ad
979 1789 1254 1850 Carolum
1303 1803 1529 1867 regem,
1601 1789 1782 1867 priori
1840 1794 2043 1851 contra
2098 1790 2649 1855 Prmdestiuatianos
2697 1791 3112 1855 Dissertatioui
3168 1791 3532 1872 (deperditus)

628 1892 2161 1974 praeﬁxa................

554 2001 639 2060 De
673 1999 1191 2062 Praedestinatione
1240 2000 1347 2062 Dei
1378 2007 1436 2062 et
1465 2001 1652 2064 libero
1679 2001 1947 2064 Arbitrio
1989 2002 2332 2068 dissertatio
2380 2005 2704 2082 posterior.
2783 2051 2801 2068 .
2871 2051 2888 2066 .
2958 2054 2971 2068 .
3038 2051 3052 2065 .
3122 2051 3135 2064 .
3183 2053 3220 2082 η.
3287 2053 3302 2066 .
3364 2051 3380 2065 .
3447 2050 3461 2066 .
3526 2050 3541 2065 .
3713 2003 3804 2064 65

557 2107 643 2167 De
676 2121 790 2166 una
819 2111 878 2166 et
911 2121 1023 2166 non
1058 2106 1210 2168 trina
1259 2105 1522 2167 Deitate.
1595 2151 1611 2165 .
1674 2151 1692 2168 .
1755 2152 1772 2168 .
1839 2153 1854 2167 .
1918 2155 1932 2170 .
1998 2151 2014 2166 .
2078 2155 2091 2169 .

557 2209 643 2270 De
671 2209 920 2271 divortio
942 2209 1374 2290 Lothariiregis
1405 2215 1461 2271 et
1487 2210 1796 2291 Tetbergze
1825 2212 2092 2292 reginae.
2157 2264 2172 2278 .
2239 2263 2250 2276 .
2317 2268 2326 2276 .
2400 2261 2408 2271 .
2477 2264 2488 2276 .
2557 2263 2571 2276 .
2639 2267 2650 2277 .
2719 2267 2731 2278 .
2801 2266 2814 2278 .
2880 2261 2895 2276 .
2961 2264 2974 2276 .
3042 2264 3055 2278 .
3123 2261 3138 2277 .
3205 2265 3217 2276 .
3285 2262 3296 2271 .
3363 2262 3379 2276 .
3445 2261 3460 2275 .
3527 2263 3540 2276 .
3673 2212 3802 2276 620

557 2312 824 2391 Capitula
854 2314 1165 2392 synodica.
1214 2361 1229 2376 .
1281 2361 1298 2376 .
1362 2362 1376 2376 .
1443 2363 1457 2376 .
1520 2361 1540 2380 .
1604 2362 1620 2376 .
1685 2364 1700 2378 .
1765 2365 1780 2377 .
1840 2362 1856 2377 .
1923 2365 1934 2376 .

3678 2318 3806 2380 7'73

555 2417 982 2482 Coronatioues
1030 2421 1244 2499 regiae.
1336 2463 1350 2477 .
1435 2466 1453 2484 .
1516 2467 1531 2481 .
1596 2466 1615 2483 .
1678 2469 1694 2483 .
1759 2469 1775 2483 .
1839 2467 1855 2482 .
1921 2469 1936 2482 .
2001 2473 2014 2486 .
2083 2475 2095 2486 .

3678 2422 3807 2485 803

561 2524 912 2603 Explauatio
941 2525 998 2587 in
1032 2525 1348 2588 Ferculum
1404 2525 1767 2602 Salomonis.
1837 2575 1854 2590 .
1917 2575 1933 2590 .
1998 2575 2014 2590 .
2077 2575 2092 2590 .
2158 2577 2175 2594 .
2240 2577 2254 2592 .
2319 2583 2334 2597 .
2401 2539 2425 2591 .'
2479 2577 2496 2593 .
2565 2581 2575 2592 .
2643 2583 2653 2592 .
2722 2577 2738 2592 .
2804 2581 2816 2592 .
2883 2579 2899 2592 .
2965 2579 2979 2592 .
3047 2583 3057 2591 .
3125 2578 3140 2591 .
3205 2577 3220 2591 .
3287 2579 3302 2594 .
3367 2575 3384 2590 .
3446 2572 3466 2592 .
3527 2573 3546 2590 .
3677 2529 3806 2591 817

557 2631 848 2710 Opuscula
880 2633 1040 2694 varia
1075 2635 1354 2712 (quorum
1395 2635 1916 2696 enumerationem
1943 2635 2078 2698 vide
2104 2638 2172 2698 in
2211 2635 2434 2699 Ordine
2474 2621 2684 2701 reruni
2713 2637 2793 2701 ad
2819 2637 3043 2700 calcem
3069 2637 3456 2711 voluminis).
3527 2684 3542 2698 .
3677 2634 3805 2698 833

560 2737 886 2802 Appnumx.
918 2774 996 2784 —
1034 2739 1333 2803 Hincmari
1389 2741 1651 2802 Annales
1680 2744 1806 2803 sive
1835 2742 2150 2804 Annalium
2180 2743 2650 2807 Bertiniauorum
2679 2759 2819 2823 pars
2848 2743 3048 2808 tertia.
3120 2789 3132 2800 .
3207 2793 3218 2805 .
3293 2793 3306 2806 .
3368 2789 3384 2802 .
3449 2790 3465 2804 .
3530 2787 3546 2803 .
3642 2741 3808 2804 1903
