4002 6444
376 448 451 512 51
1307 444 1686 506 HINGMARI
1731 438 2177 504 RHEMENSIS
2223 438 2840 501 ARCHIEPISGOPI.

3697 432 3796 498 52

375 596 482 639 suo
503 579 624 637 loco
645 578 930 636 dicemus.
955 577 1336 635 Inseruerunt
1357 577 1533 634 etiam
1558 576 1615 632 in
1645 575 1866 632 eisdem
1898 573 2024 630 suis
2053 572 2110 639 Α
2137 572 2424 644 synodum
2455 572 2936 626 consacerdotum
2959 570 3129 626 debet
3148 568 3362 640 venire,
3387 571 3451 625 ut
3469 571 3571 625 aut
3597 534 3802 626 discat

373 668 611 742 scriptis
628 669 698 724 de
718 667 1077 745 quibusdam
1104 666 1396 723 sexdecim
1421 665 1715 738 capitulis,
1741 663 1906 736 quasi
1932 679 2031 717 no-

372 757 464 814 bis
481 757 736 813 debeant
756 756 1039 828 imputari
1060 772 1072 810 :
1097 755 1165 811 de
1182 754 1398 827 quibus
1419 753 1564 808 nihil
1581 749 2027 817 audivimus,vel

371 845 656 913 vidimus,
681 849 997 917 antequam
1030 843 1380 899 venerabilis
1410 843 1528 898 Ebo
1549 840 2031 912 Gratianopolila-

375 951 490 991 nus
519 933 834 1006 episcopus
852 931 1020 989 vobis
1053 949 1141 1002 ea,
1163 931 1331 1003 quasi
1353 947 1388 985 a
1410 931 1572 985 bona:
1605 929 1897 984 memoriae
1921 929 2030 982 fra-

376 1027 466 1080 tre
489 1025 686 1078 vestro
704 1021 977 1078 Lothario
999 1020 1368 1084 transmissa,
1383 1019 1537 1091 apud
1554 1016 1911 1073 Vermeriam
1936 1033 2032 1088 pa-

377 1110 590 1168 latium
627 1110 854 1167 detulit.
884 1113 1143 1176 Quorum
1175 1109 1564 1181 capitulorum
1597 1111 1892 1162 auctorem
1928 1122 2032 1160 nec

380 1199 466 1256 ibi
489 1200 836 1256 adnotatum
858 1197 1212 1264 invenimus,
1235 1213 1340 1252 nec
1359 1213 1496 1252 cum
1517 1194 1770 1250 multum
1796 1193 2034 1266 quaesie-

385 1288 592 1357 rimus,
615 1287 875 1344 invenire
895 1287 1210 1343 valuimus.
1230 1287 1393 1342 Unde
1414 1285 1751 1358 putavimus
1772 1283 1912 1354 quia
1935 1281 2034 1337 ali-

384 1379 557 1450 cujus
577 1377 796 1434 invidia
816 1378 888 1433 ad
907 1378 1259 1449 cujusquam
1276 1373 1610 1448 opinionem
1629 1372 2033 1428 infamandam

333 1503 344 1512 -
387 1467 607 1523 fuerint
636 1465 970 1540 compilata,
994 1465 1147 1521 sicut
1177 1481 1327 1537 saepe
1356 1461 1716 1535 legimus.Ut
1739 1461 1810 1516 de
1833 1459 2035 1516 multis

386 1571 577 1629 pauca
604 1571 1154 1621 commemoremus,
1176 1551 1353 1608 veluti
1381 1549 1627 1625 epistola
1644 1548 2034 1622 capitulorum

385 1643 628 1712 exstitit,
649 1659 828 1717 quam
849 1642 1201 1699 venerabilis
1225 1643 1357 1698 lbas
1380 1640 1690 1714 episcopus
1721 1654 1889 1695 suam
1909 1653 2038 1693 esse

383 1731 446 1788 in
479 1733 702 1806 synodo
742 1731 1080 1805 denegavit;
1139 1735 1197 1787 et
1251 1730 1406 1786 sicut
1435 1729 1675 1802 quidam
1725 1727 1918 1783 aemuli
1964 1727 2037 1782 de

383 1821 576 1878 verbis
605 1821 761 1878 beati
791 1819 1108 1894 Augustini
1139 1819 1332 1876 adhuc
1362 1819 1422 1874 in
1467 1835 1577 1875 sua
1603 1817 1722 1872 vita
1751 1817 2034 1880 fecerunt,

379 1926 511 2004 qua;
549 1908 648 1966 ille
689 1913 894 2004 argute
943 1913 1002 2004 et
1047 1907 1332 2004 catholice
1381 1905 1617 2004 repulit,
1642 1908 1932 2004 quantum
1961 1905 2031 1958 ad
2066 1940 2114 2004 Β

375 1995 537 2052 illius
583 1995 858 2051 notitiam
905 1994 1112 2050 exinde
1170 1994 1452 2066 pervenit.
1477 1994 1615 2048 Post
1671 1994 1800 2065 ejus
1859 1992 2036 2046 etiam

378 2083 878 2156 obitum,quidam
895 2081 1075 2138 invidi
1093 2080 1460 2154 capitulatim
1477 2081 1547 2136 de
1570 2081 1756 2153 ipsius
1775 2079 2033 2152 scriptis,

380 2189 451 2229 ex
469 2171 564 2228 his
585 2171 764 2228 etiam
789 2172 946 2228 unde
965 2187 1123 2226 nunc
1143 2169 1357 2242 agitur,
1373 2168 1642 2242 colligere
1662 2171 2034 2232 curaverunt,

381 2263 449 2317 ut
477 2258 636 2316 illius
682 2259 1008 2316 doctrinam
1062 2257 1447 2315 orthodoxam
1497 2263 1673 2328 atque
1723 2256 2036 2312 utillimam

384 2349 461 2406 ob
489 2365 750 2421 persona
772 2347 934 2404 illius
953 2347 1236 2404 invidiam
1256 2345 1548 2402 vilifacere
1570 2345 1964 2418 praevalerent,
1979 2349 2037 2400 et

379 2437 627 2495 lectores
655 2438 896 2494 devotos
939 2437 1012 2493 ab
1043 2435 1205 2491 illius
1257 2435 1571 2491 dilectione
1601 2451 1668 2490 ae
1697 2434 1946 2490 lectione
1975 2439 2035 2490 et

380 2523 712 2582 necessaria
755 2523 1111 2582 .credulitate
1169 2527 1516 2580 averterent.
1575 2525 1708 2589 Quae
1767 2521 2036 2578 videlicet

383 2613 730 2670 aemulorum
759 2611 1084 2681 mendacia,
1119 2629 1188 2668 ex
1227 2611 1587 2685 delegatione
1631 2615 1843 2667 sanctae
1875 2611 2033 2667 sedis

385 2702 662 2759 Romanas
703 2717 809 2774 per
837 2700 1215 2758 Caelestinum
1245 2717 1480 2773 papam,
1504 2704 1744 2756 sanctus
1787 2700 2034 2772 Prosper

383 2789 672 2847 catholico
693 2793 750 2846 et
768 2789 1041 2862 prudenti
1069 2788 1218 2862 style
1241 2788 1388 2844 falsa
1407 2806 1535 2844 esse
1555 2793 1612 2844 et
1631 2789 2034 2860 imprudenter

375 2879 606 2952 objecta
636 2877 914 2946 ostendit,
930 2883 986 2934 et
1005 2877 1312 2934 memorati
1343 2893 1410 2934 ac
1435 2877 1797 2934 memorandi
1814 2875 1919 2932 viri
1936 2877 2034 2932 do-

376 2967 627 3026 ctrinam
648 2967 1035 3024 orthodoxam
1057 2983 1186 3022 esse
1206 2965 1571 3022 lucidissime
1589 2967 2028 3022 demonstravit.

375 3055 544 3114 Unde
575 3060 633 3113 et
663 3054 788 3112 ﬁeri
822 3059 1034 3127 potest,
1057 3059 1123 3110 ut
1160 3053 1276 3110 ista
1311 3053 1585 3126 capitula,
1611 3072 1738 3126 quae
1769 3054 1932 3109 vobis
1963 3071 2031 3108 ex

377 3145 615 3203 nomine
635 3145 997 3200 confratrum
1021 3147 1356 3199 nostrorum
1380 3143 1452 3198 ab
1475 3142 1607 3198 aliis
1619 3160 1796 3215 quam
1821 3144 1891 3197 ab
1914 3143 2030 3198 illis

2137 664 2240 715 aut
2269 661 2516 715 doceat?
2558 659 2803 715 Litteras
2835 677 3090 732 namque
3137 660 3530 732 quorumdam
3581 677 3799 716 eorum

2138 749 2377 821 quidam
2409 753 2674 803 nostrum
2697 749 2982 821 benignas
3003 753 3059 803 et
3084 749 3369 804 fraternas
3392 748 3798 821 suscepimus,

2139 842 2487 909 nostrasque
2519 836 2634 892 illis
2666 837 3024 902 remisimus,
3059 841 3115 890 et
3145 835 3291 891 nihil
3331 837 3402 892 de
3439 837 3553 892 tale
3584 854 3799 892 eorum

2140 929 2300 998 patre
2331 925 2753 997 perspeximus,
2787 925 3144 991 audivimus,
3177 925 3808 991 intelleximus,sensi-

2141 1013 2387 1082 mus,vel
2410 1014 2703 1086 percipere
2725 1013 3157 1086 przevaluimus.
3181 1013 3241 1068 Si
3263 1018 3459 1070 autem
3483 1013 3623 1070 talia
3648 1016 3804 1072 scri-

2139 1107 2404 1175 pserunt,
2425 1103 2471 1157 si
2495 1103 2636 1158 forte
2659 1103 2740 1157 illi
2767 1102 3150 1175 scripserunt,
3169 1107 3233 1158 ut
3249 1121 3417 1159 suam
3440 1105 3806 1176 sapientiam

2142 1193 2213 1247 de
2243 1196 2444 1246 nostra
2474 1191 2812 1264 insipientia
2841 1193 3332 1259 demonstrarent,
3357 1197 3413 1247 et
3441 1192 3574 1264 plus
3605 1195 3676 1249 de
3699 1195 3806 1266 ja-

2141 1283 2363 1338 ctantia
2420 1281 2612 1336 laudis
2667 1280 2992 1353 appetitum
3043 1285 3390 1352 quaererent,
3413 1297 3591 1354 quam
3641 1283 3808 1338 bona

2143 1375 2342 1426 nostra
2371 1374 2428 1425 et
2457 1370 2603 1425 bene
2633 1387 2668 1424 a
2698 1369 2866 1424 nobis
2897 1369 3074 1438 dicta,
3096 1368 3146 1424 si
3176 1369 3383 1437 forent,
3408 1387 3511 1441 per
3537 1369 3802 1426 charita-

2143 1465 2262 1514 tem
2294 1477 2402 1514 sua
2432 1459 2686 1514 facerent
2719 1477 2732 1514 :
2767 1459 2815 1514 si
2847 1459 3024 1514 etiam
3055 1475 3225 1515 secus
3254 1475 3289 1514 a
3319 1459 3487 1515 nobis
3519 1459 3674 1515 dicta
3706 1459 3804 1516 in-

2141 1552 2442 1616 venerunt,
2462 1547 2596 1620 plus
2625 1546 2728 1603 illa
2747 1545 3046 1620 publicare
3067 1564 3243 1620 quam
3265 1564 3374 1602 nos
3399 1547 3648 1603 fraterne
3671 1565 3804 1604 cor-

2144 1637 2332 1710 rigere
2358 1636 2696 1692 maluerunt
2721 1655 2733 1692 :
2767 1635 3056 1692 miramur
3083 1637 3154 1692 de
3181 1636 3362 1692 tantis
3391 1641 3450 1692 et
3479 1636 3700 1692 talibus
3719 1637 3808 1692 vi-

2144 1726 2246 1794 ris,
2263 1725 2716 1798 archiepiscopis
2732 1729 2789 1780 et
2805 1725 3214 1798 episcoporum
3237 1724 3812 1798 primoribus,maxi-

2144 1831 2238 1872 me
2269 1819 2466 1870 autem
2497 1816 2569 1870 de
2599 1815 2816 1881 Ebone,
2841 1814 2940 1886 qui
2983 1812 3292 1886 religiosus
3321 1817 3429 1882 est,
3463 1818 3528 1870 ut
3567 1815 3809 1870 audivi-

2146 1921 2308 1971 mus;
2343 1903 2559 1976 quippe
2589 1903 2742 1959 sicut
2773 1903 2844 1958 ab
2875 1902 3020 1975 ipsis
3051 1918 3199 1975 pene
3230 1903 3540 1959 cunabulis
3571 1904 3683 1960 sub
3716 1921 3812 1960 re-

2145 1991 2361 2064 ligione
2390 1997 2448 2047 et
2478 1991 2682 2048 habitu
2735 1991 2987 2064 regulari
3028 1991 3287 2047 nutritus
3336 1991 3396 2046 in
3448 1991 3810 2049 Rhemensis

2145 2079 2412 2136 Ecclesiae
2446 2081 2820 2145 monasterio,
2845 2080 2944 2136 ubi
2985 2079 3298 2152 requiescit
3327 2085 3568 2138 sanctus
3600 2081 3808 2137 Remi»

2145 2169 2297 2243 gius.
2315 2171 2378 2225 In
2401 2187 2516 2242 quo
2533 2169 2658 2225 loco
2676 2169 2946 2242 religioso
2965 2186 3133 2224 suam
3152 2169 3341 2242 exegit
3357 2173 3812 2242 zetatem,quou-

2145 2276 2289 2330 sque
2311 2277 2345 2314 a
2365 2259 2579 2313 domno
2601 2259 2794 2314 Ebone
2817 2257 3102 2313 avunculo
3125 2275 3252 2326 suo,
3271 2262 3414 2313 tunc
3436 2257 3806 2315 Rhemorum

2145 2346 2598 2419 archiepiscopo,
2619 2346 2838 2401 ibidem
2863 2345 3146 2401 diaconus
3177 2349 3577 2414 consecratus,
3603 2350 3661 2403 et
3692 2347 3808 2403 ab-

2142 2435 2248 2491 bas
2278 2435 2700 2490 monachorum
2727 2435 2799 2488 ad
2832 2433 3157 2506 regularem
3181 2434 3447 2490 ordinem
3475 2435 3808 2492 tenendum

2143 2527 2200 2579 et
2219 2523 2666 2596 gubernandum
2690 2522 3108 2577 constitutione
3123 2521 3441 2596 episcopali
3458 2527 3549 2579 est
3567 2523 3807 2580 ordina-

2140 2616 2257 2667 tus.
2274 2614 2572 2683 Quemque
2593 2611 2675 2666 ita
2694 2609 3049 2666 humilitatis
3067 2615 3267 2666 tenore
3289 2612 3600 2679 nutritum,
3616 2616 3674 2667 et
3693 2612 3804 2668 hu-

2141 2700 2408 2757 militatis
2443 2699 2637 2755 locum
2669 2703 2938 2772 appetere
2963 2704 3022 2755 et
3062 2704 3260 2756 tenere
3279 2699 3426 2756 velle
3453 2700 3800 2770 didicimus,

2141 2795 2206 2845 ut
2225 2789 2306 2844 illi
2329 2793 2385 2845 et
2405 2791 2678 2844 omnibus
2702 2787 2985 2861 scriptum
3009 2793 3130 2845 est:
3154 2789 3216 2845 Si
3235 2790 3464 2861 spiritus
3479 2797 3804 2862 potestatem

2139 2879 2386 2935 habentis
2414 2878 2721 2934 ascenderit
2742 2894 2909 2949 super
2935 2886 3003 2945 te,
3033 2878 3212 2934 locum
3240 2886 3395 2934 tuum
3421 2896 3491 2935 ne
3514 2878 3806 2937 dimiseris

2140 2969 2343 3036 (Eccle.
2377 2987 2432 3038 x,
2469 2969 2544 3036 4).
2582 2967 2836 3039 Spiritus
2896 2966 3052 3022 enim
3114 2971 3462 3038 potestatem
3519 2967 3803 3027 habentis

2140 3055 2384 3127 spiritus
2407 3061 2496 3110 est
2526 3055 2811 3127 superbiae
2843 3054 3006 3110 locus
3030 3059 3228 3110 autem
3261 3060 3462 3111 noster
3489 3061 3577 3112 est
3607 3056 3805 3113 humi-

2140 3144 2294 3211 litas,
2317 3161 2494 3215 quam
2528 3162 2562 3199 a
2592 3161 2654 3199 se
2682 3161 2814 3198 vere
2846 3142 3008 3198 locus
3041 3144 3308 3200 munitus
3337 3149 3394 3199 et
3425 3143 3606 3200 turris
3638 3146 3804 3202 forti-

375 3232 570 3289 delata
594 3231 684 3288 vel
713 3231 1067 3287 transmissa
1106 3235 1266 3297 sunt,
1295 3230 1491 3286 taliter
1531 3230 1590 3286 in
1640 3230 2028 3302 suggilatione
2069 3302 2099 3306 _
2137 3231 2364 3286 tudinis
2396 3249 2502 3286 nos
2551 3231 2776 3286 discere
2817 3231 3034 3302 jubet':
3067 3231 3268 3286 Discite
3294 3249 3329 3286 a
3357 3249 3462 3299 me,
3495 3231 3798 3306 inquiens,

375 3323 579 3378 nostra
605 3317 940 3392 conscripta
966 3336 1082 3375 non
1132 3318 1366 3386 fuerint,
1401 3320 1502 3374 sed
1551 3319 1870 3392 instigante
1899 3319 2026 3374 dia-
2057 3302 2100 3368 C
2140 3322 2272 3393 quia
2327 3320 2476 3374 mitis
2531 3335 2656 3374 sum
2712 3326 2762 3374 et
2807 3319 3035 3374 humilis
3095 3319 3258 3376 corde
3309 3320 3512 3390 (Matth.
3548 3302 3627 3388 xi,
3674 3302 3799 3395 19);

375 3407 530 3476 bolo,
554 3406 708 3464 inter
753 3412 962 3463 caetera
993 3407 1149 3463 mala
1179 3425 1306 3480 quae
1337 3424 1492 3462 nunc
1537 3407 1597 3462 in
1645 3407 1755 3463 hoc
1804 3408 2024 3463 mundo

375 3497 778 3564 crebrescunt,
811 3495 883 3551 ad
914 3495 1349 3552 immittendam
1388 3495 1540 3552 inter
1571 3497 1797 3552 Domini
1833 3513 2023 3552 sacer-

372 3585 541 3641 dotes
562 3583 915 3640 discordiam
939 3584 1058 3650 sint
1080 3585 1360 3652 confecta,
1379 3585 1478 3657 qui
1497 3585 1839 3641 charitatem
1860 3585 2024 3640 vehe-

373 3677 603 3730 menter
629 3671 689 3727 in
724 3671 894 3728 nobis
915 3676 974 3729 et
1002 3671 1169 3728 timet
1190 3677 1248 3728 et
1269 3671 1511 3740 invidet,
1533 3689 1666 3728 cum
1686 3673 1842 3728 videt
1863 3673 2022 3728 illam

359 3747 411 3817 Ia
437 3759 608 3817 nobis
637 3760 852 3818 servari
883 3759 1222 3817 hominibus
1251 3761 1502 3817 terrenis
1545 3761 1603 3815 in
1649 3765 1822 3832 terra,
1847 3780 2023 3834 quam

373 3847 473 3906 ille
493 3865 722 3907 servare
742 3848 948 3906 nolens
971 3848 1272 3924 angelicas
1294 3849 1539 3922 spiritus
1559 3849 1758 3905 amisit
1778 3850 1832 3904 in
1858 3850 2020 3906 coelo.

372 3938 672 4005 Quomodo
702 3937 862 3994 enim
890 3938 1016 3994 fieri
1047 3942 1245 4010 posset
1273 3941 1340 3993 ut
1370 3937 1454 3993 sic
1477 3938 1682 3992 fratres
1715 3938 1896 3993 nostri
1919 3956 2026 3994 nos

373 4027 742 4082 succensorie
764 4043 899 4081 cum
922 4025 1363 4081 annihilationis
1379 4027 1654 4097 despectu
1669 4027 2022 4098 judicarent,

375 4112 480 4185 qui
511 4113 774 4186 regulam
806 4112 1192 4179 Dominicam,
1219 4112 1470 4184 qualiter
1488 4115 1836 4170 confratrem
1857 4115 2024 4186 quis-

377 4215 494 4273 que
523 4201 838 4256 admonere
866 4200 1092 4266 debeat,
1117 4199 1390 4256 continue
1410 4217 1525 4273 prae
1548 4202 1734 4257 oculis
1754 4205 1811 4258 et
1833 4201 1890 4256 in
1915 4220 2023 4258 usu

379 4287 641 4360 quotidie
663 4287 958 4344 habeant?
977 4287 1274 4360 Scriptum
1294 4287 1452 4344 enim
1476 4307 1604 4345 esse
1625 4296 1986 4363 cognoscunt
2007 4309 2020 4346 :

383 4375 712 4447 Priusquam
739 4377 1054 4448 interroges,
1075 4390 1146 4432 ne
1164 4378 1432 4448 vituperes
1462 4393 1804 4450 quemquam,
1827 4387 1879 4433 et
1904 4395 2028 4435 eum

384 4465 827 4536 interrogaveris,
859 4466 1074 4538 corripe
1089 4466 1238 4538 juste
1265 4466 1452 4534 (Eeeti.
1485 4483 1562 4534 x1,
1593 4467 1670 4538 7).

455 4552 704 4608 Sanctus
733 4553 891 4610 enim
919 4553 1284 4626 Augustinus
1313 4553 1716 4610 haereticorum
1746 4560 1804 4612 et
1834 4574 2025 4629 repre-

2133 3424 2432 3480 quamque
2459 3424 2564 3479 pro
2587 3407 2714 3462 loco
2735 3411 2860 3462 tuto
2881 3411 3085 3463 contra
3108 3407 3379 3464 elationis
3401 3426 3468 3465 ac
3491 3410 3802 3482 jactantize

2133 3496 2430 3568 spiritum,
2451 3495 2756 3567 praefatum
2780 3495 3120 3569 religiosum
3142 3496 3332 3552 virum
3355 3498 3564 3554 obnixe
3596 3503 3803 3558 tenere

2133 3583 2278 3640 velle
2308 3583 2667 3650 audivimus,
2692 3589 2748 3639 et
2778 3602 2882 3657 pro
2931 3589 3088 3641 certo
3142 3585 3459 3655 credimus,
3487 3591 3544 3642 et
3571 3587 3798 3646 idcirco

2135 3672 2525 3728 discredimus
2557 3672 2670 3727 ista
2701 3673 2960 3746 capitula
2979 3674 3051 3730 ab
3074 3691 3140 3730 eo
3161 3676 3458 3731 confecta:
3484 3675 3623 3748 quia
3653 3695 3798 3750 prae-

2133 3761 2425 3818 termissis
2451 3760 2699 3816 aliorum
2723 3763 3204 3819 consacerdotum
3227 3763 3585 3834 nominibus,
3606 3765 3799 3824 solius

2133 3850 2352 3907 Ebonis
2369 3866 2580 3905 nomen
2605 3866 2740 3905 cum
2759 3850 3215 3924 archiepiscopis
3232 3857 3321 3908 est
3335 3851 3552 3908 ibidem
3565 3855 3799 3926 jactan-

2133 3943 2240 4005 ter,
2283 3942 2350 3994 ut
2398 3937 2752 4010 quibusdam
2802 3939 3054 4006 videtur,
3105 3955 3477 4012 expressum;
3527 3945 3585 3997 et
3629 3945 3794 4015 quod

2134 4043 2312 4098 quam
2335 4027 2587 4081 maxime
2609 4025 2667 4080 in
2691 4025 2800 4081 hoc
2822 4027 2947 4098 ipse
2967 4027 3604 4102 collaboraverit,quasi
3636 4047 3667 4086 e
3699 4050 3793 4088 re-

2134 4114 2304 4189 gione
2321 4114 2398 4170 sit
2418 4131 2679 4181 sensum,
2693 4119 2760 4169 ut
2775 4115 2951 4171 etiam
2969 4133 3104 4172 cum
3121 4116 3575 4191 archiepiscopis
3599 4121 3796 4192 major

2134 4204 2358 4259 caeteris
2385 4207 2445 4258 et
2468 4203 2690 4258 doctior
2724 4203 2783 4258 in
2832 4204 3126 4260 sententia
3157 4205 3348 4260 fuerit.
3376 4207 3493 4262 Hoc
3525 4207 3683 4263 enim
3717 4210 3793 4266 de

2135 4296 2336 4348 sancto
2364 4293 2714 4364 Augustino,
2733 4293 2829 4364 qui
2865 4292 2922 4346 in
2947 4293 3211 4350 conciliis
3230 4294 3520 4352 Africanis
3541 4295 3794 4356 scientia

2133 4385 2191 4436 et
2210 4381 2408 4436 labore
2430 4398 2496 4436 ac
2516 4380 2818 4454 vigilantia
2839 4382 3030 4454 major
3049 4382 3290 4452 exstitit,
3308 4401 3678 4458 nequaquam
3704 4386 3796 4444 in-

2133 4470 2418 4525 venimus.
2437 4469 2580 4525 Nam
2599 4473 2655 4525 et
2676 4469 2801 4542 ipse
2823 4474 3062 4527 sanctus
3073 4471 3436 4544 Augustinus
3457 4491 3571 4529 non
3590 4474 3788 4533 solum

2135 4575 2196 4613 se
2227 4557 2450 4614 caeteris
2496 4559 2858 4630 coepiscopis
2907 4558 3194 4632 privatam
3238 4560 3484 4634 gloriam
3515 4555 3790 4635 quaerens

381 4639 702 4696 hensorum
732 4657 975 4697 suorum
1008 4641 1246 4714 scripta,
1276 4647 1335 4698 et
1363 4641 1422 4697 in
1453 4641 1538 4698 eis
1569 4643 1848 4715 quiddam
1881 4647 2027 4702 bene
2057 4665 2105 4729 υ
2135 4664 2250 4702 non
2282 4646 2554 4720 praetulit,
2591 4663 2695 4702 nec
2725 4647 2980 4718 praeferri
3012 4648 3302 4720 permisit,
3323 4667 3523 4706 verum
3557 4669 3618 4708 se
3651 4652 3790 4711 aliis

380 4727 604 4784 dictum
625 4727 865 4797 invenit,
883 4729 1305 4803 benignissime
1336 4731 1674 4802 acceptavit,
1689 4737 1746 4787 et
1765 4731 1934 4804 plura
1954 4737 2024 4791 ad

380 4820 571 4874 rectos
603 4833 812 4874 sensus
849 4816 1218 4890 interpretari
1247 4817 1583 4885 elaboravit,
1618 4819 1780 4876 nulla
1827 4827 2020 4878 autem

377 4905 449 4962 de
469 4909 625 4962 recte
645 4921 822 4962 sensu
843 4906 914 4961 ad
941 4923 1184 4978 pravum
1205 4905 1486 4962 inclinare
1507 4909 1768 4966 tentavit.
1791 4912 1859 4966 Et
1878 4929 2022 4984 quo-

376 4993 551 5048 modo
581 4993 788 5050 fratres
819 4994 1002 5050 nostri
1061 4993 1202 5050 talia
1256 5000 1513 5068 agerent,
1541 5001 1855 5070 antequam
1915 5019 2021 5056 nos

375 5081 700 5137 secundum
731 5079 1126 5154 evangelicam
1169 5082 1431 5154 regulam
1461 5083 1551 5140 vel
1590 5085 1717 5141 viva
1746 5105 1901 5156 voce,
1933 5090 2020 5145 vel

375 5165 610 5238 scriptis
641 5169 766 5226 suis
794 5169 933 5226 inde
963 5170 1408 5243 interrogarent,
1441 5176 1507 5227 ut
1533 5172 1620 5228 vel
1652 5173 1907 5233 volentes
1931 5179 2017 5234 di-

375 5268 504 5308 cere
533 5254 824 5324 docerent,
844 5256 934 5314 vel
977 5274 1224 5330 pravum
1264 5246 1604 5328 sentientes,
1624 5265 1681 5317 et
1709 5263 1779 5318 ad
1811 5267 2018 5322 trami-

372 5343 492 5396 tem
519 5341 778 5399 veritatis
807 5349 865 5400 et
893 5345 1027 5402 ﬁdei
1059 5345 1248 5402 redire
1277 5350 1736 5417 contemnentes,
1769 5353 2018 5412 fraterne

373 5430 433 5483 et
460 5427 673 5500 saepius
717 5438 1173 5500 commonerent,
1208 5437 1268 5489 et
1315 5436 1676 5494 auctoritatis
1726 5440 1931 5498 divinae
1963 5451 2020 5500 et

373 5520 710 5572 sanctorum
733 5515 971 5574 Patrum
1002 5519 1218 5592 scripta
1242 5521 1412 5578 nobis
1442 5535 1847 5598 proponerent,
1874 5537 1932 5588 et
1953 5539 2020 5588 ut

371 5617 433 5656 in
453 5619 640 5668 unum
661 5620 1104 5666 conveniremus
1126 5624 1234 5664 nos
1249 5625 1384 5664 cum
1402 5617 1848 5674 mansuetudine
1870 5626 1926 5676 et
1947 5621 2019 5676 le-

369 5689 555 5771 pitate
583 5690 918 5771 invitarent,
942 5693 1195 5752 scientes
1235 5697 1376 5768 quia
1421 5699 1728 5776 episcopus
1759 5707 1885 5766 ideo
1916 5711 2016 5766 ad-

2137 4735 2466 4807 supposuit,
2491 4752 2624 4789 cum
2651 4733 2780 4806 ipse
2814 4734 2946 4806 plus
2985 4735 3117 4792 aliis
3146 4737 3514 4804 laboraverit,
3537 4741 3691 4796 sicut
3721 4743 3786 4799 in

2131 4823 2396 4896 epistolis
2417 4824 2488 4878 ad
2508 4827 2776 4878 sanctum
2802 4824 3203 4882 Innocentium
3227 4844 3438 4900 papam
3461 4830 3791 4902 scriptis,et

2131 4914 2202 4968 ad
2227 4912 2374 4968 alios
2397 4909 2726 4984 apostolicae
2747 4913 2905 4968 sedis
2931 4914 3229 4986 prmsules,
3243 4917 3342 4989 qui
3367 4917 3558 4990 legere
3583 4919 3784 4977 volue-

2130 5002 2206 5056 rit
2227 5001 2482 5056 invcnire
2502 4999 2737 5055 valebit.
2758 5001 2872 5057 Nec
2893 5003 2964 5058 de
2987 5002 3105 5060 ullo
3128 5004 3534 5078 episcoporum
3557 5008 3616 5063 in
3641 5008 3785 5067 ullis

2129 5088 2392 5146 conciliis
2417 5088 2610 5144 taliter
2632 5087 2901 5162 legimus,
2923 5091 3033 5148 nisi
3055 5092 3200 5149 forte
3222 5094 3553 5167 apostolicae
3572 5095 3784 5155 littera:

2128 5182 2364 5251 propter
2392 5177 2714 5232 evidentem
2748 5195 2988 5236 causam
3020 5180 3273 5254 aliquem
3297 5184 3778 5257 coepiscoporum

2127 5269 2201 5324 ad
2231 5268 2341 5322 hoc
2365 5267 2662 5338 negotium
2684 5284 2819 5322 cum
2846 5269 3282 5344 archiepiscopo
3313 5290 3418 5329 suo
3441 5291 3508 5329 ex
3539 5277 3782 5333 nomine

2128 5356 2424 5428 designari
2457 5355 2836 5423 decreverint,
2860 5358 3014 5414 sicut
3036 5360 3106 5416 de
3125 5361 3639 5434 Augustoduncnsi
3661 5366 3782 5438 epi-

2127 5461 2300 5516 scopo
2332 5443 2392 5498 in
2441 5443 2704 5516 epistolis
2747 5445 2898 5502 beati
2931 5449 3189 5521 Gregorii
3240 5449 3520 5523 legimus;
3554 5459 3778 5524 quanto

2127 5534 2317 5606 magis
2347 5531 2456 5589 iste
2488 5533 2795 5605 religiosus
2824 5539 2881 5590 et
2911 5536 2996 5592 vir
3016 5543 3224 5594 cautus
3255 5539 3314 5595 in
3347 5540 3688 5612 hujusmodi
3711 5561 3777 5598 se

2127 5625 2329 5678 eﬂ'erre
2361 5622 2646 5678 noluisset
2674 5627 2776 5677 aut
2809 5625 3084 5696 praeferri,
3113 5628 3403 5700 despectis
3434 5647 3501 5686 ac
3536 5635 3777 5702 praeter-

2127 5711 2328 5768 missis
2350 5710 2572 5767 caeteris
2593 5712 2972 5786 coepiscopis,
2992 5716 3390 5788 permisisset?
3407 5719 3529 5775 IIuc
3551 5721 3776 5778 accedit
