4002 6456
173 452 242 516 53
758 451 1009 515 EPIST.
1053 451 1158 514 AD
1201 451 1579 515 CAROLUM
1625 453 1699 513 ll.
1743 449 1850 512 EX
1895 449 2252 516 DlSSERT.
2296 454 2318 516 Ι
2367 455 2469 518 DE
2511 455 2914 519 PRAEDEST.

3471 457 3548 519 54

171 583 296 658 quia
313 583 513 640 fratres
535 583 723 641 nostri
743 587 801 641 et
829 585 1271 642 consacerdotes
1299 585 1480 641 surda
1507 602 1645 640 aure
1677 600 1790 639 non
1819 583 1876 650 Α
1905 584 2242 658 Scripturis,
2265 592 2322 643 et
2352 589 2648 646 catholicae
2677 595 2850 663 atque
2881 591 3208 664 apostolicm
3257 589 3546 659 Ecclesiae,

170 673 488 731 debuissent
507 672 766 730 transire
795 671 1128 730 Salomonis
1157 673 1382 729 dictum
1413 673 1797 728 commonito-

171 763 329 831 rium,
357 762 406 819 si
433 778 501 819 ex
529 761 703 818 nobis
729 764 834 818 aut
861 761 1068 819 auditu
1108 767 1212 819 aut
1259 763 1478 835 scripto
1517 762 1798 836 quiddam

169 849 370 908 sinistri
398 853 623 910 secreto
668 849 1054 925 accepissent,
1079 855 1146 907 ut
1173 867 1534 925 praepropere
1563 851 1705 907 illud
1737 850 1797 906 in

165 939 463 1013 publicum,
495 955 852 1012 quacunque
885 939 1211 996 mobilitate
1241 943 1442 996 nostra
1462 939 1798 1008 moti,unde

166 1045 267 1084 non
286 1045 487 1084 sumus
507 1027 842 1097 conscii,ad
881 1027 1287 1086 contentiones
1308 1033 1365 1084 et
1376 1029 1578 1102 jurgia
1597 1046 1800 1101 propa-

165 1116 352 1174 larent.
363 1117 457 1172 Ait
485 1116 648 1172 enim
675 1132 690 1172 :
717 1120 864 1190 Quae
894 1116 1150 1174 videram
1175 1118 1320 1173 oeuli
1351 1125 1536 1186 παρτε
1552 1119 1798 1189 proferas

161 1207 216 1260 in
244 1207 426 1277 jurgio
471 1206 597 1274 cito,
625 1221 698 1261 ne
740 1213 924 1277 postea
972 1206 1262 1262 emendare
1298 1223 1407 1262 non
1447 1207 1642 1278 possis,
1673 1223 1798 1261 eum

162 1293 574 1350 dehonestaveris
602 1295 848 1349 amicum
879 1301 1035 1350 tuum
1059 1296 1242 1363 (Prov.
1273 1313 1404 1362 xxv,
1434 1295 1511 1364 8).

222 1383 444 1439 Scimus
474 1386 676 1439 tamen
707 1382 851 1455 quia
879 1386 1020 1439 sunt
1048 1383 1314 1439 nonnulli
1344 1383 1466 1455 qui,
1489 1385 1631 1439 dum
1665 1381 1797 1454 plus

161 1487 342 1544 sapere
371 1487 552 1544 quam
581 1473 812 1544 oportet
839 1487 1044 1543 sapere
1069 1471 1324 1538 student,
1344 1488 1378 1526 a
1401 1471 1796 1542 proximorum

159 1576 284 1632 pace
301 1557 744 1626 resiliunt,dum
766 1575 866 1616 eos
877 1557 1036 1615 velut
1055 1559 1293 1616 hebetes
1318 1559 1654 1632 stultosque
1667 1577 1798 1615 con-

158 1650 429 1703 temnunt.
460 1646 630 1703 Unde
675 1663 780 1719 per
835 1662 898 1702 se
943 1645 1174 1702 Veritas
1221 1647 1501 1702 admonet
1541 1647 1793 1703 dicens:

153 1735 328 1793 Habeto
357 1737 416 1792 in
445 1735 599 1793 vobis
626 1736 734 1802 sal,
765 1743 818 1792 et
847 1751 1037 1808 pacem
1065 1735 1252 1792 habete
1296 1737 1443 1792 inter
1485 1753 1576 1791 vos
1610 1735 1794 1804 (Mare.

155 1824 322 1892 11,49)
346 1842 361 1893 ;
393 1828 460 1880 ut
489 1823 770 1896 quisquis
789 1823 1003 1880 habere
1025 1823 1112 1880 sal
1135 1824 1433 1896 sapientiai
1455 1825 1672 1890 studet,
1691 1841 1798 1879 cu-

155 1916 232 1971 ret
248 1928 480 1970 necesse
501 1916 596 1969 est
616 1915 911 1984 quatenus
932 1929 968 1968 a
987 1928 1129 1984 pace
1151 1913 1470 1968 concordiae
1493 1929 1795 1984 nunquam
1827 1948 1876 2013 Β

157 2001 387 2058 recedat.
419 1999 590 2058 Unde
621 1999 962 2057 terribiliter
1005 1999 1220 2056 Paulus
1246 2001 1522 2056 admonet
1548 2000 1748 2056 dicens
1781 2017 1794 2054 :

151 2091 332 2148 Pacem
357 2091 669 2163 sequimini
695 2105 822 2145 cum
849 2089 1124 2158 omnibus,
1141 2097 1193 2146 et
1219 2091 1658 2156 sanctimoniam,
1679 2091 1801 2145 sine

154 2196 246 2253 qua
269 2195 422 2236 nenae
452 2178 665 2235 videbit
693 2181 873 2234 Deum
902 2178 1054 2251 (ch.
1086 2195 1189 2246 xn,
1226 2179 1336 2247 10).
1363 2177 1656 2251 Praecipue
1695 2196 1798 2232 au-

158 2273 261 2324 tem
289 2285 394 2325 nos
422 2285 561 2325 eam
591 2283 824 2323 servare
844 2270 902 2322 et
929 2266 1220 2340 persequi,
1247 2267 1304 2322 id
1325 2270 1415 2322 est
1434 2268 1683 2339 perfecte
1716 2285 1798 2324 se-

156 2357 243 2430 qui
261 2357 569 2423 debemus,
588 2355 688 2429 qui
713 2356 830 2412 Deo
855 2355 1115 2428 quotidie
1146 2355 1472 2412 sacriﬁcare
1493 2357 1798 2423 debemus,

154 2450 204 2502 et
217 2445 452 2502 veritate
475 2447 849 2502 contestante
869 2443 1204 2517 specialiter
1219 2444 1385 2517 quasi
1405 2445 1796 2518 praecipimur,

152 2539 210 2591 at
238 2535 284 2591 si
305 2535 625 2591 oﬂ’eramas
651 2549 874 2589 munus
897 2536 1163 2589 nostrum
1197 2532 1270 2589 ad
1302 2532 1577 2603 altarc,et
1608 2533 1684 2588 ibi
1719 2550 1802 2588 re-

152 2621 360 2680 cordati
409 2621 707 2679 fuerimus
753 2620 895 2694 quia
943 2621 1121 2678 frater
1148 2625 1348 2678 noster
1377 2621 1552 2677 habet
1578 2621 1799 2694 aliquid

154 2712 448 2770 adversum
468 2728 604 2778 nos,
622 2710 1029 2784 relinquamus
1046 2710 1125 2766 ibi
1149 2726 1368 2766 munus
1385 2714 1651 2766 nostrum
1669 2714 1801 2766 ante

153 2799 336 2867 altare,
367 2805 427 2857 et
459 2816 675 2856 eamus
705 2799 872 2872 prius
901 2797 1264 2855 reconciliari
1297 2799 1460 2854 fratri
1493 2803 1712 2867 nostro,
1745 2804 1803 2854 et

155 2895 281 2945 tunc
301 2888 612 2946 venientes
631 2887 950 2945 offeramus
973 2904 1193 2944 munus
1214 2891 1479 2943 nostrum
1493 2887 1694 2960 (Matth.
1711 2905 1802 2956 xv,

154 2979 255 3049 23).
276 2978 421 3035 Ecce
451 2978 672 3033 ductor
700 2985 758 3032 et
795 2976 999 3034 doctor
1045 2981 1243 3033 noster
1270 2994 1305 3032 a
1331 2975 1803 3032 discordantibus

158 3084 258 3122 non
269 3065 390 3123 vult
405 3067 681 3138 accipere
703 3065 1058 3122 sacrificium
1068 3063 1494 3132 ,holocaustum
1507 3064 1662 3120 susci
1671 3082 1805 3137 perc

159 3160 390 3211 recusat.
419 3154 530 3211 Hic
562 3170 703 3227 ergo
754 3153 1230 3227 perpendendum
1261 3158 1372 3220 est,
1405 3158 1690 3226 quantum
1727 3154 1806 3210 sit

157 3241 361 3299 malum
383 3241 726 3308 discordiae,
741 3245 978 3314 prepter
993 3242 1144 3314 quod
1171 3245 1228 3298 et
1247 3241 1392 3299 illud
1415 3259 1529 3298 non
1551 3243 1806 3298 admitti-

1908 680 2238 748 sanctzeque
2279 678 2553 735 Romana:
2599 680 2755 736 sedis
2803 679 3038 748 fidei,et
3095 681 3547 736 orthodoxorum

1908 762 2144 820 Patrum
2178 767 2472 836 sensibus,
2499 768 2598 840 qui
2625 770 2813 824 eidem
2841 774 3054 825 sanctae
3087 769 3261 825 matri
3281 767 3547 826 Ecclesiae

1906 853 2322 924 praesederunt,
2352 859 2409 910 et
2438 856 2538 928 qui
2573 858 2644 912 ab
2675 859 2877 913 eadem
2908 857 3227 930 apostolica
3272 858 3405 913 sede
3436 859 3546 914 lto-

1908 959 2084 998 mana
2113 945 2282 1000 nobis
2313 945 2370 1000 in
2403 963 2623 1003 canone
2645 947 2956 1020 recipiendi
2989 948 3107 1003 dati
3137 951 3547 1016 sunt,sensum

1907 1036 2173 1087 nostrum
2205 1033 2264 1088 in
2297 1033 2514 1089 eisdem
2548 1035 2820 1108 capitulis
2849 1052 3189 1108 expressum
3212 1035 3548 1092 concordari

1905 1119 2307 1178 demonstrare
2328 1124 2710 1194 potuerimus,
2739 1143 2910 1195 agere
2937 1123 3553 1193 veraeiter,humiliter

1905 1225 1972 1263 ac
1985 1209 2185 1265 devote
2207 1213 2576 1267 studebimus
2602 1231 2614 1268 :
2635 1213 2775 1285 quia
2795 1214 3040 1269 aliorum
3060 1215 3128 1268 ad
3150 1212 3551 1285 stipulandum

1907 1301 2117 1352 nostrae
2141 1299 2436 1354 catholica)
2461 1301 2855 1373 intelligentize
2879 1319 3118 1358 sensum
3143 1297 3460 1358 sententias
3475 1319 3556 1357 re-

1905 1386 2094 1458 cipere
2120 1404 2224 1442 nec
2243 1390 2496 1460 proferre
2524 1389 2986 1458 voluimus,cum
3015 1395 3240 1446 constet
3260 1390 3404 1446 illud
3425 1407 3554 1446 esse

1904 1491 2106 1530 verum
2137 1481 2312 1548 atque
2344 1478 2699 1534 catholicum
2730 1481 2885 1550 quod
2917 1479 3045 1552 ipsa
3074 1484 3259 1534 mater
3287 1477 3550 1535 omnium
3633 1522 3650 1535 .

1905 1562 2392 1630 Ecclesiarum,et
2416 1567 2760 1624 universalis
2783 1569 3040 1624 Ecclesia
3059 1567 3287 1624 duxerit
3315 1568 3386 1622 ad
3421 1585 3551 1640 pro-

1907 1652 2184 1708 bandum.
2204 1655 2271 1708 Et
2293 1655 2338 1709 si
2359 1655 2458 1726 qui
2479 1657 2716 1712 fuerunt
2734 1655 3006 1728 appellati
3031 1655 3397 1724 doetores,ad
3420 1673 3550 1728 pro-

1907 1741 2161 1796 bandam
2181 1743 2314 1798 fidei
2335 1743 2728 1800 sinceritatem
2749 1745 2980 1800 illorum
2999 1744 3318 1802 sententias
3335 1763 3448 1801 non
3470 1761 3551 1799 re-

1905 1828 2384 1902 cipimus,neque
2406 1831 2778 1903 proferimus,
2805 1833 2916 1887 nisi
2948 1850 3196 1904 quorum
3228 1833 3550 1888 sententias

1907 1916 2035 1988 ipsa
2056 1918 2341 1974 catholica
2363 1924 2552 1974 mater
2577 1920 2834 1975 Ecclesia
2854 1921 3104 1976 decrevit
3131 1938 3258 1976 esse
3278 1920 3548 1993 probabi-

1907 2005 2012 2061 les.
2047 2006 2104 2062 Si
2135 2012 2330 2062 autem
2363 2013 2420 2062 et
2443 2008 2622 2081 aliqui
2644 2014 3008 2064 emerserunt
3038 2008 3137 2080 qui
3171 2007 3550 2063 doctrinalem

1907 2094 2244 2150 cathedram
2276 2101 2606 2160 tenuerunt,
2645 2102 2954 2168 postquam
3003 2099 3074 2152 ab
3117 2097 3320 2153 eadem
3352 2099 3554 2150 sancta

1908 2183 2044 2238 sede
2064 2200 2248 2238 canon
2273 2201 2574 2239 sacrarum
2588 2185 2708 2240 Scri
2717 2187 3227 2256 pturarum,atque
3251 2185 3553 2239 doctorum

1909 2270 2635 2340 catholicorum,fidelibus
2664 2273 2890 2329 cunctis
2917 2278 3006 2329 est
3035 2271 3350 2344 datus,qui
3387 2271 3556 2327 aliter

1909 2365 2422 2433 senserunt,quam
2455 2361 2566 2433 ipsi
2589 2361 2995 2417 intellexerunt
3017 2366 3191 2434 atque
3211 2361 3554 2426 docuerunt,

1908 2466 2058 2521 quos
2089 2449 2218 2522 ipsa
2239 2454 2424 2505 mater
2445 2450 2730 2505 catholica
2751 2468 2857 2506 suo
2881 2451 3198 2506 orthodoxe
3229 2449 3363 2504 sinu
3395 2465 3554 2504 rece—

1909 2537 2012 2609 pit,
2030 2537 2423 2610 amplectitur,
2445 2543 2623 2610 atque
2654 2539 2823 2603 fovet,
2849 2556 2952 2592 nec
2983 2539 3286 2604 debemus,
3321 2553 3426 2591 nec
3455 2552 3554 2591 ne-

1909 2641 2071 2680 cesse
2101 2624 2407 2691 habemus,
2441 2627 2512 2680 ad
2549 2627 2954 2680 auctoritatem
2979 2623 3299 2680 sententias
3321 2623 3554 2678 illorum

1911 2714 2184 2784 proferre,
2219 2717 2318 2767 aut
2350 2713 2602 2784 recipere
2631 2713 2920 2781 volumus,
2948 2713 3225 2785 quoniam
3256 2711 3315 2766 in
3349 2711 3479 2766 istis
3499 2715 3558 2767 et

1911 2818 2014 2872 per
2044 2801 2188 2856 istos
2206 2801 2348 2856 satis
2380 2802 2450 2856 ad
2486 2801 2734 2856 salutem
2768 2801 3158 2857 habemus.Et
3187 2801 3237 2858 si
3268 2799 3366 2872 qui
3389 2798 3556 2854 aliter

1911 2906 2085 2960 quam
2111 2889 2204 2944 isti
2231 2890 2614 2944 maturioreet
2635 2890 3222 2946 saniorerlocumento
3242 2887 3555 2944 tenendum

1912 2978 2255 3044 docuerunt,
2278 2978 2675 3049 dogmatizant
2704 2983 2807 3032 aut
2835 2977 3224 3049 dogmatizare
3273 2991 3555 3048 przesum:

1913 3069 2370 3139 pserunt,totum
2385 3065 2656 3120 ducimus
2671 3066 2801 3121 lidei
2817 3070 2872 3120 ct
2886 3065 3060 3120 saluti
3075 3065 3382 3119 adversum
3395 3061 3561 3134 quid-

1913 3154 2052 3226 quid
2084 3155 2154 3209 ab
2186 3171 2385 3230 eorum
2418 3154 2636 3209 salubri
2661 3154 2927 3208 doctrina
2954 3157 3183 3210 constat
3209 3170 3336 3208 esse
3367 3151 3560 3206 diver-

1915 3244 2296 3299 sum.Eorum
2330 3242 2502 3298 etiam
2525 3242 2842 3298 sententias
2865 3241 2962 3314 qui
2992 3242 3188 3296 divina
3204 3240 3558 3313 dignatione,

157 3333 257 3398 tur,
271 3348 373 3404 per
396 3331 563 3404 quod
586 3309 764 3403 culpa
783 3309 1030 3386 laxatur:
1046 3330 1171 3386 Non
1193 3330 1348 3387 enim
1388 3349 1494 3388 nos
1526 3333 1803 3388 adversus
1833 3309 1878 3377 θ
1915 3337 2225 3405 postquam
2250 3331 2264 3385 i
2271 3349 2371 3403 pse
2393 3349 2576 3386 canon
2595 3349 2628 3386 a
2645 3332 2812 3385 beato
2825 3309 3054 3386 Gelasio
3071 3309 3435 3400 conscriptus
3451 3331 3560 3396 est,

155 3419 344 3477 fratres
378 3424 626 3477 nostros
649 3419 960 3486 habemus,
993 3419 1042 3474 si
1092 3417 1236 3475 talia
1283 3424 1488 3476 contra
1537 3437 1643 3475 nos
1674 3424 1808 3476 ante

157 3508 522 3566 collationem
556 3507 943 3580 scripserunt.
967 3507 1078 3564 Sed
1123 3509 1479 3564 credendum
1512 3511 1602 3564 est
1628 3507 1679 3563 si
1708 3507 1811 3564 illa

157 3597 555 3670 scripsissent,
589 3596 666 3654 ad
717 3612 848 3664 nos,
871 3600 1076 3652 contra
1126 3613 1272 3668 qnos
1304 3595 1406 3651 illa
1432 3595 1806 3668 scripserant,

155 3685 822 3742 trsnsmisissent.Nunc
837 3687 1032 3739 autem
1047 3682 1164 3740 illis
1179 3684 1474 3756 quomodo
1497 3685 1811 3740 rescribere

156 3789 483 3846 possumus,
508 3789 653 3829 cum
687 3775 888 3828 utrum
928 3771 1028 3827 illa
1059 3771 1406 3846 scripserint
1436 3772 1812 3846 ignoremus?

215 3861 644 3918 Verumtamen
679 3879 752 3918 ne
785 3860 913 3917 sine
945 3877 1227 3933 responso
1261 3865 1457 3917 nostro
1487 3865 1678 3917 vestra
1706 3863 1811 3918 do-

159 3949 389 4007 minatio
418 3953 692 4022 maneat,
725 3949 892 4006 vobis
922 3950 994 4006 de
1025 3949 1196 4021 cujus
1236 3967 1414 4006 manu
1461 3949 1562 4006 illa
1590 3950 1812 4022 accepi-

161 4055 302 4106 mus,
316 4041 522 4108 corde,
537 4055 665 4107 ore,
687 4042 748 4095 et
797 4037 968 4111 stylo,
1001 4055 1114 4094 non
1165 4038 1545 4094 formidantes
1574 4055 1812 4114 carpen-

162 4126 294 4183 tium
319 4146 428 4184 nos
445 4126 922 4200 derogationem,
940 4126 1292 4200 respondere
1307 4143 1602 4182 curamus.
1625 4125 1814 4182 Primo

161 4215 368 4274 scilicet
387 4218 703 4274 mittentes
725 4233 794 4272 ea
809 4233 938 4288 quae
954 4215 1026 4272 ab
1049 4215 1270 4273 eisdem
1303 4215 1578 4271 fratribus
1601 4215 1818 4272 nostris

163 4303 214 4360 in
242 4307 464 4379 synodo
487 4304 834 4377 conscripta
860 4302 1040 4360 fuisse
1059 4302 1354 4375 leguntur,
1375 4303 1508 4360 licet
1529 4303 1663 4359 hinc
1685 4308 1817 4360 ante

162 4393 263 4450 alia
287 4396 472 4453 fuisse
505 4393 853 4466 conscripta
875 4392 1260 4466 reperiantur.
1293 4394 1404 4449 Sed
1439 4393 1576 4465 quia
1606 4393 1726 4448 haec
1759 4393 1817 4448 in

164 4483 640 4557 sugillationem
675 4486 940 4540 nostram
970 4485 1027 4538 et
1055 4486 1259 4537 contra
1287 4484 1554 4555 excerpta
1588 4499 1622 4538 a
1651 4481 1819 4538 nobis

165 4572 408 4645 capitula
437 4572 720 4629 confecta
767 4573 1112 4638 noscuntur,
1143 4586 1212 4626 ea
1240 4570 1498 4642 primum
1533 4569 1818 4642 judicavi-

1917 3437 2093 3476 sensu
2117 3424 2173 3476 et
2202 3421 2467 3475 doctrina
2499 3419 2785 3476 catholica
2811 3425 2869 3473 et
2908 3419 3215 3474 sanctitate
3255 3433 3562 3473 conversa-

1918 3509 2095 3565 tionis
2127 3509 2183 3564 in
2215 3507 2470 3565 Ecclesia
2503 3509 2844 3568 floruerunt,
2869 3512 2925 3562 et
2955 3508 3026 3562 ab
3077 3507 3336 3578 ipsorum
3367 3505 3562 3560 ortho-

1918 3599 2200 3654 doxorum
2234 3598 2492 3662 Patrum,
2527 3595 2626 3668 qui
2676 3595 2735 3650 in
2790 3597 2992 3650 eodem
3039 3612 3260 3650 canone
3304 3593 3562 3650 adnotati

1920 3691 2077 3754 sunt,
2112 3684 2246 3741 ﬁdei
2271 3686 2409 3758 quia
2438 3684 2722 3740 catholica
2752 3684 3016 3741 doctrina
3047 3683 3190 3738 nihil
3233 3683 3560 3752 dissonum,

1921 3775 2064 3830 nihil
2090 3775 2384 3831 diversum
2405 3774 2765 3846 scripserunt
2788 3773 2870 3828 vel
2895 3769 3566 3842 docuerunt,reverentia

1921 3865 2046 3937 pari
2078 3863 2508 3935 amplectimur.
2535 3862 2723 3917 Veluti
2756 3860 3101 3916 venerabilis
3133 3861 3294 3914 Beda:
3326 3859 3563 3931 presby-

1921 3953 2052 4019 teri,
2077 3970 2112 4006 a
2140 3951 2444 4022 discipulis
2467 3950 2651 4005 sancti
2677 3967 2836 4020 papa:
2860 3948 3116 4018 Gregorii
3141 3946 3423 4006 catholica
3453 3947 3565 4000 fide

1925 4039 2225 4106 imbuti,et
2255 4057 2290 4094 a
2318 4043 2519 4094 sancto
2541 4038 2842 4093 Theodoro
2864 4037 3318 4108 archiepiscopo,
3344 4037 3568 4091 utrius—

1924 4148 2037 4203 que
2066 4128 2300 4201 linguav,
2324 4130 2530 4183 Graecae
2557 4126 2824 4182 videlicet
2852 4130 2908 4181 et
2959 4125 3192 4193 Latium,
3222 4124 3426 4198 perito,
3450 4127 3508 4179 et
3535 4141 3569 4180 a

1926 4223 2130 4276 sancta
2165 4219 2426 4273 Romana
2467 4215 2720 4270 Ecclesia
2753 4216 2820 4269 ad
2856 4215 3070 4284 Anglos
3093 4220 3224 4286 post
3252 4212 3570 4285 discipulos

1926 4308 2078 4363 beati
2103 4305 2360 4376 Gregorii
2393 4305 2464 4359 ad
2489 4304 2876 4358 eruditionem
2909 4303 3276 4369 transmisso,
3313 4321 3424 4358 non
3457 4320 3574 4358 mc-

1927 4397 2200 4452 diocriter
2229 4395 2520 4464 instructi,
2545 4411 2612 4448 ac
2640 4395 2980 4450 venerandze
3013 4390 3306 4447 memoria:
3347 4389 3573 4446 Paulini

1928 4483 2268 4558 patriarchae
2317 4481 2707 4554 Aquileiensis
2767 4481 3074 4553 parochias,
3113 4484 3288 4552 atque
3345 4478 3572 4535 Alcuini

1927 4572 2034 4628 viri
2067 4570 2318 4643 religiosi
2353 4575 2410 4625 et
2440 4571 2615 4625 docti.
2640 4573 2896 4638 Quorum
2947 4571 3116 4625 fidem
3163 4575 3218 4624 et
3247 4567 3572 4624 doctrinam

169 4675 290 4716 mas
317 4679 566 4734 ponere,
599 4677 731 4732 qua:
765 4657 1006 4731 majoris
1035 4657 1464 4728 nominis,licct
1494 4676 1608 4715 non
1630 4664 1822 4715 aucto-
1851 4675 1900 4741 Ι)
1931 4659 2246 4733 apostolica
2271 4660 2437 4715 sedes
2470 4660 2732 4714 Romana
2763 4677 2874 4713 non
2915 4658 3106 4713 solum
3158 4655 3575 4730 benignissime

169 4746 360 4819 ritstis,
392 4748 544 4823 quia
596 4747 815 4821 partim
864 4763 980 4802 non
1029 4747 1313 4816 veritatis,
1345 4752 1581 4820 propter
1627 4751 1820 4810 tamen

169 4837 499 4908 synodalem
524 4832 1047 4909 praetitulationem
1062 4832 1305 4907 dignum
1319 4832 1594 4890 duximus
1609 4835 1832 4908 magni-

169 4926 428 4997 pendere.
449 4924 685 4982 Deinde
717 4922 819 4980 illa
848 4939 978 4995 qua:
1009 4939 1044 4978 a
1071 4921 1342 4995 pluribus
1371 4927 1429 4978 et
1459 4941 1560 4995 per
1579 4922 1829 4980 aliorum

173 5029 370 5071 manus
397 5015 474 5070 de
491 5011 778 5087 pluribus
797 5027 868 5068 ex
883 5010 978 5067 his
997 5009 1193 5067 causis
1213 5011 1570 5084 accepimus,
1595 5017 1833 5086 propter

174 5118 335 5174 quam
359 5101 790 5159 necessitatem
811 5117 881 5156 ex
901 5098 1323 5156 catholicorum
1343 5099 1674 5167 Patrum,ut
1691 5101 1832 5156 dixi-

172 5192 611 5263 mus,sensibus
633 5193 694 5246 et
715 5188 912 5245 verbis
935 5188 1194 5261 capitula
1222 5187 1322 5244 illa
1352 5193 1608 5262 quatuor
1637 5208 1829 5246 excer-

174 5295 293 5352 pere
311 5277 884 5354 procuravimus,ea
911 5277 1242 5334 conditione
1272 5281 1336 5332 ut
1365 5278 1436 5333 de
1462 5277 1832 5348 singulorum

175 5369 395 5440 scriptis
410 5385 484 5426 ex
506 5364 770 5440 singulis
783 5365 1090 5422 sententiis
1103 5382 1230 5438 qua:
1245 5365 1302 5420 in
1316 5383 1350 5421 a
1361 5365 1530 5422 nobis
1548 5369 1835 5440 excerptis

175 5455 434 5528 capitulis
463 5455 877 5520 continentur,
891 5454 1161 5527 quaadam
1181 5458 1358 5528 prout
1379 5471 1614 5511 necesse
1635 5457 1838 5513 videri-

176 5557 298 5600 mus
325 5560 652 5618 ponamus.
679 5543 820 5600 Post
849 5541 991 5611 haec,
1016 5543 1274 5616 capitula
1305 5560 1339 5599 a
1369 5544 1538 5599 nobis
1570 5552 1839 5619 excerpta

178 5629 240 5686 de
265 5631 506 5690 Patrum
539 5632 825 5689 sensibus
845 5635 905 5687 et
934 5631 1147 5701 verbis,
1185 5636 1250 5688 ut
1275 5631 1375 5688 illa
1417 5635 1835 5706 excerpsimus,

179 5737 377 5792 ponere
407 5719 896 5796 procurabimus.
920 5719 992 5776 Et
1021 5721 1070 5776 si
1123 5720 1339 5778 divinis
1385 5725 1442 5779 et
1483 5723 1840 5783 authenticis

1931 4748 2480 4822 acccptavit,verum
2504 4753 2559 4803 et
2580 4747 2779 4803 multis
2805 4747 3076 4802 laudibus
3098 4746 3324 4812 extulit,
3345 4745 3496 4802 sicut
3517 4744 3574 4798 in

1937 4839 2172 4911 scriptis
2191 4837 2376 4909 ipsius
2399 4842 2608 4892 sancta:
2626 4837 2782 4892 sedis
2805 4835 3286 4908 inveniilius,qua:
3309 4833 3575 4890 Ecclesiae

1939 4933 2148 4983 nostrae
2193 4927 2264 4981 ab
2311 4927 2512 4981 eadem
2565 4927 2951 4980 Ecclesiarum
3002 4931 3186 4980 matre
3232 4923 3579 4994 acceperunt

1937 5020 2198 5087 tempore
2225 5015 2366 5069 diva:
2401 5014 2692 5069 memoria:
2713 5015 2896 5069 Caroli
2937 5011 3320 5084 imperatoris,
3343 5008 3578 5081 quando

1939 5106 2198 5177 synodus
2221 5121 2324 5175 pro
2347 5102 2581 5175 cognita
2613 5102 2950 5157 infidelitate
2985 5101 3188 5156 Felicis
3235 5103 3324 5154 est
3353 5096 3576 5164 habita,

1939 5199 1994 5249 et
2017 5195 2086 5249 ad
2114 5194 2428 5248 Itomanrm
2451 5191 2766 5247 Ecclesium
2791 5192 2941 5246 velut
2962 5191 3028 5244 ad
3054 5188 3272 5259 apicem
3299 5185 3580 5241 Ecclesia-
3671 5241 3681 5251 ,

1945 5300 2076 5338 rum
2109 5281 2477 5338 transmissa.
2511 5283 2620 5337 Sed
2653 5285 2708 5336 et
2757 5296 2955 5335 eorum
3006 5276 3223 5348 scripta
3270 5276 3370 5348 qui
3422 5276 3583 5348 legit,

1947 5388 2122 5443 quam
2150 5371 2269 5426 sint
2289 5370 2585 5426 laudanda
2603 5374 2658 5424 et
2681 5367 3008 5439 recipienda
3029 5364 3586 5438 intelligit.Denique

1947 5459 1996 5516 si
2031 5459 2257 5528 talium,
2273 5463 2338 5514 ut
2359 5459 2636 5523 diximus,
2651 5454 2954 5512 sententiis
2975 5454 3312 5510 concordari
3335 5451 3591 5526 capitula

1947 5566 2074 5622 qum
2091 5547 2486 5622 excerpsimus
2507 5549 2904 5602 demonstrare
2928 5563 3040 5600 non
3074 5544 3456 5617 potuerimus,
3491 5558 3590 5612 pa-

1949 5639 2056 5694 rati
2090 5656 2298 5693 sumus
2330 5636 2663 5692 doctoribus
2693 5639 2750 5689 et
2779 5633 3082 5689 catholicis
3113 5651 3312 5690 aurem
3363 5647 3590 5687 accom-

1951 5731 2210 5797 modare,
2242 5745 2476 5782 sensum
2510 5725 2780 5793 sulnlcre,
2811 5729 2867 5780 et
2912 5726 3036 5780 sine
3084 5723 3454 5780 contentione
3487 5737 3591 5775 nos
