4002 6458
411 392 492 474 s5
1348 389 1736 453 HINCMARI
1783 391 2070 457 ausus]

2173 391 2233 453 [S
2275 389 2895 453 ABGHIEPISCOPI.

3743 389 3832 456 56

413 485 693 604 doctrinae
715 520 951 602 illorum
966 520 1360 593 subjicere.Et
1379 521 1797 594 quialibellum
1821 523 1892 576 de
1914 521 2056 576 scri-
2085 521 2141 592 Α
2170 521 2394 594 quinto,
2431 523 2587 576 unde
2612 524 2808 576 notam
2843 519 3011 576 nobis
3059 520 3227 594 quasi
3269 519 3444 576 tacite
3491 521 3550 575 et
3577 518 3834 576 e-latere

415 611 514 667 nio
543 611 708 666 bona;
731 609 1026 666 memoriae
1049 609 1247 664 fratris
1286 609 1460 664 vestri
1505 609 1760 664 Lotharii
1800 609 1926 665 sine
1961 627 2062 664 no-

417 699 576 755 mine
607 687 865 753 auctoris
897 695 1286 770 suscepimus,
1313 697 1372 751 in
1424 714 1538 768 quo
1587 697 1930 769 singillatim
1963 715 2066 769 per

415 775 555 845 loca.
571 777 807 860 singula
827 785 1082 858 capitula
1107 804 1142 842 a
1161 787 1328 842 nobis
1349 791 1618 858 excerpta
1637 789 1776 841 sunt
1795 786 2066 857 posita,et

415 866 665 933 assensu
685 873 1240 948 illius,quiscunque
1256 873 1352 928 ille
1367 873 1842 948 fuerit,reprehen
1852 891 1916 929 sa
1927 878 2066 928 sunt

413 968 474 1021 et
521 963 818 1030 damnata,
847 953 983 1017 cum
1027 963 1098 1018 de
1140 961 1561 1018 catholicorum
1607 962 1844 1017 Patrum
1893 963 2064 1018 dictis

416 1043 622 1109 nostra
643 1049 901 1124 capitula
921 1049 972 1106 si
991 1050 1313 1122 poterimus
1333 1051 1678 1106 conﬁrmare
1701 1050 2062 1117 curabimus,

419 1138 608 1212 ipsius
629 1132 805 1194 etiam
836 1137 1315 1210 reprehensiones
1331 1155 1638 1210 ponemus,
1661 1141 1717 1194 et
1735 1155 1853 1206 eas,
1878 1155 2062 1210 quan-

415 1221 545 1283 tum
577 1219 860 1282 Dominus
891 1227 1134 1294 dederit,
1157 1227 1458 1282 confutare
1487 1227 1876 1282 studebimus.
1900 1228 2065 1282 Tunc

413 1315 655 1372 demum
677 1330 964 1388 ponemus
985 1315 1057 1371 de
1076 1313 1332 1387 capitulo
1349 1315 1707 1371 confratrum
1730 1319 2062 1372 nostrorum

2173 609 2560 682 impegerunt,
2587 609 2740 682 quod
2760 609 2820 686 in
2842 607 3205 664 Gothescalci
3231 607 3466 680 scriptis
3485 606 3831 686 invenimus

2173 702 2483 770 postquam
2511 697 2766 770 capitula
2795 684 3048 770 quatuor
3078 714 3228 770 szepe
3271 684 3594 752 memorata
3623 713 3832 752 excer-

2172 787 2492 858 psimus,et
2512 787 2648 856 quid
2680 786 2812 840 inde
2834 785 3182 852 sentiamus,
3198 784 3445 840 Domino
3469 783 3831 857 inspirante,

2172 857 2455 930 dicemus.
2489 876 2558 929 Et
2588 875 2670 928 sic
2703 875 2938 929 tandem
2971 857 3354 945 subjiciemus
3386 871 3486 929 illa
3531 875 3740 930 decem
3773 877 3838 930 et

2173 980 2273 1018 sex
2293 963 2549 1034 capitula
2579 981 2682 1034 pro
2713 963 2929 1034 quibus
2959 963 3030 1018 de
3061 963 3367 1018 Scotorum
3399 961 3663 1035 pultibus
3683 981 3837 1018 con-

2173 1053 2382 1107 fratres
2412 1051 2617 1118 nostri,
2653 1051 2780 1106 sine
2827 1051 2999 1123 culpa
3036 1054 3254 1118 nostra,
3288 1050 3346 1106 in
3395 1051 3506 1106 hac
3537 1053 3840 1108 duntaxat

2173 1156 2350 1195 causa
2380 1157 2484 1193 nos
2516 1156 2749 1210 pascere
2779 1139 3176 1204 decreverunt,
3206 1143 3264 1194 et
3310 1139 3451 1211 quid
3500 1140 3570 1194 de
3599 1139 3836 1196 eisdem

2173 1227 2448 1300 capitulis
2478 1227 2825 1294 sentiamus,
2849 1244 2916 1283 ex
2933 1226 3352 1283 catholicorum
3385 1227 3621 1284 Patrum
3643 1227 3840 1284 sensi-

2173 1316 2285 1372 bus
2314 1316 2712 1372 ostendemus.
3114 1320 3116 1323 ’

1473 1589 2750 1746 HINGMARI

1647 1813 2179 1865 ABCHIEPISCOPI
2220 1814 2606 1864 BEEHBNSIS

1139 1951 1741 2041 PBJEFATIO
1802 1951 2655 2064 SUBSEQUENTIS
2716 1953 3110 2042 OPERIS

497 2209 714 2288 Omnes
743 2208 805 2264 in
836 2225 1086 2286 quorum
1116 2224 1332 2264 manus
1361 2207 1471 2263 hoc
1492 2207 1712 2263 laboris
1733 2209 1919 2263 nostri
1941 2225 2078 2281 opu-
2108 2211 2155 2276 Β
2183 2212 2358 2264 ventu
2389 2209 2542 2282 apud
2577 2208 2883 2265 Bonoilum
2931 2210 3438 2283 transcripsimus,
3471 2217 3530 2270 et
3575 2219 3712 2287 post
3755 2231 3857 2270 re-

427 2281 658 2354 sculum
696 2281 940 2363 venerit,
973 2295 1226 2369 supplici
1276 2295 1580 2352 devotione
1626 2313 1730 2369 per
1777 2295 2080 2352 charitatis

425 2375 651 2442 viscera
677 2383 1054 2462 postulamus
1084 2389 1150 2440 ut
1172 2384 1451 2456 quoniam
1484 2385 1562 2440 de‘
1598 2384 1744 2458 ipsis
1785 2385 2080 2440 schedulis

426 2472 788 2530 notariorum
831 2476 964 2528 ante
1012 2472 1504 2538 emendationem,
1537 2473 1794 2528 instante
1842 2473 2080 2530 domino

427 2564 629 2618 nostro
661 2577 796 2637 rege
825 2559 1048 2629 Carolo,
1083 2561 1192 2616 sub
1233 2559 1528 2616 celeritate
1575 2559 1720 2615 illud
1769 2561 2080 2618 transcribi

431 2649 700 2726 fecimus,
733 2653 793 2706 et
819 2649 1036 2724 idcirco
1066 2648 1123 2704 in
1157 2649 1302 2706 locis
1331 2648 1603 2722 plurimis
1633 2649 1792 2706 eradi
1815 2654 1872 2704 et
1891 2668 2083 2706 emen-

426 2738 553 2814 dari
578 2739 845 2814 quaedam
870 2737 1192 2794 necessitas
1213 2737 1572 2810 compulit,si
1587 2742 1759 2794 nacta
1780 2739 2082 2795 occasione

434 2825 650 2904 aliquis
671 2826 921 2904 emulus
952 2829 1114 2883 recta
1142 2825 1278 2883 hinc
1308 2826 1572 2894 eraserit,
1605 2829 1662 2882 et
1710 2828 1856 2883 forte
1906 2845 2082 2900 prava

425 2901 1028 2988 superinduxerit,aut
1048 2913 1400 2994 scriptorum
1423 2914 1717 2988 imperitia
1739 2933 1906 2972 secus
1925 2920 2079 2972 tran-

425 3003 742 3081 sscripserit,
775 3002 1031 3080 alienum
1081 3003 1250 3060 nobis
1293 3021 1548 3061 errorem
1598 3022 1713 3060 non
1761 3005 2074 3078 imputent.

427 3076 812 3151 Séchollecta
841 3076 936 3149 hic
980 3111 1015 3150 a
1059 3093 1230 3149 nobis
1278 3093 1614 3149 testimonia
1655 3076 2076 3150 catholicorum

427 3181 1095 3259 inspicienteshquorum
1119 3181 1444 3236 doctrinam
1466 3198 1665 3252 sensu,
1679 3199 1776 3238 ore
1797 3185 1853 3238 et
1873 3199 2074 3250 manu,

427 3272 715 3344 quantum
739 3267 838 3324 dat
850 3263 2078 3343 Dominus,sequimur,autsuperseminata

429 3343 502 3414 ab
535 3346 774 3412 inimico
805 3355 1028 3412 zizania
1056 3356 1116 3412 in
1149 3357 1342 3412 medio
1374 3357 1551 3413 tritici
1592 3357 1842 3414 evellant
1870 3363 1927 3416 et
1956 3360 2078 3415 col-

430 3445 636 3520 ligant,
667 3448 771 3501 aut
799 3443 848 3500 si
879 3449 1110 3500 tantum
1143 3444 1417 3501 adhibere
1447 3445 1668 3518 dignati
1701 3447 1918 3502 fuerint
1946 3453 2076 3504 stu-

427 3535 614 3612 dium,
647 3550 751 3607 per
778 3549 1190 3606 quemcunque
1219 3531 1337 3588 illis
1367 3533 1652 3606 placuerit
1682 3535 1882 3606 paucis
1921 3536 2073 3592 litte-

425 3623 572 3680 rulis
620 3622 742 3699 haec
804 3620 1243 3695 innotescendo,
1269 3622 1340 3677 de
1398 3620 1667 3677 Ecclesiae
1727 3623 2075 3680 Rhemensis

427 3711 661 3787 archiva
691 3712 848 3768 unde
896 3709 1306 3777 dubitaverint,
1341 3710 1592 3766 relevare
1640 3715 1972 3782 procurent.
2006 3713 2078 3768 Et

427 3801 598 3876 cuju's
627 3799 952 3880 dignationi
986 3797 1108 3856 haec
1143 3815 1268 3872 quae
1315 3802 1641 3880 sequuntur
1687 3798 2077 3855 transcribere

425 3875 862 3965 complacuerit,
892 3887 1046 3944 hanc
1077 3887 1256 3944 etiam
1285 3875 1739 3959 postulationem
1787 3888 2076 3944 conscribi

424 3995 764 4056 quaesumus
793 3977 988 4034 faciat.
1019 3981 1153 4042 Quae
1201 3976 1331 4032 ideo
1389 3975 1642 4031 dicimus
1681 3979 1739 4031 et
1767 3993 2076 4049 precamur

425 4065 704 4140 quoniam
735 4069 792 4121 et
821 4065 961 4120 olim
983 4065 1316 4121 Nestorium
1337 4064 2072 4138 Constantinopolitanum,

424 4158 483 4210 et
511 4153 831 4230 Macarium
851 4153 1277 4208 Antiochenum
1301 4152 1662 4225 epiSCOpum,
1677 4154 1748 4208 de
1769 4153 2074 4224 scripturis

425 4240 780 4298 authenticis
796 4257 863 4296 ac
884 4243 1222 4296 sanctorum
1235 4239 1410 4296 dictis
1423 4240 1689 4312 quaedam
1704 4241 2074 4298 interrasisse

425 4333 601 4408 atque
621 4327 952 4405 corrupisse
974 4327 1355 4400 prodentibus
1375 4327 1554 4400 gestis
1574 4329 1986 4401 comperimus.
2004 4332 2075 4386 Et

423 4417 578 4496 sicut
605 4416 868 4505 ipsorum
912 4415 1014 4488 qui
1061 4415 1454 4472 interfuerunt
1500 4417 1745 4472 concilio
1794 4417 2072 4474 relatione

423 4503 760 4584 didicimus,
794 4505 1028 4578 quando
1049 4503 1192 4560 divae
1223 4504 1514 4561 memoria:
1548 4506 1800 4561 domnus
1830 4505 2071 4562 Carolus

425 4583 1002 4670 Felicem,infelicem
1035 4591 1400 4666 Orgellitanae
1431 4593 1682 4649 civitatis
1707 4595 2066 4667 episcOpum,

423 4682 687 4760 synodali
733 4682 963 4764 decreto
1011 4681 1351 4737 haereticum
1401 4682 1844 4754 comprobatum
1893 4688 2069 4755 atque

421 4773 766 4852 damnatum
795 4771 1101 4844 comperit,
1123 4770 1300 4826 etiam
1330 4770 1610 4826 revictum
1661 4770 1878 4826 invenit
1907 4772 2062 4844 quia,

420 4865 693 4934 Corrupto
722 4859 1067 4916 muneribus
1087 4859 1322 4932 juniore
1363 4857 1806 4916 Bibliothecario
1835 4861 2064 4932 Aquen-

420 4951 503 5007 sis
534 4948 754 5028 palatii,
777 4947 993 5004 librum
1025 4947 1178 5004 beati
1207 4946 1410 5002 Hilarii
1441 4945 1604 5013 rasit,
1637 4949 1694 5002 et
1725 4947 1824 5002 ubi
1875 4948 2062 5020 scrip-

419 5040 548 5095 tum
579 5041 704 5096 erat
731 5037 871 5112 quia
897 5037 956 5092 in
979 5037 1082 5092 Dei
1106 5035 1250 5092 Filio
1270 5037 1454 5091 carnis
1478 5035 1762 5092 humilitas
1780 5037 2057 5104 adoretur,

419 5113 667 5205 immisit
709 5129 896 5184 carnis
949 5125 1236 5182 humilitas
1285 5125 1591 5198 adoptatur.
1643 5125 1752 5180 Sed
1803 5129 1860 5180 et
1907 5125 2060 5182 sicut

420 5231 554 5270 mox
582 5216 762 5274 lector
790 5213 1066 5281 inveniet,
1099 5231 1430 5270 sermonem
1463 5212 1613 5269 Flori
1645 5214 1715 5269 de
1761 5215 2056 5285 praedesti-

418 5302 652 5383 nati'one
681 5304 964 5382 imperius
993 5301 1215 5359 editum
1248 5319 1363 5358 non
1395 5301 1615 5357 incerto
1644 5301 1858 5358 indicio
1879 5303 2057 5359 credi-

417 5379 552 5472 mus
580 5379 980 5470 depravatum.

487 5478 549 5534 In
572 5476 758 5550 capite
778 5477 1168 5536 indiculorum
1193 5478 1494 5552 sequentis
1517 5477 1706 5549 operis
1727 5497 2056 5536 sermonem

415 5565 588 5632 Flori,
621 5583 795 5638 quem
827 5571 1132 5623 mutuante
1163 5565 1496 5633 Heriboldo,
1529 5569 1825 5638 quondam
1862 5569 2056 5624 Antis-

411 5653 837 5712 siodorensium
864 5655 1179 5712 venerabili
1209 5655 1502 5728 episcopo,
1534 5653 1594 5710 in
1625 5657 1890 5728 synodali
1920 5674 2056 5712 con-

2187 2297 2512 2354 versionem
2535 2299 2606 2352 de
2635 2297 2895 2353 tumultu
2927 2297 3252 2368 Brionensi,
3277 2302 3532 2373 quodam
3563 2301 3857 2360 olferente

2186 2385 2414 2452 clerico,
2433 2403 2501 2442 ex
2529 2385 2743 2441 scrinio
2765 2387 3002 2456 Ebonis,
3031 2387 3184 2442 sicut
3228 2387 3353 2462 ipse
3399 2390 3642 2460 dixerat,
3676 2409 3862 2450 vene-

2189 2474 2390 2530 rabilis
2421 2474 2940 2548 Gratianopolitani
2991 2475 3247 2548 episcopi
3299 2477 3655 2552 accepimus,
3689 2479 3849 2538 inte-

2185 2580 2356 2636 grum
2387 2562 2482 2619 hic
2532 2581 2744 2636 ponere
2794 2563 3041 2637 dignum
3090 2565 3388 2635 duximus,
3417 2568 3558 2640 quia
3605 2572 3664 2624 et
3703 2586 3854 2626 eon-

2187 2651 2509 2708 structione
2529 2655 2586 2708 et
2609 2669 2818 2708 sensus
2849 2652 3090 2709 veritate
3121 2657 3290 2710 caute
3329 2653 3566 2724 incedit,
3581 2659 3855 2730 exceptis

2189 2741 2419 2796 duobus
2449 2740 2613 2808 locis,
2647 2740 2707 2795 in
2737 2741 2954 2812 quibus
2986 2759 3119 2798 eum
3149 2742 3230 2798 ita
3259 2743 3476 2800 dixisse
3507 2761 3620 2800 non
3653 2747 3858 2803 credi-

2189 2846 2324 2885 mus
2355 2828 2506 2884 sicut
2535 2829 2594 2883 in
2617 2846 2683 2884 eo
2715 2829 2930 2902 scripto
2962 2829 3292 2887 invenimus
3315 2847 3491 2904 quem
3525 2833 3596 2889 de
3627 2835 3858 2894 scrinio

2189 2917 2544 2974 venerabilis
2573 2918 2790 2973 Ebonis
2822 2919 3178 2992 accepimus,
3215 2937 3348 2976 cum
3378 2919 3437 2976 in
3469 2919 3602 2977 aliis
3643 2921 3728 2978 sic
3760 2941 3859 2980 ca-

2192 3006 2409 3062 tholice
2441 3006 2672 3073 dixerit,
2706 3007 2860 3062 sicut
2908 3007 3128 3078 patebit
3170 3007 3501 3082 legentibus
3534 3025 3547 3064 :
3585 3011 3853 3070 maxime

2189 3093 2329 3166 quia
2351 3094 2409 3148 in
2435 3096 2638 3150 eodem
2662 3094 2900 3167 scripto,
2923 3112 3097 3168 quem
3121 3113 3224 3168 per
3245 3113 3456 3154 manus
3477 3098 3705 3170 praefati
3729 3099 3854 3156 He-

2192 3179 2426 3246 riboldi,
2461 3182 2613 3237 sicut
2639 3171 2712 3236 ad
2742 3199 2802 3238 se
2831 3199 2865 3256 a
2893 3181 3168 3255 praedicto
3209 3183 3376 3241 Floro
3420 3187 3856 3246 transmissum

2186 3270 2542 3342 accepimus,
2577 3270 2748 3326 aliter
2777 3270 3170 3327 invenerimus
3203 3289 3377 3344 quam
3411 3273 3470 3328 in
3504 3273 3618 3330 isto
3663 3291 3854 3347 quem

2185 3363 2386 3430 postea
2415 3357 2768 3430 accepimus,
2801 3359 3180 3432 reperiamus.
3213 3361 3337 3426 Qua
3367 3361 3436 3417 de
3467 3379 3526 3418 re
3557 3361 3848 3421 immuta-

2183 3450 2308 3501 tum
2339 3447 2411 3501 ab
2435 3445 2505 3501 ali
2515 3464 2628 3519 quo
2649 3447 3040 3520 suspicamur.
3061 3451 3195 3517 Quae
3219 3447 3362 3519 loca,
3379 3454 3694 3524 antequam
3714 3469 3844 3508 ser-

2187 3551 2418 3590 monem
2452 3533 2617 3589 illum
2655 3535 2906 3592 scribere
2925 3537 3282 3606 adoriamur,
3313 3534 3643 3611 specialiter
3671 3539 3843 3596 desi-

2185 3639 2364 3695 gnare
2395 3622 2754 3679 curabimus.
2780 3623 2887 3678 Ubi
2919 3623 3077 3680 enim
3109 3625 3252 3682 dicit
3283 3643 3296 3680 :
3331 3649 3358 3676 ‹‹
3385 3625 3495 3682 Sed
3525 3643 3674 3698 quos
3697 3645 3852 3700 pra;-

2185 3709 2351 3766 scivit
2367 3715 2424 3766 et
2440 3710 2701 3783 praevidit
2722 3711 2908 3768 malos
2931 3717 3103 3785 atque
3125 3713 3580 3787 impiost‘uturos
3603 3717 3851 3789 proprio

2183 3798 2342 3866 vitio,
2375 3799 2498 3870 ipse
2545 3816 2644 3855 eos
2689 3800 3122 3872 praedestinavit
3177 3802 3250 3858 ad
3291 3806 3566 3859 cateruam
3598 3803 3853 3860 damna-

2182 3887 2400 3943 tionem
2411 3888 2574 3958 justo
2587 3889 2841 3960 judicio;
2870 3912 2896 3938 »
2919 3889 2978 3944 in
3008 3888 3111 3945 illa
3141 3889 3332 3947 rotula
3353 3891 3638 3964 scriptum
3660 3891 3850 3950 babe-

2182 3979 2280 4032 tur
2309 3994 2484 4048 quam
2514 3978 2585 4032 de
2603 3977 2912 4034 Heriboldo
2945 3978 3278 4051 accepimus
3311 3996 3324 4036 :
3361 4003 3390 4030 ‹‹
3425 3980 3536 4036 Sed
3567 3979 3708 4052 quia
3737 3999 3847 4048 eos

2184 4065 2472 4138 praescivit
2500 4069 2557 4122 et
2586 4066 2848 4138 praevidit
2900 4066 3086 4123 malos
3136 4072 3312 4141 atque
3361 4067 3574 4142 impios
3602 4069 3845 4129 futuros

2183 4154 2415 4226 proprio
2461 4153 2622 4220 vitio,
2657 4155 3086 4225 przedcstinavit
3127 4157 3199 4211 ad
3260 4159 3537 4212 aeternam
3587 4157 3844 4214 damna-

2181 4243 2419 4310 tionem,
2447 4261 2564 4314 qua
2591 4241 2702 4314 ipsi
2737 4243 3086 4314 punirentur
3117 4245 3283 4315 justo
3320 4243 3568 4318 judicio.
3607 4268 3635 4294 »
3671 4247 3744 4301 Et
3774 4246 3843 4308 in

2180 4349 2245 4388 eo
2278 4331 2402 4386 loco
2435 4331 2532 4386 ubi
2565 4332 2848 4403 scriptum
2881 4335 3006 4386 est:
3035 4355 3061 4381 ‹‹
3087 4333 3212 4387 Non
3245 4331 3400 4388 enim
3433 4331 3527 4388 ille
3572 4332 3841 4406 aliquem

2179 4419 2613 4492 praedestinavit
2644 4423 2708 4474 ut
2734 4418 2924 4474 malus
2953 4425 3128 4486 esset,
3151 4421 3252 4477 sed
3283 4438 3414 4477 vere
3443 4438 3677 4478 omnem
3711 4440 3841 4480 ma-

2178 4507 2300 4562 lum
2326 4506 2761 4578 praedestinavit
2793 4511 2856 4561 ut
2885 4506 3213 4580 impunitus
3247 4526 3362 4564 non
3396 4513 3583 4578 esset;
3615 4532 3644 4560 »
3677 4509 3840 4568 inve-

2177 4595 2374 4650 nimus
2402 4595 2461 4650 in
2490 4595 2680 4650 rotula
2707 4613 2885 4666 quam
2917 4613 2952 4650 a
2988 4597 3263 4668 praedicto
3314 4597 3622 4654 Heriboldo
3658 4615 3840 4655 acce-

2177 4684 2372 4756 pimus
2405 4699 2418 4738 :
2457 4705 2483 4734 «
2515 4683 2626 4740 Sed
2655 4699 2784 4738 vere
2812 4683 3244 4754 praedestinavit
3265 4689 3603 4757 peanam,ut
3633 4689 3838 4746 omnis

2174 4771 2366 4828 malus
2396 4771 2722 4844 impunitus
2749 4789 2863 4826 non
2895 4775 3114 4828 esset.»
3149 4773 3314 4838 Quod
3344 4773 3403 4828 in
3436 4773 3833 4846 sequentibus

2171 4861 2298 4934 ipse
2327 4861 2690 4916 demonstrat
2718 4859 2919 4916 dicens
2943 4877 2956 4914 :
2984 4883 3012 4910 (ί
3039 4860 3274 4916 Ρωῐιειω
3323 4877 3524 4918 eorum
3575 4865 3634 4918 et
3673 4879 3834 4935 prae-

2093 4935 2140 5000 D
2171 4949 2372 5016 scisse,
2406 4949 2546 5022 quia
2575 4949 2728 5006 Deus
2758 4952 2939 5014 est,et
2968 4949 3438 5021 praedestinasse,
3454 4949 3594 5022 quia
3615 4950 3831 5022 justus

2167 5039 2275 5091 est.
2303 5058 2330 5084 »
2351 5036 2570 5091 Caetera
2597 5035 2866 5090 catholici
2919 5035 3152 5091 lectoris
3189 5037 3418 5108 judicio
3461 5035 3828 5110 derelinqui-

2166 5141 2322 5180 mus.
2352 5124 2464 5180 Sed
2495 5123 2710 5179 idcirco
2742 5123 2898 5180 hunc
2943 5140 3273 5180 sermonem
3321 5141 3391 5181 ex
3436 5123 3662 5198 integro
3713 5143 3826 5199 po-

2167 5229 2300 5268 nere
2333 5211 2726 5268 neeessarium
2757 5211 3054 5281 duximus,
3073 5212 3214 5284 quia
3241 5229 3310 5269 ex
3337 5229 3403 5268 eo
3447 5212 3730 5268 conﬁctor
3762 5213 3827 5270 in

2163 5301 2425 5374 proximo
2449 5301 2940 5373 subsequentium
2973 5299 3366 5374 capitulorum
3400 5301 3518 5357 duo
3563 5301 3830 5373 capitula

2166 5390 2236 5461 de
2267 5389 2629 5462 praescientia
2659 5393 2715 5445 et
2742 5389 3270 5462 przedestinatione,
3307 5391 3549 5446 confuso
3579 5393 3636 5444 et
3675 5407 3826 5462 prae-

2163 5482 2393 5550 postero
2423 5478 2644 5541 ordine,
2676 5495 2743 5532 ac
2767 5495 2943 5533 sensu
2974 5477 3315 5548 falsissimo,
3339 5479 3398 5533 in
3433 5477 3690 5534 secundo
3721 5496 3823 5536 ca-

2162 5566 2345 5639 pitulo
2375 5565 2600 5622 studuit
2621 5565 2954 5638 compilare,
2980 5567 3133 5623 sicut
3162 5568 3261 5640 qui
3285 5567 3443 5622 hunc
3467 5569 3526 5622 et
3549 5565 3652 5621 illa
3672 5565 3826 5641 lege-

2166 5657 2242 5711 rit
2271 5659 2464 5728 aperte
2495 5653 2800 5727 intelliget.
