4002 6470
120 443 189 501 es
805 447 906 510 nn
950 449 1714 521 PB/EDESTINATIONE
1759 459 2276 528 DISSERTATIO
2319 461 2784 535 pos'rsmon.
3382 439 3490 548 ,θὶς

121 573 723 682 in'Pelpgiodpmnatis
745 580 1420 682 u'niV'ersaliter‘l'Iccl‘esia
1441 608 1742 674 consensc-
1771 597 1824 663 Α
1857 596 2011 651 tione
2041 602 2304 671 sequenti
2345 620 2515 675 opere
2555 605 2770 678 smpius
2818 607 3066 666 facimus
3111 613 3489 682 mentionem,

122 665 158 682 ,,
217 663 274 682 α,
302 664 449 682 M...
501 666 530 682 ..
562 667 675 682 ,.....
695 667 1080 682 numam“--.
1201 677 1273 682 μ--
1597 681 1604 682 κ

122 647 200 734 rit,
217 647 480 734 suggerit
500 651 676 721 atque
695 653 1130 734 subscripserit,
1151 657 1275 734 haec
1297 663 1488 716 tamen
1516 664 1669 734 speci
1679 647 1736 718 a-

120 717 222 772 lius
247 717 518 804 adversus
537 717 676 804 eum
691 717 949 804 ejusque
972 717 1311 804 complices,
1332 748 1435 802 per
1461 717 1737 804 apostoli-

121 746 222 772 nus
247 746 518 774 navemus
537 746 672 776 cum
697 746 942 796 qusque
972 746 1099 782 com
1149 746 1308 795 uces,
1332 748 1435 802 per
1461 746 1737 804 apostoli-

117 807 228 870 cam
245 790 744 876 sedem,_inst_antia
763 795 1086 876 beatissimi
1099 746 1182 854 Xo
1193 801 1315 856 relii
1329 805 1740 876 Qarthaginen-

119 861 188 914 sis
223 861 490 940 episcopi,
530 869 709 940 atque
746 868 1080 940 Augustini,
1115 888 1248 927 cum
1290 872 1422 930 aliis
1463 861 1730 933 trecentis

116 933 528 1017 quattuordecim
559 933 872 1017 episcopis:
895 940 1123 1017 abejus
1155 944 1518 1017 pravissimis
1549 949 1734 1003 sensi-

119 1005 413 1090 busernta,
441 1004 840 1090 vindicatafet
871 1004 1079 1090 multis
1113 1004 1233 1090 tam
1261 1015 1526 1090 epistolis
1556 1035 1733 1090 quam

116 1073 262 1161 libris
305 1080 422 1161 toto
449 1077 890 1161 orbevulgatis,
923 1083 1124 1161 omnis
1165 1073 1460 1161 bodi‘eque
1497 1073 1733 1161 gaudet,

113 1147 414 1228 conﬁtetur,
437 1147 815 1228 predicaCet
864 1158 1040 1221 tenet,
1073 1159 1248 1228 atque
1275 1147 1734 1216 tenebitchcle;

115 1218 206 1271 sia.
341 1217 1607 1305 periomniaconsculaneam;praedicabilem
1631 1249 1734 1305 pa-

115 1287 416 1368 tet-nitatem
436 1288 981 1374 fraternitate-mque
1001 1302 1116 1374 vest
1131 1287 1250 1353 ram
1273 1302 1462 1371 gratia
1481 1287 1736 1374 8111)(ἶἮ8.

112 1359 356 1416 invictam
379 1367 558 1444 atque
585 1359 979 1445 przevalida'm,
1003 1373 1060 1423 et
1085 1387 1191 1424 suo
1213 1359 1453 1428 munere
1473 1359 1730 1445 gauden-

115 1437 210 1485 lem
239 1433 513 1504 perpetim
548 1433 890 1492 conservare
921 1438 1217 1512 dignetur.

166 1571 468 1651 Ceterum_
483 1575 845 1651 multiplices
877 1596 944 1635 ac
974 1583 1269 1640 tortuosos
1317 1588 1370 1640 et
1420 1592 1732 1645 venenatas

111 1644 397 1701 sententias
425 1644 828 1720 Gotheséalci,
852 1651 1025 1724 cuius
1063 1653 1261 1711 debita
1291 1672 1422 1712 cum
1464 1644 1730 1716 exsecraé

1846 685 1945 740 sed
1978 690 2034 740 et
2063 689 2437 761 complicium
2469 695 2597 765 ejus
2641 713 2857 768 agones
2888 698 3192 771 pestiferos
3223 703 3315 760 hic
3347 723 3490 778 pra:-

1845 790 2058 846 ponere
2093 793 2205 832 non
2237 783 2632 838 necessarium
2664 785 2960 854 duximus,
2983 789 3124 860 quia
3151 790 3284 847 licet
3313 796 3488 866 pesti-

1845 861 1970 917 lens
1992 881 2192 920 eorum
2215 867 2480 925 doctrina
2499 889 2568 926 ex
2587 872 2906 946 aliquantis
2929 894 2990 933 se
3016 878 3074 933 in
3097 879 3326 938 diversa
3345 884 3492 940 sciu-

1841 951 1943 1005 dat
1971 950 2204 1022 itinera,
2236 956 2306 1012 de
2336 960 2844 1030 praedestinatione
2885 970 3078 1022 tamen
3113 971 3488 1041 reproborum

1844 1039 1913 1094 ad
1951 1041 2275 1110 interitum,
2307 1051 2365 1101 et
2393 1049 2548 1119 quod
2583 1049 2738 1107 Deus
2787 1070 2901 1109 non
2960 1039 3194 1112 omnesi
3223 1058 3494 1118 homines

1841 1129 1965 1184 vult
1985 1131 2175 1187 salvos
2199 1134 2342 1201 fieri,
2367 1137 2466 1192 sed
2493 1155 2596 1193 eos
2611 1143 3022 1198 tantummodo
3043 1145 3144 1218 qui
3169 1146 3492 1222 salvantur,

1841 1223 1897 1272 et
1927 1219 2066 1290 quia
2097 1238 2211 1277 non
2245 1240 2348 1294 pro
2379 1226 2656 1284 omnibus
2686 1246 2900 1300 passus
2930 1231 3030 1300 sit,
3055 1235 3210 1292 unde
3238 1219 3492 1308 opuscu;

1841 1305 1964 1362 lum
1997 1310 2364 1383 subsequens
2394 1315 2816 1374 catholicorum
2846 1320 3174 1379 doctrinam
3205 1305 3495 1383 sufﬁcien-

1843 1399 1931 1450 ter
1949 1399 2224 1464 ostendit,
2246 1403 2580 1474 conspirare
2603 1413 3010 1476 noscuntur,et
3029 1415 3231 1467 contra
3251 1415 3491 1486 eosjam

1841 1485 2184 1558 singillatim
2218 1488 2276 1574 in
2319 1489 2448 1545 aliis
2497 1491 2710 1550 libellis
2765 1501 2899 1552 ante
2957 1496 3064 1553 hos
3122 1501 3288 1569 actis,
3320 1485 3494 1574 prout

1841 1572 2128 1630 Dominus
2168 1564 2348 1645 dedit,
2383 1577 2639 1636 laborem
2678 1582 3097 1656 impendimus,
3129 1589 3285 1646 sicut
3313 1591 3364 1646 ei
3397 1593 3490 1648 cui

1841 1660 2078 1718 libuerit
2106 1663 2194 1718 vel
2226 1665 2456 1722 licuerit
2483 1675 2680 1740 patere
2709 1671 2944 1729 valebit.

109 1805 3475 1849 Mm

1285 1933 2283 2044 ΕησαΜΑιιι

1374 2124 1818 2171 ARCHIEI‘ISCOPI
1864 2127 2211 2175 BHEIENTIS

422 2242 572 2396 [ll]
633 2248 1644 2406 PR/EDESTINATIONE
1719 2259 1900 2408 DEI
1969 2262 2099 2410 ET
2167 2263 2558 2412 LIBERO
2623 2265 3134 2418 ARBITRIO

1142 2456 1698 2566 .POSTERIOR
1787 2500 2417 2572 DISSER'I‘ATIO
2499 2556 2508 2562 -

887 2629 1186 2694 Adversus
1217 2635 1706 2698 GOTHESCALCUM
1735 2646 1792 2698 et
1814 2648 2051 2700 cae/eros
2084 2640 2666 2702 Praedesti'nah'cmos.

1566 2797 1988 2807 *-

451 2867 502 2934 ι
557 2876 910 2933 EPISTULA
947 2881 1042 2934 AD
1083 2881 1351 2937 REGEM.

161 2953 382 3012 Domino
401 2955 641 3012 ΟΑηοω
673 2957 793 3028 regi
815 2957 1069 3030 glorioso
1101 2961 1468 3028 Hmcmmus,
1493 2965 1728 3020 nomine

111 3053 198 3097 non
223 3044 421 3099 merito
455 3045 824 3100 Rhemorum
847 3048 1179 3120 episcopus,
1205 3066 1271 3106 ac
1303 3053 1490 3125 plebis
1521 3054 1619 3109 Dei
1653 3055 1729 3109 fa-

111 3130 291 3200 mulus,
313 3149 430 3188 una
458 3149 604 3189 cum
638 3132 878 3206 collegis
908 3136 1164 3193 dominis
1185 3144 1243 3194 et
1272 3138 1548 3197 fratribus
1579 3144 1726 3199 meis

109 3222 408 3278 venerandis
465 3221 790 3295 episcopis,
849 3225 1178 3282 oratoribus
1235 3227 1457 3286 scilicet
1517 3231 1725 3288 salutis

109 3311 247 3379 atque
275 3311 688 3384 prosperitatis
715 3316 922 3367 vestra:
947 3313 1188 3371 devotis.

159 3396 330 3472 Nuper
344 3399 552 3473 elapso
576 3417 780 3456 mense
798 3401 994 3468 Junio,
1014 3420 1118 3474 per
1139 3395 1516 3464 Indictienem
1544 3409 1722 3482 septi-

109 3502 248 3554 ιιι-ιω,
277 3506 426 3544 anno
477 3489 918 3547 Incarnalionis
965 3491 1280 3550 Dominica:
1319 3497 1443 3564 859,
1477 3498 1722 3554 dedistis

108 3575 238 3631 nobis
253 3578 512 3649 quaedam
537 3577 826 3650 capitula,
841 3579 994 3636 sicut
1013 3586 1224 3638 nostra:
1241 3583 1468 3640 dixistis
1491 3587 1722 3643 humili-

105 3663 200 3730 tati,
229 3683 260 3720 ι
287 3665 554 3741 Remigio
600 3668 1071 3725 reverentissimo
1113 3671 1597 3744 Lugdunensium
1628 3693 1719 3732 ar-

105 3750 425 3828 chiepiscopo
443 3759 660 3812 vestra:
681 3762 950 3829 porrecta
969 3758 1339 3828 sublimitati,
1356 3763 1632 3834 jubentes
1655 3771 1721 3822 ut

107 3845 320 3914 tempore
347 3861 614 3918 congruo
645 3845 718 3900 de
751 3845 844 3901 his
872 3847 1035 3903 vobis
1068 3849 1446 3906 redderemus
1479 3870 1717 3926 respon-

106 3943 224 3996 sum,
249 3931 294 3986 si
323 3933 642 3990 unanimes
675 3951 793 3989 uno
825 3951 922 3990 ore
953 3938 1292 3994 eorumdem
1325 3941 1715 4012 capitulorum

106 4020 262 4075 sensui
278 4023 809 4078 concordat-emus:
832 4040 904 4079 an
923 4026 1062 4098 quia
1077 4027 1241 4082 vobis
1263 4044 1297 4083 a
1316 4044 1462 4085 cana
1479 4030 1714 4088 Patrum

107 4106 192 4160 lida
207 4109 256 4163 in
275 4110 634 4183 quibusdam
653 4111 969 4169 dissentire
988 4115 1357 4186 videbantur,
1377 4123 1578 4174 noster
1591 4137 1716 4175 sen-

105 4212 198 4262 sus,
215 4215 374 4272 quem
407 4219 442 4257 a
470 4200 768 4258 catholico
791 4203 1023 4260 tramite
1054 4222 1169 4261 non
1198 4207 1426 4264 deviare
1448 4209 1716 4266 credeba-

105 4284 250 4352 ΜΛ)
267 4290 351 4346 eis
369 4291 428 4346 in
450 4290 659 4364 aliquo
680 4291 1014 4363 dissideret,
1034 4301 1344 4366 sequentes
1365 4301 1421 4352 et
1442 4300 1710 4372 praecepti

106 4371 288 4434 Domini
309 4379 670 4451 jussionem,
707 4383 767 4437 et
796 4380 1189 4439 Christianam
1222 4371 1712 4458 praedecessorum

103 4467 376 4524 vestrorum
407 4469 928 4526 consuetudinem.
953 4470 1056 4526 Est
1073 4471 1228 4528 enim
1252 4477 1310 4529 et
1330 4474 1543 4530 divinis
1565 4475 1712 4550 legi-

105 4549 186 4608 bus
210 4561 534 4625 cautum,et
563 4558 766 4632 prisco
795 4560 1152 4616 anteriorum
1187 4562 1516 4636 principum
1550 4549 1712 4624 more

102 4647 310 4713 suetum,
322 4651 386 4702 ut
400 4648 881 4720 quotiescunque
899 4647 958 4704 in
981 4649 1267 4707 catholica
1285 4652 1397 4708 fide
1411 4653 1497 4709 vel
1516 4654 1712 4713 divina

104 4729 328 4802 rrligione
355 4736 647 4809 quiddam
680 4736 815 4792 novi
846 4739 1168 4806 emerserit,
1191 4758 1225 4795 a
1246 4741 1554 4814 principali
1583 4761 1711 4801 sen-

102 4821 243 4877 tentia
267 4825 678 4900 episcOporum
711 4826 1006 4882 consultui
1040 4828 1344 4898 referatur,
1361 4834 1418 4886 et
1439 4834 1594 4904 quod
1619 4851 1710 4890 eo-

105 4921 200 4962 rum
210 4908 892 4987 judicio,Scripturarum
915 4919 1251 4971 sanctarum
1274 4918 1638 4992 auctoritate,
1651 4926 1709 4978 et

104 4995 498 5058 orthodoxorum
516 5003 574 5059 2
588 5001 1010 5074 magistrorum
1025 5003 1490 5079 doctrina,atque
1507 5026 1710 5066 secun-

103 5081 210 5139 dum
225 5091 622 5148 auctoritatem
645 5091 1017 5152 canonicam.
1031 5095 1086 5146 et
1107 5093 1338 5148 decreta
1361 5097 1702 5167 pontificum

105 5169 696 5245 Romanorumﬁhristi
719 5179 820 5235 Dei
853 5181 1034 5236 nostri
1059 5180 1254 5236 vicarii
1277 5186 1333 5237 et
1357 5189 1570 5240 sanctze
1594 5187 1702 5242 Ec-

104 5257 248 5318 clesia
275 5269 549 5340 praesules
583 5267 966 5336 credendum,
991 5270 1377 5342 sequendum,
1412 5277 1468 5329 et
1497 5279 1704 5332 tenen-

105 5347 225 5418 dum,
245 5361 404 5429 atque
434 5356 884 5430 prmdicandum
915 5357 1292 5427 decreverint,
1323 5359 1379 5416 id
1411 5364 1483 5418 ad
1513 5366 1702 5422 omni-

107 5432 186 5490 bus
201 5445 352 5501 corde
373 5446 656 5503 credatur
683 5446 758 5503 ad
783 5445 1100 5517 justitiam,
1123 5463 1221 5502 ore
1251 5451 1598 5508 confiteatur
1627 5457 1698 5511 ad

106 5527 322 5601 alutam,
339 5542 634 5610 sequatur
650 5535 721 5592 ad
745 5535 1127 5603 vocationem,
1152 5541 1421 5594 teneatur
1437 5541 1508 5595 ad
1531 5559 1699 5600 coro-

1763 2888 1811 2952 B
1840 2885 2008 2952 lensi,
2039 2886 2094 2940 in
2127 2887 2262 2942 villa
2283 2905 2409 2960 quae
2439 2889 2652 2944 dicitur
2681 2890 3054 2962 Saponarias,
3074 2898 3206 2949 ante
3233 2894 3480 2952 biduum

1837 2991 2012 3046 quam
2039 2975 2202 3031 vobis
2244 2982 2506 3048 porrecta
2545 2978 2782 3044 fuerint,
2817 2985 2956 3034 sunt
2995 2983 3258 3050 recitata,
3291 2983 3480 3054 profe-

1837 3066 1994 3118 rente
2026 3067 2083 3117 et
2112 3064 2434 3136 deponente
2467 3082 2536 3120 ea
2565 3066 2785 3137 synodo
2807 3067 3022 3123 domno
3047 3068 3309 3142 Remigio
3336 3069 3482 3145 Lug-

1835 3151 2190 3206 dunensium
2241 3153 2680 3226 archiepiscopo
2712 3171 2725 3210 :
2761 3171 2888 3227 quae
2939 3155 3093 3212 sicut
3133 3156 3298 3226 dixit,
3330 3163 3389 3214 et
3418 3159 3480 3216 in

1833 3238 2253 3311 epigrammate
2273 3242 2620 3296 eorumdum
2639 3241 3030 3314 capitulorum
3048 3245 3400 3312 continetur,
3417 3246 3477 3303 in

1833 3327 1941 3384 hoc
1971 3329 2097 3401 ipso
2129 3347 2302 3398 anno,
2327 3330 2386 3385 in
2412 3329 2682 3385 Kalendis
2705 3329 3088 3388 nihilominus
3115 3333 3332 3390 ibidem
3355 3335 3480 3390 des-

1831 3417 1911 3471 cri
1920 3418 2055 3490 ptis,
2081 3423 2138 3473 et
2167 3419 2224 3473 in
2257 3419 2541 3474 suburbio
2576 3419 2903 3492 Lingonica:
2927 3421 3090 3478 urbis
3121 3421 3191 3477 ad
3222 3421 3476 3480 instruc-

1832 3505 2048 3560 tionem
2072 3506 2357 3563 Dominici
2380 3505 2579 3579 populi
2599 3507 2725 3580 ipse
2745 3513 2803 3563 et
2824 3508 2936 3564 sibi
2959 3511 3476 3582 comprovinciales

1830 3594 2099 3667 Episcopi
2132 3595 2460 3651 ediderunt.
2483 3597 2550 3650 Et
2581 3596 2638 3650 in
2668 3597 2925 3652 crastina
2954 3597 3070 3654 alia
3099 3599 3365 3671 quaedam
3387 3617 3478 3656 ca-

1829 3683 2111 3756 pitula,de
2132 3684 2352 3757 quibus
2371 3688 2503 3757 post
2523 3683 2772 3740 locuturi
2796 3703 3024 3758 sumus,
3049 3687 3258 3744 relecto
3281 3689 3471 3745 fuere:

1827 3789 2005 3845 super
2019 3773 2779 3844 quibus,sicutquibusdam
2797 3792 2866 3830 ex
2883 3775 3163 3831 fratribus
3179 3776 3368 3832 visum
3385 3781 3476 3834 est

1826 3862 2218 3932 quorumdam
2242 3879 2452 3918 sensus
2481 3866 2572 3916 est
2603 3867 2820 3917 motus.
2839 3863 2985 3918 Nam
3019 3867 3084 3918 ut
3103 3880 3254 3932 vere,
3278 3870 3336 3920 et
3366 3883 3472 3920 nos

1827 3951 2136 4016 fateamur,
2155 3956 2365 4005 nostrae
2397 3949 2764 4004 conscientia:
2794 3967 2970 4021 super
2997 3951 3222 4022 pridem
3247 3953 3469 4025 capitu-

1824 4037 1918 4106 lis,
1934 4056 2060 4110 qua:
2083 4042 2146 4092 ut
2164 4037 2421 4094 diximus
2439 4037 2740 4110 Remigius
2756 4037 3232 4112 archiepiscopus
3249 4041 3470 4113 synodo

1824 4131 2292 4200 prmsentaverat,
2308 4125 3007 4193 recitatis,catbolicorum
3030 4129 3099 4183 ad
3127 4129 3469 4218 memoriam

1826 4217 2168 4272 reducentes
2218 4217 2521 4272 doctorum
2570 4214 2936 4284 traditiones,
2989 4234 3104 4273 non
3149 4217 3376 4275 modice
3405 4214 3470 4277 se

1823 4309 2266 4361 concusserunt.
2293 4305 2455 4361 Unde
2496 4309 2828 4360 nostrorum
2861 4304 3100 4376 quidam
3134 4306 3268 4362 ﬁdei
3307 4307 3467 4364 Chri-

1821 4394 2026 4450 stiana:
2057 4393 2177 4449 zelo
2209 4391 2474 4449 succensi
2513 4391 2712 4466 aliqua
2747 4394 2970 4465 synodo
2997 4393 3227 4450 voluere
3257 4413 3468 4470 sugge-

1822 4501 1946 4539 rere
1971 4501 1984 4538 :
2010 4483 2110 4538 sed
2145 4486 2337 4538 motus
2361 4481 2542 4538 nostri
2565 4483 2638 4538 ab
2671 4482 2874 4538 eodem
2896 4482 3208 4538 venerabili
3239 4483 3467 4542 archie-

1820 4571 2058 4644 piscopo
2081 4571 2344 4644 Remigio
2367 4569 2850 4644 Lugdunensium
2873 4574 3014 4627 sunt
3033 4571 3295 4630 modeste
3315 4590 3469 4630 com-

1819 4661 1994 4733 positi
2019 4677 2032 4715 :
2057 4678 2123 4715 eo
2145 4659 2554 4715 venerabiliter
2572 4664 2897 4732 perorante,
2917 4664 2982 4716 ut
3001 4659 3050 4716 si
3072 4677 3466 4734 quorumcuna

1818 4766 1932 4821 que
1950 4753 2281 4804 nostrorum
2301 4765 2512 4804 sensus
2527 4748 2599 4804 ab
2615 4747 2836 4804 eisdem
2855 4748 3096 4821 prolatis
3111 4748 3383 4822 capitulis
3403 4751 3463 4809 in

1816 4837 2013 4910 aliquo
2033 4838 2434 4894 dissentiendo
2459 4854 2520 4892 se
2550 4842 2959 4904 commoveret,
2983 4837 3055 4893 ad
3086 4839 3345 4911 proxime
3373 4840 3461 4896 fu-

1817 4932 2009 4982 turam
2043 4928 2331 5000 synodum
2356 4925 2776 4982 catholicorum
2807 4927 2991 4983 libros
3011 4927 3316 4984 doctorum
3339 4929 3462 5000 qui-

1815 5034 1928 5090 que
1949 5017 2171 5072 deferre
2192 5021 2564 5086 curemus,et
2584 5016 2738 5072 sicut
2767 5017 2978 5073 melius
3007 5019 3329 5074 secundum
3361 5034 3457 5073 ca-

1815 5105 1933 5161 tbol
1945 5106 2092 5161 icam
2105 5109 2161 5161 et
2175 5106 2553 5179 apostolicam
2567 5106 2891 5162 doctrinam
2911 5106 2968 5162 in
2983 5123 3290 5163 commune
3307 5105 3456 5162 inve-

1813 5195 2096 5262 nerimus,
2119 5195 2189 5250 de
2210 5199 2414 5251 caztero
2435 5211 2639 5251 omnes
2668 5195 3027 5252 unanimiter
3045 5200 3369 5250 teneamus.
3391 5195 3452 5251 In

1811 5283 1982 5356 cujus
2025 5283 2345 5350 devotione,
2373 5284 2966 5358 coepiscoporumque
3013 5283 3200 5355 ipsius
3244 5283 3452 5342 dicace-

1811 5389 2218 5445 seos,quorum
2239 5373 2415 5428 etiam
2433 5377 2490 5428 et
2505 5379 2638 5429 ante
2655 5373 3079 5430 ordinationem
3096 5376 3350 5429 mentem
3365 5392 3455 5431 ca-

1809 5461 2085 5517 tholicam
2105 5466 2278 5534 atque
2300 5461 2645 5529 doctrinam,
2661 5462 2811 5516 sicut
2831 5465 2888 5515 et
2907 5477 3008 5516 vos
3038 5478 3153 5518 non
3175 5461 3334 5530 latet,
3350 5479 3450 5519 co-

1808 5551 2136 5623 gnovimus,
2153 5556 2437 5624 quantum
2463 5549 2660 5607 sensui
2681 5547 3022 5620 pusillitatis
3042 5556 3252 5607 nostra:
3274 5552 3448 5608 [idem

105 5621 575 5710 μην-κωπίω
595 5625 671 5682 ad
693 5622 950 5680 lucrum.
973 5626 1108 5690 Quae
1129 5624 1422 5698 siquidem
1443 5631 1699 5703 capitula
1728 5623 1776 5689 Ι)
1806 5621 2248 5696 accommodare
2280 5640 2587 5705 audemus,
2620 5637 2990 5710 percepimus
3030 5639 3169 5713 quia
3215 5657 3330 5694 non
3379 5656 3448 5696 ex

105 5698 146 5756 in
167 5718 421 5769 maventu
451 5715 872 5788 episcoporum
901 5713 1100 5770 habito
1134 5713 1192 5768 in
1233 5698 1531 5774 territorio
1555 5721 1692 5778 Tul-

1803 5727 1972 5800 ipsis,
1986 5731 2051 5784 ut
2067 5746 2182 5784 non
2200 5728 2465 5783 dicamus
2482 5743 2585 5799 per
2603 5725 2786 5799 ipsos,
2803 5729 3024 5804 synodo
3039 5728 3296 5804 capitula
3318 5729 3446 5802 ipsa
