4002 6450
489 373 566 439 67

1415 365 1800 432 HINCMARI
1846 362 2300 430 RHEMENSIS
2346 363 2964 432 ARCHIEPISCOPI.

3813 371 3876 433 68

490 507 650 562 fuere
671 501 914 577 prolata.
939 501 1301 576 Quapropter
1320 503 1588 575 quamvis
1608 502 1823 558 blando
1845 501 2015 557 sibilo
2037 517 2136 556 eos
2167 503 2211 566 Α
2249 499 2716 573 colloqueremur
2744 518 3032 571 sermone,
3057 507 3112 558 et
3132 519 3230 558 eos
3253 500 3302 558 si
3324 501 3522 574 aliquo
3553 502 3726 558 modo
3748 503 3879 558 vale-

489 594 726 666 quidam
751 592 1070 647 charaxare
1093 591 1400 648 voluerunt
1419 593 1490 647 de
1510 609 1576 646 eo
1593 593 1747 663 quod
1773 595 2011 647 sanctus
2031 590 2148 645 Cm-

490 683 743 738 lestinus
759 679 1068 752 episcopos
1084 679 1414 735 Gallicanos
1432 679 1696 752 redargui
1709 680 1954 750 t,dicens
1968 679 2140 750 (epist.

490 772 544 842 8)
574 788 625 826 :u
649 768 799 836 Quid
835 767 955 823 illic
981 767 1193 840 inquit,
1219 769 1338 840 spei
1364 772 1471 834 est,
1496 767 1595 822 ubi
1618 767 1917 840 magistris
1951 771 2142 821 tacen-

490 860 646 915 tibus
677 857 739 912 hi
783 856 1128 928 loquuntur,
1163 856 1262 927 qui
1297 855 1344 912 si
1379 855 1460 911 ita
1500 861 1590 911 est
1629 873 1829 910 eorum
1869 854 2140 927 discipuli

489 965 605 1002 non
639 944 922 1000 fuerunt?
944 944 1148 999 Timeo
1171 961 1242 998 ne
1265 944 1533 1000 cohibere
1553 945 1630 1000 sit
1659 944 1768 998 hoc
1796 948 1986 998 tacere
2020 959 2033 996 :
2067 942 2143 996 ti-

488 1052 617 1091 meo
650 1052 721 1088 ne
761 1031 950 1106 magis
985 1032 1096 1104 ipsi
1140 1031 1478 1104 loquantur,
1503 1031 1603 1104 qui
1641 1031 1988 1104 permittunt
2023 1029 2142 1086 illis

487 1124 681 1180 taliter
710 1120 888 1194 loqui.
918 1121 980 1176 In
1011 1120 1230 1176 talibus
1257 1121 1454 1176 causis
1481 1137 1594 1176 non
1623 1124 1781 1176 caret
1809 1118 2142 1192 suspicione

486 1211 880 1278 taciturnitas,
909 1209 1049 1284 quia
1078 1213 1406 1264 occurreret
1432 1209 1646 1264 veritas
1677 1209 1724 1264 si
1757 1207 1984 1264 falsitas
2013 1209 2140 1264 dis-

485 1300 745 1373 pliceret.
770 1298 974 1354 Merito
997 1314 1249 1370 namque
1271 1315 1452 1353 causa
1483 1315 1589 1352 nos
1611 1297 1866 1368 respicit,
1891 1296 1938 1350 si
1971 1296 2142 1351 silen-

487 1390 566 1444 tio
598 1390 894 1444 faveamus
924 1386 1165 1442 errori.»
1193 1386 1308 1442 Nos
1333 1391 1528 1441 tamen
1560 1385 1778 1458 plures,
1804 1386 1902 1457 qui
1936 1401 2137 1440 eorum

485 1482 542 1533 et
574 1477 770 1547 ﬁdem,
794 1481 852 1531 et
904 1476 1254 1542 doctrinam,
1301 1480 1359 1530 et
1418 1476 1785 1548 prudentiam
1847 1475 2134 1542 novimus,

487 1567 684 1622 minus
715 1566 774 1620 in
804 1565 888 1620 eis
931 1564 1046 1620 ista
1087 1564 1463 1618 noscentibus
1503 1564 1852 1618 sententiam
1885 1580 1988 1635 pro
2019 1563 2138 1617 dis-

484 1656 756 1712 sensione
813 1653 1088 1726 baptismi
1151 1655 1225 1708 de
1292 1654 1460 1708 beato
1501 1653 1807 1726 Cypriano,
1855 1669 1888 1707 a
1935 1657 2136 1707 sancto

480 1744 808 1817 Augustino
856 1742 1250 1797 collaudatam
1308 1759 1726 1814 saepenumero,
1757 1741 1816 1795 in
1849 1740 1994 1796 libro
2042 1757 2138 1796 se-

480 1834 672 1888 cundo
721 1833 792 1930 de
843 1831 1140 1904 baptismo
1174 1834 1368 1932 (contr.
1406 1832 1598 1930 ponat.
1633 1833 1772 1929 C.'4)
1806 1830 2054 1929 positam
2085 1831 2134 1885 3
2166 1865 2214 1932 B

480 1919 914 1994 proposuimus.
939 1943 965 1970 ‹‹
989 1919 1290 1984 Quomodo
1340 1919 1518 1985 enim,
1547 1919 1756 1990 inquit,
1783 1918 1973 1990 potuit
2020 1917 2133 1973 ista

479 2029 572 2068 res
593 2010 773 2066 tantis
790 2008 1238 2064 altercationum
1260 2008 1492 2064 nebulis
1513 2008 1774 2063 involuta
1789 2008 1860 2062 ad
1885 2007 2129 2078 pleuarii

480 2098 710 2155 concilii
741 2081 1101 2152 luculentam
1133 2095 1584 2151 illustrationcm
1607 2095 2130 2151 conﬁrmationem-

479 2206 592 2262 que
623 2187 883 2260 perduci,
906 2185 1017 2240 nisi
1052 2186 1241 2258 primo
1266 2185 1493 2240 diutius
1522 2202 1624 2256 per
1654 2185 1813 2240 orbis
1843 2190 2127 2240 terrarum

481 2278 745 2350 regiones
777 2275 981 2330 multis
1012 2273 1147 2329 hinc
1177 2279 1352 2346 atque
1383 2273 1519 2328 hinc
1546 2273 2041 2346 disputationibus
2070 2279 2128 2330 et

479 2364 888 2422 collationibus
909 2362 1314 2436 episcoporum
1347 2365 1636 2434 pertracta
1656 2363 1989 2419 constaret?
2015 2365 2126 2419 lloc

479 2459 675 2511 autem
707 2453 844 2509 facit
873 2453 1096 2508 sanitas
1118 2451 1299 2524 pacis,
1323 2455 1390 2505 ut
1413 2467 1546 2506 cum
1569 2450 1796 2506 diutius
1815 2451 2015 2523 aliqua
2031 2452 2127 2506 ob-

479 2545 742 2601 scuriora
772 2545 1134 2615 quaeruntur,
1160 2545 1218 2595 et
1249 2544 1484 2612 propter
1512 2539 1840 2595 inveniendi
1872 2540 2124 2595 difﬁcul-

478 2637 655 2688 tatem
687 2631 946 2686 diversas
1005 2629 1243 2702 pariunt
1291 2628 1348 2683 in
1401 2628 1652 2682 fraterna
1704 2628 2123 2700 disceptatione

477 2719 822 2790 sententias,
845 2720 1028 2774 donec
1060 2719 1131 2772 ad
1177 2733 1378 2772 verum
1412 2716 1699 2786 liquidum
1735 2716 2120 2788 perveniatur,

478 2809 775 2866 vinculum
814 2810 1152 2880 permaneat
1185 2805 1449 2874 unitatis,
1475 2821 1545 2859 ne
1583 2803 1640 2858 in
1683 2808 1844 2875 parte
1884 2805 2123 2876 princisa

476 2902 777 2955 remaneat
799 2895 1122 2952 insanabile
1141 2895 1356 2950 vulnus
1377 2893 1610 2949 erroris.
1634 2894 1702 2948 Et
1723 2893 1850 2948 ideo
1871 2893 2122 2966 plerum-

473 3005 587 3060 que
617 2986 976 3042 doctioribus
1009 2983 1206 3039 minus
1238 2983 1459 3055 aliquid
1491 2981 1796 3049 revelatur,
1828 2987 1891 3038 ut
1917 3001 2118 3038 eorum

473 3077 702 3148 patiens
739 3079 797 3130 et
827 3073 1068 3128 humilis
1109 3072 1384 3140 charitas,
1408 3072 1467 3126 in
1500 3089 1616 3144 qua
1665 3072 1889 3126 fructus
1935 3073 2122 3143 major

473 3169 580 3231 est,
614 3163 1044 3234 comprobetur,
1077 3161 1163 3216 vel
1211 3161 1504 3232 quomodo
1553 3165 1788 3214 teneant
1835 3161 2116 3214 unitatem

2255 606 2451 644 remus
2483 591 2553 645 ab
2586 589 2695 646 hac
2725 607 2900 663 prava
2929 589 3249 646 intentione
3292 590 3366 645 ad
3416 588 3716 645 catholica:
3768 591 3883 646 ﬁdei

2254 676 2538 733 unitatem
2564 682 2909 751 cooperante
2923 678 3170 735 Domino
3191 695 3614 734 revocaremus.
3631 679 3742 734 Sed
3767 679 3886 752 quia

2252 767 2466 837 partim
2497 767 2982 838 occupationibus
3010 766 3330 840 pmpediti,
3365 767 3581 839 partim
3612 772 3807 822 autem
3837 769 3884 823 in

2251 855 2524 910 fraternis
2569 855 2945 910 suasionibus
2977 857 3176 914 minus
3206 873 3383 928 quam
3425 872 3667 911 necesse
3717 856 3887 911 fuerat

2251 943 2536 1010 obauditi,
2560 962 2660 1000 eos
2680 961 2828 1016 quos
2850 962 3084 1000 monere
3105 943 3508 1018 disposuimus
3531 962 3567 1000 a
3587 962 3695 1000 sua
3715 943 3888 999 inten-

2251 1031 2408 1088 tione
2449 1049 2715 1090 revocare
2755 1033 3126 1106 nequivimus
3161 1051 3174 1088 :
3209 1034 3346 1091 inde
3373 1033 3534 1107 quia,
3567 1033 3726 1090 sicut
3763 1032 3888 1088 dicit

2248 1120 2581 1192 Apostolus,
2611 1121 2979 1190 Quorumdam
3016 1122 3308 1178 hominum
3345 1129 3565 1194 peccata
3607 1123 3887 1193 manifesta

2247 1218 2394 1276 sunt,
2444 1210 2810 1282 prmecdemtia
2864 1209 2934 1265 ad
2975 1211 3286 1283 judicium,-
3334 1211 3596 1284 quosdam
3643 1219 3823 1268 autem
3845 1219 3888 1267 et

2247 1299 2670 1371 subsequuntur.
2701 1299 2972 1355 Similiter
2999 1307 3050 1356 et
3076 1301 3222 1372 facta
3252 1299 3390 1356 bona
3424 1301 3724 1372 manifesta
3750 1308 3884 1366 sunt,

2245 1395 2297 1442 ct
2323 1403 2448 1459 quae
2475 1388 2636 1443 aliter
2663 1405 2720 1442 se
2749 1387 2962 1455 habent,
2994 1388 3252 1444 abscondi
3279 1404 3390 1444 non
3419 1397 3653 1460 possunt
3681 1389 3727 1461 (Ι
3762 1391 3885 1445 Tim.

2247 1494 2300 1543 v,
2333 1479 2423 1542 24,
2454 1478 2567 1545 25),
2592 1478 2734 1531 adeo
2773 1477 3166 1548 quorumdam
3199 1477 3447 1532 excrevit
3483 1477 3800 1545 dissensio,
3830 1482 3886 1532 ut

2247 1563 2368 1620 haec
2398 1565 2763 1621 dissonantia
2792 1567 2864 1620 ad
2895 1570 3146 1621 vestram
3178 1565 3504 1637 perveniret
3531 1565 3888 1632 notitiam,ct

2247 1654 2510 1726 synodali
2535 1655 2786 1720 decreto,
2805 1671 2908 1726 pro
2931 1653 3052 1709 zelo
3077 1655 3210 1709 fidei
3231 1659 3288 1710 et
3307 1653 3716 1710 unanimitatis
3736 1671 3884 1710 amo-

2248 1760 2326 1810 re,
2352 1747 2666 1815 antequam
2697 1742 2818 1798 hmc
2849 1742 3018 1798 nobis
3050 1744 3472 1815 perscrutanda
3497 1743 3886 1799 committere-

2239 1831 2341 1907 ‘tis,
2367 1835 2620 1903 quatuor
2649 1829 2906 1902 capitula
2934 1831 3250 1902 episcopali
3281 1836 3331 1887 4
3361 1830 3714 1887 difﬁnitione
3735 1831 3888 1887 vobis

2245 1921 2313 1974 de
2331 1919 2751 1975 catholicorum
2772 1919 3007 1974 Patrum
3025 1919 3196 1975 dictis
3220 1919 3502 1992 colligi,et
3522 1919 3886 1992 singulorum

2239 2009 2543 2080 exigeretis
2575 2009 2850 2064 manibus
2901 2007 3182 2064 roborari.
3217 2009 3426 2065 Postea
3449 2025 3584 2064 vero
3633 2013 3694 2065 et
3745 2026 3887 2082 quo-

2240 2097 2510 2152 rumdam
2551 2114 2618 2152 ex
2666 2097 2761 2152 his
2793 2097 2893 2168 qui
2942 2097 3162 2152 eisdem
3197 2097 3472 2169 capitulis
3519 2098 3886 2171 subscripse-

2240 2190 2390 2252 rant,
2417 2191 2475 2241 et
2495 2185 2746 2241 aliorum
2770 2187 2947 2240 etiam
2979 2185 3272 2241 intantum
3291 2191 3380 2242 est
3405 2187 3779 2244 accumulata
3799 2204 3887 2243 ve-

2238 2275 2455 2342 cordia,
2469 2279 2535 2329 ut
2555 2291 2796 2330 necesse
2820 2275 2966 2331 foret
2985 2279 3041 2330 et
3053 2275 3340 2346 jussionis
3359 2280 3562 2332 vestrm
3583 2275 3884 2343 instantia,

2235 2369 2293 2418 et
2323 2363 2712 2420 exsecutionis
2742 2368 2954 2419 nostrae
2977 2363 3331 2431 obedientia,
3355 2363 3493 2419 hinc
3515 2381 3718 2420 eorum
3743 2382 3887 2437 quos

2235 2453 2627 2524 praemisimus
2649 2453 2884 2525 scriptis
2905 2456 2964 2508 et
2985 2451 3485 2525 propositionibus
3505 2451 3745 2509 litterali
3763 2453 3881 2510 offi-

2234 2542 2322 2597 cio
2345 2543 2715 2614 respondere.
2735 2542 2889 2598 Inter
2907 2559 3034 2614 qua:
3057 2548 3113 2596 et
3137 2540 3231 2597 his
3252 2540 3687 2614 capitulisque
3713 2542 3880 2598 nobis

2233 2649 2420 2702 nuper
2448 2631 2710 2699 dedistis,
2745 2649 2848 2704 pro
2879 2631 3063 2686 nostri
3097 2629 3373 2702 ingenioli
3407 2631 3748 2703 capacitate,
3772 2632 3878 2687 sub

2233 2720 2525 2775 dubietate
2548 2725 2742 2775 tamen
2767 2719 3204 2792 respondimus:
3223 2719 3362 2791 quia
3383 2735 3498 2774 non
3521 2720 3880 2775 credidimus

2233 2813 2298 2863 ut
2333 2809 2540 2863 fratres
2565 2814 2622 2863 et
2641 2807 2966 2880 coepisc0pi
3001 2807 3182 2862 nostri
3205 2811 3409 2862 contra
3437 2807 3670 2880 regulas
3700 2808 3881 2864 eccle-

2233 2897 2502 2953 siasticas
2531 2897 2839 2952 adversum
2867 2913 2975 2951 nos
3005 2895 3145 2951 talia
3175 2895 3518 2952 debuissent
3550 2897 3880 2952 conscribe-

2230 3004 2290 3042 re
2313 3003 2327 3042 :
2354 2985 2676 3058 przesertim
2701 3002 2834 3040 cum
2859 3002 2974 3040 non
3007 2984 3344 3058 ignorarent
3374 2984 3694 3042 Dominicis
3714 2985 3886 3042 insti-

2227 3075 2552 3130 tutionibus
2585 3079 2642 3131 et
2691 3073 2918 3147 legibus
2965 3079 3166 3129 sancto
3215 3073 3435 3146 Spiritu
3488 3073 3880 3148 promulgatis

2235 3165 2532 3237 praeﬁxum
2565 3180 2714 3232 esse,
2735 3161 2986 3234 qualiter
3016 3162 3062 3218 si
3095 3162 3152 3216 in
3188 3163 3476 3234 saepefatis
3506 3163 3716 3235 capitis
3747 3164 3880 3220 ﬁdei

473 3269 609 3308 cum
641 3251 702 3306 in
743 3251 912 3306 rebus
961 3249 1403 3304 obscurioribus
1436 3247 1664 3302 diversa
1721 3249 2000 3315 sentiunt,
2035 3247 2120 3302 vel
2152 3231 2194 3298 (ἶ
2233 3253 2701 3325 obloqueremur,
2739 3269 2844 3306 nos
2901 3250 3269 3323 compellare,
3320 3255 3377 3306 et
3423 3255 3562 3306 tunc
3611 3253 3881 3325 synodali

479 3339 771 3414 quomodo
801 3337 1090 3410 accipiant
1126 3337 1427 3392 veritatem
1461 3354 1595 3392 cum
1646 3341 1847 3392 contra
1877 3337 1934 3391 id
1966 3337 2120 3408 quod

475 3429 810 3485 sentiebant
839 3426 1196 3482 declaratum
1229 3442 1356 3482 esse
1386 3430 1764 3498 cognoscunt.
1791 3448 1818 3474 »

543 3517 819 3574 Sciebant
859 3533 1114 3588 namque
1152 3514 1329 3570 iidem
1367 3514 1726 3570 venerabiles
1765 3513 2036 3570 catholici
2066 3518 2123 3570 et

469 3607 625 3664 docti
653 3606 782 3676 viri,
811 3605 950 3679 quia
991 3604 1050 3660 in
1097 3604 1302 3660 multis
1347 3603 1682 3676 regionibus
1712 3620 1778 3659 ac
1809 3602 2120 3676 provinciis

471 3699 592 3754 1']th
622 3695 899 3770 pestifera
932 3697 1056 3750 erat
1085 3697 1444 3749 recommota
1473 3693 1759 3748 doctrina.
1791 3693 1860 3748 Et
1892 3693 2018 3747 ideo
2051 3692 2122 3748 si-

467 3787 712 3844 lentium
747 3785 802 3840 in
827 3784 952 3841 suis
975 3783 1287 3855 provinciis
1309 3783 1607 3854 imponere
1631 3786 1751 3836 tam
1776 3781 1942 3837 facile
1964 3782 2120 3838 sicut

463 3880 612 3935 forte
641 3877 910 3948 poterant
939 3872 1254 3929 noluerunt
1283 3871 1487 3940 errori,
1512 3871 1699 3926 donec
1727 3871 1798 3926 ad
1832 3871 2118 3942 plurimo-

464 3947 596 4024 rum
624 3947 888 4020 notitiam
913 3966 1188 4035 perventa
1215 3960 1605 4033 plurimorum
1629 3959 1853 4030 judicio
1877 3959 2118 4032 quaestio

463 4055 791 4128 sopiretur:
829 4051 968 4123 quia
997 4055 1062 4104 ut
1090 4050 1233 4104 dicit
1263 4054 1504 4104 sanctus
1533 4049 1876 4104 leestinus
1907 4049 1965 4104 in
1997 4049 2117 4122 epi-

463 4142 616 4200 stola
645 4141 715 4196 ad
751 4137 1082 4194 Nestorium
1115 4138 1341 4192 directa
1363 4138 1540 4209 (epist.
1562 4139 1598 4191 5
1620 4140 1679 4192 in
1699 4139 1878 4209 ﬁn.),v
1903 4139 2119 4194 Omnes

463 4231 679 4288 debent
707 4243 881 4284 nosse
911 4227 1070 4298 quod
1125 4225 1340 4296 agitur,
1373 4224 1604 4296 quoties
1647 4226 1908 4281 omnium
1941 4243 2119 4282 causa

462 4322 772 4389 tractatur,
791 4339 818 4366 ››
844 4314 1112 4371 videlicet
1141 4318 1207 4368 ut
1237 4331 1371 4369 cum
1391 4313 1656 4370 omnium
1687 4315 1746 4369 in
1777 4317 1953 4372 unius
1987 4333 2116 4389 pro-

464 4407 756 4482 positione
789 4404 964 4462 fuerit
987 4403 1241 4459 difﬁnita
1261 4403 1629 4472 consultatio,
1654 4410 1997 4461 cunctorum
2027 4424 2120 4462 va-

461 4496 579 4552 leat
601 4497 672 4552 ad
697 4511 904 4552 omnes
924 4509 1196 4550 emanare
1227 4491 1460 4548 solutio.
1484 4493 1613 4548 Haec
1635 4495 1838 4550 eadem
1861 4512 2118 4568 namque

463 4585 740 4658 capitula,
767 4584 922 4640 sicut
953 4581 1120 4638 facile
1151 4581 1450 4637 reminisci
1481 4582 1743 4654 potestis,
1769 4589 1902 4639 ante
1932 4585 2116 4640 trien-

463 4674 628 4730 nium
661 4672 921 4729 nobisin
959 4671 1098 4728 villa
1137 4670 1622 4744 Rothomagensis
1660 4672 1959 4746 episcopii,
1982 4691 2109 4746 qua:

463 4761 651 4819 Nielfa
679 4762 912 4827 dicitur,
937 4761 1170 4833 quando
1201 4760 1259 4814 in
1289 4760 1551 4816 excubiis
1573 4765 1773 4816 contra
1801 4762 2110 4818 Nortman-

464 4868 674 4908 norum
696 4851 1130 4906 infestationem
1149 4849 1426 4922 degebam
1437 4867 1524 4916 us,
1541 4851 1650 4905 sub
1671 4849 1839 4906 titulo
1861 4853 2028 4924 quasi
2052 4853 2112 4908 in

461 4939 774 4998 Valentina
795 4939 1017 5012 synodo
1039 4938 1370 5011 conscripta
1399 4938 1635 5005 fuerint,
1659 4957 1811 4995 anno
1838 4940 2110 4997 lncarna-

463 5030 641 5087 tionis
675 5027 990 5086 Dominicze
1022 5029 1146 5096 855,
1181 5029 1290 5082 sub
1323 5028 1597 5084 Lothario
1628 5028 1977 5100 imperatore
2007 5031 2110 5085 dc-

463 5119 656 5188 distis,
690 5123 756 5176 ut
796 5119 867 5174 ad
925 5117 1027 5172 illa
1057 5133 1183 5188 quae
1215 5116 1383 5172 nobis
1439 5116 1774 5172 viderentur
1830 5118 2112 5174 catholico

465 5223 533 5262 ex
562 5209 1014 5264 orthodoxorum
1048 5205 1382 5278 magisterio
1413 5207 1939 5278 responderemus:
1973 5225 2107 5264 cum

465 5295 596 5350 aliis
627 5284 1110 5370 quorum‘cunque
1140 5295 1374 5366 scriptis
1406 5311 1530 5366 qua:
1564 5294 1700 5350 hinc
1741 5297 1812 5350 ad
1855 5301 2107 5352 vestram

466 5383 734 5439 notitiam
757 5402 1066 5455 pervenere
1089 5402 1102 5441 :
1129 5400 1380 5457 quorum
1408 5383 1676 5455 quaedam
1708 5385 1924 5456 scripta
1956 5403 2107 5441 rece-

465 5472 682 5546 pimus,
709 5473 810 5528 sed
849 5490 917 5528 ea
955 5473 1252 5545 publicare
1285 5471 1602 5540 noluimus,
1633 5473 1859 5529 solliciti
1894 5491 2111 5530 servare

465 5563 728 5618 unitatem
757 5562 984 5632 spiritus
1035 5564 1094 5616 in
1143 5562 1362 5617 vinculo
1401 5563 1552 5633 pacis
1583 5563 1738 5634 (Eph.
1772 5581 1846 5630 IV,
1879 5565 1932 5634 3)
1961 5580 1974 5618 :
2008 5564 2109 5618 do-

468 5666 572 5712 nec
603 5666 735 5707 cum
767 5649 852 5706 eis
892 5649 990 5725 qui
1023 5651 1186 5708 vobis
1225 5650 1323 5707 illa
1353 5650 1798 5708 transmiserant
1837 5651 2109 5709 familiari

2222 3342 2448 3413 judicio
2479 3359 2587 3397 nos
2616 3346 2964 3412 nostrasque
2996 3339 3316 3396 sententias
3346 3356 3380 3395 a
3408 3357 3518 3396 sua
3536 3341 3882 3397 debuissent

2229 3431 2639 3487 communione
2669 3427 2992 3500 explodere.
3028 3429 3194 3484 Nunc
3241 3445 3396 3497 vero,
3419 3429 3559 3501 quia
3586 3430 3729 3485 certi
3781 3447 3882 3486 suo

2230 3537 2384 3591 mus,
2401 3520 2570 3591 cujus
2587 3516 2991 3589 compositioni
3013 3517 3293 3573 debemus
3310 3517 3380 3574 de
3401 3518 3879 3590 saepenominatis

2229 3601 2655 3682 quaestionibus
2676 3607 3044 3679 respondere,
3068 3606 3310 3662 servatis
3341 3605 3693 3663 relationum
3715 3609 3884 3665 abso-

2228 3697 2554 3754 lutionibus
2585 3701 2788 3752 contra
2816 3713 2914 3751 eos
2945 3695 3162 3768 quibus
3193 3713 3228 3750 a
3257 3699 3449 3750 vestra
3476 3695 3881 3754 dominatione

2229 3805 2331 3860 pro
2361 3785 2633 3858 imposito
2667 3785 2834 3841 nobis
2864 3784 3186 3840 ministerio
3209 3783 3367 3856 jussi
3397 3801 3606 3840 sumus
3635 3786 3880 3843 reddere

2229 3875 2534 3944 rationem,
2559 3879 2764 3930 contra
2791 3873 2912 3928 hzec
2945 3878 3174 3928 tantum
3198 3873 3472 3946 capitula,
3498 3878 3788 3945 quantum
3809 3892 3882 3931 ex

2228 3964 2398 4022 nobis
2426 3967 2515 4020 est
2543 3980 2676 4019 cum
2699 3962 2974 4018 omnibus
3004 3979 3206 4034 pacem
3229 3961 3530 4030 habentes,
3554 3979 3622 4018 ex
3642 3969 3880 4020 sancta-

2228 4071 2356 4110 rum
2387 4053 2820 4125 Scripturarum
2848 4050 3213 4118 auctoritate,
3237 4055 3294 4106 et
3314 4050 3736 4108 catholicorum
3770 4053 3879 4111 Pa-

2226 4147 2384 4200 trum
2415 4141 2739 4209 sententiis,
2765 4139 3110 4212 simpliciter
3131 4140 3480 4212 respondere
3498 4141 3874 4213 curabimus;

2226 4237 2291 4288 ut
2319 4231 2411 4287 cui
2447 4232 2592 4286 forte
2622 4230 2820 4285 omnia
2857 4229 2958 4284 illa
2996 4228 3184 4301 legere
3214 4247 3330 4285 non
3359 4229 3588 4286 licuerit
3617 4230 3708 4287 vel
3755 4250 3876 4289 non

2225 4321 2485 4388 libuerit,
2498 4319 2591 4375 hic
2613 4319 3056 4392 compendiosas
3075 4335 3179 4390 pro
3197 4322 3309 4374 tem
3319 4335 3455 4392 pore
3474 4319 3875 4392 capitulorum

2225 4407 2634 4479 responsiones
2653 4405 2909 4461 inveniat
2937 4423 2949 4461 :
2975 4422 3121 4478 quas
3145 4405 3352 4461 furatis
3382 4405 3606 4464 horulis
3629 4425 3664 4464 a
3684 4409 3875 4466 diver-

2225 4497 2308 4554 sis
2338 4495 2786 4567 occupationum
2819 4493 3302 4562 distensionibus,
3319 4494 3419 4566 qui
3443 4495 3873 4568 cogitationum

2147 4601 2194 4666 D
2225 4587 2398 4643 ferias
2427 4603 2544 4641 non
2576 4584 2882 4652 habemus,
2908 4583 3062 4639 sicut
3092 4583 3162 4638 de
3192 4583 3498 4640 sententiis
3529 4589 3870 4644 sanctorum

2222 4679 2457 4734 Patrum
2507 4674 2862 4746 accepimus,
2895 4689 2967 4728 ne
3015 4677 3246 4745 torpore
3276 4672 3363 4730 vel
3413 4673 3811 4732 inobedientia
3839 4694 3875 4732 a

2219 4768 2410 4820 vestra
2439 4763 2852 4817 denotaremur
2882 4760 3211 4816 Christiana
3241 4760 3562 4830 devotione,
3593 4765 3875 4820 commit-

2221 4859 2339 4909 tere
2384 4849 2678 4907 schedulis
2727 4848 3110 4906 tumultuario
3165 4866 3434 4906 sermone
3478 4851 3866 4910 studuimus:

2221 4940 2497 5014 quoniam
2532 4940 2588 4994 in
2621 4939 2872 5011 praefatis
2918 4937 3300 4994 relationibus
3342 4939 3634 5011 provocati
3665 4941 3869 4998 multi-

2221 5031 2472 5104 plicibus
2529 5027 2946 5100 multiplicium
3005 5027 3402 5097 illationibus,
3467 5027 3872 5101 multipliciter

2221 5118 2762 5191 multiplicibusque
2805 5115 3233 5185 collationibus,
3260 5135 3374 5172 non
3407 5117 3534 5172 sine
3565 5115 3721 5173 sicut
3751 5119 3869 5174 sci-

2219 5225 2353 5264 mus
2383 5212 2441 5262 et
2471 5207 2819 5262 confitemur
2849 5205 3082 5260 lectoris
3115 5205 3303 5273 taedio,
3326 5222 3505 5261 sensu
3536 5205 3636 5261 sed
3669 5211 3866 5264 tamen

2219 5295 2524 5362 catholico,
2544 5295 2602 5349 in
2625 5294 2814 5349 tribus
2835 5293 3000 5348 libris
3029 5293 3306 5349 lacinioso
3329 5311 3597 5350 sermone
3627 5311 3867 5366 respon-

2219 5388 2354 5442 dere
2386 5383 2730 5456 satagimus.
2757 5383 2868 5437 Sed
2900 5381 2959 5436 in
2981 5381 3090 5438 hoc
3117 5383 3368 5438 maxime
3388 5381 3642 5454 benigno
3663 5382 3868 5440 lectori

2221 5492 2326 5530 nos
2357 5473 2691 5528 satisfacere
2731 5475 3132 5539 autumamus,
3162 5471 3300 5544 quia
3337 5470 3706 5544 singulorum
3738 5473 3868 5529 sin-

2219 5563 2387 5637 gulas
2419 5577 2649 5632 semper
2687 5564 2966 5631 ponentes
3003 5561 3345 5630 sententias,
3375 5559 3755 5634 singulariter
3793 5562 3866 5618 ad

2219 5651 2446 5725 objecta
2474 5653 2530 5705 et
2559 5647 2889 5704 resistentia
2922 5648 3054 5705 ﬁdei
3105 5649 3453 5725 respondere
3501 5649 3864 5712 studuimus.
