4002 6456
150 421 214 482 73
810 420 914 480 DE
956 419 1714 487 PREDESTINATIONE
1755 425 2278 488 DISSEBTATIO
2319 426 2783 488 POSTERIOR.
3415 431 3504 490 ἠ’

150 567 236 612 nos
249 550 443 626 quippe
461 549 546 607 vel
570 551 884 623 pradicare
915 552 1271 626 suggillatis,
1285 555 1423 626 quia
1451 571 1586 612 cum
1616 556 1743 629 lege
1768 557 1827 627 Α
1853 561 1943 614 est
1977 557 2038 614 in
2065 575 2184 615 uno
2214 556 2363 615 libro
2412 575 2779 632 responsum,
2814 559 3135 618 monachus
3173 560 3284 618 fuit
3329 562 3498 636 Syra-

147 643 228 702 Dei
252 647 302 698 et
341 638 654 713 praphetis,
687 657 825 696 cum
871 642 1184 715 Evangelio
1231 643 1445 700 Christi
1496 647 1744 718 ejusque
1851 663 2128 714 cusanus,
2163 646 2271 702 iste
2321 652 2515 704 autem
2567 647 2821 704 llilurius
2877 649 3098 704 exstitit
3139 649 3494 710 Arelatensis

148 728 399 804 apostolis,
413 729 984 801 predestinationem
1015 731 1288 800 dicimus,
1313 749 1380 788 eo
1410 735 1562 806 quod
1588 734 1744 792 Deus
1849 733 2178 808 episcopus,
2197 737 2290 792 cui
2314 736 2492 792 simul
2523 753 2658 806 cum
2699 737 2979 810 Prospero
3015 737 3127 794 isto
3159 754 3307 810 quos
3334 756 3494 797 nunc

148 781 984 804 -'r"""'rr"‘—"'"—"""'""
1018 781 1288 800 —-~-----~r
1316 781 1376 788 --
1412 781 1562 806 1-vr-
1588 781 1743 792 -ν--ν
1850 781 2178 808 νιν-υννιοευνι
2198 781 2290 792 νει·
2314 781 2492 792 νισι-*υ
2524 781 2658 806 νει-ξ·-
2699 781 2722 792 -
2742 781 2978 810 ’νυιινιυ
3015 781 3126 794 ’νιν
3160 781 3307 810 ἰν-νυ
3336 781 3492 797 διν-ων

73 781 102 918 Ι
145 819 388 894 quosdam
415 817 723 876 hominum
753 818 839 875 sic
866 819 1241 892 praedestinet
1267 822 1340 877 ad
1368 821 1546 878 vitam
1577 823 1742 896 regni
1850 841 2249 882 memoramus
2269 825 2450 882 libros
2473 825 2868 899 rescripsit.Si
2889 827 3026 900 quis
3046 832 3245 884 tamen
3257 830 3492 886 eosdem

144 909 396 976 calorum,
417 912 482 964 ut
507 907 559 963 si
589 908 638 964 ο
669 906 859 964 nolint
906 925 1070 966 orare
1117 913 1176 965 et
1207 909 1498 981 jejunare,
1532 915 1635 966 aut
1679 911 1743 967 in
1847 913 2031 971 libros
2060 932 2175 971 non
2216 916 2620 985 habet,videat
2665 917 2727 972 in
2775 916 3113 974 collectione
3146 916 3495 976 venerabilis

143 997 270 1056 omni
297 1011 456 1070 opere
487 996 684 1052 divino
712 995 919 1070 vigiles
956 1013 1106 1064 esse,
1140 1015 1239 1055 eos
1285 998 1522 1055 omnino
1554 1000 1742 1072 perire
1857 1005 1952 1060 I0
1975 1005 2140 1059 Bedae
2187 1005 2508 1079 presbyteri
2540 1006 2612 1061 de
2637 1006 2940 1078 opusculis
2969 1007 3159 1064 sancti
3183 1002 3496 1081 Augustini

145 1105 235 1146 non
259 1102 431 1158 posse.
451 1107 482 1135 ››
513 1085 584 1141 Et
610 1084 786 1158 paulo
817 1093 986 1158 post:
1019 1109 1048 1137 «
1077 1087 1203 1142 Non
1236 1087 1522 1144 miramur
1549 1105 1648 1144 vos
1669 1089 1741 1145 de
1849 1108 2028 1164 super
2055 1093 2406 1166 apostolum,
2430 1099 2489 1150 et
2519 1095 2598 1151 ibi
2630 1093 2854 1152 discere
2883 1097 3098 1169 poterit
3140 1095 3296 1169 quod
3323 1097 3504 1154 antea

143 1175 297 1243 nobis,
325 1175 379 1230 id
407 1178 498 1231 est
543 1173 816 1230 homines
862 1174 934 1231 de
979 1173 1342 1243 hominibus,
1375 1176 1523 1233 falsa
1568 1194 1740 1250 posse
1848 1178 2155 1253 ignoravit.
2189 1182 2387 1238 Sancti
2420 1181 2804 1239 nihilominus
2832 1184 3089 1258 episcopi
3116 1184 3320 1241 Africa
3355 1199 3498 1258 pro-

142 1265 442 1339 conﬁngere,
473 1280 612 1320 cum
641 1264 946 1321 videamus
973 1282 1076 1323 vos
1123 1266 1209 1322 sic
1259 1282 1294 1322 a
1331 1267 1562 1324 diabolo
1611 1283 1741 1324 esse
1845 1269 2048 1325 vinciae
2105 1270 2188 1326 ita
2240 1271 2580 1328 eorumdem
2627 1271 2912 1328 librorum
2961 1272 3022 1329 in
3070 1272 3350 1346 synodica
3387 1287 3498 1330 sua

139 1353 426 1422 fascinatos,
457 1358 528 1409 ut
572 1351 906 1424 Scripturas
963 1357 1197 1411 sanctas
1245 1359 1302 1411 et
1345 1355 1630 1413 veridicae
1666 1356 1740 1412 ad
1847 1357 2096 1430 epistola
2124 1359 2350 1416 faciunt
2376 1361 2735 1418 mentionem
2783 1361 3077 1419 dicentes:
3111 1384 3140 1413 ‹‹
3167 1359 3269 1419 Dei
3309 1363 3499 1436 gratia

139 1442 406 1500 voluntatis
433 1447 639 1500 vestra
669 1441 1030 1500 intellectum
1053 1447 1281 1500 mutare
1301 1444 1593 1516 nitamini,
1618 1467 1647 1498 ››
1681 1450 1740 1503 et
1848 1445 2172 1519 plurimum
2213 1448 2636 1521 amplectendis
2684 1450 2903 1507 sanctis
2951 1449 3253 1523 fratribus,
3281 1450 3496 1508 Joanni

1847 1536 2184 1609 presbytero
2229 1541 2287 1593 et
2325 1537 2820 1606 archimandritas,
2851 1543 2908 1595 et
2950 1539 3197 1596 Venerio
3227 1535 3496 1609 diacono,

1847 1629 1906 1681 et
1935 1625 2208 1683 ﬁdelibus
2235 1625 2378 1683 viris
2422 1644 2674 1700 quorum
2719 1627 2778 1684 in
2825 1633 3015 1686 vestra
3061 1627 3308 1702 epistola
3354 1627 3497 1686 sub-

1846 1715 2084 1786 scriptio
2110 1715 2462 1784 continetur,
2482 1716 2798 1786 'Datianus,
2820 1717 3192 1788 Fortunatus,
3216 1713 3493 1786 Boethus,

1844 1803 2059 1871 Victor,
2083 1803 2501 1874 Scholasticus,
2531 1805 2830 1872 Orontius,
2851 1805 3254 1874 Vindicianus,
3273 1804 3493 1873 Victor,

1843 1891 2182 1961 Januarius,
2214 1891 2608 1961 Victorianus,
2640 1893 2903 1962 Pontius,
2935 1893 3393 1962 Quodvultdeus,
3415 1894 3496 1951 fa-

1847 1980 1993 2035 muli
2023 1980 2239 2036 Christi
2279 1979 2338 2035 in
2385 1981 2630 2038 Domino
2662 1981 2934 2038 salutem.
2965 1981 3035 2038 Et
3059 1982 3118 2038 in
3167 1983 3370 2038 eadem
3419 1981 3493 2038 ad

1845 2067 2040 2124 locum
2075 2085 2089 2124 :
2121 2089 2150 2120 «
2185 2069 2390 2125 Libros
2421 2069 2608 2126 sancti
2637 2069 3136 2143 Augustini,quos
3165 2071 3240 2127 ad
3262 2070 3498 2144 Prospe-

1847 2175 1978 2214 rum
2036 2161 2094 2214 et
2151 2157 2434 2214 Hilarium
2492 2157 2748 2231 scripsit,
2810 2159 3152 2215 memoratis
3213 2159 3498 2218 fratribus

1847 2245 2124 2320 legendos
2152 2245 2398 2320 ingerite
2430 2263 2443 2303 :
2477 2263 2728 2319 quorum
2760 2247 3118 2305 mentionem
3156 2249 3336 2305 beatas
3368 2263 3498 2306 ms«-

1847 2336 2044 2393 moria:
2063 2335 2392 2404 Hormisda,
2407 2336 2564 2392 sedis
2587 2336 2916 2409 apostolica:
2935 2335 3230 2410 gloriosus
3249 2336 3498 2394 antistes

1848 2424 1908 2480 in
1939 2424 2204 2498 epistola,
2237 2441 2416 2497 quam
2439 2425 2766 2481 consulenti
2799 2441 2862 2482 se
2881 2430 3083 2482 sancto
3105 2426 3268 2482 fratri
3288 2442 3497 2484 censa-

1847 2514 2184 2586 cerdotiquo
2217 2518 2416 2570 nostro
2447 2514 2772 2570 Possessori
2813 2514 3066 2588 scripsit,
3099 2531 3234 2572 cum
3281 2529 3496 2588 magno

1848 2602 2134 2675 praeconio
2187 2602 2486 2660 catholicas
2562 2603 2754 2660 laudis
2823 2603 3097 2674 inseruit;
3149 2605 3320 2677 cujus
3375 2604 3498 2662 haec

1845 2691 2023 2747 verba
2052 2695 2194 2748 sunt
2223 2693 2402 2763 (epist.
2437 2692 2606 2763 van)
2639 2692 2760 2748 :De
2790 2692 3032 2749 arbitrio
3079 2696 3275 2749 tamen
3315 2691 3496 2750 libero

1848 2785 1905 2836 ct
1927 2781 2115 2853 gratia
2144 2779 2245 2836 Dei
2269 2781 2409 2852 quid
2431 2781 2714 2850 Romana,
2731 2781 2838 2838 hoc
2867 2786 2958 2837 est
2975 2781 3265 2839 catholica
3291 2796 3499 2855 sequa-

1849 2873 1948 2924 tur
1973 2872 2031 2924 et
2077 2871 2267 2924 servet
2312 2867 2588 2937 Ecclesia,
2622 2869 2758 2925 licet
2803 2870 2865 2924 in
2913 2869 3090 2926 variis
3133 2869 3300 2926 libris
3340 2869 3494 2926 beati

1847 2957 2182 3030 Augustini,
2213 2960 2271 3012 et
2300 2957 2554 3012 maxime
2585 2957 2656 3013 ad
2709 2956 2993 3012 Hilarium
3040 2962 3100 3014 et
3145 2958 3494 3030 Prosperum

1851 3045 2084 3103 abunde
2103 3045 2292 3118 possit
2313 3045 2547 3119 agnosci
2561 3049 2782 3114 ,tamen
2806 3050 2865 3100 et
2890 3045 2951 3101 in
2975 3045 3210 3102 scriniis
3231 3045 3500 3103 ecclesia-

127 3158 148 3182 α
177 3135 285 3192 liae
317 3152 494 3210 opera
543 3139 846 3209 nongenta
888 3139 947 3190 et
991 3134 1104 3190 tria
1150 3134 1210 3189 in
1254 3133 1422 3190 libris
1475 3132 1744 3189 ducentis
1851 3132 2016 3196 sticis
2046 3151 2321 3207 expressa
2348 3133 2605 3207 capitula
2631 3134 3024 3191 continentur.
3044 3155 3073 3186 ιδ
3105 3135 3176 3191 Et
3203 3133 3262 3191 in
3290 3135 3497 3192 eadem

129 3223 329 3298 triginta
355 3226 593 3282 duobus
628 3241 726 3281 me
773 3223 1028 3281 dictasse
1073 3222 1311 3290 rccolui,
1341 3223 1573 3296 quando
1622 3223 1744 3278 haec
1785 3293 1816 3299 _
1853 3221 2102 3296 epistola
2132 3223 2354 3297 praefati
2375 3223 2563 3280 sancti
2584 3223 2840 3297 episcopi
2861 3223 2990 3297 ipsa
3009 3224 3162 3281 beati
3184 3223 3499 3299 Augustini

129 3293 415 3383 retractavi,
445 3319 655 3371 utrum
685 3311 918 3386 aliquos
947 3311 1139 3369 adhuc
1177 3293 1377 3369 essem
1416 3311 1744 3369 dictaturus
1774 3293 1819 3361 ο
1854 3293 2030 3369 verba
2050 3293 2478 3385 desupradicto
2498 3293 2988 3386 Hypomnesticon
3011 3312 3160 3370 libro
3181 3328 3250 3370 ex
3267 3293 3503 3387 respon-

141 1531 326 1606 rcliqua
348 1549 472 1606 qua:
497 1531 717 1589 diserte
747 1531 1140 1610 prosequitur.

191 1621 390 1694 Dequo
433 1620 706 1678 videlicet
751 1621 1244 1695 Hypomnesticon
1294 1622 1463 1695 libro,
1497 1623 1736 1697 quidam

138 1715 453 1768 contendunt
474 1711 632 1782 quod
655 1727 792 1767 eum
809 1715 1050 1768 sanctus
1061 1712 1427 1786 Augustinus
1449 1729 1562 1769 non
1587 1730 1741 1769 com-

137 1801 370 1874 posuerit,
386 1799 670 1873 quoniam
689 1799 923 1857 illorum
945 1801 1241 1857 erroribus
1261 1801 1739 1860 manifestissime

136 1888 434 1946 contradicit
465 1906 481 1946 :
512 1888 776 1946 dicentes
813 1889 952 1962 quia
996 1894 1236 1946 sanctus
1273 1891 1604 1963 episcopus,
1635 1891 1737 1964 qui

136 1978 358 2034 omnium
376 1977 664 2034 librorum
683 1976 843 2035 illius
862 1978 1103 2034 nomina
1117 1979 1176 2034 in
1197 1979 1387 2035 indice
1409 1980 1740 2052 conscripta

137 2065 248 2122 Vita
288 2066 466 2140 ipsius
527 2067 918 2139 subjunxerit,
951 2066 1120 2123 illum
1178 2085 1296 2124 non
1353 2069 1734 2125 adnotaverit.

135 2155 266 2212 Unde
287 2156 588 2214 sciendum
619 2159 733 2222 est,
745 2155 886 2228 quia
911 2155 1110 2228 plures
1138 2155 1300 2213 illius
1334 2157 1516 2214 libros
1558 2157 1737 2213 habe-

134 2261 258 2313 mus,
283 2245 376 2318 qui
404 2245 466 2302 in
496 2245 707 2302 eodem
755 2245 1013 2302 indiculo
1054 2262 1171 2302 non
1217 2246 1509 2302 habentur
1538 2263 1551 2303 :
1585 2245 1740 2302 sicut

131 2341 200 2392 est
222 2336 284 2392 de
309 2333 631 2408 Disciplina
657 2333 1010 2404 Christiana,
1043 2338 1281 2408 excepto
1302 2334 1477 2391 etiam
1504 2333 1605 2390 illo
1636 2334 1738 2407 qui

132 2423 357 2482 titulatur
373 2424 442 2480 de
466 2422 751 2480 Doctrina
769 2422 1121 2480 Christiana.
1136 2424 1247 2480 Sed
1269 2427 1326 2480 et
1343 2424 1414 2480 de
1437 2423 1738 2480 Przedesti-

129 2514 324 2570 mﬁone
347 2514 576 2587 gratiae,
593 2517 655 2570 et
683 2513 756 2568 de
784 2512 1116 2570 Haeresibus
1147 2513 1220 2568 ad
1268 2511 1738 2580 Quodvultdeum

129 2601 420 2674 diaconum,
450 2605 515 2658 et
560 2602 634 2658 de
679 2601 908 2658 unitate
953 2600 1282 2673 Trinitatis,
1305 2605 1364 2658 et
1409 2601 1625 2657 librum
1669 2601 1740 2656 de

130 2689 452 2764 Pcaitentia,
465 2706 649 2764 quem
671 2695 1096 2747 commemorat
1114 2690 1172 2746 in
1208 2689 1454 2763 epistola
1483 2691 1555 2746 ad
1586 2690 1740 2746 Con-

128 2779 344 2836 centium
371 2779 738 2837 monachum
767 2780 948 2852 (epist.
982 2780 1105 2847 146,
1125 2779 1236 2834 sub
1265 2779 1413 2851 ﬁn.),
1436 2784 1494 2835 et
1521 2778 1740 2835 librum

126 2867 206 2944 qui
231 2868 492 2926 titulatur
519 2868 595 2925 de
625 2865 834 2924 Verbis
863 2866 1118 2935 Domini,
1150 2871 1208 2924 et
1236 2866 1382 2924 alios
1407 2885 1556 2940 quos
1577 2883 1742 2923 com-

128 2973 408 3014 memorare
451 2956 830 3031 superﬂuum
875 2956 1150 3013 ducimus
1183 2972 1196 3011 :
1227 2973 1363 3012 cum
1409 2955 1566 3011 idem
1615 2955 1742 3028 ipse

126 3049 330 3103 sanctus
353 3046 728 3121 Augustinus
758 3045 818 3102 in
846 3045 964 3102 ﬁne
1001 3044 1499 3101 Retractationum
1535 3043 1692 3100 dicat
1721 3058 1740 3100 :

129 3401 387 3473 ignorans.
415 3405 616 3475 Atque
664 3402 858 3474 ipsam
913 3417 1118 3457 eorum
1170 3401 1643 3458 retractationem
1687 3401 1748 3456 in

129 3489 266 3547 libris
289 3493 526 3549 duobus
556 3489 1092 3563 edidi,urgentibus
1122 3489 1748 3562 fratribus,antequam

131 3580 368 3652 epistolas
385 3587 572 3655 atque
591 3595 897 3637 sermones
913 3579 987 3635 ad
1009 3578 1465 3653 populum,alios
1477 3578 1745 3647 dictatos,

129 3667 247 3726 alios
270 3687 302 3726 a
327 3687 420 3727 me
450 3668 672 3737 dictos,
704 3670 1020 3724 retractare
1049 3667 1423 3739 coepissem.»
1447 3667 1517 3723 Et
1559 3666 1748 3722 isdem

131 3763 335 3815 sanctus
387 3759 732 3832 episcopus,
781 3755 884 3828 qui
936 3756 1189 3811 indicem
1246 3755 1532 3811 librorum
1591 3753 1750 3811 illius

128 3846 226 3903 sive
249 3848 631 3922 epistularum
662 3844 1107 3918 conscripsit,iu
1129 3847 1244 3902 fine
1271 3844 1459 3918 ipsius
1507 3843 1749 3900 indiculi

129 3935 414 4008 subiungat
441 3935 655 3992 dicens
689 3951 703 3990 :
745 3955 767 3984 ιι
808 3932 999 4000 Fiunt,
1023 3932 1235 4004 inquit,
1250 3931 1427 3988 simul
1448 3948 1597 4004 quos
1628 3947 1749 3986 me-

127 4030 358 4083 lucratus
381 4028 634 4083 sanctus
661 4023 1026 4097 Augustinus
1047 4022 1265 4095 Spiritu
1289 4021 1482 4078 divino
1503 4025 1668 4078 actus
1689 4021 1750 4077 in

131 4121 300 4171 sancta
321 4114 588 4172 Ecclesia
617 4111 908 4170 catholica
936 4112 1009 4168 ad
1037 4111 1484 4168 instructionem
1523 4111 1748 4166 anima-

128 4217 235 4258 rum
260 4204 390 4260 fecit
417 4203 631 4270 libros,
663 4205 970 4266 tractatus,
1006 4199 1305 4273 epistolas,
1340 4199 1499 4257 mille
1545 4203 1602 4256 et
1641 4197 1748 4254 tri-

129 4291 279 4361 ginta,
305 4297 550 4367 excepto
581 4289 684 4364 qui
714 4288 1013 4347 numerari
1044 4306 1160 4346 non
1192 4293 1457 4362 possunt,
1479 4287 1618 4361 quia
1644 4303 1749 4346 nec

129 4394 400 4438 numerum
422 4379 764 4454 designavit
783 4378 1107 4452 ipsorum.»
1127 4377 1254 4452 Ipse
1271 4381 1512 4433 sanctus
1533 4376 1752 4450 episco-

128 4483 233 4538 pus,
259 4471 354 4543 qui
380 4471 488 4528 illa
517 4466 860 4540 descripsit,
877 4465 1173 4524 numerari
1205 4483 1321 4522 non
1352 4482 1522 4539 posse
1543 4469 1752 4521 tracta-

126 4561 204 4614 tus
224 4563 278 4616 et
302 4558 592 4634 epistolas
619 4555 782 4614 illius
811 4555 975 4624 dixit,
1009 4559 1068 4613 et
1098 4554 1341 4628 quidam
1372 4554 1638 4610 omnium
1684 4552 1752 4608 lio

1857 3401 2022 3458 sione
2053 3401 2234 3458 tertia:
2261 3401 2600 3474 quaestionis
2631 3403 2703 3458 ad
2733 3401 3112 3460 revincendos
3134 3406 3362 3476 ponunt
3381 3402 3501 3458 lus-3

1859 3490 2089 3547 reticos.
2137 3494 2206 3546 Et
2261 3491 2387 3564 ipse
2443 3492 2651 3549 beatus
2702 3493 3070 3566 Augustinus
3120 3491 3180 3548 in
3235 3491 3385 3548 libro
3427 3489 3502 3548 ad

1857 3580 2177 3638 Dulcitium
2226 3580 2297 3636 de
2344 3584 2472 3636 octo
2517 3580 2960 3653 quaestionibus,
2993 3597 3142 3654 quas
3187 3579 3241 3637 ei
3285 3580 3502 3652 scripto

1858 3669 2030 3727 solvit
2059 3673 2351 3725 revertens
2380 3686 2415 3725 a
2443 3661 2812 3743 Carthagine,
2834 3683 3302 3727 commemorans
3321 3665 3503 3726 libros

1857 3775 2000 3816 suos
2027 3757 2088 3814 in
2119 3757 2333 3830 quibus
2361 3759 2433 3813 de
2462 3757 2684 3814 eisdem
2717 3758 3140 3830 quaestionibus
3164 3758 3500 3831 scripserat,

1859 3849 1942 3904 ita
1990 3847 2060 3903 ad
2109 3848 2287 3902 finem
2337 3845 2525 3918 ipsius
2569 3847 2761 3918 operis
2807 3847 2878 3902 de
2926 3847 3130 3902 eodem
3171 3847 3498 3920 Hypomne-

1858 3936 2046 3994 sticon
2079 3933 2226 3990 libro
2257 3937 2678 3990 commemorat
2709 3933 2909 3988 dicens
2943 3949 2956 3988 :
2991 3954 3019 3983 «
3049 3931 3275 3989 Addere
3321 3931 3500 3987 etiam

1857 4026 1967 4082 hoc
1987 4041 2166 4097 quam
2197 4022 2450 4078 maxime
2480 4021 2616 4078 huic
2639 4021 2796 4095 operi
2838 4024 3081 4094 oportet,
3096 4025 3163 4078 ut
3187 4025 3380 4078 vestra
3403 4035 3504 4076 ca-

1857 4113 2297 4185 lumnia,quam
2331 4111 2501 4167 nobis
2522 4111 2773 4182 objicere
2802 4108 3025 4181 soletis,
3057 4126 3160 4182 per
3206 4107 3502 4165 illumina-

1857 4203 2076 4259 tionem
2099 4201 2297 4275 gratia:
2318 4199 2635 4257 Salvatoris
2652 4198 3124 4268 revincatur,imo
3147 4197 3502 4268 confutetur,

1857 4296 1916 4348 et
1931 4297 2141 4348 nostris
2165 4290 2299 4345 ﬁdei
2347 4288 2649 4361 integritas
2677 4288 3108 4361 comprobetur.
3123 4288 3368 4344 Credere
3397 4303 3504 4344 nos

1858 4380 2074 4454 quippe
2101 4379 2188 4436 vel
2211 4377 2523 4452 praedicam
2553 4375 2904 4450 suggillatis,
2924 4375 3064 4450 quia
3089 4393 3225 4433 cum
3255 4375 3381 4450 lege
3401 4374 3506 4432 Dei

1858 4474 1916 4526 et
1936 4468 2402 4542 prophetis,cum
2433 4465 2742 4539 Evangelio
2761 4465 2976 4522 Christi
3005 4467 3251 4539 ejusque
3270 4469 3506 4538 apostoa

1857 4557 1930 4614 lis
1959 4556 2527 4630 praedestinationem
2557 4554 2828 4623 dicimus,
2861 4577 2890 4606 ››
2921 4559 2979 4612 et
3017 4554 3245 4629 reliqua
3267 4571 3395 4629 qum
3423 4551 3508 4612 ibi

125 4644 330 4705 brorum
356 4649 482 4707 sive
509 4644 902 4720 epistularum
933 4645 1062 4718 ejus
1093 4659 1404 4701 numerum
1432 4641 1751 4716 diligentis.
1779 4663 1827 4730 Β
1858 4646 2042 4703 lector
2069 4664 2138 4703 ex
2161 4645 2389 4718 integro
2415 4661 2549 4700 cum
2585 4648 2749 4700 sexta
2769 4643 3109 4717 quaestionis
3129 4643 3416 4702 solutione
3435 4643 3509 4701 de

125 4733 248 4794 sime
289 4737 348 4794 in
393 4737 514 4796 ﬁne
565 4733 762 4810 ipsius
810 4734 1125 4806 Scriptura:
1171 4733 1444 4790 eumdem
1479 4736 1750 4788 sanctum

127 4824 432 4900 episcopum
463 4824 852 4898 subjunxisse
879 4826 1169 4880 testantur
1198 4839 1212 4879 :
1246 4839 1382 4879 cum
1431 4821 1660 4894 possint
1695 4824 1755 4878 et

129 4911 222 4984 ipsi
262 4917 450 4974 videre
497 4916 564 4972 in
607 4913 816 4971 eodem
865 4910 1124 4969 indiculo
1170 4911 1220 4968 si
1261 4909 1577 4983 conscripti
1616 4915 1756 4967 sunt

131 4999 242 5058 libri
267 5005 358 5061 isti
400 5006 474 5062 de
527 4999 1048 5062 Praedestinatione
1093 5005 1454 5067 sanctorum,
1488 5016 1555 5055 ac
1597 5000 1754 5055 Bono

134 5094 568 5163 perseverantis,
602 5107 754 5165 quos
810 5089 998 5147 sancti
1041 5088 1355 5162 Augustini
1403 5105 1530 5144 esse
1584 5104 1755 5144 nemo

133 5179 388 5256 denegare
411 5185 520 5240 aut
547 5181 704 5239 volet
732 5184 836 5237 aut
862 5177 1032 5236 valet.
1063 5179 1144 5234 De
1166 5178 1380 5250 quibus
1410 5178 1586 5234 etiam
1614 5194 1755 5232 con-

1861 4735 2352 4810 Hypomnesticon
2384 4733 2533 4790 libro
2557 4732 2833 4790 inveniet.
2856 4733 3137 4790 Similiter
3172 4737 3231 4791 et
3259 4734 3331 4791 de
3359 4732 3509 4791 libro

1861 4826 1961 4898 qui
1983 4825 2093 4882 sub
2127 4823 2362 4880 nomine
2379 4822 2568 4879 sancti
2595 4822 2926 4896 Hieronymi
2947 4822 3281 4880 intitulatur
3309 4823 3380 4880 de
3408 4823 3507 4880 In-

1861 4914 2168 4970 duratione
2198 4911 2389 4968 cordis
2423 4910 2913 4984 Pharaonis,quia
2931 4929 3133 4968 eorum
3159 4912 3358 4970 sensui
3379 4928 3512 4968 conn

1861 5003 2114 5068 tradicit,
2137 5018 2488 5074 magnOpere
2517 5005 2792 5074 satagunt
2818 5017 2934 5057 non
2983 5019 3113 5058 esse
3149 5001 3358 5074 ipsius.
3393 4999 3505 5058 Sed

1865 5091 2006 5146 nihil
2037 5091 2123 5146 eis
2155 5090 2382 5162 proficit
2412 5090 2458 5145 si
2491 5107 2625 5145 eum
2678 5089 2968 5161 rejiciunt,
2994 5087 3271 5162 quoniam
3319 5086 3509 5146 isdem

1863 5185 2105 5236 sanctus
2135 5179 2539 5251 Hieronymus,
2573 5183 2631 5234 et
2659 5179 2849 5235 caeteri
2897 5178 3168 5234 Doctores
3216 5175 3508 5247 catholici,

135 5271 344 5328 tendere
397 5272 695 5346 quosdam
754 5267 1110 5336 audivimus,
1161 5265 1262 5338 qui
1319 5267 1552 5322 eosdem
1604 5264 1758 5320 beati
1867 5269 2071 5325 eodem
2105 5285 2280 5322 sensu
2313 5285 2411 5323 eos
2442 5266 2593 5322 male
2639 5267 2853 5324 sentire
2897 5266 3266 5335 convincunt,
3299 5283 3416 5340 quo
3454 5269 3513 5326 et

133 5359 416 5432 Augustini
461 5360 654 5417 libros
697 5357 1092 5430 intelligenter
1139 5373 1253 5411 non
1291 5354 1570 5427 legerant,
1603 5353 1758 5426 quod
1867 5357 2022 5413 idem
2055 5357 2204 5412 liber
2232 5355 2465 5412 illorum
2495 5357 2684 5412 exurit
2705 5354 2944 5412 zizania.

135 5445 196 5501 de
217 5447 327 5506 illis
353 5449 650 5523 scriptum
682 5446 763 5505 sit
791 5446 854 5502 in
895 5445 1175 5513 indiculo,
1199 5443 1520 5517 Responsio
1567 5444 1760 5513 objec-
1942 5449 2018 5502 De
2041 5445 2488 5518 reprchensiono
2511 5445 2894 5500 nihilominus
2914 5461 3044 5517 sua,
3057 5445 3214 5502 unde
3233 5444 3516 5520 praemisi-

135 5535 200 5592 tis
247 5537 446 5596 Hilarii
503 5537 658 5595 liber
699 5553 740 5606 ι,
774 5552 911 5593 cum
967 5535 1094 5592 sine
1149 5532 1346 5605 aliqua
1391 5533 1761 5589 contentione
1870 5553 2024 5603 mus,
2048 5539 2250 5590 contra
2297 5535 2707 5590 obtrectatores
2736 5549 2874 5588 suos
2907 5532 3092 5592 isdem
3123 5535 3182 5592 in
3215 5537 3329 5594 tino
3377 5535 3512 5594 libri

137 5625 328 5686 falsum
355 5647 488 5688 esse
507 5627 703 5686 valeat
731 5623 1122 5684 demonstrari
1153 5625 1224 5682 ab
1253 5622 1348 5679 his
1377 5623 1479 5696 qui
1524 5623 1760 5680 eosdem
1870 5625 1941 5681 de
1971 5625 2127 5681 Bono
2151 5621 2586 5698 perseverantiae
2617 5619 2754 5676 dicit
2779 5637 2793 5678 ε
2832 5646 2854 5673 ι
2889 5624 2996 5692 Qui
3027 5641 3160 5682 vero
3189 5641 3282 5682 me
3319 5641 3516 5683 errare

133 5710 292 5778 libros
317 5723 652 5780 noscuntur
675 5716 914 5786 habere,
943 5713 1084 5791 quia
1111 5718 1168 5773 et
1213 5711 1312 5772 ille
1357 5711 1637 5783 Hilarius,
1666 5712 1775 5783 cui,
1869 5712 2224 5784 existimant,
2254 5711 2432 5772 etiam
2460 5713 2638 5788 atque
2664 5709 2843 5771 etiam
2873 5712 3184 5790 diligenter
3211 5731 3338 5793 qua
3375 5709 3518 5775 sunt

426 5847 709 5913 punct.
754 5840 984 5909 cxxv.
3155 5840 3193 5904 θ
