4002 6458
461 402 541 464 75
1387 400 1772 465 HINCMARI
1815 395 2262 462 RHEMENSIS
2309 397 2923 464 ARCHIEPISCOPI.
3785 401 3866 462 76

463 535 618 591 dicta
646 533 1034 602 considerent,
1067 551 1140 590 ne
1169 534 1436 591 fortassis
1462 534 1575 608 ipsi
1605 538 1815 592 errent.
1843 556 1872 585 »
1893 535 2104 590 Beatus
2137 531 2193 600 Α
2221 531 2519 606 aliquibus
2548 534 2783 608 scriptis
2815 551 2951 591 eum
2983 550 3018 590 a
3043 549 3158 607 quo
3187 530 3322 590 talis
3342 537 3580 590 emanat
3599 533 3870 591 doctrina

461 623 752 697 siquidem
783 621 1130 679 leestinus
1159 622 1267 679 hoc
1311 621 1372 678 in
1421 623 1668 696 epistola
1713 622 1985 679 decretali
2036 622 2109 678 ad

459 711 776 768 Venerium
821 714 882 767 et
926 714 1163 768 caeteros
1215 710 1544 768 Gallicanos
1591 712 1895 787 episcopos
1933 711 2110 767 etiam

459 804 595 874 post
642 798 872 856 obitum
924 797 1084 856 illius
1133 799 1498 856 demonstrat
1545 801 1720 874 (epist.
1751 801 1829 874 8.)
1860 800 2108 856 dicens:

461 913 490 940 ‹‹
521 888 798 945 Vitcntur
824 887 1168 960 hujusmodi
1200 889 1301 960 qui
1332 888 1604 946 laborant
1632 893 1727 946 ‘ll
1781 908 1883 964 per
1926 893 2110 946 terras

460 975 624 1034 aliud
643 993 822 1050 quam
843 975 942 1032 ille
964 977 1197 1048 nosterj
1209 977 1357 1032 ussit
1384 977 1639 1050 agricola
1673 977 1980 1034 seminare.
1996 977 2112 1032 Nec

459 1068 658 1123 tamen
679 1063 880 1120 mirari
903 1064 1300 1138 possumus,si
1319 1065 1440 1122 hmc
1462 1065 1866 1140 ergaviventes
1882 1065 1942 1120 hi
1957 1081 2113 1121 nunc

459 1158 689 1211 tentare
709 1153 1054 1227 audent,qui
1077 1153 1349 1211 nituntur
1367 1154 1542 1210 etiam
1557 1155 1984 1228 quiescentium
2007 1155 2115 1210 fra-

460 1245 620 1300 trum
650 1243 994 1300 memoriam
1023 1241 1329 1316 dissipare.
1360 1228 1754 1316 Augustinum
1787 1247 2000 1299 sanctae
2024 1261 2112 1299 re-

461 1331 818 1390 cordationis
859 1331 1050 1389 virum
1101 1349 1202 1406 pro
1250 1333 1370 1388 vita
1417 1349 1526 1388 sua
1573 1337 1749 1405 atque
1797 1331 2024 1388 meritis
2051 1331 2112 1386 in

462 1425 668 1478 nostra
680 1421 1095 1478 communione
1115 1437 1347 1494 semper
1368 1420 1706 1488 habuimus,
1726 1437 1830 1477 nec
1852 1437 2112 1494 unquam

461 1508 620 1566 hunc
648 1508 902 1568 sinistra:
935 1509 1290 1582 suspicionis
1319 1509 1527 1566 saltem
1571 1527 1774 1566 rumor
1821 1509 2111 1582 aspersit:

463 1614 640 1670 quem
654 1601 830 1654 tanta:
843 1596 1099 1654 scientiae
1112 1597 1249 1655 olim
1264 1597 1446 1654 fuisse
1460 1597 1862 1669 meminimus,
1877 1602 1942 1653 ut
1964 1597 2116 1654 inter

463 1687 782 1760 magisth
792 1685 1044 1760 optimos
1055 1687 1231 1742 etiam
1245 1703 1279 1742 a
1290 1687 1436 1742 meis
1449 1703 1682 1760 semper
1711 1686 2115 1744 dcccssoribus

462 1774 798 1832 haberetur.
814 1775 967 1832 Bene
987 1791 1124 1848 ergo
1145 1776 1216 1830 de
1240 1791 1306 1830 eo
1323 1767 1534 1832 bmnes
1557 1775 1616 1830 in
1653 1792 1963 1832 commune
1983 1792 2114 1832 scn-

461 1867 692 1932 serunt,
707 1867 909 1938 utpote
929 1863 1030 1936 qui
1061 1863 1278 1936 ubique
1310 1863 1540 1920 cunctis
1561 1868 1618 1920 ct
1644 1864 1829 1920 amori
1851 1864 2026 1920 fuerit
2059 1867 2117 1920 et

462 1951 872 2010 honori.Unde
892 1951 1201 2009 resistatur
1226 1951 1444 2009 talibus
1475 1970 1622 2025 quos
1663 1953 1816 2010 male
1857 1969 2115 2010 crescere

460 2041 938 2098 videmus.Nefas
968 2045 1057 2097 est
1085 2041 1207 2096 haec
1238 2041 1358 2114 pati
1389 2041 1693 2114 religiosas
1722 2041 2117 2114 animas,qua-

464 2146 598 2187 rum
649 2129 1045 2199 afﬂictatione,
1079 2130 1219 2202 quia
1267 2131 1533 2186 membra
1574 2134 1779 2187 nostra
1817 2134 1974 2200 sunt,
2007 2147 2115 2186 nos

464 2235 700 2293 quoque
742 2218 1011 2276 convenit
1053 2219 1372 2276 macerari:
1407 2219 1677 2291 quamvis
1727 2223 1962 2276 maneat
2007 2219 2116 2276 hos

465 2308 768 2366 beatitudo
799 2307 1460 2382 promissa,quicunque
1480 2309 1804 2380 probantur
1845 2325 2115 2380 persecu-

467 2397 688 2454 tionem
702 2401 938 2470 propter
939 2397 964 2468 j
973 2397 1238 2452 ustitiam
1254 2397 1568 2454 sustinere:
1589 2397 1808 2470 quibus
1829 2396 1968 2471 quid
1991 2414 2119 2469 pro~

468 2485 664 2543 mittat
675 2485 960 2543 Dominus
979 2485 1039 2541 in
1063 2487 1327 2542 futurum
1351 2503 1602 2558 sequens
1625 2503 1816 2542 sermo
1839 2485 2114 2542 declarat.

467 2573 592 2630 Non
607 2577 698 2630 est
717 2565 1016 2646 agentium
1031 2591 1208 2631 causa
1229 2575 1750 2647 solorum,quando
1772 2574 2116 2631 universalis

467 2661 726 2719 Ecclesia
745 2679 1094 2736 quacunque
1125 2664 1376 2720 novitate
1401 2663 1689 2736 pulsatur.
1715 2663 2117 2738 Intelligamus

469 2750 592 2808 haec
621 2751 752 2825 ipsa
780 2752 944 2809 vobis
973 2769 1100 2826 quas
1132 2753 1302 2809 nobis
1335 2769 1450 2808 non
1490 2753 1722 2826 placent
1771 2751 2114 2824 displicere:

469 2842 626 2916 quod
648 2841 732 2899 ita
753 2841 990 2898 demum
1013 2841 1261 2916 probare
1282 2842 1686 2916 poterimus,si
1705 2841 1983 2915 imposito
2003 2841 2120 2897 im-

467 2930 668 3006 probis
690 2931 921 2990 silentio
939 2932 1011 2988 de
1029 2931 1128 2988 tali
1162 2949 1223 2989 re
1243 2931 1300 2987 in
1323 2935 1623 3005 posterum
1660 2931 1896 3004 querela
1924 2947 2117 2986 cessa-

465 3019 572 3078 bit.
612 3043 642 3072 »
669 3021 926 3079 Sanctus
955 3037 1189 3094 quoque
1214 3021 1454 3094 Propter
1483 3021 1618 3077 hinc
1661 3021 1722 3076 in
1769 3019 2016 3092 epistola
2045 3019 2118 3076 ad

467 3109 750 3167 Rufinum
769 3109 853 3166 ita
874 3109 1015 3166 dicit
1037 3126 1050 3165 :
1077 3132 1106 3162 «
1128 3111 1264 3178 Has,
1284 3107 2120 3182 inquiens,versutias,quibus

468 3211 532 3254 se
553 3196 660 3252 filii
689 3197 1067 3254 tenebrarum
1096 3197 1156 3252 in
1189 3196 1638 3253 similitudinem
1681 3195 1938 3252 filiorum
1968 3196 2118 3252 lucis

466 3285 890 3359 transﬁgurare
911 3284 1387 3354 voluerunt,cum
1410 3288 1467 3341 et
1487 3284 1872 3342 Orientalium
1901 3285 2118 3358 episco—
2145 3268 2190 3336 C

469 3390 682 3450 porum
725 3373 973 3446 judicia,
1007 3377 1065 3430 et
1111 3374 1438 3447 apostolicae
1487 3374 1644 3430 sedis
1691 3375 2028 3444 auctoritas,
2060 3377 2118 3432 et

463 3463 874 3520 Africanorum
901 3463 1280 3520 conciliorum
1313 3463 1612 3537 vigilantia
1647 3463 2116 3536 deprehenderit,

466 3551 846 3610 beatissimus
870 3569 1101 3625 quoque
1121 3551 1508 3626 Augustinus,
1524 3551 1814 3625 praecipua
1835 3553 2038 3626 utique
2054 3553 2113 3609 in

466 3640 577 3698 hoc
607 3645 866 3716 tempore
897 3642 1084 3714 portio
1115 3641 1345 3698 Domini
1378 3641 1768 3710 sacerdotum,
1800 3642 2032 3714 copiose
2059 3646 2118 3698 et

466 3729 711 3804 pulchre
731 3730 790 3786 in
821 3729 1026 3786 multis
1056 3729 1420 3786 voluminum
1470 3728 1970 3802 disputationibus
2015 3732 2114 3787 de-

467 3819 681 3878 struxit
713 3837 726 3877 :
760 3823 962 3895 utpote
991 3820 1142 3876 inter
1173 3819 1360 3876 multa
1380 3819 1480 3876 Dei
1513 3819 1916 3892 dona,quibus
1945 3819 2114 3876 illum

468 3909 981 3968 abundantissime
1011 3909 1254 3982 spiritus
1273 3907 1535 3966 veritatis
1573 3908 1857 3981 implevit,
1889 3908 2116 3966 habens

467 3999 645 4055 etiam
673 3999 826 4056 hanc
856 3999 1111 4055 scientiae
1143 4003 1200 4054 et
1229 3997 1525 4071 sapientia:
1569 4015 1639 4054 ex
1684 3998 1786 4054 Dei
1835 3997 2116 4054 charitate

467 4087 768 4156 virtutem,
795 4091 858 4143 ut
881 4105 997 4142 non
1018 4087 1210 4143 solum
1231 4087 1405 4142 istam
1430 4087 1619 4142 adhuc
1650 4086 1709 4142 iu
1741 4087 1866 4142 suis
1886 4087 2118 4143 detrun-

469 4174 800 4232 cationibus
823 4175 1226 4248 palpitantem,
1243 4176 1344 4231 sed
1369 4175 1546 4232 etiam
1568 4175 1784 4231 multas
1809 4175 1973 4247 prius
1995 4175 2116 4231 ha:-

468 4281 629 4322 reses
675 4264 888 4322 invicto
917 4264 1075 4322 verbi
1100 4263 1294 4338 gladio
1342 4263 1673 4320 debellaret.
1705 4264 1806 4319 Cui
1853 4265 2004 4322 inter
2032 4269 2118 4322 tot

469 4353 856 4410 certaminum
871 4352 1279 4426 palmas,inter
1296 4357 1381 4409 tot
1402 4353 1835 4426 triumphorum
1849 4370 2112 4424 coronas,

469 4443 542 4500 ad
573 4441 1066 4500 illuminationem
1096 4441 1384 4511 Ecclesiae,
1417 4447 1473 4498 et
1503 4443 1574 4498 ad
1625 4441 1870 4514 gloriam
1901 4442 2116 4499 Christi

469 4550 588 4606 qua
610 4531 737 4606 ipse
754 4531 1085 4588 illustratus
1116 4535 1204 4588 est
1229 4530 1858 4604 perfulgenti,quidam
1889 4536 2115 4588 nostro-

2218 623 2600 679 conveniant?
2630 624 2843 696 Magna
2868 623 3025 680 enim
3045 621 3232 697 gloria
3253 640 3362 679 sua
3384 621 3647 679 humano
3665 622 3870 697 generi

2219 711 2716 782 cousuluerunt,si
2727 712 3121 786 Augustinum
3141 713 3213 768 ab
3236 728 3428 768 errore
3448 712 3866 769 revocaverint.

2218 799 2342 856 Nisi
2374 799 2522 856 forte
2551 802 2651 858 12
2681 801 2934 858 modesti
2963 800 3253 870 homines,
3286 801 3533 874 novique
3573 818 3868 870 censores,

2220 905 2570 961 magnorum
2602 890 2768 962 prius
2800 890 3144 947 meritorum
3176 889 3301 946 seni
3347 889 3774 947 honorabiliter
3806 907 3874 947 ac

2221 977 2675 1034 misericorditer
2702 984 2974 1052 parcunt,
3007 984 3064 1034 et
3093 979 3282 1036 securi
3333 977 3473 1052 quia
3517 979 3702 1036 libros
3745 981 3874 1052 ejus

2221 1083 2391 1123 nemo
2408 1084 2662 1140 usquam
2683 1067 2922 1142 recipiat
2943 1068 3569 1142 conquiescunt.Atqui
3581 1070 3874 1137 noverint,

2221 1154 2339 1210 imo
2361 1159 2666 1223 noverunt,
2681 1173 2796 1214 non
2829 1155 3021 1214 solum
3057 1157 3876 1231 Romanam,Africanamque

2221 1243 2562 1314 Ecclesiam,
2596 1245 2648 1300 ei
2680 1263 2782 1318 per
2826 1263 3031 1303 omnes
3079 1246 3285 1303 mundi
3331 1250 3526 1320 partes
3566 1247 3876 1305 universos

2221 1332 2630 1404 promissionis
2660 1332 2982 1406 ﬁlios,cum
3012 1335 3281 1392 doctrina
3297 1334 3479 1408 hujus
3496 1335 3603 1392 viri
3636 1336 3796 1394 sicut
3814 1337 3876 1393 in

2222 1423 2348 1477 tota
2383 1422 2498 1478 ﬁde
2529 1423 2612 1478 ita
2636 1423 2696 1478 in
2725 1425 2924 1496 gratia:
2955 1424 3321 1482 confessione
3367 1441 3691 1499 congruere
3724 1441 3738 1480 :
3773 1426 3875 1482 sed

2221 1509 2399 1566 etiam
2431 1511 2491 1566 in
2522 1510 2616 1568 his
2645 1511 2792 1584 ipsis
2836 1511 3001 1582 locis,
3026 1511 3087 1568 in
3136 1513 3354 1586 quibus
3403 1514 3688 1571 adversus
3739 1530 3876 1570 eum

2223 1599 2591 1671 querimonia
2617 1601 2962 1668 concitatur,
2986 1618 3113 1659 esse
3135 1601 3385 1675 propitio
3415 1602 3532 1660 Deo
3562 1602 3876 1676 plurimos,

2223 1689 2325 1760 qui
2355 1689 2428 1744 ad
2459 1689 2890 1762 perceptionem
2921 1690 3264 1764 evangelica
3294 1691 3748 1766 apostolicaaque
3777 1693 3880 1749 doc

2225 1777 2422 1838 ctrinaa
2443 1777 2853 1836 saluberrimis
2881 1779 3010 1852 eius
3049 1779 3555 1852 disputationibus
3593 1780 3880 1838 imbuun-

2223 1869 2338 1935 tur,
2379 1871 2438 1922 et
2497 1866 2756 1939 quotidie
2784 1867 2846 1923 in
2896 1868 3180 1924 membris
3231 1869 3492 1942 corporis
3540 1868 3764 1927 Christi
3820 1870 3880 1926 in

2223 1959 2512 2028 quantum
2542 1973 2612 2012 ea
2638 1955 2766 2029 ipse
2796 1955 3150 2030 multiplicat
3179 1957 3522 2014 dilatantur.
3557 1981 3586 2009 »

2293 2045 2364 2100 Et
2388 2043 2527 2100 item
2549 2044 2705 2102 idem
2727 2047 2976 2118 Prosper
2999 2047 3058 2102 in
3081 2045 3230 2103 libro
3252 2063 3428 2118 quem
3448 2047 3636 2104 edidit
3675 2053 3882 2106 contra

2223 2131 2487 2189 Cassiani
2499 2135 2796 2205 quondam
2819 2134 3050 2191 abbatis
3069 2134 3416 2208 librum,qui
3433 2139 3880 2208 praenotaturde

2225 2221 2584 2279 Protectione
2603 2221 2726 2293 Dei,
2742 2224 2813 2279 de
2833 2223 3352 2296 reprehensoribus
3370 2223 3656 2282 librorum
3688 2227 3881 2284 sancti

2222 2313 2558 2386 Augustini,
2573 2311 2795 2369 scilicet
2825 2313 2896 2369 de
2917 2312 3292 2385 Correptione
3311 2317 3370 2370 et
3388 2313 3606 2382 Gratia,
3630 2315 3704 2371 de
3727 2315 3879 2372 Prte-

2224 2403 2614 2461 destinatione
2671 2407 3032 2472 sanctorum,
3065 2420 3132 2460 ac
3190 2403 3348 2460 Bono
3407 2405 3876 2477 perseverantia,

2225 2508 2373 2562 quos
2403 2491 2558 2547 circa
2587 2491 2762 2547 ﬁnem
2811 2490 3094 2558 ediderat,
3124 2490 3209 2546 ita
3253 2494 3386 2564 post
3431 2491 3668 2548 laudem
3717 2493 3880 2550 beati

2223 2579 2533 2653 Augustini
2583 2597 2618 2636 a
2664 2579 2972 2636 Caelestino
3028 2578 3316 2653 prolatam
3374 2580 3562 2637 dicit:
3597 2604 3625 2632 ‹‹
3660 2581 3882 2640 Contra

2225 2671 2400 2726 istam
2426 2668 2765 2726 clarissimae
2797 2669 3151 2726 laudationis
3187 2669 3416 2738 tubam,
3447 2676 3652 2726 contra
3695 2669 3880 2728 istam

2226 2759 2608 2816 sacratissimi
2632 2757 2947 2814 testimonii
2971 2757 3338 2831 dignitatem,
3352 2759 3529 2816 audet
3557 2757 3880 2833 quisquam

2226 2847 2497 2922 malignae
2520 2847 3015 2921 interpretationis
3036 2863 3309 2903 murmur
3337 2847 3623 2916 emittere,
3653 2853 3714 2905 et
3745 2866 3881 2931 per:

2227 2933 2440 3008 spicuae
2471 2933 2999 3008 sincerissimaeque
3027 2934 3327 2990 sententias
3375 2934 3592 2992 nubem
3623 2935 3882 3010 obliquas

2227 3023 2629 3098 ambiguitatis
2649 3023 3000 3080 obtendere?
3018 3027 3086 3079 ut
3113 3021 3354 3092 scilicet,
3369 3023 3510 3096 quia
3536 3023 3598 3080 in
3625 3025 3885 3097 epistola

2225 3127 2388 3186 papae
2410 3113 2714 3181 librorum,
2728 3129 2832 3185 pro
2851 3111 3066 3185 quibus
3087 3115 3284 3168 actum
3306 3117 3415 3180 est,
3430 3129 3545 3168 non
3562 3129 3882 3186 expressus

2226 3207 2317 3258 est
2344 3200 2724 3271 titulus,hinc
2745 3217 2844 3257 eos
2869 3205 3148 3274 appareat
3175 3217 3290 3256 non
3314 3200 3612 3274 probatos,
3624 3206 3682 3258 et
3697 3202 3882 3260 istam

2225 3289 2286 3346 in
2318 3295 2588 3348 sanctum
2617 3289 3012 3363 Augustinum
3043 3289 3440 3346 laudationem
3469 3307 3573 3362 pro
3620 3292 3882 3349 anterio-

2224 3397 2356 3436 rum
2386 3379 2738 3453 scriptorum
2771 3377 2996 3434 meritis
3023 3377 3206 3434 fuisse
3251 3377 3545 3436 collatam.
3573 3403 3602 3431 ››
3631 3381 3703 3437 Et
3739 3387 3885 3454 post

2225 3467 2527 3540 aliquanta
2562 3485 2574 3522 :
2607 3491 2635 3518 «
2665 3466 2996 3540 Apostolica
3027 3467 3183 3523 enim
3214 3467 3384 3524 sedes
3413 3469 3568 3541 quod
3601 3485 3636 3524 a
3663 3460 3885 3542 praico-

2224 3558 2405 3632 gnitis
2426 3556 2536 3613 sibi
2561 3573 2676 3612 non
2703 3556 2992 3629 discrepat
3013 3573 3148 3612 cum
3167 3557 3538 3630 pracognitis
3559 3559 3792 3632 probat,
3814 3565 3880 3618 et

2225 3645 2621 3720 quodjudicio
2635 3646 2834 3718 jungit
2863 3645 3037 3702 laude
3065 3662 3184 3721 non
3217 3645 3566 3713 dividit.Qui
3597 3663 3735 3721 ergo
3765 3647 3882 3706 hos

2223 3735 2483 3809 proxime
2503 3734 2691 3791 editos
2713 3734 2894 3792 libros
2921 3720 3200 3802 refutant,
3223 3734 3614 3792 anterioribus
3644 3720 3884 3810 acquie-

2224 3828 2410 3894 scant,
2439 3824 2592 3880 etiis
2625 3841 2751 3897 quas
2781 3841 2886 3896 pro
2916 3823 3104 3897 gratia
3130 3823 3466 3880 Christiana
3516 3824 3682 3897 prius
3733 3833 3884 3884 sunt

2225 3913 2443 3986 scripta
2467 3913 2854 3970 consentiant.
2889 3913 3000 3970 Sed
3030 3931 3146 3970 non
3185 3913 3429 3970 faciunt.
3462 3913 3667 3970 Sciunt
3713 3915 3882 3974 enim

2223 3994 2422 4060 omnia
2450 4001 2774 4077 Pelagianis
2803 4019 2932 4059 esse
2963 4002 3272 4070 contraria,
3294 4005 3352 4059 et
3377 4001 3524 4058 nihil
3554 4003 3667 4060 sibi
3700 4021 3881 4078 posse

2224 4096 2550 4165 competere
2583 4093 2654 4147 ad
2687 4091 3170 4164 consequentium
3202 4091 3642 4160 resolutionem,
3663 4093 3715 4148 si
3743 4111 3883 4150 con-

2223 4183 2502 4237 fltcantur
2556 4180 2617 4235 in
2665 4180 3125 4253 praecedentibus
3168 4180 3487 4238 consistere
3543 4181 3876 4240 veritatem.

2225 4270 2409 4344 Igitur
2423 4269 2764 4342 hujusmodi
2783 4269 3089 4327 hominum
3111 4268 3382 4343 pravitati
3403 4285 3520 4326 non
3539 4274 3662 4326 tam
3677 4270 3884 4345 dispu-

2223 4360 2512 4415 tationum
2543 4357 2760 4427 studio,
2779 4375 2959 4431 quam
2999 4359 3415 4415 auctoritatum
3448 4357 3752 4433 privilegio
3787 4377 3880 4418 re-

2223 4448 2550 4506 sistendum
2565 4453 2656 4504 est
2683 4465 2695 4504 :
2721 4452 2786 4504 ut
2807 4449 2878 4504 de
2899 4447 3176 4521 prostrati
3197 4447 3423 4504 dudum
3443 4447 3740 4522 dogmatis
3756 4467 3882 4508 cor-

2223 4555 2362 4610 pore
2411 4537 2640 4594 nullum
2689 4537 3021 4594 membrum
3071 4537 3300 4594 sinatur
3346 4553 3700 4610 assurgere:
3736 4539 3882 4612 quia

471 4623 790 4695 rum,quod
809 4621 879 4678 de
895 4621 1007 4694 ipsi
1021 4620 1276 4676 multum
1290 4619 1605 4676 dolendum
1622 4625 1730 4688 est,
1751 4620 1994 4678 occultis
2014 4621 2116 4678 sed
2145 4641 2194 4708 D
2225 4630 2429 4682 notum
2447 4631 2537 4683 est
2551 4626 2633 4683 ita
2653 4644 2716 4682 se
2735 4626 3009 4684 falsitatis
3031 4626 3235 4683 istrius
3259 4625 3475 4683 habere
3491 4627 3884 4696 verSutias,ut

468 4730 586 4770 non
599 4711 911 4786 incognitis
922 4711 1426 4770 susurrationibus
1439 4709 1838 4783 obloquuntur
1851 4729 1864 4768 :
1879 4715 1935 4768 et
1947 4715 2121 4784 prout

468 4800 582 4860 sibi
608 4800 888 4858 obnoxias
910 4799 1240 4874 aliquorum
1258 4817 1429 4857 aures
1448 4803 1926 4873 opportunasque
1955 4817 2116 4872 repe-

469 4889 670 4960 rerint,
687 4889 904 4962 scripta
933 4892 1061 4961 ejus
1083 4890 1299 4962 quibus
1319 4906 1480 4944 error
1508 4889 1951 4962 Pelagianorum
2001 4889 2118 4946 im-

469 4983 770 5056 pugnatur
791 4978 1364 5050 infamant,dicentcs
1385 4996 1518 5035 eum
1537 4978 1786 5033 liberum
1807 4979 2115 5036 arbitrium

471 5069 708 5144 penitus
730 5069 1092 5136 submovere,
1109 5071 1164 5123 et
1185 5068 1294 5123 sub
1314 5069 1512 5142 gratiae
1544 5067 1777 5122 nomine
1802 5069 2113 5125 necessita-

471 5162 590 5214 tem
611 5157 924 5232 prasdicare
940 5155 1206 5226 fatalem;
1231 5157 1300 5212 ad
1299 5157 1570 5229 jicientes
1589 5157 1763 5213 etiam
1778 5158 1925 5214 duas
1947 5157 2112 5215 illum

473 5245 716 5303 humani
735 5247 965 5322 generis
986 5263 1214 5304 massas
1243 5250 1300 5302 et
1326 5247 1474 5302 duas
1497 5246 1650 5302 credi
1675 5246 1818 5303 velle
1851 5253 2112 5317 naturas,

474 5337 542 5391 ut
571 5333 792 5392 scilicet
819 5341 994 5394 tantae
1017 5334 1254 5410 pietatis
1290 5335 1412 5391 viro
1448 5337 1812 5408 Paganorum
1843 5341 1900 5394 ct
1931 5337 2114 5394 Mani-

473 5422 767 5480 chaeorum
790 5426 1118 5483 ascribatur
1146 5425 1584 5499 impietasQuai
1603 5426 1652 5480 si
1677 5443 1812 5482 vera
1841 5431 1997 5497 sunt,
2013 5445 2118 5484 cur

473 5511 588 5588 ipsi
619 5515 741 5570 tam
763 5513 1122 5588 negligentes
1161 5531 1235 5572 ne
1273 5514 1464 5571 dicam
1507 5513 1672 5587 impii
1705 5520 1862 5585 sunt,
1899 5521 1965 5574 ut
1992 5522 2114 5574 tam

473 5603 787 5676 abruptam
806 5603 1124 5676 perniciem
1155 5605 1228 5662 ab
1256 5603 1516 5660 Ecclesia
1543 5621 1657 5660 non
1679 5605 2116 5678 repellant,tam

464 5689 697 5758 insanis
724 5691 1234 5772 pradicationibus
1263 5711 1380 5754 non
1427 5692 1722 5768 resistant,
1754 5713 1860 5756 nec
1907 5696 2114 5761 saltem

2227 4713 2275 4771 si
2311 4715 2362 4770 ei
2395 4714 2584 4784 liceat,
2605 4717 2886 4787 praetenta
2919 4713 3296 4770 correctionis
3333 4712 3610 4787 imagine,
3635 4712 3883 4788 aliquod

2225 4803 2336 4860 sibi
2368 4803 2686 4860 faventium
2716 4803 2929 4860 radicis
2959 4821 3079 4860 sua:
3109 4819 3350 4878 germen
3388 4801 3881 4875 excipere,totam

2225 4910 2287 4949 se
2309 4893 2495 4966 possit
2524 4893 2583 4948 in
2612 4893 2820 4968 exigua
2841 4893 2933 4950 sui
2955 4897 3118 4966 parte
3138 4890 3552 4966 reparare.Ubi
3571 4891 3732 4948 enim
3758 4911 3880 4952 non

2224 4980 2381 5037 aliud
2414 4981 2589 5038 habet
2611 4999 2845 5038 summa
2871 4999 3048 5055 quam
3070 4982 3278 5054 portio,
3299 4997 3414 5037 non
3439 4983 3530 5036 est
3549 4980 3880 5040 devotionis

2223 5071 2454 5128 dedisse
2483 5087 2663 5144 prope
2683 5075 2894 5144 totum,
2913 5071 3015 5128 sed
3045 5070 3270 5128 fraudis
3302 5069 3629 5126 restituisse
3647 5069 3738 5127 vel
3769 5073 3882 5129 mi-

2221 5159 2648 5226 nimum.Quod
2683 5178 2754 5217 ne
2785 5160 3220 5234 hypocritarum
3251 5159 3586 5218 obtineatur
3613 5158 3876 5234 insidiis,

2221 5249 2572 5306 confidimus
2585 5250 2814 5306 Domini
2827 5249 3184 5323 protectione
3205 5248 3701 5323 prastandummt
3711 5251 3879 5322 quod

2223 5343 2496 5413 operatus
2533 5345 2622 5397 est
2651 5341 2710 5395 in
2743 5339 3100 5409 Innocentio,
3130 5339 3379 5408 Zozimo,
3404 5336 3724 5408 Bonifacio,
3745 5339 3877 5397 Cec-

2222 5427 2732 5502 lestino,operetur
2759 5433 2815 5486 et
2845 5429 2905 5484 in
2925 5429 3122 5503 Xysto,
3137 5434 3194 5486 et
3214 5429 3274 5485 in
3290 5427 3560 5485 custodia
3579 5426 3879 5486 Dominici

2223 5517 2416 5592 gregis
2435 5519 2557 5576 hac
2578 5518 2655 5576 sit
2675 5536 2811 5592 pars
2831 5517 3026 5592 gloriae
3046 5519 3184 5576 huic
3223 5521 3516 5576 reservata
3535 5517 3782 5590 pastori,
3810 5523 3880 5576 ut

2224 5609 2378 5666 sicut
2404 5608 2490 5665 illi
2518 5607 2690 5682 lupos
2711 5609 2956 5683 abegere
2992 5609 3357 5677 manifestos,
3389 5607 3474 5665 ita
3499 5605 3595 5663 hic
3617 5605 3879 5680 depellat

2197 5698 2484 5762 .occultos
2514 5717 2529 5760 :
2561 5697 2662 5759 illo
2692 5698 2934 5760 auribus
2965 5699 3089 5762 suis
3137 5697 3467 5763 doctissimi
3515 5694 3676 5758 senis
3701 5693 3874 5760 inso-
