4002 6462
461 416 538 476 79
1393 415 1780 478 HINCMARI
1827 415 2276 480 RHEMENSIS
2321 415 2940 480 ARCHIEPISCOPI.

441 549 561 606 ’τίω
615 547 1000 620 Augustinus,
1041 548 1194 603 sicut
1251 549 1454 604 contra
1512 547 1656 604 alias
1713 539 1922 604 solitus
1965 551 2107 617 erat,
2137 548 2194 622 Α
2223 547 2552 620 Loquentes
2573 564 2708 623 ergo
2730 550 2800 605 de
2823 549 2922 606 Dei
2944 551 3133 624 gratia
3152 553 3209 607 et
3231 551 3564 608 obedientia
3581 550 3860 633 hominis,

462 642 645 694 morte
667 642 996 710 praeventus
1019 637 1256 711 speciali
1279 637 1475 694 labore
1497 637 1756 710 nequivit
1777 637 2105 711 conﬂigere.

463 729 630 785 Forte
680 727 856 783 etiam
909 725 1048 798 quia
1085 743 1188 798 pro
1220 731 1374 782 certo
1407 727 1476 782 ad
1509 744 1676 783 suam
1703 743 1820 782 non
1850 725 2110 800 pervenit

461 815 731 874 notitiam
764 833 777 872 :
813 832 991 888 quam
1023 816 1074 872 si
1105 817 1395 872 evidrnter
1443 816 1792 890 agnovisset,
1827 816 1981 871 credi
2014 832 2110 888 po-

458 909 576 962 test
601 905 672 960 de
701 903 890 977 ipsius
921 905 1162 960 fervoris
1191 903 1312 959 zelo
1344 920 1482 976 erga
1511 903 1644 959 ﬁdei
1689 903 2104 970 sinceritatem,

461 994 601 1068 quia
624 1011 742 1050 non
763 994 1062 1050 omitteret
1083 995 1222 1067 quin
1247 998 1448 1050 contra
1466 992 1629 1048 illam
1642 992 1894 1048 scribere
1907 1009 2109 1064 procu-

461 1087 653 1142 raret:
689 1083 840 1140 sicut
869 1087 927 1139 et
957 1089 1160 1140 contra
1188 1084 1520 1154 istam,quac
1551 1082 1706 1154 apud
1738 1080 1934 1138 Gallos
1955 1081 2106 1137 exci-

461 1177 586 1230 tata
614 1191 718 1247 per
746 1173 1096 1246 Prosperum
1141 1176 1198 1228 et
1229 1171 1512 1228 Hilarium
1573 1170 1684 1227 sibi
1743 1170 2020 1236 innotuit,
2051 1174 2108 1226 et

463 1265 634 1320 antea
663 1263 723 1318 in
751 1262 1040 1318 Africanis
1071 1262 1406 1335 regionibus
1437 1264 1790 1318 commotam
1811 1277 1926 1315 non
1947 1259 2106 1332 igno-

461 1351 626 1422 ravit,
662 1351 873 1424 cuique
903 1368 1115 1407 nomen
1148 1351 1302 1423 quod
1323 1355 1526 1424 postea
1554 1349 1776 1422 accepit
1806 1365 1920 1405 non
1953 1347 2105 1404 indi-

461 1441 566 1514 dit,
599 1440 738 1514 quia
767 1440 827 1496 in
857 1458 963 1496 suo
996 1443 1256 1512 tempore
1313 1455 1652 1512 compressa
1703 1437 1952 1511 pleniter
1989 1453 2104 1492 non

461 1529 775 1586 obmutuit.
808 1529 920 1586 Sed
951 1533 1084 1603 post
1120 1529 1346 1585 obitum
1377 1527 1558 1596 illius,
1591 1526 1937 1583 auctoritate
1967 1541 2104 1599 apo-

462 1618 678 1676 stolicae
732 1619 908 1688 sedis,
943 1635 1047 1692 per
1102 1619 1337 1674 beatum
1393 1616 1791 1684 leestinum,
1825 1615 2108 1672 instantia

459 1707 650 1764 sancti
679 1707 963 1780 Prosperi,
999 1724 1066 1762 ex
1115 1706 1476 1778 delegatione
1525 1707 1711 1778 ipsius
1737 1709 1951 1760 sancta:
1982 1705 2107 1758 uni-

459 1796 700 1853 versalis
729 1795 1018 1862 Ecclesiae,
1051 1796 1241 1851 verbis
1273 1794 1496 1867 praefati
1526 1792 1875 1850 venerabilis
1906 1795 2103 1865 Augu-

459 1885 596 1943 stini
628 1884 892 1958 synodali
925 1901 1174 1940 censura
1212 1891 1300 1940 est
1330 1885 1663 1956 redarguta,
1697 1883 1978 1950 convicta,
2015 1886 2105 1936 at-
2135 1923 2182 1990 Β

460 1992 572 2048 que
603 1974 812 2046 sopita,
841 1973 1018 2030 veluti
1049 1972 1489 2046 suprascriptus
1520 1974 1728 2029 beatus
1757 1971 2104 2027 leestinus

457 2063 518 2119 in
550 2066 872 2119 memorata
901 2062 1147 2136 epistola
1177 2065 1542 2118 demonstrat
1569 2061 1769 2118 dicens
1797 2063 1976 2133 (epist.
2000 2061 2054 2132 8)
2089 2076 2102 2117 :

461 2175 489 2203 α
522 2151 934 2208 Dilectissimis
965 2152 1246 2208 fratribus
1275 2151 1544 2218 Venerio,
1575 2149 1820 2217 Marino,
1845 2149 2102 2218 Leontio,

458 2241 738 2308 Ausonio,
770 2240 1082 2309 Archadio,
1113 2240 1382 2312 Filtanio,
1415 2245 1472 2296 et
1515 2238 1738 2296 caeteris
1783 2237 2106 2295 Galliarum

460 2329 750 2404 episcOpis
776 2329 1142 2386 C(chstinus.
1164 2353 1192 2380 »
1219 2332 1290 2385 Et
1319 2331 1391 2385 ad
1423 2329 1616 2384 locum
1651 2347 1664 2385 :
1703 2350 1731 2379 ‹‹
1762 2327 1891 2384 Filii
1922 2328 2105 2384 nostri

461 2425 778 2493 praesentes
816 2420 1063 2492 Prosper
1083 2424 1138 2475 ct
1160 2419 1434 2485 Hilarius,
1461 2435 1709 2491 quorum
1740 2417 1893 2474 circa
1922 2417 2107 2473 Deum

461 2514 730 2565 nostrum
779 2508 1113 2566 sollicitudo
1161 2508 1455 2563 laudanda
1487 2511 1593 2575 est,
1629 2511 1857 2563 tantum
1911 2505 2107 2562 nescio

385 2659 398 2670 ,
461 2600 677 2671 quibus
706 2597 1062 2672 presbyteris
1092 2597 1211 2652 illic
1240 2595 1538 2668 licere,qui
1558 2595 1910 2652 dissensioni
1935 2595 2108 2652 eccle-

461 2689 684 2743 siarum
718 2687 1012 2754 studeant,
1047 2691 1184 2742 sunt
1213 2688 1367 2758 apud
1402 2704 1509 2742 nos
1542 2685 1924 2758 prosecuti,ut
1954 2685 2107 2740 indi-

462 2775 805 2848 sciplinatas
831 2775 1182 2847 quwstiones
1205 2779 1476 2830 vocantes
1495 2775 1551 2828 in
1571 2773 2108 2846 medium,pertina-

463 2865 608 2922 citer
627 2882 724 2922 eos
749 2865 945 2920 dicant
975 2863 1290 2936 praedicare
1319 2863 1686 2920 adversantia
1713 2861 1963 2918 veritati.
1998 2861 2108 2918 Sed

460 2959 664 3012 vestrae
694 2953 1119 3010 dilectionihoc
1134 2953 1358 3025 justius
1390 2953 1752 3025 imputamus
1775 2950 2109 3024 quandoilli

461 3061 642 3116 supra
669 3060 772 3100 vos
820 3042 1040 3098 habent
1088 3043 1314 3114 copiam
1366 3041 1724 3114 disputandi.
1757 3065 1784 3094 »
1820 3043 1891 3096 Et
1921 3041 2059 3096 item
2091 3056 2105 3096 :

463 3155 492 3184 «
515 3131 818 3200 Iiabctote,
842 3132 1050 3187 fratres
1072 3130 1426 3198 charissimi,
1461 3148 1563 3202 pro
1595 3129 1892 3186 catholica:
1923 3129 2109 3202 plebis

463 3237 604 3294 pace
624 3222 938 3276 tractatum
964 3236 976 3274 :
1003 3221 1191 3276 sciant
1213 3236 1296 3288 se,
1329 3219 1376 3274 si
1407 3225 1599 3274 tamen
1636 3222 1950 3275 censentur
1977 3235 2108 3292 pre-

2220 637 2278 692 id
2311 637 2470 693 omni
2503 639 2674 695 modo
2706 643 2958 696 statuere
2979 640 3362 709 debemus,ut
3389 659 3576 716 neque
3605 643 3779 716 proni
3806 645 3862 718 in

2219 726 2736 801 sinistram,neque
2767 729 3086 802 importuni
3116 729 3177 785 in
3208 730 3527 800 dexteram,
3559 732 3724 805 regia
3752 750 3864 790 ma-

2218 815 2310 887 gis
2339 817 2680 889 gradiamur
2707 817 2820 874 via.
2840 817 2989 874 Illud
3021 823 3217 876 autem
3245 819 3680 878 venerationem
3703 809 3862 879 tuam

2219 903 2432 960 dixisse
2461 905 2712 964 miratus
2743 909 3062 981 sum,quod
3085 907 3284 965 nullus
3314 927 3580 983 unquam
3604 911 3721 966 sub
3743 911 3867 967 reli-

2217 991 2381 1065 giosa
2410 995 2768 1066 professione
2799 1001 3001 1053 contra
3031 996 3378 1055 catholicam
3410 999 3587 1055 ﬁdem
3607 999 3697 1056 vel
3731 999 3866 1056 scri-

2218 1081 2401 1154 pserit
2428 1082 2515 1140 vel
2545 1085 2962 1157 praedicaverit,
2985 1103 3120 1144 cum
3150 1087 3389 1160 plurimi
3420 1087 3783 1161 multiplices
3813 1093 3867 1146 et

2217 1171 2491 1242 profanos
2502 1188 2728 1230 errores
2738 1191 2877 1230 suos
2897 1175 3075 1232 etiam
3094 1176 3447 1249 scriptorum
3462 1176 3864 1256 monumentis

2217 1259 2589 1316 crediderunt
2639 1262 3000 1334 inserendos,
3036 1265 3136 1337 qui
3166 1269 3364 1324 tamen
3403 1265 3738 1322 Christiano
3764 1283 3863 1324 no-

2216 1348 2373 1405 mine
2403 1347 2826 1422 gloriabantur.
2855 1352 3112 1409 Breviter
3146 1370 3282 1428 ergo
3332 1353 3544 1424 dicam,
3573 1360 3864 1426 quantum

2216 1455 2350 1494 eum
2371 1439 2610 1496 absente
2641 1440 2802 1512 loqui
2835 1459 2933 1514 pos
2945 1443 3246 1515 sum,quid
3269 1443 3486 1500 sentire
3506 1461 3642 1500 cum
3671 1444 3866 1501 catho-

2214 1527 2328 1583 lica
2356 1527 2616 1584 Ecclesia
2673 1529 2905 1586 debeas.
2937 1531 2999 1586 Id
3031 1537 3120 1588 est
3149 1535 3215 1587 ut
3242 1549 3376 1588 cum
3409 1533 3601 1606 gratia
3631 1532 3866 1590 Domini

2215 1615 2610 1688 operationem
2641 1617 2916 1690 baptizati
2951 1619 3156 1676 famuli
3185 1636 3416 1694 semper
3443 1620 3762 1695 adjungas,
3797 1621 3866 1678 ad

2215 1721 2350 1760 cum
2381 1705 2480 1778 qui
2511 1706 3082 1777 praedestinationem
3113 1707 3346 1765 excluso
3379 1707 3576 1766 labore
3607 1709 3868 1768 hominis

2215 1794 2424 1849 asserit
2452 1811 2587 1849 cum
2619 1793 2834 1868 Pelagii
2881 1796 3152 1870 dogmate
3181 1797 3506 1855 detesteris.
3540 1797 3869 1858 Anathema

2215 1899 2350 1956 ergo
2372 1881 2584 1956 illi,qui
2604 1883 2758 1940 inter
2785 1883 3041 1956 reliquas
3074 1883 3290 1958 Pelagii
3320 1885 3652 1958 impietates
3683 1885 3870 1943 homi—

2215 1988 2348 2027 nem
2380 1971 2505 2028 sine
2535 1977 2768 2044 peccato
2792 1973 3036 2041 nasci,et
3057 1991 3160 2047 per
3191 1973 3382 2030 solum
3407 1974 3668 2032 laborem
3693 1992 3867 2049 posse

2215 2059 2786 2128 salvari,damnanda
2817 2063 3270 2134 praesumptione
3299 2063 3751 2132 contenderit,et
3766 2064 3867 2138 qui

2215 2165 2349 2204 eum
2381 2148 2509 2204 sine
2539 2151 2728 2222 gratia
2756 2149 2858 2206 Dei
2890 2149 3125 2207 liberari
3157 2168 3330 2224 posse
3361 2151 3690 2211 crediderit.
3720 2154 3866 2212 Item

2216 2237 2532 2295 anathema
2561 2237 2776 2311 illi,qui
2807 2238 3105 2296 hominem
3139 2257 3274 2296 cum
3305 2241 3464 2298 fideli
3495 2242 3869 2301 confessione

2215 2326 2555 2382 solemniter
2573 2327 2935 2398 baptizatum
2962 2333 3020 2385 et
3049 2333 3406 2386 asserentem
3437 2330 3790 2388 catholicam
3810 2332 3872 2388 ﬁ-

2215 2417 2442 2486 dem,et
2461 2417 2837 2488 postmodum
2867 2435 2974 2490 per
3003 2418 3232 2475 diversa
3261 2419 3467 2476 mundi
3497 2418 3680 2493 hujus
3704 2420 3870 2478 oble-

2217 2508 2512 2561 ctamenta
2540 2508 2599 2560 et
2625 2508 2989 2563 tentamenta
3017 2505 3448 2582 prolapsum,in
3467 2509 3655 2565 Adam
3683 2513 3742 2566 et
3761 2511 3874 2568 ori-

2215 2592 2410 2666 ginale
2437 2598 2741 2667 peccatum
2766 2595 3010 2668 periisse
3039 2596 3530 2654 asseruerit.ltem
3554 2599 3874 2678 anathema

2215 2681 2324 2750 illi,
2359 2681 2457 2754 qui
2483 2699 2587 2756 per
2615 2683 2717 2739 Dei
2748 2685 3175 2756 praescientiam
3204 2686 3505 2744 hominem
3538 2688 3794 2760 deprimi
3813 2691 3874 2772 ip

2217 2776 2465 2828 mortem
2511 2771 2737 2828 dixerit.
2769 2775 2912 2829 Item
2969 2775 3284 2831 anathema
3335 2775 3441 2844 illi,
3493 2777 3595 2850 qui
3655 2771 3874 2835 dixerit

2217 2859 2384 2916 illum
2407 2860 2508 2933 qui
2539 2861 2711 2933 periit
2731 2879 2847 2918 non
2869 2863 3165 2936 accepisse
3185 2869 3249 2920 ut
3267 2863 3464 2922 salvus
3485 2882 3614 2922 esse
3641 2871 3870 2942 posset,

2217 2949 2362 3005 Item
2395 2949 2709 3007 anathema
2728 2950 2940 3024 illi,qui
2963 2952 3173 3008 dixerit
3192 2955 3346 3026 quod
3368 2971 3469 3011 vas
3491 2953 3549 3010 in
3567 2959 3874 3014 contume-

2216 3037 2356 3094 liam
2388 3057 2505 3095 non
2543 3039 2730 3112 possit
2771 3055 3100 3114 assurgere,
3134 3047 3199 3098 ut
3228 3042 3306 3098 sit
3333 3061 3434 3100 vas
3465 3043 3524 3099 in
3558 3043 3870 3102 honorem.

2218 3127 2362 3184 Item
2395 3127 2708 3186 anathema
2738 3128 2844 3197 illi,
2877 3129 2978 3203 qui
3012 3131 3220 3188 dixerit
3263 3133 3418 3205 quod
3448 3132 3716 3190 Christus
3748 3151 3873 3192 non

2217 3234 2320 3290 pro
2353 3217 2628 3274 omnibus
2659 3223 2927 3276 mortuus
2959 3219 3054 3288 sit,
3079 3237 3183 3276 nec
3215 3237 3416 3277 omnes
3447 3221 3718 3280 homines
3751 3224 3872 3280 sal-

463 3309 702 3383 shyterii
734 3309 1034 3382 dignitate,
1057 3309 1222 3365 vobis
1253 3326 1380 3365 esse
1404 3309 1738 3381 subjectos;
1763 3309 1952 3364 sciant
1981 3325 2106 3364 om-
2135 3294 2178 3362 C
2217 3323 2318 3363 vos
2377 3323 2506 3363 esse
2564 3305 2722 3364 velit.
2756 3308 2901 3364 Cum
2952 3313 3149 3366 autem
3188 3311 3259 3367 ad
3294 3327 3400 3368 nos
3429 3309 3490 3366 in
3521 3311 3736 3368 Christi
3771 3330 3878 3371 no-

463 3415 568 3455 nes
599 3397 700 3471 qui
730 3397 880 3454 male
911 3399 1302 3471 docent,quod
1335 3399 1447 3454 sibi
1481 3399 1704 3454 discere
1734 3398 1924 3471 magis
1955 3414 2108 3453 com-

462 3491 624 3561 petat
645 3503 822 3559 quam
853 3487 1230 3544 docere.Nam
1262 3487 1403 3560 quid
1426 3487 1483 3542 in
1501 3486 1762 3543 ecclesiis
1785 3503 1888 3543 vos
1909 3485 2102 3560 agitis,

461 3576 513 3634 si
543 3575 630 3632 illi
659 3593 954 3634 summam
985 3581 1223 3633 teneant
1251 3575 1650 3650 praedicandi?
1673 3600 1701 3626 ››

530 3666 616 3722 Ad
648 3666 818 3738 cujus
839 3665 1170 3737 jussionem
1204 3664 1465 3738 praedicti
1498 3663 1819 3721 Galliarum
1849 3663 2106 3736 episcopi

461 3755 750 3830 synodum
776 3755 1188 3822 habuerunt,et
1213 3752 1550 3826 hujusmodi
1575 3769 1746 3825 prave
1768 3753 2103 3822 sentientes,

462 3845 562 3902 aut
585 3841 994 3916 resipiscentes
1017 3843 1228 3916 pietate
1249 3840 1642 3898 ecclesiastica
1663 3840 2008 3914 regulariter
2018 3858 2106 3896 re-

461 3935 871 4006 ceperunt,aut
892 3932 952 3987 in
976 3949 1084 3988 sua
1103 3930 1374 3987 vecordia
1393 3936 1450 3986 et
1470 3931 1664 4002 pravis
1686 3931 1958 3986 sensibus
1979 3947 2107 4001 per-

461 4023 737 4080 sistentes
784 4018 1101 4092 episcopali
1158 4023 1332 4090 atque
1379 4017 1662 4074 catholica
1692 4023 1750 4074 et
1793 4017 2109 4090 apostolica

461 4109 805 4168 auctoritate
828 4127 862 4165 a
881 4105 1170 4164 consortio
1196 4107 1458 4162 ﬁdelium
1490 4110 1959 4180 segregaverunt,
1995 4106 2106 4162 sic-

462 4201 528 4254 ut
547 4196 796 4271 cpistola
817 4197 1080 4253 amicalis
1102 4197 1204 4252 ἰθ
1229 4195 1424 4252 Fausti
1457 4197 1530 4252 ad
1563 4196 1847 4252 Lucidum
1877 4195 2110 4268 presby-

461 4291 676 4356 terum,
709 4289 767 4342 et
793 4284 1028 4342 libellus
1056 4286 1321 4358 ejusdem
1351 4285 1672 4359 presbyteri
1707 4284 1908 4341 Lucidi
1942 4285 1998 4339 in
2023 4301 2110 4357 sy-

464 4377 614 4433 nodo
649 4379 952 4448 porrectus
1003 4373 1290 4446 episcopis
1329 4378 1526 4446 aperte
1557 4375 1957 4430 demonstrat:
1982 4391 2108 4446 quae

465 4469 738 4537 utraque,
772 4469 828 4520 et
856 4463 1161 4536 epistolam
1213 4462 1432 4520 scilicet
1461 4467 1514 4519 et
1543 4463 1916 4519 correctionis
1945 4461 2110 4517 libel-

461 4553 607 4622 lum,
627 4553 700 4610 ad
731 4553 1255 4610 demonstrandum
1289 4553 1368 4608 rei
1401 4552 1635 4608 evidens
1667 4553 2107 4618 documentum,

463 4643 602 4716 quia
628 4660 742 4699 non
767 4641 1084 4714 quaerimus
1107 4642 1176 4698 de
1199 4642 1504 4698 mendacio
1527 4646 1787 4698 astruere
1804 4641 2109 4697 veritatem

461 4730 558 4790 hic
586 4731 840 4790 inserere
871 4732 1266 4789 necessarium
1297 4731 1592 4788 duximus.

658 4875 899 4949 Epistola
931 4877 1118 4932 Fausti
1138 4875 1208 4930 ad
1234 4875 1495 4930 Lucidum
1521 4873 1917 4947 presbytm'um.

533 5034 561 5062 (ι
587 5008 834 5067 Domino
881 5007 1334 5075 devinctissimo,
1369 5011 1424 5063 et
1455 5007 1597 5062 mihi
1630 5005 1868 5080 speciali
1897 5004 2110 5062 affectu

460 5099 788 5157 venerando
819 5102 877 5154 et
904 5096 1277 5168 suscipiendo
1309 5097 1496 5166 fratri,
1523 5096 1740 5152 Lucido
1775 5094 2108 5167 presbytero

464 5188 734 5246 Faustus.
765 5187 1018 5244 Grandis
1068 5186 1322 5243 Charitas
1373 5191 1459 5242 est
1489 5201 1696 5258 parum
1729 5183 1882 5238 cauti
1914 5183 2110 5239 fratris

463 5292 716 5333 errorem
735 5295 838 5350 per
862 5277 964 5334 Dei
992 5275 1244 5352 gratiam
1274 5279 1331 5330 et
1359 5274 1722 5346 adjutorium
1755 5271 1942 5344 magis
1961 5271 2106 5329 velle
2143 5268 2148 5274 ’

462 5381 868 5438 curare,quam
897 5368 1049 5424 sicut
1070 5365 1287 5423 summi
1321 5363 1612 5420 antistites
1642 5361 2004 5418 meditantur
2033 5361 2104 5418 ab

463 5454 688 5512 unitate
713 5458 1088 5528 suspendere.
1109 5457 1255 5524 Quid
1288 5471 1527 5529 possum
1561 5453 1632 5509 de
1662 5451 1772 5508 hoc
1805 5469 1981 5508 sensu
2002 5451 2109 5508 sic-

461 5548 528 5602 ut
555 5543 643 5602 vis
673 5561 808 5601 cum
839 5547 1222 5604 unanimitate
1251 5551 1356 5602 tua
1385 5561 1486 5618 per
1515 5542 1740 5598 litteras
1770 5539 1950 5614 loqui.
1969 5558 2105 5598 cum

459 5637 515 5692 te
543 5651 799 5708 praesens
847 5633 1035 5692 multa
1063 5641 1121 5692 et
1150 5636 1368 5693 blanda
1395 5639 1452 5690 et
1483 5630 1694 5689 humili
1725 5629 2108 5688 collocatione

439 5741 765 5802 ,nunquam
799 5725 1092 5804 potuerim
1145 5726 1216 5784 ad
1261 5728 1415 5784 viam
1455 5719 1720 5784 veritatis
1770 5719 2106 5782 attrahere?

2216 3395 2372 3452 mine
2420 3396 2668 3466 veneris,
2732 3402 2836 3454 aut
2893 3415 3029 3454 cum
3079 3417 3114 3455 υ.
3167 3399 3386 3456 sanctis
3459 3401 3874 3460 sacerdotibus

2217 3489 2490 3542 evocatus
2523 3485 2727 3554 fueris,
2757 3491 2898 3543 tunc
2947 3493 3278 3562 opportuna
3326 3487 3376 3545 si
3425 3489 3712 3548 Dominus
3731 3493 3873 3564 jus-
3910 3539 3924 3546 -

2217 3574 2358 3632 serit
2395 3574 2536 3634 locis
2583 3574 2706 3632 suis
2754 3577 3093 3634 testimonia
3141 3577 3527 3651 proferemus,
3559 3579 3784 3652 quibus
3815 3586 3879 3640 et

2216 3681 2344 3737 quae
2376 3664 2664 3722 catholica
2712 3671 2852 3722 sunt
2901 3666 3375 3736 manifestentur,
3403 3673 3462 3724 et
3487 3685 3615 3741 quae
3663 3669 3876 3728 catho-

2213 3754 2344 3810 licis
2374 3755 2666 3811 contraria
2725 3757 3120 3813 destruantur.
3153 3757 3270 3814 Nos
3323 3760 3518 3814 autem
3576 3774 3683 3831 per
3737 3757 3880 3832 illu-

2217 3842 2600 3899 minationem
2656 3843 2872 3900 Christi
2925 3845 3206 3902 veraciter
3259 3849 3318 3901 et
3373 3845 3734 3902 conﬁdenter
3780 3851 3879 3904 as-

2217 3931 2490 3999 serimus,
2524 3937 2580 3987 et
2621 3950 2757 3989 cum
2817 3933 2916 4006 qui
2974 3934 3146 4008 periit
3191 3951 3296 4008 per
3343 3933 3600 4006 culpam,
3634 3934 3874 4008 salvum

2217 4038 2345 4077 esse
2373 4021 2634 4092 potuisse
2663 4038 2767 4094 per
2793 4006 3065 4096 gratiam,
3089 4023 3138 4080 si
3169 4006 3367 4097 gratias
3397 4023 3510 4096 ipsi
3537 4023 3746 4080 famuli
3780 4006 3871 4083 la;

2217 4108 2374 4166 boris
2426 4109 2817 4181 obedientiam
2865 4127 2982 4167 non
3033 4117 3324 4186 negasset,
3357 4117 3414 4168 et
3443 4129 3582 4168 eum
3627 4113 3728 4186 qui
3760 4131 3874 4189 per

2217 4198 2465 4272 gratiam
2487 4199 2560 4255 ad
2583 4199 2746 4255 bona:
2768 4197 3293 4258 consummationis
3309 4206 3496 4258 metas
3515 4201 3754 4260 servitio
3768 4205 3876 4262 ob-

2218 4292 2496 4360 sequente
2517 4289 3010 4362 pervenit,cadere
3031 4307 3135 4364 per
3157 4290 3441 4348 desidiam
3465 4296 3522 4347 et
3547 4291 3740 4366 perire
3768 4311 3874 4368 po-

2216 4376 2401 4433 tuisse
2430 4395 2534 4450 per
2561 4377 2817 4452 culpam.
2849 4380 2966 4436 Nos
3013 4397 3148 4454 ergo
3177 4397 3282 4454 per
3314 4379 3597 4450 medium,
3628 4381 3871 4442 Christo

2219 4466 2386 4532 duce,
2401 4467 2751 4540 gradientes,
2775 4473 2907 4540 post
2926 4469 3175 4542 gratiam
3195 4469 3323 4528 sine
3343 4487 3458 4544 qua
3479 4469 3626 4526 nihil
3649 4489 3874 4533 sumus

2217 4555 2476 4612 laborem
2525 4556 2798 4612 ofﬁciosa:
2847 4558 3147 4616 servitutis
3177 4560 3533 4616 asserimus:
3565 4561 3670 4617 sed
3701 4563 3876 4620 omni

2219 4646 2391 4702 modo
2412 4645 2808 4719 arrogantiam
2819 4651 2876 4704 et
2885 4649 3400 4722 praesumptionem
3430 4648 3648 4708 laboris
3668 4652 3877 4710 exclu-

2219 4735 2444 4805 dimus;
2465 4739 2529 4791 ut
2547 4736 2688 4792 totis
2704 4735 2926 4800 viribus
2947 4738 3299 4796 desudantes
3321 4756 3393 4796 ne
3409 4739 3672 4813 gratiain
3695 4743 3875 4800 nobis

2217 4825 2841 4898 evacuetur,quidquid
2857 4827 2928 4883 de
2951 4844 3130 4884 manu
3152 4827 3385 4884 Domini
3405 4829 3874 4905 susceperimus,

2217 4915 2258 4969 1
2275 4916 2311 4970 7
2329 4913 2548 4970 donum
2570 4915 3017 4986 pronuntiemus
3039 4935 3166 4974 esse
3187 4935 3304 4974 non
3325 4919 3876 4991 pretium,scientes

2219 5001 2434 5060 laboris
2455 5003 2642 5076 ipsius
2671 5006 2927 5062 fructum
2951 5007 3127 5063 ofﬁcii
3159 5025 3281 5064 rem
3313 5025 3460 5078 esse,
3493 5025 3610 5064 non
3642 5010 3870 5080 meriti,

2219 5109 2352 5148 cum
2374 5093 2744 5166 Evangelista
2766 5095 3054 5154 dicentes:
3078 5097 3234 5154 Servi
3245 5099 3466 5156 inutiles
3486 5115 3712 5169 sumus;
3725 5101 3878 5174 quod

2216 5181 2502 5238 debuimus
2547 5185 2744 5255 facere,
2802 5186 3031 5256 fecimus
3079 5187 3228 5259 (Luc.
3259 5205 3395 5256 xvn,
3432 5189 3540 5257 10).
3574 5187 3708 5245 Haec
3739 5207 3879 5264 quas

2215 5271 2467 5328 strictim
2509 5289 2612 5344 pro
2651 5273 2905 5346 epistola:
2935 5275 3215 5334 brevitate
3243 5281 3566 5334 memorata
3590 5283 3735 5335 sunt
3765 5286 3881 5339 aut

2214 5361 2468 5434 recipere
2490 5367 2680 5431 se,aut
2699 5379 2991 5436 respuere,
3018 5365 3380 5422 unanimitas
3398 5371 3502 5422 tua
3529 5373 3881 5427 recurrente

2215 5468 2480 5508 sermone
2511 5453 2878 5526 respondeat.
2912 5452 3194 5510 Caeterum
3238 5455 3339 5527 qui
3390 5455 3541 5511 hanc
3597 5457 3882 5516 veritatis

2213 5557 2553 5598 mensuram
2583 5541 2772 5614 gratia
2798 5542 3160 5613 praecedente
3187 5548 3246 5600 et
3273 5547 3486 5600 conatu
3516 5551 3884 5619 assurgente

2213 5647 2330 5687 non
2361 5630 2645 5704 sequitur,
2678 5630 2892 5704 dignus
2922 5631 3034 5688 erit
3061 5631 3161 5706 qui
3191 5633 3373 5690 sacris
3432 5633 3743 5692 liminibus
3773 5654 3878 5694 ar-

2214 5719 2556 5796 eeatur.Ego
2575 5722 2773 5778 tamen
2805 5718 3170 5779 individuam
3187 5720 3333 5779 mihi
3359 5721 3875 5784 bonitatemtuam
