4002 6470
169 467 242 532 8i
887 470 992 533 DE
1036 449 1801 534 PB/EDESTI‘NATIONE
1842 471 2370 541 DISSERTATIO
2412 480 2876 546 POS'I‘ERIOR.
3058 462 3078 488 ’
3503 490 3583 553 82

168 608 290 662 toto
319 599 567 661 sinceris
597 599 978 676 benignitatis
1019 601 1291 677 amplexu
1323 603 1382 659 in
1411 603 1505 660 via
1543 604 1821 674 retinens,
1851 604 1910 673 Α
1937 606 2237 680 deguisse;
2273 610 2372 684 qui
2404 611 2546 668 dicit
2572 613 2738 686 ignes
2774 619 2832 672 et
2868 615 3095 675 inferna
3123 635 3240 676 non
3269 636 3418 680 esse.
3451 623 3583 682 Haec

171 695 328 750 intra
357 691 570 749 matris
617 691 888 750 Eeclesiai
927 692 1217 767 gremium
1267 710 1608 767 permanere
1653 711 1825 767 repu-

169 781 330 858 diato
357 783 472 840 hoc
501 798 696 838 errore
742 780 1040 849 desidero;
1073 782 1172 855 qui
1223 782 1273 837 si
1320 784 1434 839 cito
1494 789 1825 858 respuatur,

169 871 502 946 ignorantia
535 869 720 928 fuisse
747 869 1040 927 videbitur
1065 887 1078 926 :
1102 871 1468 944 blasphemia
1494 889 1628 929 vero
1661 889 1829 946 repu-

167 961 414 1029 tabitur,
439 961 492 1017 si
514 959 896 1034 pertinaciter
913 961 1279 1017 defendatur.
1303 961 1547 1018 Gravem
1574 980 1828 1036 namque

170 1052 228 1107 in
249 1055 557 1107 auctorem
577 1053 989 1122 retorquemus
1012 1049 1371 1118 invidiam,si
1388 1050 1654 1108 dicamus
1669 1053 1826 1125 quod

167 1141 221 1197 ei
249 1138 710 1214 possibilitatem
751 1140 1120 1211 capessendis
1162 1139 1372 1196 salutis
1409 1141 1662 1198 noluerit
1689 1143 1828 1198 dare

168 1231 270 1304 qui
329 1228 552 1302 periit:
584 1244 722 1284 cum
761 1227 1006 1285 minime
1063 1243 1274 1301 negare
1320 1229 1638 1302 possimus,
1671 1233 1824 1304 quod

169 1319 435 1376 mandati
459 1317 962 1391 prevaricatorem
982 1315 1042 1371 in
1059 1317 1268 1388 judicii
1287 1318 1380 1376 sui
1401 1319 1829 1376 examinatione

169 1407 502 1466 damnabit.
536 1405 646 1475 Qui
675 1405 834 1462 enim
867 1423 982 1462 non
1012 1409 1103 1461 est
1130 1405 1417 1462 obnoxlus
1437 1407 1508 1464 de
1529 1412 1824 1481 suscepto,

168 1497 368 1554 nescio
395 1495 696 1569 quomodo
725 1493 913 1568 possit
940 1511 1070 1550 esse
1099 1495 1170 1550 de
1199 1495 1424 1567 perdito
1448 1511 1462 1552 :
1487 1513 1555 1552 ac
1585 1495 1668 1552 sic
1701 1513 1828 1570 pec-

168 1591 372 1646 cantes
405 1586 466 1642 in
497 1585 705 1656 Deum,
731 1585 900 1657 cujus
931 1583 988 1639 in
1016 1583 1224 1656 primis
1254 1585 1550 1644 incautius
1579 1587 1828 1643 asserui-

169 1693 306 1733 mus
354 1674 634 1749 gratiam,
665 1673 728 1729 in
787 1671 1096 1746 postremis
1153 1673 1282 1745 ejus
1309 1672 1578 1731 videmur
1633 1675 1826 1748 impu-

169 1781 351 1842 gnere
385 1763 712 1835 justitiam.
746 1761 933 1835 Hujus
980 1765 1176 1818 autem
1224 1763 1484 1836 epistolae
1533 1764 1829 1838 exemplar

170 1869 407 1912 mecum
437 1853 684 1920 retineo,
709 1851 770 1906 in
791 1855 1076 1908 conventu
1098 1855 1437 1908 sanctorum
1456 1852 1824 1924 Antistitum,

1937 696 2138 754 omnia
2166 699 2335 771 quasi
2364 699 2548 773 impia
2567 706 2623 758 et
2644 704 2964 777 sacrilegiis
2992 706 3209 778 repleta
3231 711 3578 770 condemno.

1936 786 2022 842 Ita
2053 790 2248 844 autem
2278 806 2475 846 assero
2505 793 2757 864 gratiam
2788 795 2906 861 Dei,
2930 798 2995 850 ut
3021 795 3293 854 adnisum
3323 798 3582 860 hominis

1935 879 1994 931 et
2012 880 2284 932 conatum
2309 879 2506 951 gratiae
2529 897 2760 952 semper
2779 883 3099 956 adjungam
3125 900 3139 938 :
3164 890 3222 941 et
3250 885 3581 946 libertatem

1935 962 2252 1020 voluntatis
2274 965 2544 1023 humanae
2569 986 2682 1025 non
2703 970 3070 1038 exstinctam,
3093 974 3192 1028 sed
3222 977 3582 1034 attenuatum

1935 1056 1994 1107 et
2009 1051 2366 1111 inﬁrmatam
2381 1072 2507 1112 esse
2523 1059 2918 1129 pronuntiem;
2934 1064 2992 1115 et
3007 1061 3321 1132 periclitari
3333 1079 3468 1120 eum
3481 1067 3581 1139 qui

1936 1140 2132 1198 salvus
2163 1147 2274 1212 est,
2292 1147 2350 1198 et
2364 1161 2499 1200 eum
2517 1145 2616 1217 qui
2647 1145 2818 1218 periit
2846 1148 3106 1219 potuisse
3136 1149 3366 1206 salvari.
3384 1152 3583 1210 Chris-

1935 1233 2062 1285 tum
2086 1231 2261 1286 etiam
2292 1233 2476 1288 Deum
2501 1249 2566 1288 ac
2597 1234 2954 1292 Salvatorem
2985 1242 3272 1306 nostrum,
3293 1245 3584 1312 quantum

1935 1318 2184 1390 pertinet
2201 1321 2272 1375 ad
2291 1320 2522 1378 divitias
2538 1323 2817 1380 bonitatis
2833 1342 2971 1391 sua},
2987 1326 3236 1398 pretium
3253 1329 3458 1386 mortis
3479 1347 3583 1404 pro

1937 1409 2212 1466 omnibus
2229 1410 2570 1468 hominibus
2587 1411 2868 1470 obtulisse
2889 1431 2902 1469 :
2924 1419 2980 1471 et
2995 1416 3134 1488 quia
3151 1416 3380 1474 nullum
3396 1419 3586 1492 perire

1935 1497 2074 1554 velit
2087 1498 2187 1570 qui
2204 1503 2293 1555 est
2313 1499 2844 1558 salva'toromnium
2862 1502 3168 1560 hominum
3186 1506 3438 1564 maxime
3449 1507 3586 1566 ﬁde-

1937 1580 2271 1655 lium,dives
2292 1587 2350 1642 in
2369 1589 2642 1645 omnibus
2660 1590 2759 1664 qui
2781 1591 3052 1647 invocant
3067 1592 3257 1649 illum.
3271 1595 3342 1652 Et
3365 1595 3504 1669 quia
3522 1596 3583 1653 in

1935 1676 2116 1733 tantis
2134 1677 2309 1733 rebus
2327 1678 2694 1733 conscientiae
2713 1679 3195 1738 satisfaciendum
3212 1686 3320 1750 est,
3340 1685 3582 1741 memini

1937 1781 2030 1820 me
2058 1769 2194 1820 ante
2215 1765 2429 1822 dixisse
2456 1768 2610 1838 quod
2632 1767 2900 1824 Christus
2923 1786 3027 1841 pro
3057 1770 3152 1826 his
3181 1774 3412 1828 tantum
3436 1789 3585 1845 quos

1935 1853 2261 1909 credituros
2299 1855 2589 1926 prmscivit
2630 1856 2981 1927 advenisset,
3022 1859 3343 1917 sententias
3386 1860 3581 1916 Domi-

171 1944 222 2002 si
247 1943 334 2000 ita
363 1957 610 2000 necesse
655 1940 849 2040 fuerit,
871 1940 1306 2014 proferendum.
1332 1943 1519 2008 Quam
1549 1942 1598 1999 si
1638 1943 1824 1999 susci-
1855 1927 2098 2040 lii-nicas
2127 1959 2399 2015 sequens,
2421 1944 2640 2016 quibus
2661 1944 2742 2000 ait
2765 1961 2778 1998 :
2800 1946 2954 2001 Sicut
2972 1947 3146 2003 Filius
3174 1947 3414 2004 hominis
3434 1950 3587 2006 venit

171 2032 452 2107 piendum
482 2028 778 2104 putaverit
802 2029 1138 2086 fraternitas
1159 2033 1280 2098 tua,
1303 2033 1406 2086 aut
1434 2030 1829 2104 subscriptam

171 2137 350 2179 manu
381 2119 628 2194 propria
655 2135 794 2176 mox
821 2118 1102 2186 remittat,
1135 2122 1237 2175 aut
1267 2121 1650 2192 sequentibus
1681 2120 1830 2177 scri-

171 2211 284 2285 ptis
303 2209 555 2268 omnino
574 2225 638 2266 se
659 2207 1025 2281 improbasse
1049 2209 1418 2280 respondeat.
1441 2209 1604 2275 Quod
1627 2209 1676 2264 si
1698 2225 1828 2266 eam

170 2299 598 2372 subscriptam,
649 2300 718 2353 ut
765 2295 904 2368 dixi,
954 2295 1246 2353 remittere
1305 2295 1583 2365 nolueris,
1633 2301 1830 2371 aperte

171 2387 362 2446 adhuc
391 2403 464 2445 se
489 2386 554 2443 in
584 2401 780 2442 errore
809 2384 1121 2458 persistere
1153 2384 1280 2458 ipso
1306 2384 1540 2442 silentio
1571 2403 1831 2460 compro-

169 2477 360 2545 babis,
392 2493 466 2534 ac
495 2475 743 2550 proinde
765 2475 894 2547 jam
933 2473 1342 2531 necessitatem
1375 2474 1519 2531 mihi
1549 2475 1727 2532 facies
1755 2476 1828 2532 ad

167 2581 486 2640 personam
517 2567 684 2622 tuam
715 2562 968 2639 publicis
998 2562 1378 2620 conventibus
1401 2565 1826 2637 exponendam.

167 2655 236 2714 Et
284 2654 422 2712 ideo
482 2652 813 2710 secundum
869 2651 991 2708 haac
1044 2669 1171 2725 qua:
1203 2670 1238 2708 ει
1267 2669 1360 2708 me
1416 2657 1557 2709 sunt
1609 2653 1830 2710 directa

168 2743 450 2811 rescribe,
474 2746 544 2800 ut
561 2758 652 2810 ea,
675 2742 918 2798 remotis
937 2739 1402 2809 circuitionibus,
1421 2745 1523 2798 aut
1543 2758 1828 2816 agnoscas

165 2838 268 2892 aut
323 2848 600 2906 respuas.
632 2834 770 2887 Item
823 2831 940 2886 alia
994 2847 1185 2886 manu.
1233 2831 1482 2887 Faustus
1534 2831 1830 2904 exemplar

165 2919 430 2996 epistola:
465 2935 612 2976 meae
643 2916 822 2991 relegi
855 2921 911 2975 et
938 2915 1283 2991 subscripsi.
1311 2940 1340 2968 ››

381 3063 522 3120 Item
550 3061 836 3136 εωεπιριαν
862 3025 1038 3118 libelli
1066 3060 1261 3117 Luetdi
1284 3060 1608 3135 presbyteri.

236 3212 264 3238 α
283 3187 564 3246 Dominis
579 3185 941 3243 beatissimis
956 3184 1087 3241 etin
1099 3183 1328 3242 Christo
1345 3183 1829 3244 reverentissimis

1935 2048 2048 2089 non
2099 2035 2434 2102 ministrari,
2478 2033 2571 2089 sed
2625 2034 2962 2103 ministrare,
3022 2045 3075 2093 et
3126 2039 3372 2093 animum
3423 2055 3586 2094 suam

1936 2121 2357 2195 redemptionem
2401 2123 2533 2178 dare
2569 2139 2670 2194 pro
2717 2124 2908 2180 multis
2955 2124 3162 2192 (Matth.
3211 2143 3306 2194 xx,
3351 2128 3465 2195 28).
3514 2127 3587 2184 Et

1937 2209 2085 2266 illud
2115 2226 2132 2268 :
2161 2213 2262 2266 Hie
2287 2219 2367 2268 est
2392 2211 2555 2268 cadis
2595 2213 2886 2282 sanguinis
2913 2215 3026 2292 mei
3065 2214 3202 2270 Νουί
3236 2217 3586 2285 Testamenti,

1938 2301 2035 2374 qui
2069 2316 2170 2372 pro
2218 2301 2409 2356 multis
2456 2299 2765 2372 effundetur
2811 2303 2874 2356 in
2921 2303 3298 2360 remissionem
3337 2311 3584 2376 peceato-

1937 2405 2062 2444 rum
2101 2389 2304 2457 (Matth.
2349 2406 2502 2455 XXVI,
2548 2390 2661 2461 28).
2694 2389 2796 2444 Vel
2854 2389 2999 2446 illud
3057 2391 3320 2464 Apostoli
3367 2409 3381 2448 :
3433 2391 3588 2449 Sicut

1935 2478 2101 2535 semel
2128 2485 2390 2535 statutum
2415 2485 2494 2534 est
2539 2477 2853 2535 hominibus
2884 2481 3046 2546 mori,
3079 2482 3157 2536 ita
3204 2488 3284 2537 est
3331 2481 3584 2538 Christus

1934 2568 2100 2623 semel
2129 2567 2339 2624 oblatus
2385 2575 2465 2624 est
2493 2567 2563 2624 ad
2607 2569 2908 2624 multorum
2951 2569 3328 2626 exhaurienda
3367 2577 3588 2642 peccata

1936 2655 2115 2728 (Hebr.
2139 2674 2214 2723 1x,
2245 2656 2357 2727 27).
2386 2656 2553 2711 Nunc
2583 2673 2714 2711 vero
2762 2673 3063 2712 sacrorum
3109 2657 3583 2716 testimoniorum

1937 2745 2303 2816 auctoritate,
2327 2761 2453 2817 quae
2478 2745 2712 2801 abunde
2743 2761 2844 2816 per
2873 2745 3064 2816 spatia
3085 2745 3416 2804 divinarum
3437 2747 3588 2806 Scri-

1936 2837 2244 2907 pturarum
2267 2832 2662 2898 inveniuntur,
2677 2837 2734 2889 et
2753 2833 3052 2889 seniorum
3068 2833 3344 2892 doctrina:
3363 2835 3586 2894 ratione

1937 2907 2248 2994 patefacta,
2273 2921 2461 2977 libens
2481 2922 2662 2978 fateor
2681 2921 2977 2978 Christum
2999 2922 3176 2978 etiam
3205 2939 3310 2995 pro
3340 2923 3582 2996 perditis

1937 3009 2262 3078 advenisse,
2309 3010 2410 3082 qui
2467 3010 2671 3065 eodem
2729 3009 2960 3066 nolente
3016 3011 3334 3083 perierunt.
3385 3014 3586 3084 Neque

1936 3098 2095 3155 enim
2126 3098 2214 3154 fas
2243 3101 2332 3154 est
2361 3097 2517 3154 circa
2545 3114 2643 3153 eos
2673 3097 2865 3154 solum
2897 3099 2996 3171 qui
3019 3098 3292 3154 videntur
3309 3115 3438 3156 esse
3465 3099 3584 3156 sal-

1936 3187 2074 3255 vati,
2098 3187 2399 3242 immensae
2423 3185 2656 3242 divitias
2687 3185 2968 3243 bonitatis
2991 3203 3056 3243 ac
3087 3187 3370 3244 beneﬁcia
3387 3188 3588 3245 divina

169 3278 467 3344 Patribus,
492 3272 1389 3345 Eufronio,Viventio,Veriano,
1411 3271 1608 3342 Paulo,
1632 3275 1832 3330 Eutro—
1865 3275 2231 3348 ;,concludi.
2264 3273 2411 3331 Nam
2451 3275 2501 3331 si
2549 3275 2848 3332 Christum
2895 3275 2989 3332 his
3039 3279 3271 3332 tantum
3327 3276 3588 3333 remedia

167 3366 280 3439 pio,
303 3362 611 3430 Marcello,
631 3361 897 3429 Claudio,
922 3362 1180 3430 Leontio,
1215 3362 1517 3434 Mamerto,
1541 3361 1822 3434 Auxanio,

163 3454 435 3528 negotio,
461 3449 1249 3520 Leontio,Croco,Ursicino,
1272 3451 1531 3519 Fonteio,
1555 3451 1821 3523 Patienti,

167 3545 401 3610 Fausto,
436 3541 664 3611 Graeco,
697 3539 964 3608 Claudio,
995 3539 1230 3607 Basilio,
1255 3541 1616 3609 Prtetextato,
1650 3541 1825 3614 Prag-

166 3633 364 3703 matio,
398 3629 696 3697 Viventio,
734 3629 948 3686 Joanni
987 3628 1280 3702 episcopo,
1317 3629 1690 3702 Theoplasto,
1721 3631 1824 3687 Ju-

169 3721 340 3788 liano,
364 3718 652 3794 Opilioni,
681 3717 987 3787 Leocadio,
1017 3717 1286 3787 Amicali,
1319 3721 1379 3774 et
1425 3718 1646 3774 Licinio
1695 3736 1825 3791 pre-

169 3810 439 3885 sbyteris,
463 3807 752 3864 Lucidus.
771 3807 1070 3880 Correptio
1087 3811 1282 3863 vestra
1307 3806 1470 3863 salus
1491 3807 1745 3880 publica,
1769 3812 1828 3864 et

171 3899 460 3957 sententia
480 3901 678 3954 vestra
698 3895 992 3953 medicina
1012 3900 1120 3952 est.
1141 3894 1302 3953 Unde
1321 3898 1380 3954 et
1400 3913 1506 3971 ego
1524 3913 1826 3954 summum

173 3989 499 4046 remedium
548 3986 722 4052 duco,
757 3988 825 4041 ut
851 3983 1176 4058 preteritos
1225 4001 1450 4042 errores
1497 3986 1827 4042 accusando

175 4093 466 4144 excusem,
492 4079 555 4132 et
584 4074 892 4132 salutifera
921 4073 1281 4147 professione
1302 4090 1395 4130 me
1424 4074 1668 4131 diluam.
1692 4074 1828 4131 Pro-

177 4166 302 4224 inde
344 4167 527 4239 juxta
574 4162 935 4238 praedicandi
995 4161 1249 4218 recentia
1303 4166 1522 4219 statuta
1575 4162 1827 4232 concilii,

178 4257 388 4313 damno
415 4254 731 4312 vobiscum
762 4268 1005 4309 sensum
1037 4250 1228 4319 illum,
1261 4253 1358 4325 qui
1392 4251 1534 4308 dicit
1570 4251 1829 4308 laborem

179 4345 448 4402 humanae
481 4341 833 4400 obedientize
877 4339 1085 4397 divinae
1123 4341 1322 4414 gratiae
1355 4357 1472 4397 non
1521 4358 1649 4398 esse
1689 4343 1831 4413 jun-

179 4436 465 4508 gendum;
501 4429 607 4506 qui
633 4429 780 4487 dicit
827 4433 962 4504 post
989 4429 1165 4503 primi
1195 4429 1451 4485 hominis
1500 4428 1733 4502 lapsum
1764 4447 1833 4485 ex

181 4529 294 4581 toto
311 4520 636 4580 arbitrium
648 4518 972 4577 voluntatis
991 4518 1342 4575 exstinctum
1358 4536 1371 4588 ;
1395 4518 1497 4591 qui
1519 4518 1660 4574 dicit
1675 4518 1832 4591 quod

182 4611 444 4668 Christus
494 4607 787 4666 Dominus
815 4611 874 4664 et
901 4607 1164 4664 Salvator
1191 4612 1393 4664 noster
1421 4611 1666 4664 mortem
1715 4624 1831 4662 non

1938 3363 2207 3422 attulisse
2236 3363 2488 3420 dicimus
2509 3363 2608 3436 qui
2641 3364 2924 3436 redempti
2949 3369 3108 3432 sunt,
3132 3363 3465 3421 videbimur
3491 3365 3588 3420 ab-

1933 3454 2153 3512 solvere
2183 3471 2298 3510 non
2330 3455 2683 3526 redemptos,
2709 3470 2856 3525 quos
2886 3469 2989 3525 pro
3021 3453 3426 3526 redemptione
3456 3470 3588 3511 con-

1933 3548 2157 3616 tempta
2185 3546 2415 3600 constat
2453 3559 2581 3599 esse
2628 3542 2978 3614 puniendos.
3008 3545 3219 3601 Assero
3270 3542 3450 3599 etiam
3482 3559 3586 3615 per

1932 3633 2218 3715 rationem
2247 3635 2304 3688 et
2332 3631 2596 3688 ordinem
2613 3630 2983 3715 .saaculorum
3028 3630 3174 3687 alios
3202 3630 3328 3705 lege
3357 3631 3580 3705 gratias,

1934 3721 2080 3778 alios
2109 3705 2236 3793 lego
2266 3721 2470 3792 Moysi,
2495 3705 2640 3776 alios
2690 3719 2813 3792 lege
2845 3724 3087 3788 naturae,
3116 3736 3294 3792 quam
3342 3720 3497 3777 Deus
3526 3719 3587 3776 in

1934 3809 2199 3867 omnium
2229 3808 2503 3864 cordibus
2536 3808 2795 3880 scripsit,
2817 3807 2876 3862 in
2921 3825 3025 3880 spe
3055 3808 3343 3864 adventus
3372 3807 3590 3864 Christi

1934 3898 2116 3955 fuisse
2146 3897 2399 3953 salvatus
2435 3913 2447 3952 :
2483 3895 2678 3952 nullos
2726 3900 2922 3951 tamen
2955 3911 3024 3950 cx
3066 3895 3231 3951 initio
3279 3895 3484 3952 mundi
3515 3895 3588 3952 ab

1935 3985 2204 4060 originali
2238 4002 2388 4040 nexu
2411 3983 2524 4039 nisi
2549 3984 2964 4038 intercessione
2988 3982 3140 4040 sacri
3167 3982 3476 4056 sanguinis
3494 3983 3590 4040 ab-

1936 4075 2182 4133 solutos.
2207 4074 2486 4130 Profiteor
2513 4073 2690 4128 etiam
2713 4076 2962 4129 aeternos
2993 4073 3159 4145 ignes
3190 4075 3247 4128 et
3277 4071 3592 4129 infernales

1937 4165 2206 4221 ﬂammas
2237 4163 2404 4217 factis
2437 4160 2792 4232 capitalibus
2825 4164 3198 4232 prmparatas,
3228 4160 3367 4232 quia
3397 4175 3590 4232 perse-

1933 4255 2204 4310 verantes
2235 4251 2296 4306 in
2331 4252 2508 4306 ﬁnem
2543 4251 2831 4305 humanas
2855 4249 3058 4322 culpas
3089 4249 3296 4304 merito
3326 4249 3596 4321 sequitur

1939 4342 2134 4398 divina
2163 4340 2475 4408 sententia,
2497 4355 2674 4411 quam
2695 4339 2858 4409 juste
2881 4337 3192 4394 incurrunt
3211 4337 3310 4410 qui
3333 4337 3454 4393 hinc
3476 4353 3591 4394 non

1938 4435 2057 4488 toto
2085 4430 2258 4485 corde
2287 4427 2659 4484 crediderint.
2685 4426 2854 4482 Orate
2886 4444 2988 4499 pro
3020 4443 3135 4492 me,
3160 4425 3380 4481 domini
3406 4425 3594 4483 sancti

1940 4524 1998 4576 et
2027 4517 2330 4591 apostolici
2354 4517 2572 4572 Patres.
2599 4515 2858 4571 Lucidus
2889 4516 3192 4587 presbyter
3210 4515 3364 4571 hanc
3386 4515 3598 4588 episto-

1940 4607 2058 4664 lam
2089 4624 2267 4662 manu
2300 4605 2538 4678 propria
2557 4603 2905 4675 subscripsi,
2929 4609 2986 4659 et
3007 4621 3132 4676 quas
3157 4604 3214 4658 iii
3239 4620 3307 4659 ea
3325 4608 3596 4659 astruun-

183 4716 280 4774 pro
298 4701 575 4758 omnium
607 4697 798 4756 salute
826 4696 1178 4769 susceperit;
1203 4696 1304 4769 qui
1331 4695 1474 4752 dicit
1502 4697 1659 4768 quod
1689 4714 1830 4769 prm-
1863 4710 1914 4778 D
1941 4702 2038 4754 tur
2067 4713 2284 4764 assero,
2309 4699 2365 4750 ct
2394 4712 2522 4766 qum
2557 4699 2695 4750 sunt
2723 4694 3003 4748 damnata
3033 4693 3269 4749 damno.
3297 4716 3323 4741 ››

187 4790 426 4847 scientia
455 4787 560 4845 Dei
593 4785 896 4844 hominem
925 4784 1210 4841 violenter
1238 4784 1551 4858 compellat
1579 4785 1650 4841 ad
1683 4802 1836 4842 mor-

187 4882 320 4946 tem,
339 4877 430 4934 vel
460 4877 622 4952 quod
675 4874 777 4932 Dei
810 4878 1050 4947 pereant
1075 4873 1376 4930 voluntate
1425 4867 1530 4947 qui
1573 4879 1836 4948 pereunt,

189 4968 282 5040 qui
310 4967 456 5024 dicit
485 4967 645 5040 quod
683 4965 818 5038 post
847 4967 1152 5036 acceptum
1189 4962 1447 5036 legitime
1475 4964 1839 5036 baptismum

191 5055 246 5111 in
272 5057 454 5113 Adam
484 5053 780 5111 moriatur
815 5051 1154 5126 quicunque
1180 5051 1522 5126 deliquerit;
1565 5053 1666 5126 qui
1700 5053 1843 5109 dicit

193 5144 330 5201 alios
349 5146 670 5218 deputatas
689 5142 764 5198 ad
787 5146 1058 5209 mortem,
1075 5140 1224 5198 alios
1245 5143 1317 5197 ad
1339 5142 1520 5198 vitam
1543 5142 1842 5210 praedesti-

193 5238 380 5303 natos;
405 5233 506 5306 qui
533 5232 682 5289 dicit
705 5231 778 5288 ab
799 5231 984 5287 Adam
1016 5246 1203 5302 usque
1223 5231 1297 5286 ad
1318 5229 1615 5287 Christum
1647 5231 1843 5288 nullos

195 5337 258 5378 ex
282 5323 564 5397 gentibus
613 5335 721 5393 per
777 5318 1032 5392 primam
1064 5318 1161 5375 Dei
1191 5319 1464 5392 gratiam,
1498 5320 1557 5375 id
1605 5324 1695 5376 est
1740 5338 1844 5394 per

195 5408 368 5483 legem
401 5415 633 5467 naturae
663 5407 726 5463 in
757 5408 1072 5467 adventum
1099 5407 1315 5463 Christi
1356 5407 1536 5464 fuisse
1566 5408 1839 5479 salvatos,

195 5515 256 5554 eo
283 5501 435 5572 quod
479 5499 738 5556 liberum
787 5495 1098 5552 arbitrium
1129 5513 1198 5552 ex
1227 5497 1502 5554 omnibus
1549 5497 1610 5553 in
1653 5499 1842 5570 primo

195 5595 422 5660 parente
453 5587 856 5663 perdiderint;
899 5585 999 5658 qui
1039 5585 1178 5642 dicit
1220 5586 1586 5658 patriarchas
1615 5603 1681 5642 ac
1711 5605 1842 5659 pro-

197 5677 388 5749 phetas
415 5677 508 5736 vel
540 5693 817 5734 summos
839 5691 1102 5749 quosque
1124 5679 1484 5745 sanctorum,
1508 5677 1687 5733 etiam
1709 5681 1846 5734 ante

201 5767 612 5842 redemptionis
645 5765 750 5824 18
781 5769 1067 5838 tempoea,
1091 5765 1153 5821 in
1189 5765 1448 5838 paradisi
1490 5766 1848 5825 habitatione

2018 4787 2147 4842 Haec
2173 4789 2371 4841 autem
2404 4783 2532 4840 ideo
2566 4783 2659 4839 his
2685 4781 2921 4854 scriptis
2952 4783 3320 4855 interponere
3350 4781 3597 4853 dignum

1948 4875 2326 4941 duximus,ut
2347 4873 2726 4928 manifestum
2765 4873 2883 4938 fiat,
2900 4870 3039 4944 quia
3059 4870 3325 4943 quaedam
3342 4868 3438 4925 isti
3481 4884 3598 4923 mo-

1947 4963 2112 5021 derni
2142 4960 2640 5018 Praedestinatiani
2673 4959 2897 5028 dicunt,
2923 4977 3048 5032 quae
3079 4963 3136 5016 et
3163 4963 3383 5015 veteres
3411 4957 3596 5012 hisre-

1948 5044 2049 5110 tici
2081 5057 2212 5108 ante
2255 5051 2527 5106 dixerunt
2558 5068 2570 5106 :
2607 5049 2823 5122 quibus
2870 5049 3157 5104 catholica
3184 5052 3242 5103 et
3272 5042 3597 5117 apostolica

1949 5141 2290 5200 auctoritate
2321 5145 2379 5197 et
2409 5139 2528 5208 isti,
2552 5138 2723 5210 longe
2749 5143 2881 5210 post
2906 5137 3158 5194 exorturi
3182 5141 3358 5205 atque
3386 5132 3594 5202 futuri,

1948 5230 2158 5288 devicti
2206 5234 2265 5286 et
2313 5229 2695 5303 prmdamnati
2748 5229 3004 5294 fuerunt,
3029 5227 3181 5280 sicut
3233 5223 3482 5296 Prosper
3535 5221 3596 5278 in
3709 5273 3716 5278 .

1951 5321 2188 5395 praefato
2219 5319 2366 5374 libro
2397 5322 2600 5374 eontra
2627 5316 2891 5373 Cassiani
2933 5311 3408 5370 abbatislibrum
3440 5311 3598 5369 edito

1952 5411 2024 5466 ad
2069 5410 2261 5465 locum
2293 5407 2433 5463 dicit
2465 5425 2527 5462 :u
2557 5405 2934 5471 Venerabilis,
2976 5401 3270 5475 inquiens,
3304 5401 3599 5458 memoria:

1953 5499 2207 5572 pontifex
2228 5497 2592 5564 lecstinus,
2618 5496 2710 5551 cui
2741 5495 2811 5548 ad
2839 5491 3137 5548 catholica:
3161 5490 3429 5547 Ecclesia:
3462 5507 3601 5564 prie-

1953 5588 2169 5645 sidium
2193 5587 2380 5642 multa
2397 5586 2672 5641 Dominus
2690 5583 2886 5654 gratim
2910 5600 3027 5635 sum
3048 5582 3201 5638 dona
3221 5581 3468 5654 largitus
3489 5584 3599 5646 est,

1953 5677 2144 5734 sciens
2182 5675 2476 5732 damnatis
2529 5689 2643 5728 non
2693 5688 2936 5728 examen
2987 5671 3219 5745 judicii,
3254 5671 3354 5727 sed
3405 5668 3598 5724 solum

1956 5766 2258 5824 sententia:
2291 5763 2612 5820 remedium
2645 5777 2774 5818 esse
2813 5762 3233 5834 prazstandum,
3265 5757 3598 5816 leestium
