  <div class='ocr_page' id='page_1' title='image "/cluster/home/n/w/nwhite01/storage/ocr_20150623/125/umn.31951002477418t/049.png"; bbox 0 0 4002 6452; ppageno 0'>
   <div class='ocr_carea' id='block_1_1' title="bbox 415 363 3828 432">
    <p class='ocr_par' dir='ltr' id='par_1_1' title="bbox 415 363 3828 432">
     <span class='ocr_line' id='line_1_1' title="bbox 415 363 3828 432; baseline 0 -5"><span class='ocrx_word' id='word_1_1' title='bbox 415 363 494 428; x_wconf 89' lang='lat'><strong>83</strong></span> <span class='ocrx_word' id='word_1_2' title='bbox 1348 369 1731 432; x_wconf 82' lang='lat' dir='ltr'>HINCMARI</span> <span class='ocrx_word' id='word_1_3' title='bbox 1778 367 2226 432; x_wconf 80' lang='lat' dir='ltr'>BHEMENSIS</span> <span class='ocrx_word' id='word_1_4' title='bbox 2270 366 2886 431; x_wconf 82' lang='lat' dir='ltr'>ARCHIEPISCOPI.</span> <span class='ocrx_word' id='word_1_5' title='bbox 3747 365 3828 428; x_wconf 75' lang='lat'>84</span> 
     </span>
    </p>
   </div>
   <div class='ocr_carea' id='block_1_2' title="bbox 415 496 3832 574">
    <p class='ocr_par' dir='ltr' id='par_1_2' title="bbox 415 496 3832 574">
     <span class='ocr_line' id='line_1_2' title="bbox 415 496 3832 574; baseline -0.001 -18"><span class='ocrx_word' id='word_1_6' title='bbox 415 499 586 573; x_wconf 88' lang='lat' dir='ltr'>quasi</span> <span class='ocrx_word' id='word_1_7' title='bbox 616 517 730 557; x_wconf 92' lang='lat' dir='ltr'>non</span> <span class='ocrx_word' id='word_1_8' title='bbox 752 498 1005 557; x_wconf 89' lang='lat' dir='ltr'>discussi</span> <span class='ocrx_word' id='word_1_9' title='bbox 1024 501 1240 574; x_wconf 89' lang='lat' dir='ltr'>negotii</span> <span class='ocrx_word' id='word_1_10' title='bbox 1272 501 1633 558; x_wconf 80' lang='lat' dir='ltr'>audientiam</span> <span class='ocrx_word' id='word_1_11' title='bbox 1665 501 2060 574; x_wconf 83' lang='lat' dir='ltr'>postulantem</span> <span class='ocrx_word' id='word_1_12' title='bbox 2091 503 2144 568; x_wconf 79' lang='grc' dir='ltr'><strong>Α</strong></span> <span class='ocrx_word' id='word_1_13' title='bbox 2175 500 2274 573; x_wconf 90' lang='lat' dir='ltr'>qui</span> <span class='ocrx_word' id='word_1_14' title='bbox 2307 500 2613 572; x_wconf 82' lang='lat' dir='ltr'>paululum</span> <span class='ocrx_word' id='word_1_15' title='bbox 2645 519 2707 557; x_wconf 91' lang='lat' dir='ltr'>se</span> <span class='ocrx_word' id='word_1_16' title='bbox 2747 501 2818 556; x_wconf 87' lang='lat' dir='ltr'>ad</span> <span class='ocrx_word' id='word_1_17' title='bbox 2869 499 3115 572; x_wconf 86' lang='lat' dir='ltr'>legenda</span> <span class='ocrx_word' id='word_1_18' title='bbox 3162 498 3284 555; x_wconf 87' lang='lat' dir='ltr'>hac</span> <span class='ocrx_word' id='word_1_19' title='bbox 3335 497 3558 572; x_wconf 78' lang='lat' dir='ltr'>dignati</span> <span class='ocrx_word' id='word_1_20' title='bbox 3608 496 3832 554; x_wconf 82' lang='lat' dir='ltr'>fuerint</span> 
     </span>
    </p>
   </div>
   <div class='ocr_carea' id='block_1_3' title="bbox 415 587 2068 664">
    <p class='ocr_par' dir='ltr' id='par_1_3' title="bbox 415 587 2068 664">
     <span class='ocr_line' id='line_1_3' title="bbox 415 587 2068 664; baseline 0 -20"><span class='ocrx_word' id='word_1_21' title='bbox 415 589 596 646; x_wconf 82' lang='lat' dir='ltr'>totius</span> <span class='ocrx_word' id='word_1_22' title='bbox 628 587 804 646; x_wconf 92' lang='lat' dir='ltr'>Italia</span> <span class='ocrx_word' id='word_1_23' title='bbox 835 589 1058 646; x_wconf 84' lang='lat' dir='ltr'>ﬁnibus</span> <span class='ocrx_word' id='word_1_24' title='bbox 1081 591 1268 662; x_wconf 86' lang='lat' dir='ltr'>jussit</span> <span class='ocrx_word' id='word_1_25' title='bbox 1295 591 1546 647; x_wconf 83' lang='lat' dir='ltr'>extrudi.</span> <span class='ocrx_word' id='word_1_26' title='bbox 1578 591 1732 647; x_wconf 89' lang='lat' dir='ltr'>Adeo</span> <span class='ocrx_word' id='word_1_27' title='bbox 1764 595 1821 647; x_wconf 91' lang='lat' dir='ltr'>et</span> <span class='ocrx_word' id='word_1_28' title='bbox 1851 591 2068 664; x_wconf 84' lang='lat' dir='ltr'>prade-</span> 
     </span>
    </p>
   </div>
   <div class='ocr_carea' id='block_1_4' title="bbox 414 679 2070 753">
    <p class='ocr_par' dir='ltr' id='par_1_4' title="bbox 414 679 2070 753">
     <span class='ocr_line' id='line_1_4' title="bbox 414 679 2070 753; baseline 0 -19"><span class='ocrx_word' id='word_1_29' title='bbox 414 693 716 734; x_wconf 89' lang='lat' dir='ltr'>cessorum</span> <span class='ocrx_word' id='word_1_30' title='bbox 737 695 982 734; x_wconf 91' lang='lat' dir='ltr'>suorum</span> <span class='ocrx_word' id='word_1_31' title='bbox 1006 683 1227 736; x_wconf 90' lang='lat' dir='ltr'>statuta</span> <span class='ocrx_word' id='word_1_32' title='bbox 1246 685 1303 736; x_wconf 91' lang='lat' dir='ltr'>et</span> <span class='ocrx_word' id='word_1_33' title='bbox 1323 680 1554 736; x_wconf 89' lang='lat' dir='ltr'>decreta</span> <span class='ocrx_word' id='word_1_34' title='bbox 1571 679 1872 753; x_wconf 75' lang='lat' dir='ltr'>synodalia</span> <span class='ocrx_word' id='word_1_35' title='bbox 1893 679 2070 734; x_wconf 87' lang='lat' dir='ltr'>invio-</span> 
     </span>
    </p>
   </div>
   <div class='ocr_carea' id='block_1_5' title="bbox 415 765 2064 840">
    <p class='ocr_par' dir='ltr' id='par_1_5' title="bbox 415 765 2064 840">
     <span class='ocr_line' id='line_1_5' title="bbox 415 765 2064 840; baseline -0.001 -18"><span class='ocrx_word' id='word_1_36' title='bbox 415 765 672 824; x_wconf 91' lang='lat' dir='ltr'>labiliter</span> <span class='ocrx_word' id='word_1_37' title='bbox 702 767 989 823; x_wconf 90' lang='lat' dir='ltr'>servanda</span> <span class='ocrx_word' id='word_1_38' title='bbox 1008 769 1298 837; x_wconf 83' lang='lat' dir='ltr'>censebat,</span> <span class='ocrx_word' id='word_1_39' title='bbox 1323 773 1388 824; x_wconf 92' lang='lat' dir='ltr'>ut</span> <span class='ocrx_word' id='word_1_40' title='bbox 1417 769 1570 840; x_wconf 92' lang='lat' dir='ltr'>quod</span> <span class='ocrx_word' id='word_1_41' title='bbox 1603 770 1702 825; x_wconf 81' lang='lat' dir='ltr'>I9</span> <span class='ocrx_word' id='word_1_42' title='bbox 1735 767 1913 824; x_wconf 85' lang='lat' dir='ltr'>semel</span> <span class='ocrx_word' id='word_1_43' title='bbox 1946 785 2064 822; x_wconf 90' lang='lat' dir='ltr'>me-</span> 
     </span>
    </p>
   </div>
   <div class='ocr_carea' id='block_1_6' title="bbox 411 855 2064 929">
    <p class='ocr_par' dir='ltr' id='par_1_6' title="bbox 411 855 2064 929">
     <span class='ocr_line' id='line_1_6' title="bbox 411 855 2064 929; baseline -0.001 -17"><span class='ocrx_word' id='word_1_44' title='bbox 411 859 616 912; x_wconf 86' lang='lat' dir='ltr'>ruerat</span> <span class='ocrx_word' id='word_1_45' title='bbox 659 855 882 912; x_wconf 87' lang='lat' dir='ltr'>abscidi</span> <span class='ocrx_word' id='word_1_46' title='bbox 927 872 1299 929; x_wconf 88' lang='lat' dir='ltr'>nequaquam</span> <span class='ocrx_word' id='word_1_47' title='bbox 1355 857 1688 913; x_wconf 84' lang='lat' dir='ltr'>admitteret</span> <span class='ocrx_word' id='word_1_48' title='bbox 1743 856 2064 912; x_wconf 83' lang='lat' dir='ltr'>retractari.</span> 
     </span>
    </p>
   </div>
   <div class='ocr_carea' id='block_1_7' title="bbox 412 943 2064 1017">
    <p class='ocr_par' dir='ltr' id='par_1_7' title="bbox 412 943 2064 1017">
     <span class='ocr_line' id='line_1_7' title="bbox 412 943 2064 1017; baseline 0.001 -18"><span class='ocrx_word' id='word_1_49' title='bbox 412 943 529 1000; x_wconf 89' lang='lat' dir='ltr'>Nec</span> <span class='ocrx_word' id='word_1_50' title='bbox 556 960 692 1000; x_wconf 90' lang='lat' dir='ltr'>vero</span> <span class='ocrx_word' id='word_1_51' title='bbox 724 945 990 1017; x_wconf 85' lang='lat' dir='ltr'>segniore</span> <span class='ocrx_word' id='word_1_52' title='bbox 1041 961 1180 1001; x_wconf 90' lang='lat' dir='ltr'>cura</span> <span class='ocrx_word' id='word_1_53' title='bbox 1209 946 1281 1002; x_wconf 90' lang='lat' dir='ltr'>ab</span> <span class='ocrx_word' id='word_1_54' title='bbox 1313 945 1422 1002; x_wconf 92' lang='lat' dir='ltr'>hoc</span> <span class='ocrx_word' id='word_1_55' title='bbox 1453 947 1656 1002; x_wconf 90' lang='lat' dir='ltr'>eodem</span> <span class='ocrx_word' id='word_1_56' title='bbox 1705 947 1908 1002; x_wconf 91' lang='lat' dir='ltr'>morbo</span> <span class='ocrx_word' id='word_1_57' title='bbox 1940 945 2064 1001; x_wconf 87' lang='lat' dir='ltr'>Bri-</span> 
     </span>
    </p>
   </div>
   <div class='ocr_carea' id='block_1_8' title="bbox 415 1031 2063 1107">
    <p class='ocr_par' dir='ltr' id='par_1_8' title="bbox 415 1031 2063 1107">
     <span class='ocr_line' id='line_1_8' title="bbox 415 1031 2063 1107; baseline 0.001 -18"><span class='ocrx_word' id='word_1_58' title='bbox 415 1032 654 1089; x_wconf 90' lang='lat' dir='ltr'>tannias</span> <span class='ocrx_word' id='word_1_59' title='bbox 673 1031 972 1090; x_wconf 89' lang='lat' dir='ltr'>liberavit:</span> <span class='ocrx_word' id='word_1_60' title='bbox 994 1034 1226 1106; x_wconf 85' lang='lat' dir='ltr'>quando</span> <span class='ocrx_word' id='word_1_61' title='bbox 1244 1035 1532 1106; x_wconf 90' lang='lat' dir='ltr'>quosdam</span> <span class='ocrx_word' id='word_1_62' title='bbox 1556 1034 1827 1090; x_wconf 91' lang='lat' dir='ltr'>inimicos</span> <span class='ocrx_word' id='word_1_63' title='bbox 1843 1034 2063 1107; x_wconf 81' lang='lat' dir='ltr'>gratiae,</span> 
     </span>
    </p>
   </div>
   <div class='ocr_carea' id='block_1_9' title="bbox 421 1120 2068 1196">
    <p class='ocr_par' dir='ltr' id='par_1_9' title="bbox 421 1120 2068 1196">
     <span class='ocr_line' id='line_1_9' title="bbox 421 1120 2068 1196; baseline 0.001 -18"><span class='ocrx_word' id='word_1_64' title='bbox 421 1120 616 1178; x_wconf 87' lang='lat' dir='ltr'>solum</span> <span class='ocrx_word' id='word_1_65' title='bbox 639 1139 758 1178; x_wconf 89' lang='lat' dir='ltr'>sua</span> <span class='ocrx_word' id='word_1_66' title='bbox 779 1121 1021 1196; x_wconf 81' lang='lat' dir='ltr'>originis</span> <span class='ocrx_word' id='word_1_67' title='bbox 1043 1127 1416 1196; x_wconf 90' lang='lat' dir='ltr'>occupantes,</span> <span class='ocrx_word' id='word_1_68' title='bbox 1437 1123 1611 1179; x_wconf 90' lang='lat' dir='ltr'>etiam</span> <span class='ocrx_word' id='word_1_69' title='bbox 1634 1124 1706 1179; x_wconf 92' lang='lat' dir='ltr'>ab</span> <span class='ocrx_word' id='word_1_70' title='bbox 1727 1123 1826 1179; x_wconf 93' lang='lat' dir='ltr'>illo</span> <span class='ocrx_word' id='word_1_71' title='bbox 1849 1129 2068 1179; x_wconf 90' lang='lat' dir='ltr'>secreto</span> 
     </span>
    </p>
   </div>
   <div class='ocr_carea' id='block_1_10' title="bbox 415 1209 2068 1285">
    <p class='ocr_par' dir='ltr' id='par_1_10' title="bbox 415 1209 2068 1285">
     <span class='ocr_line' id='line_1_10' title="bbox 415 1209 2068 1285; baseline 0.001 -19"><span class='ocrx_word' id='word_1_72' title='bbox 415 1209 637 1266; x_wconf 83' lang='lat' dir='ltr'>exclusi</span> <span class='ocrx_word' id='word_1_73' title='bbox 668 1209 900 1280; x_wconf 91' lang='lat' dir='ltr'>Oceani,</span> <span class='ocrx_word' id='word_1_74' title='bbox 923 1215 982 1268; x_wconf 91' lang='lat' dir='ltr'>et</span> <span class='ocrx_word' id='word_1_75' title='bbox 1021 1211 1288 1268; x_wconf 91' lang='lat' dir='ltr'>ordinato</span> <span class='ocrx_word' id='word_1_76' title='bbox 1337 1212 1550 1268; x_wconf 86' lang='lat' dir='ltr'>Scottis</span> <span class='ocrx_word' id='word_1_77' title='bbox 1597 1213 1890 1285; x_wconf 90' lang='lat' dir='ltr'>episcopo,</span> <span class='ocrx_word' id='word_1_78' title='bbox 1925 1213 2068 1268; x_wconf 91' lang='lat' dir='ltr'>dum</span> 
     </span>
    </p>
   </div>
   <div class='ocr_carea' id='block_1_11' title="bbox 419 1297 2070 1368">
    <p class='ocr_par' dir='ltr' id='par_1_11' title="bbox 419 1297 2070 1368">
     <span class='ocr_line' id='line_1_11' title="bbox 419 1297 2070 1368; baseline 0.002 -14"><span class='ocrx_word' id='word_1_79' title='bbox 419 1297 747 1355; x_wconf 84' lang='lat' dir='ltr'>Romanam</span> <span class='ocrx_word' id='word_1_80' title='bbox 775 1297 1034 1356; x_wconf 87' lang='lat' dir='ltr'>insulam</span> <span class='ocrx_word' id='word_1_81' title='bbox 1061 1301 1262 1358; x_wconf 86' lang='lat' dir='ltr'>studet</span> <span class='ocrx_word' id='word_1_82' title='bbox 1289 1317 1518 1357; x_wconf 89' lang='lat' dir='ltr'>servare</span> <span class='ocrx_word' id='word_1_83' title='bbox 1539 1300 1908 1368; x_wconf 89' lang='lat' dir='ltr'>catholicam,</span> <span class='ocrx_word' id='word_1_84' title='bbox 1933 1301 2070 1357; x_wconf 80' lang='lat' dir='ltr'>fecit</span> 
     </span>
    </p>
   </div>
   <div class='ocr_carea' id='block_1_12' title="bbox 415 1385 2068 1447">
    <p class='ocr_par' dir='ltr' id='par_1_12' title="bbox 415 1385 2068 1447">
     <span class='ocr_line' id='line_1_12' title="bbox 415 1385 2068 1447; baseline 0.003 -6"><span class='ocrx_word' id='word_1_85' title='bbox 415 1385 593 1443; x_wconf 88' lang='lat' dir='ltr'>etiam</span> <span class='ocrx_word' id='word_1_86' title='bbox 613 1387 925 1444; x_wconf 87' lang='lat' dir='ltr'>barbaram</span> <span class='ocrx_word' id='word_1_87' title='bbox 945 1388 1360 1445; x_wconf 88' lang='lat' dir='ltr'>Christianam.</span> <span class='ocrx_word' id='word_1_88' title='bbox 1377 1390 1484 1445; x_wconf 92' lang='lat' dir='ltr'>Per</span> <span class='ocrx_word' id='word_1_89' title='bbox 1499 1389 1657 1445; x_wconf 92' lang='lat' dir='ltr'>hunc</span> <span class='ocrx_word' id='word_1_90' title='bbox 1676 1389 1867 1447; x_wconf 93' lang='lat' dir='ltr'>virum</span> <span class='ocrx_word' id='word_1_91' title='bbox 1889 1390 2068 1446; x_wconf 90' lang='lat' dir='ltr'>etiam</span> 
     </span>
    </p>
   </div>
   <div class='ocr_carea' id='block_1_13' title="bbox 419 1475 2065 1552">
    <p class='ocr_par' dir='ltr' id='par_1_13' title="bbox 419 1475 2065 1552">
     <span class='ocr_line' id='line_1_13' title="bbox 419 1475 2065 1552; baseline 0.002 -20"><span class='ocrx_word' id='word_1_92' title='bbox 419 1475 744 1534; x_wconf 85' lang='lat' dir='ltr'>Orientales</span> <span class='ocrx_word' id='word_1_93' title='bbox 790 1476 1059 1533; x_wconf 89' lang='lat' dir='ltr'>Ecclesia</span> <span class='ocrx_word' id='word_1_94' title='bbox 1098 1478 1334 1550; x_wconf 90' lang='lat' dir='ltr'>gemina</span> <span class='ocrx_word' id='word_1_95' title='bbox 1363 1482 1524 1552; x_wconf 88' lang='lat' dir='ltr'>peste</span> <span class='ocrx_word' id='word_1_96' title='bbox 1570 1483 1830 1552; x_wconf 89' lang='lat' dir='ltr'>purgata</span> <span class='ocrx_word' id='word_1_97' title='bbox 1880 1483 2019 1534; x_wconf 91' lang='lat' dir='ltr'>sunt</span> <span class='ocrx_word' id='word_1_98' title='bbox 2052 1497 2065 1535; x_wconf 92' lang='lat'><strong>:</strong></span> 
     </span>
    </p>
   </div>
   <div class='ocr_carea' id='block_1_14' title="bbox 425 1565 2070 1640">
    <p class='ocr_par' dir='ltr' id='par_1_14' title="bbox 425 1565 2070 1640">
     <span class='ocr_line' id='line_1_14' title="bbox 425 1565 2070 1640; baseline 0.002 -20"><span class='ocrx_word' id='word_1_99' title='bbox 425 1565 661 1636; x_wconf 90' lang='lat' dir='ltr'>quando</span> <span class='ocrx_word' id='word_1_100' title='bbox 691 1565 902 1639; x_wconf 86' lang='lat' dir='ltr'>Cyrillo</span> <span class='ocrx_word' id='word_1_101' title='bbox 932 1565 1332 1623; x_wconf 86' lang='lat' dir='ltr'>Alexandrina</span> <span class='ocrx_word' id='word_1_102' title='bbox 1364 1567 1527 1623; x_wconf 88' lang='lat' dir='ltr'>urbis</span> <span class='ocrx_word' id='word_1_103' title='bbox 1560 1566 1830 1635; x_wconf 88' lang='lat' dir='ltr'>antistiti,</span> <span class='ocrx_word' id='word_1_104' title='bbox 1852 1567 2070 1640; x_wconf 87' lang='lat' dir='ltr'>glorio-</span> 
     </span>
    </p>
   </div>
   <div class='ocr_carea' id='block_1_15' title="bbox 414 1651 2069 1724">
    <p class='ocr_par' dir='ltr' id='par_1_15' title="bbox 414 1651 2069 1724">
     <span class='ocr_line' id='line_1_15' title="bbox 414 1651 2069 1724; baseline 0.002 -16"><span class='ocrx_word' id='word_1_105' title='bbox 414 1651 657 1710; x_wconf 88' lang='lat' dir='ltr'>sissimo</span> <span class='ocrx_word' id='word_1_106' title='bbox 690 1654 825 1710; x_wconf 86' lang='lat' dir='ltr'>ﬁdei</span> <span class='ocrx_word' id='word_1_107' title='bbox 867 1654 1166 1712; x_wconf 88' lang='lat' dir='ltr'>catholica</span> <span class='ocrx_word' id='word_1_108' title='bbox 1212 1655 1617 1724; x_wconf 89' lang='lat' dir='ltr'>defensori,ad</span> <span class='ocrx_word' id='word_1_109' title='bbox 1667 1655 2069 1712; x_wconf 87' lang='lat' dir='ltr'>debellendam</span> 
     </span>
    </p>
   </div>
   <div class='ocr_carea' id='block_1_16' title="bbox 411 1741 2071 1817">
    <p class='ocr_par' dir='ltr' id='par_1_16' title="bbox 411 1741 2071 1817">
     <span class='ocr_line' id='line_1_16' title="bbox 411 1741 2071 1817; baseline 0.002 -21"><span class='ocrx_word' id='word_1_110' title='bbox 411 1741 816 1798; x_wconf 88' lang='lat' dir='ltr'>Nestorianam</span> <span class='ocrx_word' id='word_1_111' title='bbox 847 1743 1209 1816; x_wconf 88' lang='lat' dir='ltr'>impietatem</span> <span class='ocrx_word' id='word_1_112' title='bbox 1259 1745 1577 1817; x_wconf 89' lang='lat' dir='ltr'>apostolico</span> <span class='ocrx_word' id='word_1_113' title='bbox 1626 1744 1939 1801; x_wconf 84' lang='lat' dir='ltr'>auxiliatus</span> <span class='ocrx_word' id='word_1_114' title='bbox 1981 1749 2071 1800; x_wconf 91' lang='lat' dir='ltr'>est</span> 
     </span>
    </p>
   </div>
   <div class='ocr_carea' id='block_1_17' title="bbox 410 1827 2067 1906">
    <p class='ocr_par' dir='ltr' id='par_1_17' title="bbox 410 1827 2067 1906">
     <span class='ocr_line' id='line_1_17' title="bbox 410 1827 2067 1906; baseline 0.004 -23"><span class='ocrx_word' id='word_1_115' title='bbox 410 1827 625 1901; x_wconf 88' lang='lat' dir='ltr'>gladio,</span> <span class='ocrx_word' id='word_1_116' title='bbox 642 1846 756 1902; x_wconf 92' lang='lat' dir='ltr'>quo</span> <span class='ocrx_word' id='word_1_117' title='bbox 785 1831 963 1887; x_wconf 90' lang='lat' dir='ltr'>etiam</span> <span class='ocrx_word' id='word_1_118' title='bbox 985 1830 1299 1906; x_wconf 88' lang='lat' dir='ltr'>Pelagiani,</span> <span class='ocrx_word' id='word_1_119' title='bbox 1322 1833 1465 1888; x_wconf 93' lang='lat' dir='ltr'>dum</span> <span class='ocrx_word' id='word_1_120' title='bbox 1491 1833 1754 1906; x_wconf 89' lang='lat' dir='ltr'>cognatis</span> <span class='ocrx_word' id='word_1_121' title='bbox 1779 1833 2067 1890; x_wconf 86' lang='lat' dir='ltr'>confoede-</span> 
     </span>
    </p>
   </div>
   <div class='ocr_carea' id='block_1_18' title="bbox 410 1919 2062 1994">
    <p class='ocr_par' dir='ltr' id='par_1_18' title="bbox 410 1919 2062 1994">
     <span class='ocr_line' id='line_1_18' title="bbox 410 1919 2062 1994; baseline 0.004 -22"><span class='ocrx_word' id='word_1_122' title='bbox 410 1920 618 1973; x_wconf 87' lang='lat' dir='ltr'>rantur</span> <span class='ocrx_word' id='word_1_123' title='bbox 636 1919 954 1991; x_wconf 90' lang='lat' dir='ltr'>erroribus,</span> <span class='ocrx_word' id='word_1_124' title='bbox 974 1919 1189 1976; x_wconf 89' lang='lat' dir='ltr'>iterum</span> <span class='ocrx_word' id='word_1_125' title='bbox 1222 1926 1749 1994; x_wconf 90' lang='lat' dir='ltr'>prosternerentur.</span> <span class='ocrx_word' id='word_1_126' title='bbox 1770 1923 1876 1978; x_wconf 92' lang='lat' dir='ltr'>Per</span> <span class='ocrx_word' id='word_1_127' title='bbox 1905 1923 2062 1978; x_wconf 93' lang='lat' dir='ltr'>hunc</span> 
     </span>
    </p>
   </div>
   <div class='ocr_carea' id='block_1_19' title="bbox 409 2005 2062 2081">
    <p class='ocr_par' dir='ltr' id='par_1_19' title="bbox 409 2005 2062 2081">
     <span class='ocr_line' id='line_1_19' title="bbox 409 2005 2062 2081; baseline 0.004 -21"><span class='ocrx_word' id='word_1_128' title='bbox 409 2005 602 2062; x_wconf 88' lang='lat' dir='ltr'>virum</span> <span class='ocrx_word' id='word_1_129' title='bbox 634 2005 790 2062; x_wconf 90' lang='lat' dir='ltr'>intra</span> <span class='ocrx_word' id='word_1_130' title='bbox 811 2006 1028 2063; x_wconf 89' lang='lat' dir='ltr'>Gallias</span> <span class='ocrx_word' id='word_1_131' title='bbox 1049 2007 1183 2064; x_wconf 91' lang='lat' dir='ltr'>istis</span> <span class='ocrx_word' id='word_1_132' title='bbox 1211 2007 1376 2080; x_wconf 88' lang='lat' dir='ltr'>ipsis,</span> <span class='ocrx_word' id='word_1_133' title='bbox 1402 2009 1503 2081; x_wconf 91' lang='lat' dir='ltr'>qui</span> <span class='ocrx_word' id='word_1_134' title='bbox 1525 2015 1739 2066; x_wconf 86' lang='lat' dir='ltr'>sancta</span> <span class='ocrx_word' id='word_1_135' title='bbox 1771 2011 2062 2067; x_wconf 90' lang='lat' dir='ltr'>memoria</span> 
     </span>
    </p>
   </div>
   <div class='ocr_carea' id='block_1_20' title="bbox 411 2093 2064 2171">
    <p class='ocr_par' dir='ltr' id='par_1_20' title="bbox 411 2093 2064 2171">
     <span class='ocr_line' id='line_1_20' title="bbox 411 2093 2064 2171; baseline 0.004 -22"><span class='ocrx_word' id='word_1_136' title='bbox 411 2093 725 2166; x_wconf 86' lang='lat' dir='ltr'>Augustini</span> <span class='ocrx_word' id='word_1_137' title='bbox 756 2095 975 2168; x_wconf 87' lang='lat' dir='ltr'>scripta</span> <span class='ocrx_word' id='word_1_138' title='bbox 1001 2096 1455 2168; x_wconf 90' lang='lat' dir='ltr'>reprehendunt,</span> <span class='ocrx_word' id='word_1_139' title='bbox 1482 2098 1944 2171; x_wconf 87' lang='lat' dir='ltr'>maleloquentia</span> <span class='ocrx_word' id='word_1_140' title='bbox 1974 2106 2064 2156; x_wconf 91' lang='lat' dir='ltr'>est</span> 
     </span>
    </p>
   </div>
   <div class='ocr_carea' id='block_1_21' title="bbox 415 2181 2063 2256">
    <p class='ocr_par' dir='ltr' id='par_1_21' title="bbox 415 2181 2063 2256">
     <span class='ocr_line' id='line_1_21' title="bbox 415 2181 2063 2256; baseline 0.004 -18"><span class='ocrx_word' id='word_1_141' title='bbox 415 2181 690 2255; x_wconf 86' lang='lat' dir='ltr'>adempta</span> <span class='ocrx_word' id='word_1_142' title='bbox 739 2182 980 2240; x_wconf 88' lang='lat' dir='ltr'>libertas</span> <span class='ocrx_word' id='word_1_143' title='bbox 1012 2201 1025 2240; x_wconf 90' lang='lat'><strong>:</strong></span> <span class='ocrx_word' id='word_1_144' title='bbox 1060 2185 1295 2256; x_wconf 90' lang='lat' dir='ltr'>quando</span> <span class='ocrx_word' id='word_1_145' title='bbox 1350 2186 1784 2243; x_wconf 89' lang='lat' dir='ltr'>consulentium</span> <span class='ocrx_word' id='word_1_146' title='bbox 1839 2187 2063 2244; x_wconf 90' lang='lat' dir='ltr'>actione</span> 
     </span>
    </p>
   </div>
   <div class='ocr_carea' id='block_1_22' title="bbox 415 2271 2066 2350">
    <p class='ocr_par' dir='ltr' id='par_1_22' title="bbox 415 2271 2066 2350">
     <span class='ocr_line' id='line_1_22' title="bbox 415 2271 2066 2350; baseline 0.004 -24"><span class='ocrx_word' id='word_1_147' title='bbox 415 2274 710 2343; x_wconf 88' lang='lat' dir='ltr'>suscepta,</span> <span class='ocrx_word' id='word_1_148' title='bbox 743 2275 800 2328; x_wconf 90' lang='lat' dir='ltr'>et</span> <span class='ocrx_word' id='word_1_149' title='bbox 837 2271 1122 2328; x_wconf 86' lang='lat' dir='ltr'>librorum</span> <span class='ocrx_word' id='word_1_150' title='bbox 1163 2273 1264 2346; x_wconf 92' lang='lat' dir='ltr'>qui</span> <span class='ocrx_word' id='word_1_151' title='bbox 1304 2274 1638 2332; x_wconf 87' lang='lat' dir='ltr'>errantibus</span> <span class='ocrx_word' id='word_1_152' title='bbox 1676 2275 2066 2350; x_wconf 87' lang='lat' dir='ltr'>displicebant</span> 
     </span>
    </p>
   </div>
   <div class='ocr_carea' id='block_1_23' title="bbox 415 2357 2063 2435">
    <p class='ocr_par' dir='ltr' id='par_1_23' title="bbox 415 2357 2063 2435">
     <span class='ocr_line' id='line_1_23' title="bbox 415 2357 2063 2435; baseline 0.006 -23"><span class='ocrx_word' id='word_1_153' title='bbox 415 2357 631 2432; x_wconf 89' lang='lat' dir='ltr'>pietate</span> <span class='ocrx_word' id='word_1_154' title='bbox 659 2358 1060 2434; x_wconf 90' lang='lat' dir='ltr'>laudata,quid</span> <span class='ocrx_word' id='word_1_155' title='bbox 1085 2367 1377 2435; x_wconf 88' lang='lat' dir='ltr'>oporteret</span> <span class='ocrx_word' id='word_1_156' title='bbox 1397 2364 1468 2419; x_wconf 92' lang='lat' dir='ltr'>de</span> <span class='ocrx_word' id='word_1_157' title='bbox 1489 2380 1690 2420; x_wconf 91' lang='lat' dir='ltr'>eorum</span> <span class='ocrx_word' id='word_1_158' title='bbox 1721 2365 2063 2422; x_wconf 88' lang='lat' dir='ltr'>auctoritate</span> 
     </span>
    </p>
   </div>
   <div class='ocr_carea' id='block_1_24' title="bbox 417 2448 2062 2528">
    <p class='ocr_par' dir='ltr' id='par_1_24' title="bbox 417 2448 2062 2528">
     <span class='ocr_line' id='line_1_24' title="bbox 417 2448 2062 2528; baseline 0.005 -24"><span class='ocrx_word' id='word_1_159' title='bbox 417 2448 624 2504; x_wconf 89' lang='lat' dir='ltr'>sentiri</span> <span class='ocrx_word' id='word_1_160' title='bbox 655 2453 858 2506; x_wconf 89' lang='lat' dir='ltr'>sancto</span> <span class='ocrx_word' id='word_1_161' title='bbox 902 2450 1296 2507; x_wconf 87' lang='lat' dir='ltr'>manifestavit</span> <span class='ocrx_word' id='word_1_162' title='bbox 1331 2452 1582 2525; x_wconf 91' lang='lat' dir='ltr'>eloquio,</span> <span class='ocrx_word' id='word_1_163' title='bbox 1606 2454 1902 2511; x_wconf 85' lang='lat' dir='ltr'>evidenter</span> <span class='ocrx_word' id='word_1_164' title='bbox 1929 2473 2062 2528; x_wconf 89' lang='lat' dir='ltr'>pro-</span> 
     </span>
    </p>
   </div>
   <div class='ocr_carea' id='block_1_25' title="bbox 415 2535 2063 2614">
    <p class='ocr_par' dir='ltr' id='par_1_25' title="bbox 415 2535 2063 2614">
     <span class='ocr_line' id='line_1_25' title="bbox 415 2535 2063 2614; baseline 0.005 -24"><span class='ocrx_word' id='word_1_165' title='bbox 415 2535 1020 2610; x_wconf 89' lang='lat' dir='ltr'>nuntians,quantum</span> <span class='ocrx_word' id='word_1_166' title='bbox 1051 2539 1163 2595; x_wconf 92' lang='lat' dir='ltr'>sibi</span> <span class='ocrx_word' id='word_1_167' title='bbox 1195 2542 1668 2614; x_wconf 89' lang='lat' dir='ltr'>prasumptionis</span> <span class='ocrx_word' id='word_1_168' title='bbox 1699 2543 1872 2600; x_wconf 89' lang='lat' dir='ltr'>istius</span> <span class='ocrx_word' id='word_1_169' title='bbox 1902 2545 2063 2598; x_wconf 91' lang='lat' dir='ltr'>novi-</span> 
     </span>
    </p>
   </div>
   <div class='ocr_carea' id='block_1_26' title="bbox 413 2625 2063 2703">
    <p class='ocr_par' dir='ltr' id='par_1_26' title="bbox 413 2625 2063 2703">
     <span class='ocr_line' id='line_1_26' title="bbox 413 2625 2063 2703; baseline 0.003 -21"><span class='ocrx_word' id='word_1_170' title='bbox 413 2627 507 2682; x_wconf 84' lang='lat' dir='ltr'>tas</span> <span class='ocrx_word' id='word_1_171' title='bbox 531 2625 888 2700; x_wconf 89' lang='lat' dir='ltr'>displiceret,</span> <span class='ocrx_word' id='word_1_172' title='bbox 905 2644 1022 2700; x_wconf 90' lang='lat' dir='ltr'>qua</span> <span class='ocrx_word' id='word_1_173' title='bbox 1042 2629 1322 2686; x_wconf 91' lang='lat' dir='ltr'>auderent</span> <span class='ocrx_word' id='word_1_174' title='bbox 1343 2630 1580 2703; x_wconf 91' lang='lat' dir='ltr'>quidam</span> <span class='ocrx_word' id='word_1_175' title='bbox 1602 2633 1882 2689; x_wconf 89' lang='lat' dir='ltr'>adversus</span> <span class='ocrx_word' id='word_1_176' title='bbox 1908 2633 2063 2688; x_wconf 86' lang='lat' dir='ltr'>anti-</span> 
     </span>
    </p>
   </div>
   <div class='ocr_carea' id='block_1_27' title="bbox 417 2714 2062 2794">
    <p class='ocr_par' dir='ltr' id='par_1_27' title="bbox 417 2714 2062 2794">
     <span class='ocr_line' id='line_1_27' title="bbox 417 2714 2062 2794; baseline 0.004 -24"><span class='ocrx_word' id='word_1_177' title='bbox 417 2729 566 2786; x_wconf 92' lang='lat' dir='ltr'>quos</span> <span class='ocrx_word' id='word_1_178' title='bbox 597 2714 910 2788; x_wconf 86' lang='lat' dir='ltr'>magistros</span> <span class='ocrx_word' id='word_1_179' title='bbox 939 2717 1260 2774; x_wconf 89' lang='lat' dir='ltr'>insolenter</span> <span class='ocrx_word' id='word_1_180' title='bbox 1295 2718 1617 2792; x_wconf 86' lang='lat' dir='ltr'>insurgere,</span> <span class='ocrx_word' id='word_1_181' title='bbox 1641 2724 1700 2776; x_wconf 92' lang='lat' dir='ltr'>et</span> <span class='ocrx_word' id='word_1_182' title='bbox 1737 2721 2062 2794; x_wconf 89' lang='lat' dir='ltr'>indiscipli-</span> 
     </span>
    </p>
   </div>
   <div class='ocr_carea' id='block_1_28' title="bbox 418 2802 2060 2882">
    <p class='ocr_par' dir='ltr' id='par_1_28' title="bbox 418 2802 2060 2882">
     <span class='ocr_line' id='line_1_28' title="bbox 418 2802 2060 2882; baseline 0.005 -24"><span class='ocrx_word' id='word_1_183' title='bbox 418 2806 560 2859; x_wconf 91' lang='lat' dir='ltr'>nata</span> <span class='ocrx_word' id='word_1_184' title='bbox 601 2802 900 2861; x_wconf 85' lang='lat' dir='ltr'>calumnia</span> <span class='ocrx_word' id='word_1_185' title='bbox 936 2805 1335 2878; x_wconf 86' lang='lat' dir='ltr'>pradicationi</span> <span class='ocrx_word' id='word_1_186' title='bbox 1380 2809 1640 2865; x_wconf 88' lang='lat' dir='ltr'>veritatis</span> <span class='ocrx_word' id='word_1_187' title='bbox 1681 2810 2060 2882; x_wconf 87' lang='lat' dir='ltr'>obstrepere:</span> 
     </span>
    </p>
   </div>
   <div class='ocr_carea' id='block_1_29' title="bbox 421 2891 2063 2968">
    <p class='ocr_par' dir='ltr' id='par_1_29' title="bbox 421 2891 2063 2968">
     <span class='ocr_line' id='line_1_29' title="bbox 421 2891 2063 2968; baseline 0.009 -28"><span class='ocrx_word' id='word_1_188' title='bbox 421 2911 450 2941; x_wconf 85' lang='lat'>«</span> <span class='ocrx_word' id='word_1_189' title='bbox 473 2891 897 2968; x_wconf 81' lang='lat' dir='ltr'>Augustinum,</span> <span class='ocrx_word' id='word_1_190' title='bbox 936 2893 1230 2967; x_wconf 89' lang='lat' dir='ltr'>inquiens,</span> <span class='ocrx_word' id='word_1_191' title='bbox 1253 2900 1466 2952; x_wconf 86' lang='lat' dir='ltr'>sancta</span> <span class='ocrx_word' id='word_1_192' title='bbox 1518 2899 1934 2955; x_wconf 89' lang='lat' dir='ltr'>recordationis</span> <span class='ocrx_word' id='word_1_193' title='bbox 1979 2899 2063 2954; x_wconf 86' lang='lat' dir='ltr'>vi-</span> 
     </span>
    </p>
   </div>
   <div class='ocr_carea' id='block_1_30' title="bbox 413 2980 2066 3062">
    <p class='ocr_par' dir='ltr' id='par_1_30' title="bbox 413 2980 2066 3062">
     <span class='ocr_line' id='line_1_30' title="bbox 413 2980 2066 3062; baseline 0.006 -27"><span class='ocrx_word' id='word_1_194' title='bbox 413 2995 569 3052; x_wconf 91' lang='lat' dir='ltr'>rum,</span> <span class='ocrx_word' id='word_1_195' title='bbox 585 2997 690 3054; x_wconf 92' lang='lat' dir='ltr'>pro</span> <span class='ocrx_word' id='word_1_196' title='bbox 704 2980 820 3038; x_wconf 87' lang='lat' dir='ltr'>vita</span> <span class='ocrx_word' id='word_1_197' title='bbox 838 2999 946 3038; x_wconf 91' lang='lat' dir='ltr'>sua</span> <span class='ocrx_word' id='word_1_198' title='bbox 962 2989 1137 3056; x_wconf 90' lang='lat' dir='ltr'>atque</span> <span class='ocrx_word' id='word_1_199' title='bbox 1156 3002 1260 3056; x_wconf 92' lang='lat' dir='ltr'>pro</span> <span class='ocrx_word' id='word_1_200' title='bbox 1282 2985 1528 3053; x_wconf 91' lang='lat' dir='ltr'>meritis,</span> <span class='ocrx_word' id='word_1_201' title='bbox 1544 2986 1601 3042; x_wconf 93' lang='lat' dir='ltr'>in</span> <span class='ocrx_word' id='word_1_202' title='bbox 1621 2991 1822 3044; x_wconf 90' lang='lat' dir='ltr'>nostra</span> <span class='ocrx_word' id='word_1_203' title='bbox 1836 3006 2066 3062; x_wconf 86' lang='lat' dir='ltr'>semper</span> 
     </span>
    </p>
   </div>
   <div class='ocr_carea' id='block_1_31' title="bbox 415 3068 2066 3146">
    <p class='ocr_par' dir='ltr' id='par_1_31' title="bbox 415 3068 2066 3146">
     <span class='ocr_line' id='line_1_31' title="bbox 415 3068 2066 3146; baseline 0.006 -23"><span class='ocrx_word' id='word_1_204' title='bbox 415 3068 828 3126; x_wconf 91' lang='lat' dir='ltr'>communione</span> <span class='ocrx_word' id='word_1_205' title='bbox 877 3071 1220 3141; x_wconf 89' lang='lat' dir='ltr'>habuimus,</span> <span class='ocrx_word' id='word_1_206' title='bbox 1257 3095 1283 3123; x_wconf 84' lang='lat'><strong>»</strong></span> <span class='ocrx_word' id='word_1_207' title='bbox 1327 3078 1384 3129; x_wconf 91' lang='lat' dir='ltr'>et</span> <span class='ocrx_word' id='word_1_208' title='bbox 1432 3075 1753 3146; x_wconf 88' lang='lat' dir='ltr'>sequentia,</span> <span class='ocrx_word' id='word_1_209' title='bbox 1791 3076 1943 3132; x_wconf 89' lang='lat' dir='ltr'>sicut</span> <span class='ocrx_word' id='word_1_210' title='bbox 1997 3094 2066 3133; x_wconf 88' lang='lat' dir='ltr'>ex</span> 
     </span>
    </p>
   </div>
   <div class='ocr_carea' id='block_1_32' title="bbox 421 3156 2066 3235">
    <p class='ocr_par' dir='ltr' id='par_1_32' title="bbox 421 3156 2066 3235">
     <span class='ocr_line' id='line_1_32' title="bbox 421 3156 2066 3235; baseline 0.008 -25"><span class='ocrx_word' id='word_1_211' title='bbox 421 3156 671 3228; x_wconf 88' lang='lat' dir='ltr'>epistola</span> <span class='ocrx_word' id='word_1_212' title='bbox 687 3159 952 3230; x_wconf 86' lang='lat' dir='ltr'>ejusdem</span> <span class='ocrx_word' id='word_1_213' title='bbox 974 3177 1136 3232; x_wconf 85' lang='lat' dir='ltr'>papa</span> <span class='ocrx_word' id='word_1_214' title='bbox 1151 3179 1332 3234; x_wconf 89' lang='lat' dir='ltr'>supra</span> <span class='ocrx_word' id='word_1_215' title='bbox 1351 3162 1678 3235; x_wconf 90' lang='lat' dir='ltr'>posuimus.</span> <span class='ocrx_word' id='word_1_216' title='bbox 1695 3165 1840 3232; x_wconf 88' lang='lat' dir='ltr'>Quia</span> <span class='ocrx_word' id='word_1_217' title='bbox 1861 3166 2066 3224; x_wconf 89' lang='lat' dir='ltr'>nihilo-</span> 
     </span>
    </p>
   </div>
   <div class='ocr_carea' id='block_1_33' title="bbox 2179 585 3834 662">
    <p class='ocr_par' dir='ltr' id='par_1_33' title="bbox 2179 585 3834 662">
     <span class='ocr_line' id='line_1_33' title="bbox 2179 585 3834 662; baseline -0.001 -18"><span class='ocrx_word' id='word_1_218' title='bbox 2179 605 2482 661; x_wconf 87' lang='lat' dir='ltr'>occupare,</span> <span class='ocrx_word' id='word_1_219' title='bbox 2515 589 2810 644; x_wconf 89' lang='lat' dir='ltr'>evidenter</span> <span class='ocrx_word' id='word_1_220' title='bbox 2839 590 3177 662; x_wconf 88' lang='lat' dir='ltr'>agnoscant,</span> <span class='ocrx_word' id='word_1_221' title='bbox 3213 585 3531 659; x_wconf 90' lang='lat' dir='ltr'>impiarum</span> <span class='ocrx_word' id='word_1_222' title='bbox 3562 586 3834 659; x_wconf 88' lang='lat' dir='ltr'>profana-</span> 
     </span>
    </p>
   </div>
   <div class='ocr_carea' id='block_1_34' title="bbox 2179 675 3830 751">
    <p class='ocr_par' dir='ltr' id='par_1_34' title="bbox 2179 675 3830 751">
     <span class='ocr_line' id='line_1_34' title="bbox 2179 675 3830 751; baseline -0.001 -18"><span class='ocrx_word' id='word_1_223' title='bbox 2179 695 2427 750; x_wconf 88' lang='lat' dir='ltr'>rumque</span> <span class='ocrx_word' id='word_1_224' title='bbox 2468 678 2809 751; x_wconf 90' lang='lat' dir='ltr'>opinionum</span> <span class='ocrx_word' id='word_1_225' title='bbox 2855 676 3084 732; x_wconf 90' lang='lat' dir='ltr'>nullum</span> <span class='ocrx_word' id='word_1_226' title='bbox 3131 677 3234 733; x_wconf 72' lang='lat'><strong>20</strong></span> <span class='ocrx_word' id='word_1_227' title='bbox 3283 675 3558 732; x_wconf 90' lang='lat' dir='ltr'>cordibus</span> <span class='ocrx_word' id='word_1_228' title='bbox 3608 675 3830 732; x_wconf 89' lang='lat' dir='ltr'>nostris</span> 
     </span>
    </p>
   </div>
   <div class='ocr_carea' id='block_1_35' title="bbox 2176 763 3835 840">
    <p class='ocr_par' dir='ltr' id='par_1_35' title="bbox 2176 763 3835 840">
     <span class='ocr_line' id='line_1_35' title="bbox 2176 763 3835 840; baseline -0.001 -18"><span class='ocrx_word' id='word_1_229' title='bbox 2176 766 2480 823; x_wconf 83' lang='lat' dir='ltr'>inhasisse</span> <span class='ocrx_word' id='word_1_230' title='bbox 2500 766 2833 840; x_wconf 85' lang='lat' dir='ltr'>vestigium,</span> <span class='ocrx_word' id='word_1_231' title='bbox 2858 771 2914 822; x_wconf 93' lang='lat' dir='ltr'>et</span> <span class='ocrx_word' id='word_1_232' title='bbox 2934 763 3334 839; x_wconf 90' lang='lat' dir='ltr'>blasphemias</span> <span class='ocrx_word' id='word_1_233' title='bbox 3355 781 3502 836; x_wconf 89' lang='lat' dir='ltr'>quas</span> <span class='ocrx_word' id='word_1_234' title='bbox 3523 781 3835 837; x_wconf 84' lang='lat' dir='ltr'>p»rspexe-</span> 
     </span>
    </p>
   </div>
   <div class='ocr_carea' id='block_1_36' title="bbox 2177 853 3834 928">
    <p class='ocr_par' dir='ltr' id='par_1_36' title="bbox 2177 853 3834 928">
     <span class='ocr_line' id='line_1_36' title="bbox 2177 853 3834 928; baseline -0.001 -16"><span class='ocrx_word' id='word_1_235' title='bbox 2177 856 2295 912; x_wconf 90' lang='lat' dir='ltr'>rint</span> <span class='ocrx_word' id='word_1_236' title='bbox 2327 861 2526 912; x_wconf 91' lang='lat' dir='ltr'>nostra</span> <span class='ocrx_word' id='word_1_237' title='bbox 2561 855 2920 928; x_wconf 83' lang='lat' dir='ltr'>professione</span> <span class='ocrx_word' id='word_1_238' title='bbox 2951 855 3238 922; x_wconf 88' lang='lat' dir='ltr'>damnari,</span> <span class='ocrx_word' id='word_1_239' title='bbox 3262 853 3322 908; x_wconf 92' lang='lat' dir='ltr'>in</span> <span class='ocrx_word' id='word_1_240' title='bbox 3363 853 3706 908; x_wconf 91' lang='lat' dir='ltr'>earumdem</span> <span class='ocrx_word' id='word_1_241' title='bbox 3739 871 3834 910; x_wconf 85' lang='lat' dir='ltr'>re-</span> 
     </span>
    </p>
   </div>
   <div class='ocr_carea' id='block_1_37' title="bbox 2176 941 3833 1018">
    <p class='ocr_par' dir='ltr' id='par_1_37' title="bbox 2176 941 3833 1018">
     <span class='ocr_line' id='line_1_37' title="bbox 2176 941 3833 1018; baseline -0.002 -17"><span class='ocrx_word' id='word_1_242' title='bbox 2176 945 2508 1018; x_wconf 88' lang='lat' dir='ltr'>pertoribus</span> <span class='ocrx_word' id='word_1_243' title='bbox 2538 948 2816 1001; x_wconf 89' lang='lat' dir='ltr'>censeant</span> <span class='ocrx_word' id='word_1_244' title='bbox 2845 944 3054 1000; x_wconf 89' lang='lat' dir='ltr'>debere</span> <span class='ocrx_word' id='word_1_245' title='bbox 3086 941 3305 1016; x_wconf 93' lang='lat' dir='ltr'>puniri.</span> <span class='ocrx_word' id='word_1_246' title='bbox 3323 963 3352 991; x_wconf 82' lang='lat'><strong>»</strong></span> <span class='ocrx_word' id='word_1_247' title='bbox 3375 941 3506 998; x_wconf 86' lang='lat' dir='ltr'>Hac</span> <span class='ocrx_word' id='word_1_248' title='bbox 3534 946 3833 998; x_wconf 89' lang='lat' dir='ltr'>commota</span> 
     </span>
    </p>
   </div>
   <div class='ocr_carea' id='block_1_38' title="bbox 2177 1029 3829 1106">
    <p class='ocr_par' dir='ltr' id='par_1_38' title="bbox 2177 1029 3829 1106">
     <span class='ocr_line' id='line_1_38' title="bbox 2177 1029 3829 1106; baseline -0.001 -18"><span class='ocrx_word' id='word_1_249' title='bbox 2177 1039 2234 1089; x_wconf 92' lang='lat' dir='ltr'>et</span> <span class='ocrx_word' id='word_1_250' title='bbox 2264 1049 2600 1106; x_wconf 88' lang='lat' dir='ltr'>compressa</span> <span class='ocrx_word' id='word_1_251' title='bbox 2629 1038 2803 1106; x_wconf 91' lang='lat' dir='ltr'>atque</span> <span class='ocrx_word' id='word_1_252' title='bbox 2855 1031 3180 1106; x_wconf 89' lang='lat' dir='ltr'>composita</span> <span class='ocrx_word' id='word_1_253' title='bbox 3208 1029 3326 1088; x_wconf 92' lang='lat' dir='ltr'>illis</span> <span class='ocrx_word' id='word_1_254' title='bbox 3356 1029 3440 1087; x_wconf 90' lang='lat' dir='ltr'>ita</span> <span class='ocrx_word' id='word_1_255' title='bbox 3468 1031 3629 1086; x_wconf 87' lang='lat' dir='ltr'>fuere</span> <span class='ocrx_word' id='word_1_256' title='bbox 3671 1034 3829 1087; x_wconf 88' lang='lat' dir='ltr'>tem-</span> 
     </span>
    </p>
   </div>
   <div class='ocr_carea' id='block_1_39' title="bbox 2177 1123 2440 1196">
    <p class='ocr_par' dir='ltr' id='par_1_39' title="bbox 2177 1123 2440 1196">
     <span class='ocr_line' id='line_1_39' title="bbox 2177 1123 2440 1196; baseline 0 -18"><span class='ocrx_word' id='word_1_257' title='bbox 2177 1123 2440 1196; x_wconf 90' lang='lat' dir='ltr'>poribus.</span> 
     </span>
    </p>
   </div>
   <div class='ocr_carea' id='block_1_40' title="bbox 2828 1218 3170 1275">
    <p class='ocr_par' dir='ltr' id='par_1_40' title="bbox 2828 1218 3170 1275">
     <span class='ocr_line' id='line_1_40' title="bbox 2828 1218 3170 1275; baseline -0.006 0"><span class='ocrx_word' id='word_1_258' title='bbox 2828 1219 3060 1275; x_wconf 88' lang='lat' dir='ltr'>CAPUT</span> <span class='ocrx_word' id='word_1_259' title='bbox 3100 1218 3170 1274; x_wconf 89' lang='lat' dir='ltr'>II.</span> 
     </span>
    </p>
   </div>
   <div class='ocr_carea' id='block_1_41' title="bbox 2177 1305 3833 1382">
    <p class='ocr_par' dir='ltr' id='par_1_41' title="bbox 2177 1305 3833 1382">
     <span class='ocr_line' id='line_1_41' title="bbox 2177 1305 3833 1382; baseline -0.002 -17"><span class='ocrx_word' id='word_1_260' title='bbox 2177 1311 2284 1366; x_wconf 85' lang='lat' dir='ltr'>Per</span> <span class='ocrx_word' id='word_1_261' title='bbox 2313 1325 2443 1382; x_wconf 83' lang='lat' dir='ltr'>quos</span> <span class='ocrx_word' id='word_1_262' title='bbox 2471 1316 2523 1382; x_wconf 66' lang='lat' dir='ltr'>et</span> <span class='ocrx_word' id='word_1_263' title='bbox 2551 1309 2786 1382; x_wconf 78' lang='lat' dir='ltr'>qualiter</span> <span class='ocrx_word' id='word_1_264' title='bbox 2815 1307 2927 1382; x_wconf 69' lang='lat' dir='ltr'>hac</span> <span class='ocrx_word' id='word_1_265' title='bbox 2953 1307 3139 1382; x_wconf 68' lang='lat' dir='ltr'>eadem</span> <span class='ocrx_word' id='word_1_266' title='bbox 3168 1306 3416 1382; x_wconf 68' lang='lat' dir='ltr'>haeresis,</span> <span class='ocrx_word' id='word_1_267' title='bbox 3449 1315 3511 1363; x_wconf 83' lang='lat' dir='ltr'>ut</span> <span class='ocrx_word' id='word_1_268' title='bbox 3538 1305 3602 1362; x_wconf 84' lang='lat' dir='ltr'>de</span> <span class='ocrx_word' id='word_1_269' title='bbox 3635 1313 3833 1382; x_wconf 66' lang='lat' dir='ltr'>truneo</span> 
     </span>
    </p>
   </div>
   <div class='ocr_carea' id='block_1_42' title="bbox 2247 1379 3833 1452">
    <p class='ocr_par' dir='ltr' id='par_1_42' title="bbox 2247 1379 3833 1452">
     <span class='ocr_line' id='line_1_42' title="bbox 2247 1379 3833 1452; baseline -0.001 -16"><span class='ocrx_word' id='word_1_270' title='bbox 2247 1379 2638 1436; x_wconf 65' lang='lat' dir='ltr'>amaritudinis</span> <span class='ocrx_word' id='word_1_271' title='bbox 2694 1381 2888 1452; x_wconf 77' lang='lat' dir='ltr'>spuria</span> <span class='ocrx_word' id='word_1_272' title='bbox 2943 1379 3296 1448; x_wconf 78' lang='lat' dir='ltr'>vitulamina,</span> <span class='ocrx_word' id='word_1_273' title='bbox 3337 1381 3393 1435; x_wconf 79' lang='lat' dir='ltr'>in</span> <span class='ocrx_word' id='word_1_274' title='bbox 3437 1385 3673 1451; x_wconf 77' lang='lat' dir='ltr'>tempore</span> <span class='ocrx_word' id='word_1_275' title='bbox 3729 1380 3833 1434; x_wconf 75' lang='lat' dir='ltr'>ista</span> 
     </span>
    </p>
   </div>
   <div class='ocr_carea' id='block_1_43' title="bbox 2243 1453 2622 1525">
    <p class='ocr_par' dir='ltr' id='par_1_43' title="bbox 2243 1453 2622 1525">
     <span class='ocr_line' id='line_1_43' title="bbox 2243 1453 2622 1525; baseline 0 -19"><span class='ocrx_word' id='word_1_276' title='bbox 2243 1453 2622 1525; x_wconf 77' lang='lat' dir='ltr'>puttulaverit.</span> 
     </span>
    </p>
   </div>
   <div class='ocr_carea' id='block_1_44' title="bbox 2250 1563 3836 1640">
    <p class='ocr_par' dir='ltr' id='par_1_44' title="bbox 2250 1563 3836 1640">
     <span class='ocr_line' id='line_1_44' title="bbox 2250 1563 3836 1640; baseline -0.003 -16"><span class='ocrx_word' id='word_1_277' title='bbox 2250 1567 2312 1624; x_wconf 91' lang='lat' dir='ltr'>In</span> <span class='ocrx_word' id='word_1_278' title='bbox 2343 1567 2453 1623; x_wconf 91' lang='lat' dir='ltr'>hoc</span> <span class='ocrx_word' id='word_1_279' title='bbox 2485 1571 2682 1624; x_wconf 88' lang='lat' dir='ltr'>autem</span> <span class='ocrx_word' id='word_1_280' title='bbox 2728 1571 2988 1640; x_wconf 89' lang='lat' dir='ltr'>tempore</span> <span class='ocrx_word' id='word_1_281' title='bbox 3019 1565 3260 1638; x_wconf 92' lang='lat' dir='ltr'>quidam</span> <span class='ocrx_word' id='word_1_282' title='bbox 3289 1563 3730 1636; x_wconf 89' lang='lat' dir='ltr'>Gothescalcus,</span> <span class='ocrx_word' id='word_1_283' title='bbox 3765 1581 3836 1621; x_wconf 85' lang='lat' dir='ltr'>ex</span> 
     </span>
    </p>
   </div>
   <div class='ocr_carea' id='block_1_45' title="bbox 2179 1653 3832 1730">
    <p class='ocr_par' dir='ltr' id='par_1_45' title="bbox 2179 1653 3832 1730">
     <span class='ocr_line' id='line_1_45' title="bbox 2179 1653 3832 1730; baseline -0.001 -18"><span class='ocrx_word' id='word_1_284' title='bbox 2179 1655 2517 1730; x_wconf 83' lang='lat' dir='ltr'>metrOpolis</span> <span class='ocrx_word' id='word_1_285' title='bbox 2561 1655 2829 1712; x_wconf 84' lang='lat' dir='ltr'>Ecclesia</span> <span class='ocrx_word' id='word_1_286' title='bbox 2862 1655 3220 1712; x_wconf 81' lang='lat' dir='ltr'>Rhemorum</span> <span class='ocrx_word' id='word_1_287' title='bbox 3271 1653 3647 1722; x_wconf 87' lang='lat' dir='ltr'>monasterio,</span> <span class='ocrx_word' id='word_1_288' title='bbox 3671 1654 3832 1726; x_wconf 90' lang='lat' dir='ltr'>quod</span> 
     </span>
    </p>
   </div>
   <div class='ocr_carea' id='block_1_46' title="bbox 2179 1741 3832 1812">
    <p class='ocr_par' dir='ltr' id='par_1_46' title="bbox 2179 1741 3832 1812">
     <span class='ocr_line' id='line_1_46' title="bbox 2179 1741 3832 1812; baseline -0.002 -11"><span class='ocrx_word' id='word_1_289' title='bbox 2179 1744 2418 1801; x_wconf 92' lang='lat' dir='ltr'>Orbacis</span> <span class='ocrx_word' id='word_1_290' title='bbox 2447 1745 2682 1811; x_wconf 87' lang='lat' dir='ltr'>dicitur,</span> <span class='ocrx_word' id='word_1_291' title='bbox 2713 1743 2918 1800; x_wconf 91' lang='lat' dir='ltr'>habitu</span> <span class='ocrx_word' id='word_1_292' title='bbox 2969 1743 3316 1810; x_wconf 90' lang='lat' dir='ltr'>monachus,</span> <span class='ocrx_word' id='word_1_293' title='bbox 3343 1745 3538 1798; x_wconf 89' lang='lat' dir='ltr'>mente</span> <span class='ocrx_word' id='word_1_294' title='bbox 3581 1741 3832 1812; x_wconf 89' lang='lat' dir='ltr'>ferinus,</span> 
     </span>
    </p>
   </div>
   <div class='ocr_carea' id='block_1_47' title="bbox 2179 1829 3836 1906">
    <p class='ocr_par' dir='ltr' id='par_1_47' title="bbox 2179 1829 3836 1906">
     <span class='ocr_line' id='line_1_47' title="bbox 2179 1829 3836 1906; baseline -0.003 -16"><span class='ocrx_word' id='word_1_295' title='bbox 2179 1834 2391 1906; x_wconf 89' lang='lat' dir='ltr'>quietis</span> <span class='ocrx_word' id='word_1_296' title='bbox 2424 1833 2821 1906; x_wconf 89' lang='lat' dir='ltr'>impatiens,et</span> <span class='ocrx_word' id='word_1_297' title='bbox 2840 1831 2992 1888; x_wconf 89' lang='lat' dir='ltr'>inter</span> <span class='ocrx_word' id='word_1_298' title='bbox 3011 1849 3150 1888; x_wconf 92' lang='lat' dir='ltr'>suos</span> <span class='ocrx_word' id='word_1_299' title='bbox 3172 1829 3494 1888; x_wconf 89' lang='lat' dir='ltr'>mobilitate</span> <span class='ocrx_word' id='word_1_300' title='bbox 3515 1830 3687 1886; x_wconf 87' lang='lat' dir='ltr'>noxia</span> <span class='ocrx_word' id='word_1_301' title='bbox 3714 1831 3836 1886; x_wconf 89' lang='lat' dir='ltr'>sin-</span> 
     </span>
    </p>
   </div>
   <div class='ocr_carea' id='block_1_48' title="bbox 2175 1919 3834 1996">
    <p class='ocr_par' dir='ltr' id='par_1_48' title="bbox 2175 1919 3834 1996">
     <span class='ocr_line' id='line_1_48' title="bbox 2175 1919 3834 1996; baseline -0.001 -18"><span class='ocrx_word' id='word_1_302' title='bbox 2175 1923 2416 1996; x_wconf 90' lang='lat' dir='ltr'>gularis,</span> <span class='ocrx_word' id='word_1_303' title='bbox 2449 1923 2520 1978; x_wconf 90' lang='lat' dir='ltr'>de</span> <span class='ocrx_word' id='word_1_304' title='bbox 2567 1921 2843 1978; x_wconf 90' lang='lat' dir='ltr'>omnibus</span> <span class='ocrx_word' id='word_1_305' title='bbox 2877 1939 3002 1994; x_wconf 85' lang='lat' dir='ltr'>qua</span> <span class='ocrx_word' id='word_1_306' title='bbox 3033 1937 3299 1994; x_wconf 87' lang='lat' dir='ltr'>perverse</span> <span class='ocrx_word' id='word_1_307' title='bbox 3356 1924 3498 1976; x_wconf 90' lang='lat' dir='ltr'>tunc</span> <span class='ocrx_word' id='word_1_308' title='bbox 3545 1919 3834 1992; x_wconf 90' lang='lat' dir='ltr'>temporis</span> 
     </span>
    </p>
   </div>
   <div class='ocr_carea' id='block_1_49' title="bbox 2172 2008 3834 2084">
    <p class='ocr_par' dir='ltr' id='par_1_49' title="bbox 2172 2008 3834 2084">
     <span class='ocr_line' id='line_1_49' title="bbox 2172 2008 3834 2084; baseline -0.002 -16"><span class='ocrx_word' id='word_1_309' title='bbox 2172 2029 2345 2068; x_wconf 90' lang='lat' dir='ltr'>sensa</span> <span class='ocrx_word' id='word_1_310' title='bbox 2375 2015 2738 2084; x_wconf 86' lang='lat' dir='ltr'>cognoverat,</span> <span class='ocrx_word' id='word_1_311' title='bbox 2765 2014 3019 2083; x_wconf 91' lang='lat' dir='ltr'>quatuor</span> <span class='ocrx_word' id='word_1_312' title='bbox 3048 2009 3159 2066; x_wconf 92' lang='lat' dir='ltr'>sibi</span> <span class='ocrx_word' id='word_1_313' title='bbox 3189 2008 3365 2082; x_wconf 90' lang='lat' dir='ltr'>elegit</span> <span class='ocrx_word' id='word_1_314' title='bbox 3394 2008 3671 2082; x_wconf 88' lang='lat' dir='ltr'>capitula,</span> <span class='ocrx_word' id='word_1_315' title='bbox 3695 2025 3834 2065; x_wconf 90' lang='lat' dir='ltr'>om-</span> 
     </span>
    </p>
   </div>
   <div class='ocr_carea' id='block_1_50' title="bbox 2171 2097 3834 2174">
    <p class='ocr_par' dir='ltr' id='par_1_50' title="bbox 2171 2097 3834 2174">
     <span class='ocr_line' id='line_1_50' title="bbox 2171 2097 3834 2174; baseline -0.001 -18"><span class='ocrx_word' id='word_1_316' title='bbox 2171 2100 2335 2156; x_wconf 91' lang='lat' dir='ltr'>nium</span> <span class='ocrx_word' id='word_1_317' title='bbox 2368 2117 2512 2174; x_wconf 90' lang='lat' dir='ltr'>pene</span> <span class='ocrx_word' id='word_1_318' title='bbox 2543 2099 2992 2172; x_wconf 89' lang='lat' dir='ltr'>perversitatum</span> <span class='ocrx_word' id='word_1_319' title='bbox 3024 2097 3258 2154; x_wconf 90' lang='lat' dir='ltr'>illarum</span> <span class='ocrx_word' id='word_1_320' title='bbox 3292 2097 3518 2154; x_wconf 84' lang='lat' dir='ltr'>fatidas</span> <span class='ocrx_word' id='word_1_321' title='bbox 3548 2101 3604 2154; x_wconf 92' lang='lat' dir='ltr'>et</span> <span class='ocrx_word' id='word_1_322' title='bbox 3633 2113 3834 2154; x_wconf 77' lang='lat' dir='ltr'>canu-</span> 
     </span>
    </p>
   </div>
   <div class='ocr_carea' id='block_1_51' title="bbox 2171 2185 3838 2260">
    <p class='ocr_par' dir='ltr' id='par_1_51' title="bbox 2171 2185 3838 2260">
     <span class='ocr_line' id='line_1_51' title="bbox 2171 2185 3838 2260; baseline -0.002 -14"><span class='ocrx_word' id='word_1_323' title='bbox 2171 2189 2359 2246; x_wconf 91' lang='lat' dir='ltr'>lentas</span> <span class='ocrx_word' id='word_1_324' title='bbox 2392 2190 2545 2245; x_wconf 83' lang='lat' dir='ltr'>feces</span> <span class='ocrx_word' id='word_1_325' title='bbox 2577 2189 2636 2244; x_wconf 92' lang='lat' dir='ltr'>in</span> <span class='ocrx_word' id='word_1_326' title='bbox 2665 2206 2726 2244; x_wconf 91' lang='lat' dir='ltr'>se</span> <span class='ocrx_word' id='word_1_327' title='bbox 2748 2187 3126 2256; x_wconf 90' lang='lat' dir='ltr'>continentia,</span> <span class='ocrx_word' id='word_1_328' title='bbox 3145 2185 3362 2260; x_wconf 88' lang='lat' dir='ltr'>quibus</span> <span class='ocrx_word' id='word_1_329' title='bbox 3383 2185 3750 2259; x_wconf 90' lang='lat' dir='ltr'>simplicium</span> <span class='ocrx_word' id='word_1_330' title='bbox 3775 2190 3838 2242; x_wconf 92' lang='lat' dir='ltr'>ot</span> 
     </span>
    </p>
   </div>
   <div class='ocr_carea' id='block_1_52' title="bbox 2171 2273 3835 2349">
    <p class='ocr_par' dir='ltr' id='par_1_52' title="bbox 2171 2273 3835 2349">
     <span class='ocr_line' id='line_1_52' title="bbox 2171 2273 3835 2349; baseline -0.001 -15"><span class='ocrx_word' id='word_1_331' title='bbox 2171 2280 2508 2334; x_wconf 92' lang='lat' dir='ltr'>devotorum</span> <span class='ocrx_word' id='word_1_332' title='bbox 2529 2295 2738 2334; x_wconf 89' lang='lat' dir='ltr'>sensus</span> <span class='ocrx_word' id='word_1_333' title='bbox 2762 2279 3171 2349; x_wconf 88' lang='lat' dir='ltr'>pervertere,et</span> <span class='ocrx_word' id='word_1_334' title='bbox 3191 2273 3458 2348; x_wconf 89' lang='lat' dir='ltr'>magistri</span> <span class='ocrx_word' id='word_1_335' title='bbox 3481 2273 3591 2331; x_wconf 91' lang='lat' dir='ltr'>sibi</span> <span class='ocrx_word' id='word_1_336' title='bbox 3613 2291 3835 2332; x_wconf 89' lang='lat' dir='ltr'>nomen</span> 
     </span>
    </p>
   </div>
   <div class='ocr_carea' id='block_1_53' title="bbox 2171 2362 3849 2440">
    <p class='ocr_par' dir='ltr' id='par_1_53' title="bbox 2171 2362 3849 2440">
     <span class='ocr_line' id='line_1_53' title="bbox 2171 2362 3849 2440; baseline -0.002 -16"><span class='ocrx_word' id='word_1_337' title='bbox 2171 2367 2530 2440; x_wconf 89' lang='lat' dir='ltr'>usurpando,</span> <span class='ocrx_word' id='word_1_338' title='bbox 2565 2371 2698 2439; x_wconf 90' lang='lat' dir='ltr'>post</span> <span class='ocrx_word' id='word_1_339' title='bbox 2728 2383 2790 2421; x_wconf 91' lang='lat' dir='ltr'>se</span> <span class='ocrx_word' id='word_1_340' title='bbox 2821 2365 3142 2438; x_wconf 90' lang='lat' dir='ltr'>discipulos</span> <span class='ocrx_word' id='word_1_341' title='bbox 3172 2364 3425 2435; x_wconf 88' lang='lat' dir='ltr'>trahere,</span> <span class='ocrx_word' id='word_1_342' title='bbox 3452 2362 3692 2436; x_wconf 88' lang='lat' dir='ltr'>illisque</span> <span class='ocrx_word' id='word_1_343' title='bbox 3724 2364 3849 2438; x_wconf 82' lang='lat' dir='ltr'>qui&#39;</span> 
     </span>
    </p>
   </div>
   <div class='ocr_carea' id='block_1_54' title="bbox 2171 2452 3834 2527">
    <p class='ocr_par' dir='ltr' id='par_1_54' title="bbox 2171 2452 3834 2527">
     <span class='ocr_line' id='line_1_54' title="bbox 2171 2452 3834 2527; baseline -0.002 -14"><span class='ocrx_word' id='word_1_344' title='bbox 2171 2457 2244 2513; x_wconf 91' lang='lat' dir='ltr'>ad</span> <span class='ocrx_word' id='word_1_345' title='bbox 2277 2474 2385 2512; x_wconf 89' lang='lat' dir='ltr'>sua</span> <span class='ocrx_word' id='word_1_346' title='bbox 2402 2461 2537 2510; x_wconf 88' lang='lat' dir='ltr'>vota</span> <span class='ocrx_word' id='word_1_347' title='bbox 2565 2455 2809 2511; x_wconf 89' lang='lat' dir='ltr'>auribus</span> <span class='ocrx_word' id='word_1_348' title='bbox 2840 2454 3168 2527; x_wconf 90' lang='lat' dir='ltr'>prurientes</span> <span class='ocrx_word' id='word_1_349' title='bbox 3198 2452 3515 2525; x_wconf 89' lang='lat' dir='ltr'>magistros</span> <span class='ocrx_word' id='word_1_350' title='bbox 3547 2452 3663 2508; x_wconf 86' lang='lat' dir='ltr'>sibi</span> <span class='ocrx_word' id='word_1_351' title='bbox 3697 2471 3834 2510; x_wconf 89' lang='lat' dir='ltr'>coa-</span> 
     </span>
    </p>
   </div>
   <div class='ocr_carea' id='block_1_55' title="bbox 2175 2540 3834 2616">
    <p class='ocr_par' dir='ltr' id='par_1_55' title="bbox 2175 2540 3834 2616">
     <span class='ocr_line' id='line_1_55' title="bbox 2175 2540 3834 2616; baseline -0.001 -16"><span class='ocrx_word' id='word_1_352' title='bbox 2175 2561 2408 2600; x_wconf 89' lang='lat' dir='ltr'>cervare</span> <span class='ocrx_word' id='word_1_353' title='bbox 2436 2545 2741 2600; x_wconf 88' lang='lat' dir='ltr'>decertant</span> <span class='ocrx_word' id='word_1_354' title='bbox 2788 2542 3005 2600; x_wconf 91' lang='lat' dir='ltr'>valeret</span> <span class='ocrx_word' id='word_1_355' title='bbox 3053 2541 3330 2610; x_wconf 90' lang='lat' dir='ltr'>indebite,</span> <span class='ocrx_word' id='word_1_356' title='bbox 3355 2540 3633 2614; x_wconf 88' lang='lat' dir='ltr'>quoniam</span> <span class='ocrx_word' id='word_1_357' title='bbox 3682 2541 3834 2616; x_wconf 87' lang='lat' dir='ltr'>legi-</span> 
     </span>
    </p>
   </div>
   <div class='ocr_carea' id='block_1_56' title="bbox 2170 2629 3836 2705">
    <p class='ocr_par' dir='ltr' id='par_1_56' title="bbox 2170 2629 3836 2705">
     <span class='ocr_line' id='line_1_56' title="bbox 2170 2629 3836 2705; baseline -0.002 -15"><span class='ocrx_word' id='word_1_358' title='bbox 2170 2634 2313 2690; x_wconf 92' lang='lat' dir='ltr'>time</span> <span class='ocrx_word' id='word_1_359' title='bbox 2335 2650 2450 2690; x_wconf 90' lang='lat' dir='ltr'>non</span> <span class='ocrx_word' id='word_1_360' title='bbox 2474 2636 2720 2705; x_wconf 89' lang='lat' dir='ltr'>poterat,</span> <span class='ocrx_word' id='word_1_361' title='bbox 2740 2631 2862 2688; x_wconf 89' lang='lat' dir='ltr'>vita</span> <span class='ocrx_word' id='word_1_362' title='bbox 2881 2631 3154 2705; x_wconf 90' lang='lat' dir='ltr'>religiosa</span> <span class='ocrx_word' id='word_1_363' title='bbox 3174 2633 3232 2687; x_wconf 89' lang='lat' dir='ltr'>et</span> <span class='ocrx_word' id='word_1_364' title='bbox 3252 2629 3539 2686; x_wconf 90' lang='lat' dir='ltr'>catholica</span> <span class='ocrx_word' id='word_1_365' title='bbox 3559 2630 3836 2688; x_wconf 91' lang='lat' dir='ltr'>doctrina</span> 
     </span>
    </p>
   </div>
   <div class='ocr_carea' id='block_1_57' title="bbox 2171 2718 3832 2796">
    <p class='ocr_par' dir='ltr' id='par_1_57' title="bbox 2171 2718 3832 2796">
     <span class='ocr_line' id='line_1_57' title="bbox 2171 2718 3832 2796; baseline -0.001 -18"><span class='ocrx_word' id='word_1_366' title='bbox 2171 2739 2440 2796; x_wconf 84' lang='lat' dir='ltr'>praesse.</span> <span class='ocrx_word' id='word_1_367' title='bbox 2467 2722 2637 2794; x_wconf 88' lang='lat' dir='ltr'>Isque</span> <span class='ocrx_word' id='word_1_368' title='bbox 2663 2738 2810 2794; x_wconf 91' lang='lat' dir='ltr'>quos</span> <span class='ocrx_word' id='word_1_369' title='bbox 2833 2721 3022 2794; x_wconf 92' lang='lat' dir='ltr'>potuit</span> <span class='ocrx_word' id='word_1_370' title='bbox 3046 2719 3162 2777; x_wconf 90' lang='lat' dir='ltr'>sibi</span> <span class='ocrx_word' id='word_1_371' title='bbox 3185 2718 3498 2792; x_wconf 90' lang='lat' dir='ltr'>complices</span> <span class='ocrx_word' id='word_1_372' title='bbox 3517 2719 3653 2776; x_wconf 80' lang='lat' dir='ltr'>fecit</span> <span class='ocrx_word' id='word_1_373' title='bbox 3673 2719 3832 2777; x_wconf 87' lang='lat' dir='ltr'>dun-</span> 
     </span>
    </p>
   </div>
   <div class='ocr_carea' id='block_1_58' title="bbox 2171 2808 3834 2882">
    <p class='ocr_par' dir='ltr' id='par_1_58' title="bbox 2171 2808 3834 2882">
     <span class='ocr_line' id='line_1_58' title="bbox 2171 2808 3834 2882; baseline -0.001 -15"><span class='ocrx_word' id='word_1_374' title='bbox 2171 2815 2331 2868; x_wconf 81' lang='lat' dir='ltr'>taxat</span> <span class='ocrx_word' id='word_1_375' title='bbox 2350 2811 2633 2867; x_wconf 86' lang='lat' dir='ltr'>innotesci</span> <span class='ocrx_word' id='word_1_376' title='bbox 2658 2809 3189 2882; x_wconf 89' lang='lat' dir='ltr'>desiderantes,qui</span> <span class='ocrx_word' id='word_1_377' title='bbox 3213 2808 3491 2882; x_wconf 90' lang='lat' dir='ltr'>quoniam</span> <span class='ocrx_word' id='word_1_378' title='bbox 3512 2809 3686 2865; x_wconf 90' lang='lat' dir='ltr'>rectis</span> <span class='ocrx_word' id='word_1_379' title='bbox 3710 2826 3834 2866; x_wconf 92' lang='lat' dir='ltr'>non</span> 
     </span>
    </p>
   </div>
   <div class='ocr_carea' id='block_1_59' title="bbox 2173 2897 3836 2973">
    <p class='ocr_par' dir='ltr' id='par_1_59' title="bbox 2173 2897 3836 2973">
     <span class='ocr_line' id='line_1_59' title="bbox 2173 2897 3836 2973; baseline -0.001 -17"><span class='ocrx_word' id='word_1_380' title='bbox 2173 2904 2440 2973; x_wconf 86' lang='lat' dir='ltr'>poterant</span> <span class='ocrx_word' id='word_1_381' title='bbox 2461 2899 2712 2973; x_wconf 82' lang='lat' dir='ltr'>dyscolis</span> <span class='ocrx_word' id='word_1_382' title='bbox 2745 2899 2864 2955; x_wconf 90' lang='lat' dir='ltr'>noti</span> <span class='ocrx_word' id='word_1_383' title='bbox 2897 2899 3120 2954; x_wconf 83' lang='lat' dir='ltr'>ﬁerent.</span> <span class='ocrx_word' id='word_1_384' title='bbox 3147 2897 3372 2970; x_wconf 86' lang='lat' dir='ltr'>Quique</span> <span class='ocrx_word' id='word_1_385' title='bbox 3403 2915 3436 2954; x_wconf 91' lang='lat' dir='ltr'>a</span> <span class='ocrx_word' id='word_1_386' title='bbox 3468 2899 3836 2956; x_wconf 87' lang='lat' dir='ltr'>monasterio</span> 
     </span>
    </p>
   </div>
   <div class='ocr_carea' id='block_1_60' title="bbox 2173 2985 3830 3062">
    <p class='ocr_par' dir='ltr' id='par_1_60' title="bbox 2173 2985 3830 3062">
     <span class='ocr_line' id='line_1_60' title="bbox 2173 2985 3830 3062; baseline -0.001 -17"><span class='ocrx_word' id='word_1_387' title='bbox 2173 2989 2571 3062; x_wconf 89' lang='lat' dir='ltr'>irregulariter</span> <span class='ocrx_word' id='word_1_388' title='bbox 2591 2987 2811 3055; x_wconf 87' lang='lat' dir='ltr'>exiens,</span> <span class='ocrx_word' id='word_1_389' title='bbox 2827 2985 3151 3060; x_wconf 87' lang='lat' dir='ltr'>peragratis</span> <span class='ocrx_word' id='word_1_390' title='bbox 3173 2985 3509 3059; x_wconf 88' lang='lat' dir='ltr'>regionibus</span> <span class='ocrx_word' id='word_1_391' title='bbox 3529 2985 3830 3060; x_wconf 90' lang='lat' dir='ltr'>plurimis,</span> 
     </span>
    </p>
   </div>
   <div class='ocr_carea' id='block_1_61' title="bbox 2173 3076 3834 3150">
    <p class='ocr_par' dir='ltr' id='par_1_61' title="bbox 2173 3076 3834 3150">
     <span class='ocr_line' id='line_1_61' title="bbox 2173 3076 3834 3150; baseline 0 -17"><span class='ocrx_word' id='word_1_392' title='bbox 2173 3079 2232 3134; x_wconf 91' lang='lat' dir='ltr'>in</span> <span class='ocrx_word' id='word_1_393' title='bbox 2261 3078 2603 3150; x_wconf 88' lang='lat' dir='ltr'>Moguntina</span> <span class='ocrx_word' id='word_1_394' title='bbox 2623 3076 2853 3132; x_wconf 86' lang='lat' dir='ltr'>civitate</span> <span class='ocrx_word' id='word_1_395' title='bbox 2883 3076 3095 3132; x_wconf 84' lang='lat' dir='ltr'>habita</span> <span class='ocrx_word' id='word_1_396' title='bbox 3127 3076 3346 3148; x_wconf 79' lang='lat' dir='ltr'>synodo</span> <span class='ocrx_word' id='word_1_397' title='bbox 3369 3079 3426 3131; x_wconf 92' lang='lat' dir='ltr'>et</span> <span class='ocrx_word' id='word_1_398' title='bbox 3457 3076 3697 3132; x_wconf 78' lang='lat' dir='ltr'>Rabano</span> <span class='ocrx_word' id='word_1_399' title='bbox 3729 3094 3834 3133; x_wconf 76' lang='lat' dir='ltr'>ar-</span> 
     </span>
    </p>
   </div>
   <div class='ocr_carea' id='block_1_62' title="bbox 2173 3163 3834 3240">
    <p class='ocr_par' dir='ltr' id='par_1_62' title="bbox 2173 3163 3834 3240">
     <span class='ocr_line' id='line_1_62' title="bbox 2173 3163 3834 3240; baseline -0.001 -16"><span class='ocrx_word' id='word_1_400' title='bbox 2173 3167 2541 3240; x_wconf 89' lang='lat' dir='ltr'>chiepiscopo</span> <span class='ocrx_word' id='word_1_401' title='bbox 2560 3165 2823 3222; x_wconf 90' lang='lat' dir='ltr'>libellum</span> <span class='ocrx_word' id='word_1_402' title='bbox 2842 3165 2931 3222; x_wconf 91' lang='lat' dir='ltr'>sui</span> <span class='ocrx_word' id='word_1_403' title='bbox 2950 3165 3162 3221; x_wconf 90' lang='lat' dir='ltr'>erroris</span> <span class='ocrx_word' id='word_1_404' title='bbox 3180 3163 3834 3238; x_wconf 86' lang='lat' dir='ltr'>porrigens,damnatus</span> 
     </span>
    </p>
   </div>
   <div class='ocr_carea' id='block_1_63' title="bbox 421 3234 3834 3330">
    <p class='ocr_par' dir='ltr' id='par_1_63' title="bbox 421 3234 3834 3330">
     <span class='ocr_line' id='line_1_63' title="bbox 421 3234 3834 3330; baseline 0.003 -30"><span class='ocrx_word' id='word_1_405' title='bbox 421 3243 622 3302; x_wconf 90' lang='lat' dir='ltr'>minus</span> <span class='ocrx_word' id='word_1_406' title='bbox 651 3263 719 3302; x_wconf 88' lang='lat' dir='ltr'>ex</span> <span class='ocrx_word' id='word_1_407' title='bbox 749 3247 1110 3320; x_wconf 86' lang='lat' dir='ltr'>delegatione</span> <span class='ocrx_word' id='word_1_408' title='bbox 1140 3234 1467 3322; x_wconf 83' lang='lat' dir='ltr'>apostolica</span> <span class='ocrx_word' id='word_1_409' title='bbox 1499 3252 1655 3308; x_wconf 90' lang='lat' dir='ltr'>sedis</span> <span class='ocrx_word' id='word_1_410' title='bbox 1686 3253 1806 3311; x_wconf 83' lang='lat' dir='ltr'>hac</span> <span class='ocrx_word' id='word_1_411' title='bbox 1830 3255 2062 3312; x_wconf 87' lang='lat' dir='ltr'>incom-</span> <span class='ocrx_word' id='word_1_412' title='bbox 2093 3234 2138 3304; x_wconf 68' lang='grc' dir='ltr'>ο</span> <span class='ocrx_word' id='word_1_413' title='bbox 2173 3234 2548 3312; x_wconf 53' lang='lat' dir='ltr'>cum-litteris</span> <span class='ocrx_word' id='word_1_414' title='bbox 2577 3255 2957 3330; x_wconf 73' lang='lat' dir='ltr'>synodalibus</span> <span class='ocrx_word' id='word_1_415' title='bbox 2979 3255 3050 3310; x_wconf 90' lang='lat' dir='ltr'>ad</span> <span class='ocrx_word' id='word_1_416' title='bbox 3074 3234 3432 3310; x_wconf 75' lang='lat' dir='ltr'>Rhemorum</span> <span class='ocrx_word' id='word_1_417' title='bbox 3455 3254 3834 3326; x_wconf 90' lang='lat' dir='ltr'>metropolim</span> 
     </span>
    </p>
   </div>
   <div class='ocr_carea' id='block_1_64' title="bbox 414 3332 2064 3413">
    <p class='ocr_par' dir='ltr' id='par_1_64' title="bbox 414 3332 2064 3413">
     <span class='ocr_line' id='line_1_64' title="bbox 414 3332 2064 3413; baseline 0.007 -25"><span class='ocrx_word' id='word_1_418' title='bbox 414 3333 606 3406; x_wconf 88' lang='lat' dir='ltr'>posita</span> <span class='ocrx_word' id='word_1_419' title='bbox 633 3332 694 3389; x_wconf 93' lang='lat' dir='ltr'>in</span> <span class='ocrx_word' id='word_1_420' title='bbox 727 3334 962 3392; x_wconf 88' lang='lat' dir='ltr'>Gallicis</span> <span class='ocrx_word' id='word_1_421' title='bbox 1003 3337 1340 3410; x_wconf 87' lang='lat' dir='ltr'>regionibus</span> <span class='ocrx_word' id='word_1_422' title='bbox 1379 3341 1790 3413; x_wconf 89' lang='lat' dir='ltr'>composuerit,</span> <span class='ocrx_word' id='word_1_423' title='bbox 1824 3344 1976 3400; x_wconf 91' lang='lat' dir='ltr'>sicut</span> <span class='ocrx_word' id='word_1_424' title='bbox 2007 3349 2064 3400; x_wconf 90' lang='lat' dir='ltr'>et</span> 
     </span>
    </p>
   </div>
   <div class='ocr_carea' id='block_1_65' title="bbox 411 3419 2061 3501">
    <p class='ocr_par' dir='ltr' id='par_1_65' title="bbox 411 3419 2061 3501">
     <span class='ocr_line' id='line_1_65' title="bbox 411 3419 2061 3501; baseline 0.008 -25"><span class='ocrx_word' id='word_1_425' title='bbox 411 3419 474 3477; x_wconf 92' lang='lat' dir='ltr'>in</span> <span class='ocrx_word' id='word_1_426' title='bbox 505 3421 747 3494; x_wconf 84' lang='lat' dir='ltr'>prafata</span> <span class='ocrx_word' id='word_1_427' title='bbox 795 3423 1042 3496; x_wconf 89' lang='lat' dir='ltr'>epistola</span> <span class='ocrx_word' id='word_1_428' title='bbox 1081 3425 1425 3484; x_wconf 77' lang='lat' dir='ltr'>Calestinus</span> <span class='ocrx_word' id='word_1_429' title='bbox 1473 3432 1838 3501; x_wconf 85' lang='lat' dir='ltr'>monstravit,</span> <span class='ocrx_word' id='word_1_430' title='bbox 1872 3433 2061 3490; x_wconf 89' lang='lat' dir='ltr'>isdem</span> 
     </span>
    </p>
   </div>
   <div class='ocr_carea' id='block_1_66' title="bbox 412 3509 2058 3592">
    <p class='ocr_par' dir='ltr' id='par_1_66' title="bbox 412 3509 2058 3592">
     <span class='ocr_line' id='line_1_66' title="bbox 412 3509 2058 3592; baseline 0.008 -27"><span class='ocrx_word' id='word_1_431' title='bbox 412 3509 664 3583; x_wconf 91' lang='lat' dir='ltr'>Prosper</span> <span class='ocrx_word' id='word_1_432' title='bbox 688 3510 749 3566; x_wconf 93' lang='lat' dir='ltr'>in</span> <span class='ocrx_word' id='word_1_433' title='bbox 772 3513 1105 3585; x_wconf 71' lang='lat' dir='ltr'>praefatione</span> <span class='ocrx_word' id='word_1_434' title='bbox 1124 3515 1642 3575; x_wconf 87' lang='lat' dir='ltr'>Vincentianarum</span> <span class='ocrx_word' id='word_1_435' title='bbox 1663 3521 2058 3592; x_wconf 86' lang='lat' dir='ltr'>objectionum</span> 
     </span>
    </p>
   </div>
   <div class='ocr_carea' id='block_1_67' title="bbox 411 3599 2059 3679">
    <p class='ocr_par' dir='ltr' id='par_1_67' title="bbox 411 3599 2059 3679">
     <span class='ocr_line' id='line_1_67' title="bbox 411 3599 2059 3679; baseline 0.008 -25"><span class='ocrx_word' id='word_1_436' title='bbox 411 3599 669 3655; x_wconf 90' lang='lat' dir='ltr'>ostendit</span> <span class='ocrx_word' id='word_1_437' title='bbox 715 3601 914 3658; x_wconf 92' lang='lat' dir='ltr'>dicens</span> <span class='ocrx_word' id='word_1_438' title='bbox 947 3619 1016 3658; x_wconf 83' lang='lat'>:«</span> <span class='ocrx_word' id='word_1_439' title='bbox 1053 3604 1321 3674; x_wconf 90' lang='lat' dir='ltr'>Quidam,</span> <span class='ocrx_word' id='word_1_440' title='bbox 1355 3606 1566 3679; x_wconf 80' lang='lat' dir='ltr'>inquit,</span> <span class='ocrx_word' id='word_1_441' title='bbox 1603 3609 1942 3668; x_wconf 82' lang='lat' dir='ltr'>Christiana</span> <span class='ocrx_word' id='word_1_442' title='bbox 1993 3629 2059 3668; x_wconf 88' lang='lat' dir='ltr'>ac</span> 
     </span>
    </p>
   </div>
   <div class='ocr_carea' id='block_1_68' title="bbox 411 3687 2058 3763">
    <p class='ocr_par' dir='ltr' id='par_1_68' title="bbox 411 3687 2058 3763">
     <span class='ocr_line' id='line_1_68' title="bbox 411 3687 2058 3763; baseline 0.008 -20"><span class='ocrx_word' id='word_1_443' title='bbox 411 3687 678 3744; x_wconf 85' lang='lat' dir='ltr'>fraterna</span> <span class='ocrx_word' id='word_1_444' title='bbox 703 3689 1006 3748; x_wconf 90' lang='lat' dir='ltr'>charitatis</span> <span class='ocrx_word' id='word_1_445' title='bbox 1026 3692 1210 3763; x_wconf 90' lang='lat' dir='ltr'>obliti,</span> <span class='ocrx_word' id='word_1_446' title='bbox 1232 3695 1292 3749; x_wconf 94' lang='lat' dir='ltr'>in</span> <span class='ocrx_word' id='word_1_447' title='bbox 1315 3699 1544 3752; x_wconf 89' lang='lat' dir='ltr'>tantum</span> <span class='ocrx_word' id='word_1_448' title='bbox 1569 3696 2058 3756; x_wconf 77' lang='lat' dir='ltr'>existimationem</span> 
     </span>
    </p>
   </div>
   <div class='ocr_carea' id='block_1_69' title="bbox 410 3781 2059 3852">
    <p class='ocr_par' dir='ltr' id='par_1_69' title="bbox 410 3781 2059 3852">
     <span class='ocr_line' id='line_1_69' title="bbox 410 3781 2059 3852; baseline 0.008 -20"><span class='ocrx_word' id='word_1_449' title='bbox 410 3781 673 3834; x_wconf 89' lang='lat' dir='ltr'>nostram</span> <span class='ocrx_word' id='word_1_450' title='bbox 705 3794 940 3852; x_wconf 92' lang='lat' dir='ltr'>quoquo</span> <span class='ocrx_word' id='word_1_451' title='bbox 971 3781 1143 3837; x_wconf 91' lang='lat' dir='ltr'>modo</span> <span class='ocrx_word' id='word_1_452' title='bbox 1171 3783 1412 3839; x_wconf 88' lang='lat' dir='ltr'>student</span> <span class='ocrx_word' id='word_1_453' title='bbox 1442 3783 1668 3852; x_wconf 86' lang='lat' dir='ltr'>ladere,</span> <span class='ocrx_word' id='word_1_454' title='bbox 1701 3791 1767 3842; x_wconf 92' lang='lat' dir='ltr'>ut</span> <span class='ocrx_word' id='word_1_455' title='bbox 1797 3805 1964 3843; x_wconf 90' lang='lat' dir='ltr'>suam</span> <span class='ocrx_word' id='word_1_456' title='bbox 1997 3806 2059 3846; x_wconf 88' lang='lat' dir='ltr'>se</span> 
     </span>
    </p>
   </div>
   <div class='ocr_carea' id='block_1_70' title="bbox 407 3869 2061 3943">
    <p class='ocr_par' dir='ltr' id='par_1_70' title="bbox 407 3869 2061 3943">
     <span class='ocr_line' id='line_1_70' title="bbox 407 3869 2061 3943; baseline 0.007 -21"><span class='ocrx_word' id='word_1_457' title='bbox 407 3870 663 3924; x_wconf 90' lang='lat' dir='ltr'>evertere</span> <span class='ocrx_word' id='word_1_458' title='bbox 693 3869 938 3925; x_wconf 89' lang='lat' dir='ltr'>nocendi</span> <span class='ocrx_word' id='word_1_459' title='bbox 961 3870 1280 3943; x_wconf 89' lang='lat' dir='ltr'>cupiditate</span> <span class='ocrx_word' id='word_1_460' title='bbox 1310 3890 1427 3929; x_wconf 91' lang='lat' dir='ltr'>non</span> <span class='ocrx_word' id='word_1_461' title='bbox 1456 3874 1708 3931; x_wconf 88' lang='lat' dir='ltr'>videant.</span> <span class='ocrx_word' id='word_1_462' title='bbox 1733 3876 2061 3934; x_wconf 85' lang='lat' dir='ltr'>Contexunt</span> 
     </span>
    </p>
   </div>
   <div class='ocr_carea' id='block_1_71' title="bbox 407 3955 2054 4037">
    <p class='ocr_par' dir='ltr' id='par_1_71' title="bbox 407 3955 2054 4037">
     <span class='ocr_line' id='line_1_71' title="bbox 407 3955 2054 4037; baseline 0.009 -27"><span class='ocrx_word' id='word_1_463' title='bbox 407 3955 936 4028; x_wconf 87' lang='lat' dir='ltr'>enim,etqualibus</span> <span class='ocrx_word' id='word_1_464' title='bbox 953 3966 1201 4031; x_wconf 90' lang='lat' dir='ltr'>possunt</span> <span class='ocrx_word' id='word_1_465' title='bbox 1218 3962 1520 4018; x_wconf 88' lang='lat' dir='ltr'>sententiis</span> <span class='ocrx_word' id='word_1_466' title='bbox 1533 3966 2054 4037; x_wconf 89' lang='lat' dir='ltr'>comprehendunt,</span> 
     </span>
    </p>
   </div>
   <div class='ocr_carea' id='block_1_72' title="bbox 405 4041 2058 4128">
    <p class='ocr_par' dir='ltr' id='par_1_72' title="bbox 405 4041 2058 4128">
     <span class='ocr_line' id='line_1_72' title="bbox 405 4041 2058 4128; baseline 0.009 -31"><span class='ocrx_word' id='word_1_467' title='bbox 405 4041 910 4115; x_wconf 89' lang='lat' dir='ltr'>ineptissimarum</span> <span class='ocrx_word' id='word_1_468' title='bbox 928 4050 1320 4118; x_wconf 89' lang='lat' dir='ltr'>quarumdam</span> <span class='ocrx_word' id='word_1_469' title='bbox 1343 4050 1844 4124; x_wconf 86' lang='lat' dir='ltr'>blasphemiarum</span> <span class='ocrx_word' id='word_1_470' title='bbox 1868 4057 2058 4128; x_wconf 90' lang='lat' dir='ltr'>prodi-</span> 
     </span>
    </p>
   </div>
   <div class='ocr_carea' id='block_1_73' title="bbox 408 4129 2058 4216">
    <p class='ocr_par' dir='ltr' id='par_1_73' title="bbox 408 4129 2058 4216">
     <span class='ocr_line' id='line_1_73' title="bbox 408 4129 2058 4216; baseline 0.01 -31"><span class='ocrx_word' id='word_1_471' title='bbox 408 4129 573 4203; x_wconf 89' lang='lat' dir='ltr'>giosa</span> <span class='ocrx_word' id='word_1_472' title='bbox 629 4133 954 4201; x_wconf 85' lang='lat' dir='ltr'>mendacia,</span> <span class='ocrx_word' id='word_1_473' title='bbox 987 4151 1170 4207; x_wconf 91' lang='lat' dir='ltr'>eaque</span> <span class='ocrx_word' id='word_1_474' title='bbox 1227 4137 1588 4195; x_wconf 79' lang='lat' dir='ltr'>ostendenda</span> <span class='ocrx_word' id='word_1_475' title='bbox 1634 4147 1692 4196; x_wconf 88' lang='lat' dir='ltr'>et</span> <span class='ocrx_word' id='word_1_476' title='bbox 1742 4143 2058 4216; x_wconf 89' lang='lat' dir='ltr'>ingerenda</span> 
     </span>
    </p>
   </div>
   <div class='ocr_carea' id='block_1_74' title="bbox 408 4217 2056 4302">
    <p class='ocr_par' dir='ltr' id='par_1_74' title="bbox 408 4217 2056 4302">
     <span class='ocr_line' id='line_1_74' title="bbox 408 4217 2056 4302; baseline 0.01 -28"><span class='ocrx_word' id='word_1_477' title='bbox 408 4217 613 4274; x_wconf 90' lang='lat' dir='ltr'>multis</span> <span class='ocrx_word' id='word_1_478' title='bbox 629 4219 861 4292; x_wconf 90' lang='lat' dir='ltr'>publice</span> <span class='ocrx_word' id='word_1_479' title='bbox 880 4222 1270 4296; x_wconf 89' lang='lat' dir='ltr'>privatimque</span> <span class='ocrx_word' id='word_1_480' title='bbox 1283 4225 2056 4302; x_wconf 73' lang='lat' dir='ltr'>circumferunt,asscrentes</span> 
     </span>
    </p>
   </div>
   <div class='ocr_carea' id='block_1_75' title="bbox 407 4305 2057 4387">
    <p class='ocr_par' dir='ltr' id='par_1_75' title="bbox 407 4305 2057 4387">
     <span class='ocr_line' id='line_1_75' title="bbox 407 4305 2057 4387; baseline 0.01 -25"><span class='ocrx_word' id='word_1_481' title='bbox 407 4305 550 4362; x_wconf 91' lang='lat' dir='ltr'>talia</span> <span class='ocrx_word' id='word_1_482' title='bbox 578 4305 638 4362; x_wconf 91' lang='lat' dir='ltr'>in</span> <span class='ocrx_word' id='word_1_483' title='bbox 669 4311 868 4366; x_wconf 90' lang='lat' dir='ltr'>nostro</span> <span class='ocrx_word' id='word_1_484' title='bbox 899 4327 1027 4368; x_wconf 88' lang='lat' dir='ltr'>esse</span> <span class='ocrx_word' id='word_1_485' title='bbox 1058 4329 1256 4382; x_wconf 89' lang='lat' dir='ltr'>sensu,</span> <span class='ocrx_word' id='word_1_486' title='bbox 1283 4315 1418 4387; x_wconf 87' lang='lat' dir='ltr'>quia</span> <span class='ocrx_word' id='word_1_487' title='bbox 1442 4315 1728 4375; x_wconf 90' lang='lat' dir='ltr'>diabolico</span> <span class='ocrx_word' id='word_1_488' title='bbox 1759 4323 2057 4378; x_wconf 88' lang='lat' dir='ltr'>continen-</span> 
     </span>
    </p>
   </div>
   <div class='ocr_carea' id='block_1_76' title="bbox 407 4394 2054 4467">
    <p class='ocr_par' dir='ltr' id='par_1_76' title="bbox 407 4394 2054 4467">
     <span class='ocr_line' id='line_1_76' title="bbox 407 4394 2054 4467; baseline 0.011 -17"><span class='ocrx_word' id='word_1_489' title='bbox 407 4394 804 4459; x_wconf 81' lang='lat' dir='ltr'>turindiculo.</span> <span class='ocrx_word' id='word_1_490' title='bbox 828 4400 961 4465; x_wconf 83' lang='lat' dir='ltr'>Qua</span> <span class='ocrx_word' id='word_1_491' title='bbox 993 4401 1138 4457; x_wconf 81' lang='lat' dir='ltr'>falso</span> <span class='ocrx_word' id='word_1_492' title='bbox 1183 4404 1242 4456; x_wconf 90' lang='lat' dir='ltr'>in</span> <span class='ocrx_word' id='word_1_493' title='bbox 1284 4421 1390 4459; x_wconf 89' lang='lat' dir='ltr'>nos</span> <span class='ocrx_word' id='word_1_494' title='bbox 1421 4406 1493 4460; x_wconf 88' lang='lat' dir='ltr'>ad</span> <span class='ocrx_word' id='word_1_495' title='bbox 1526 4409 1926 4466; x_wconf 87' lang='lat' dir='ltr'>suscitandam</span> <span class='ocrx_word' id='word_1_496' title='bbox 1960 4413 2054 4467; x_wconf 93' lang='lat' dir='ltr'>in-</span> 
     </span>
    </p>
   </div>
   <div class='ocr_carea' id='block_1_77' title="bbox 405 4482 2054 4571">
    <p class='ocr_par' dir='ltr' id='par_1_77' title="bbox 405 4482 2054 4571">
     <span class='ocr_line' id='line_1_77' title="bbox 405 4482 2054 4571; baseline 0.012 -33"><span class='ocrx_word' id='word_1_497' title='bbox 405 4482 623 4571; x_wconf 88' lang='lat' dir='ltr'>vidiam</span> <span class='ocrx_word' id='word_1_498' title='bbox 645 4486 926 4558; x_wconf 79' lang='lat' dir='ltr'>jactitari,</span> <span class='ocrx_word' id='word_1_499' title='bbox 955 4489 1121 4546; x_wconf 85' lang='lat' dir='ltr'>facile</span> <span class='ocrx_word' id='word_1_500' title='bbox 1150 4496 1207 4545; x_wconf 86' lang='lat' dir='ltr'>et</span> <span class='ocrx_word' id='word_1_501' title='bbox 1236 4493 1594 4550; x_wconf 81' lang='lat' dir='ltr'>sufficienter</span> <span class='ocrx_word' id='word_1_502' title='bbox 1625 4499 2054 4571; x_wconf 86' lang='lat' dir='ltr'>subscriptione</span> 
     </span>
    </p>
   </div>
   <div class='ocr_carea' id='block_1_78' title="bbox 2171 3341 3834 3416">
    <p class='ocr_par' dir='ltr' id='par_1_78' title="bbox 2171 3341 3834 3416">
     <span class='ocr_line' id='line_1_78' title="bbox 2171 3341 3834 3416; baseline -0.001 -14"><span class='ocrx_word' id='word_1_503' title='bbox 2171 3349 2260 3402; x_wconf 91' lang='lat' dir='ltr'>est</span> <span class='ocrx_word' id='word_1_504' title='bbox 2289 3345 2573 3400; x_wconf 87' lang='lat' dir='ltr'>remissus</span> <span class='ocrx_word' id='word_1_505' title='bbox 2598 3361 2611 3400; x_wconf 92' lang='lat'>:</span> <span class='ocrx_word' id='word_1_506' title='bbox 2639 3361 2890 3416; x_wconf 91' lang='lat' dir='ltr'>quarum</span> <span class='ocrx_word' id='word_1_507' title='bbox 2926 3342 3255 3398; x_wconf 88' lang='lat' dir='ltr'>litterarum</span> <span class='ocrx_word' id='word_1_508' title='bbox 3283 3341 3580 3416; x_wconf 82' lang='lat' dir='ltr'>exemplar</span> <span class='ocrx_word' id='word_1_509' title='bbox 3606 3343 3703 3399; x_wconf 92' lang='lat' dir='ltr'>hic</span> <span class='ocrx_word' id='word_1_510' title='bbox 3732 3343 3834 3400; x_wconf 91' lang='lat' dir='ltr'>in-</span> 
     </span>
    </p>
   </div>
   <div class='ocr_carea' id='block_1_79' title="bbox 2171 3431 3833 3504">
    <p class='ocr_par' dir='ltr' id='par_1_79' title="bbox 2171 3431 3833 3504">
     <span class='ocr_line' id='line_1_79' title="bbox 2171 3431 3833 3504; baseline -0.001 -13"><span class='ocrx_word' id='word_1_511' title='bbox 2171 3451 2362 3491; x_wconf 91' lang='lat' dir='ltr'>serere</span> <span class='ocrx_word' id='word_1_512' title='bbox 2387 3432 2729 3489; x_wconf 88' lang='lat' dir='ltr'>rationabile</span> <span class='ocrx_word' id='word_1_513' title='bbox 2759 3433 3065 3503; x_wconf 85' lang='lat' dir='ltr'>duximus,</span> <span class='ocrx_word' id='word_1_514' title='bbox 3082 3433 3234 3504; x_wconf 90' lang='lat' dir='ltr'>quod</span> <span class='ocrx_word' id='word_1_515' title='bbox 3261 3431 3342 3488; x_wconf 90' lang='lat' dir='ltr'>ita</span> <span class='ocrx_word' id='word_1_516' title='bbox 3365 3448 3426 3488; x_wconf 90' lang='lat' dir='ltr'>se</span> <span class='ocrx_word' id='word_1_517' title='bbox 3450 3431 3647 3488; x_wconf 91' lang='lat' dir='ltr'>habet.</span> <span class='ocrx_word' id='word_1_518' title='bbox 3663 3455 3690 3483; x_wconf 86' lang='lat'><strong>«</strong></span> <span class='ocrx_word' id='word_1_519' title='bbox 3717 3433 3833 3490; x_wconf 88' lang='lat' dir='ltr'>Re-</span> 
     </span>
    </p>
   </div>
   <div class='ocr_carea' id='block_1_80' title="bbox 2169 3520 3838 3580">
    <p class='ocr_par' dir='ltr' id='par_1_80' title="bbox 2169 3520 3838 3580">
     <span class='ocr_line' id='line_1_80' title="bbox 2169 3520 3838 3580; baseline 0.001 -2"><span class='ocrx_word' id='word_1_520' title='bbox 2169 3522 2570 3578; x_wconf 80' lang='lat' dir='ltr'>verentissims</span> <span class='ocrx_word' id='word_1_521' title='bbox 2594 3521 2757 3576; x_wconf 88' lang='lat' dir='ltr'>fratri</span> <span class='ocrx_word' id='word_1_522' title='bbox 2779 3525 2835 3578; x_wconf 93' lang='lat' dir='ltr'>et</span> <span class='ocrx_word' id='word_1_523' title='bbox 2856 3521 3256 3578; x_wconf 90' lang='lat' dir='ltr'>consacerdoti</span> <span class='ocrx_word' id='word_1_524' title='bbox 3276 3520 3588 3576; x_wconf 77' lang='lat' dir='ltr'>Hin‘cmaro</span> <span class='ocrx_word' id='word_1_525' title='bbox 3611 3521 3838 3580; x_wconf 90' lang='lat' dir='ltr'>archie-</span> 
     </span>
    </p>
   </div>
   <div class='ocr_carea' id='block_1_81' title="bbox 2170 3609 3832 3685">
    <p class='ocr_par' dir='ltr' id='par_1_81' title="bbox 2170 3609 3832 3685">
     <span class='ocr_line' id='line_1_81' title="bbox 2170 3609 3832 3685; baseline 0 -18"><span class='ocrx_word' id='word_1_526' title='bbox 2170 3611 2410 3685; x_wconf 90' lang='lat' dir='ltr'>piscopo</span> <span class='ocrx_word' id='word_1_527' title='bbox 2444 3610 2719 3666; x_wconf 81' lang='lat' dir='ltr'>Rabanus</span> <span class='ocrx_word' id='word_1_528' title='bbox 2745 3627 2945 3666; x_wconf 90' lang='lat' dir='ltr'>servus</span> <span class='ocrx_word' id='word_1_529' title='bbox 2967 3609 3180 3666; x_wconf 90' lang='lat' dir='ltr'>Christi</span> <span class='ocrx_word' id='word_1_530' title='bbox 3213 3613 3270 3666; x_wconf 90' lang='lat' dir='ltr'>et</span> <span class='ocrx_word' id='word_1_531' title='bbox 3291 3625 3589 3666; x_wconf 89' lang='lat' dir='ltr'>servorum</span> <span class='ocrx_word' id='word_1_532' title='bbox 3613 3611 3744 3682; x_wconf 87' lang='lat' dir='ltr'>ejus</span> <span class='ocrx_word' id='word_1_533' title='bbox 3765 3609 3832 3668; x_wconf 91' lang='lat' dir='ltr'>in</span> 
     </span>
    </p>
   </div>
   <div class='ocr_carea' id='block_1_82' title="bbox 2168 3697 3829 3772">
    <p class='ocr_par' dir='ltr' id='par_1_82' title="bbox 2168 3697 3829 3772">
     <span class='ocr_line' id='line_1_82' title="bbox 2168 3697 3829 3772; baseline 0.001 -16"><span class='ocrx_word' id='word_1_534' title='bbox 2168 3699 2414 3756; x_wconf 91' lang='lat' dir='ltr'>Domino</span> <span class='ocrx_word' id='word_1_535' title='bbox 2447 3699 2721 3754; x_wconf 88' lang='lat' dir='ltr'>salutem.</span> <span class='ocrx_word' id='word_1_536' title='bbox 2745 3699 2960 3753; x_wconf 83' lang='lat' dir='ltr'>Notum</span> <span class='ocrx_word' id='word_1_537' title='bbox 2993 3697 3072 3754; x_wconf 91' lang='lat' dir='ltr'>sit</span> <span class='ocrx_word' id='word_1_538' title='bbox 3103 3697 3396 3754; x_wconf 90' lang='lat' dir='ltr'>dilectioni</span> <span class='ocrx_word' id='word_1_539' title='bbox 3426 3702 3633 3754; x_wconf 84' lang='lat' dir='ltr'>vestra</span> <span class='ocrx_word' id='word_1_540' title='bbox 3664 3701 3829 3772; x_wconf 94' lang='lat' dir='ltr'>quod</span> 
     </span>
    </p>
   </div>
   <div class='ocr_carea' id='block_1_83' title="bbox 2168 3787 3828 3861">
    <p class='ocr_par' dir='ltr' id='par_1_83' title="bbox 2168 3787 3828 3861">
     <span class='ocr_line' id='line_1_83' title="bbox 2168 3787 3828 3861; baseline 0.002 -19"><span class='ocrx_word' id='word_1_541' title='bbox 2168 3787 2407 3860; x_wconf 86' lang='lat' dir='ltr'>quidam</span> <span class='ocrx_word' id='word_1_542' title='bbox 2438 3803 2764 3861; x_wconf 83' lang='lat' dir='ltr'>gyrovagus</span> <span class='ocrx_word' id='word_1_543' title='bbox 2814 3787 3138 3844; x_wconf 90' lang='lat' dir='ltr'>monachus</span> <span class='ocrx_word' id='word_1_544' title='bbox 3179 3787 3415 3843; x_wconf 91' lang='lat' dir='ltr'>nomine</span> <span class='ocrx_word' id='word_1_545' title='bbox 3454 3787 3828 3860; x_wconf 89' lang='lat' dir='ltr'>Gothescalc,</span> 
     </span>
    </p>
   </div>
   <div class='ocr_carea' id='block_1_84' title="bbox 2166 3875 3832 3950">
    <p class='ocr_par' dir='ltr' id='par_1_84' title="bbox 2166 3875 3832 3950">
     <span class='ocr_line' id='line_1_84' title="bbox 2166 3875 3832 3950; baseline 0.002 -19"><span class='ocrx_word' id='word_1_546' title='bbox 2166 3877 2264 3950; x_wconf 90' lang='lat' dir='ltr'>qui</span> <span class='ocrx_word' id='word_1_547' title='bbox 2298 3894 2360 3932; x_wconf 92' lang='lat' dir='ltr'>se</span> <span class='ocrx_word' id='word_1_548' title='bbox 2391 3876 2602 3934; x_wconf 91' lang='lat' dir='ltr'>asserit</span> <span class='ocrx_word' id='word_1_549' title='bbox 2635 3875 2999 3932; x_wconf 87' lang='lat' dir='ltr'>sacerdotem</span> <span class='ocrx_word' id='word_1_550' title='bbox 3041 3875 3100 3930; x_wconf 92' lang='lat' dir='ltr'>in</span> <span class='ocrx_word' id='word_1_551' title='bbox 3133 3881 3326 3933; x_wconf 88' lang='lat' dir='ltr'>vestra</span> <span class='ocrx_word' id='word_1_552' title='bbox 3354 3875 3634 3948; x_wconf 84' lang='lat' dir='ltr'>parochia</span> <span class='ocrx_word' id='word_1_553' title='bbox 3661 3878 3832 3934; x_wconf 86' lang='lat' dir='ltr'>ordi-</span> 
     </span>
    </p>
   </div>
   <div class='ocr_carea' id='block_1_85' title="bbox 2167 3963 3833 4038">
    <p class='ocr_par' dir='ltr' id='par_1_85' title="bbox 2167 3963 3833 4038">
     <span class='ocr_line' id='line_1_85' title="bbox 2167 3963 3833 4038; baseline 0.002 -16"><span class='ocrx_word' id='word_1_554' title='bbox 2167 3971 2397 4035; x_wconf 89' lang='lat' dir='ltr'>natum,</span> <span class='ocrx_word' id='word_1_555' title='bbox 2435 3967 2507 4022; x_wconf 91' lang='lat' dir='ltr'>de</span> <span class='ocrx_word' id='word_1_556' title='bbox 2540 3963 2704 4021; x_wconf 87' lang='lat' dir='ltr'>Italia</span> <span class='ocrx_word' id='word_1_557' title='bbox 2743 3964 2903 4020; x_wconf 87' lang='lat' dir='ltr'>venit</span> <span class='ocrx_word' id='word_1_558' title='bbox 2947 3965 3019 4021; x_wconf 89' lang='lat' dir='ltr'>ad</span> <span class='ocrx_word' id='word_1_559' title='bbox 3069 3982 3175 4021; x_wconf 88' lang='lat' dir='ltr'>nos</span> <span class='ocrx_word' id='word_1_560' title='bbox 3223 3963 3609 4038; x_wconf 89' lang='lat' dir='ltr'>Moguntiam,</span> <span class='ocrx_word' id='word_1_561' title='bbox 3642 3983 3833 4026; x_wconf 87' lang='lat' dir='ltr'>novas</span> 
     </span>
    </p>
   </div>
   <div class='ocr_carea' id='block_1_86' title="bbox 2167 4053 3832 4128">
    <p class='ocr_par' dir='ltr' id='par_1_86' title="bbox 2167 4053 3832 4128">
     <span class='ocr_line' id='line_1_86' title="bbox 2167 4053 3832 4128; baseline 0.001 -17"><span class='ocrx_word' id='word_1_562' title='bbox 2167 4053 2620 4128; x_wconf 87' lang='lat' dir='ltr'>superstitiones</span> <span class='ocrx_word' id='word_1_563' title='bbox 2651 4058 2708 4110; x_wconf 92' lang='lat' dir='ltr'>et</span> <span class='ocrx_word' id='word_1_564' title='bbox 2737 4053 2968 4109; x_wconf 85' lang='lat' dir='ltr'>noxiam</span> <span class='ocrx_word' id='word_1_565' title='bbox 2996 4053 3320 4110; x_wconf 89' lang='lat' dir='ltr'>doctrinam</span> <span class='ocrx_word' id='word_1_566' title='bbox 3351 4055 3422 4111; x_wconf 93' lang='lat' dir='ltr'>de</span> <span class='ocrx_word' id='word_1_567' title='bbox 3452 4055 3832 4127; x_wconf 68' lang='lat' dir='ltr'>praedestina-</span> 
     </span>
    </p>
   </div>
   <div class='ocr_carea' id='block_1_87' title="bbox 2166 4142 3827 4216">
    <p class='ocr_par' dir='ltr' id='par_1_87' title="bbox 2166 4142 3827 4216">
     <span class='ocr_line' id='line_1_87' title="bbox 2166 4142 3827 4216; baseline 0.002 -16"><span class='ocrx_word' id='word_1_568' title='bbox 2166 4142 2321 4200; x_wconf 86' lang='lat' dir='ltr'>tione</span> <span class='ocrx_word' id='word_1_569' title='bbox 2353 4143 2452 4200; x_wconf 92' lang='lat' dir='ltr'>Dei</span> <span class='ocrx_word' id='word_1_570' title='bbox 2497 4142 2896 4209; x_wconf 86' lang='lat' dir='ltr'>introducens,</span> <span class='ocrx_word' id='word_1_571' title='bbox 2933 4146 2988 4197; x_wconf 91' lang='lat' dir='ltr'>et</span> <span class='ocrx_word' id='word_1_572' title='bbox 3027 4142 3275 4216; x_wconf 90' lang='lat' dir='ltr'>populos</span> <span class='ocrx_word' id='word_1_573' title='bbox 3306 4143 3364 4198; x_wconf 92' lang='lat' dir='ltr'>in</span> <span class='ocrx_word' id='word_1_574' title='bbox 3395 4159 3650 4200; x_wconf 88' lang='lat' dir='ltr'>errorem</span> <span class='ocrx_word' id='word_1_575' title='bbox 3683 4144 3827 4204; x_wconf 91' lang='lat' dir='ltr'>mit-</span> 
     </span>
    </p>
   </div>
   <div class='ocr_carea' id='block_1_88' title="bbox 2166 4230 3826 4303">
    <p class='ocr_par' dir='ltr' id='par_1_88' title="bbox 2166 4230 3826 4303">
     <span class='ocr_line' id='line_1_88' title="bbox 2166 4230 3826 4303; baseline 0.002 -15"><span class='ocrx_word' id='word_1_576' title='bbox 2166 4237 2295 4289; x_wconf 87' lang='lat' dir='ltr'>tens</span> <span class='ocrx_word' id='word_1_577' title='bbox 2321 4249 2332 4286; x_wconf 92' lang='lat'>:</span> <span class='ocrx_word' id='word_1_578' title='bbox 2361 4232 2562 4288; x_wconf 90' lang='lat' dir='ltr'>dicens</span> <span class='ocrx_word' id='word_1_579' title='bbox 2593 4231 2749 4303; x_wconf 89' lang='lat' dir='ltr'>quod</span> <span class='ocrx_word' id='word_1_580' title='bbox 2793 4230 3226 4302; x_wconf 80' lang='lat' dir='ltr'>pradestinatio</span> <span class='ocrx_word' id='word_1_581' title='bbox 3256 4231 3352 4288; x_wconf 90' lang='lat' dir='ltr'>Dei</span> <span class='ocrx_word' id='word_1_582' title='bbox 3393 4232 3548 4289; x_wconf 88' lang='lat' dir='ltr'>sicut</span> <span class='ocrx_word' id='word_1_583' title='bbox 3577 4231 3636 4288; x_wconf 93' lang='lat' dir='ltr'>in</span> <span class='ocrx_word' id='word_1_584' title='bbox 3664 4232 3826 4292; x_wconf 93' lang='lat' dir='ltr'>bono</span> 
     </span>
    </p>
   </div>
   <div class='ocr_carea' id='block_1_89' title="bbox 2166 4319 3827 4396">
    <p class='ocr_par' dir='ltr' id='par_1_89' title="bbox 2166 4319 3827 4396">
     <span class='ocr_line' id='line_1_89' title="bbox 2166 4319 3827 4396; baseline 0 -18"><span class='ocrx_word' id='word_1_585' title='bbox 2166 4322 2243 4378; x_wconf 90' lang='lat' dir='ltr'>sit</span> <span class='ocrx_word' id='word_1_586' title='bbox 2271 4321 2352 4376; x_wconf 91' lang='lat' dir='ltr'>ita</span> <span class='ocrx_word' id='word_1_587' title='bbox 2381 4325 2438 4376; x_wconf 91' lang='lat' dir='ltr'>et</span> <span class='ocrx_word' id='word_1_588' title='bbox 2469 4319 2530 4376; x_wconf 91' lang='lat' dir='ltr'>in</span> <span class='ocrx_word' id='word_1_589' title='bbox 2562 4319 2747 4388; x_wconf 88' lang='lat' dir='ltr'>male;</span> <span class='ocrx_word' id='word_1_590' title='bbox 2780 4323 2838 4376; x_wconf 90' lang='lat' dir='ltr'>et</span> <span class='ocrx_word' id='word_1_591' title='bbox 2868 4319 3015 4375; x_wconf 88' lang='lat' dir='ltr'>tales</span> <span class='ocrx_word' id='word_1_592' title='bbox 3048 4319 3169 4376; x_wconf 89' lang='lat' dir='ltr'>sint</span> <span class='ocrx_word' id='word_1_593' title='bbox 3196 4320 3256 4376; x_wconf 92' lang='lat' dir='ltr'>in</span> <span class='ocrx_word' id='word_1_594' title='bbox 3284 4320 3395 4377; x_wconf 91' lang='lat' dir='ltr'>hoc</span> <span class='ocrx_word' id='word_1_595' title='bbox 3434 4321 3655 4377; x_wconf 89' lang='lat' dir='ltr'>mundo</span> <span class='ocrx_word' id='word_1_596' title='bbox 3689 4323 3827 4396; x_wconf 76' lang='lat' dir='ltr'>qui-</span> 
     </span>
    </p>
   </div>
   <div class='ocr_carea' id='block_1_90' title="bbox 2166 4409 3828 4482">
    <p class='ocr_par' dir='ltr' id='par_1_90' title="bbox 2166 4409 3828 4482">
     <span class='ocr_line' id='line_1_90' title="bbox 2166 4409 3828 4482; baseline 0.003 -16"><span class='ocrx_word' id='word_1_597' title='bbox 2166 4411 2322 4478; x_wconf 90' lang='lat' dir='ltr'>dam,</span> <span class='ocrx_word' id='word_1_598' title='bbox 2347 4409 2447 4482; x_wconf 91' lang='lat' dir='ltr'>qui</span> <span class='ocrx_word' id='word_1_599' title='bbox 2497 4413 2736 4482; x_wconf 86' lang='lat' dir='ltr'>propter</span> <span class='ocrx_word' id='word_1_600' title='bbox 2773 4409 3344 4480; x_wconf 81' lang='lat' dir='ltr'>pradestinationem</span> <span class='ocrx_word' id='word_1_601' title='bbox 3394 4409 3495 4466; x_wconf 91' lang='lat' dir='ltr'>Dei</span> <span class='ocrx_word' id='word_1_602' title='bbox 3544 4427 3672 4482; x_wconf 77' lang='lat' dir='ltr'>qua</span> <span class='ocrx_word' id='word_1_603' title='bbox 3723 4430 3828 4471; x_wconf 90' lang='lat' dir='ltr'>eos</span> 
     </span>
    </p>
   </div>
   <div class='ocr_carea' id='block_1_91' title="bbox 2165 4496 3826 4572">
    <p class='ocr_par' dir='ltr' id='par_1_91' title="bbox 2165 4496 3826 4572">
     <span class='ocr_line' id='line_1_91' title="bbox 2165 4496 3826 4572; baseline 0.003 -19"><span class='ocrx_word' id='word_1_604' title='bbox 2165 4503 2332 4572; x_wconf 87' lang='lat' dir='ltr'>cogat</span> <span class='ocrx_word' id='word_1_605' title='bbox 2362 4499 2421 4553; x_wconf 93' lang='lat' dir='ltr'>in</span> <span class='ocrx_word' id='word_1_606' title='bbox 2453 4502 2702 4553; x_wconf 88' lang='lat' dir='ltr'>mortem</span> <span class='ocrx_word' id='word_1_607' title='bbox 2733 4496 2836 4564; x_wconf 89' lang='lat' dir='ltr'>ire,</span> <span class='ocrx_word' id='word_1_608' title='bbox 2862 4513 2977 4552; x_wconf 90' lang='lat' dir='ltr'>non</span> <span class='ocrx_word' id='word_1_609' title='bbox 3009 4496 3240 4569; x_wconf 90' lang='lat' dir='ltr'>possint</span> <span class='ocrx_word' id='word_1_610' title='bbox 3271 4498 3342 4552; x_wconf 86' lang='lat' dir='ltr'>ab</span> <span class='ocrx_word' id='word_1_611' title='bbox 3374 4514 3567 4554; x_wconf 79' lang='lat' dir='ltr'>errore</span> <span class='ocrx_word' id='word_1_612' title='bbox 3598 4503 3656 4553; x_wconf 90' lang='lat' dir='ltr'>et</span> <span class='ocrx_word' id='word_1_613' title='bbox 3685 4517 3826 4571; x_wconf 90' lang='lat' dir='ltr'>pec-</span> 
     </span>
    </p>
   </div>
   <div class='ocr_carea' id='block_1_92' title="bbox 407 4570 3825 4671">
    <p class='ocr_par' dir='ltr' id='par_1_92' title="bbox 407 4570 3825 4671">
     <span class='ocr_line' id='line_1_92' title="bbox 407 4570 3825 4671; baseline 0.006 -45"><span class='ocrx_word' id='word_1_614' title='bbox 407 4570 585 4628; x_wconf 89' lang='lat' dir='ltr'>unius</span> <span class='ocrx_word' id='word_1_615' title='bbox 614 4574 992 4646; x_wconf 90' lang='lat' dir='ltr'>probaremus</span> <span class='ocrx_word' id='word_1_616' title='bbox 1019 4579 1433 4648; x_wconf 85' lang='lat' dir='ltr'>anathematis,</span> <span class='ocrx_word' id='word_1_617' title='bbox 1460 4584 1571 4639; x_wconf 88' lang='lat' dir='ltr'>nisi</span> <span class='ocrx_word' id='word_1_618' title='bbox 1604 4570 1941 4659; x_wconf 80' lang='lat' dir='ltr'>malignitas</span> <span class='ocrx_word' id='word_1_619' title='bbox 1967 4608 2056 4646; x_wconf 86' lang='lat' dir='ltr'>eo-</span> <span class='ocrx_word' id='word_1_620' title='bbox 2083 4607 2132 4671; x_wconf 82' lang='lat' dir='ltr'><strong>D</strong></span> <span class='ocrx_word' id='word_1_621' title='bbox 2162 4570 2290 4644; x_wconf 82' lang='lat' dir='ltr'>cato</span> <span class='ocrx_word' id='word_1_622' title='bbox 2321 4605 2382 4642; x_wconf 92' lang='lat' dir='ltr'>se</span> <span class='ocrx_word' id='word_1_623' title='bbox 2413 4587 2720 4659; x_wconf 86' lang='lat' dir='ltr'>corrigere,</span> <span class='ocrx_word' id='word_1_624' title='bbox 2755 4585 2924 4658; x_wconf 90' lang='lat' dir='ltr'>quasi</span> <span class='ocrx_word' id='word_1_625' title='bbox 2957 4585 3111 4642; x_wconf 90' lang='lat' dir='ltr'>Dens</span> <span class='ocrx_word' id='word_1_626' title='bbox 3141 4603 3239 4642; x_wconf 91' lang='lat' dir='ltr'>eos</span> <span class='ocrx_word' id='word_1_627' title='bbox 3281 4585 3516 4642; x_wconf 89' lang='lat' dir='ltr'>fecisset</span> <span class='ocrx_word' id='word_1_628' title='bbox 3545 4587 3618 4642; x_wconf 91' lang='lat' dir='ltr'>ab</span> <span class='ocrx_word' id='word_1_629' title='bbox 3650 4587 3825 4648; x_wconf 90' lang='lat' dir='ltr'>initio</span> 
     </span>
    </p>
   </div>
   <div class='ocr_carea' id='block_1_93' title="bbox 405 4661 2050 4739">
    <p class='ocr_par' dir='ltr' id='par_1_93' title="bbox 405 4661 2050 4739">
     <span class='ocr_line' id='line_1_93' title="bbox 405 4661 2050 4739; baseline 0.012 -24"><span class='ocrx_word' id='word_1_630' title='bbox 405 4661 676 4733; x_wconf 88' lang='lat' dir='ltr'>rum,qui</span> <span class='ocrx_word' id='word_1_631' title='bbox 709 4680 771 4720; x_wconf 90' lang='lat' dir='ltr'>se</span> <span class='ocrx_word' id='word_1_632' title='bbox 817 4667 1044 4737; x_wconf 84' lang='lat' dir='ltr'>gravari</span> <span class='ocrx_word' id='word_1_633' title='bbox 1091 4673 1302 4739; x_wconf 90' lang='lat' dir='ltr'>putant</span> <span class='ocrx_word' id='word_1_634' title='bbox 1330 4671 1378 4726; x_wconf 90' lang='lat' dir='ltr'>si</span> <span class='ocrx_word' id='word_1_635' title='bbox 1413 4673 1484 4726; x_wconf 91' lang='lat' dir='ltr'>de</span> <span class='ocrx_word' id='word_1_636' title='bbox 1515 4673 1681 4728; x_wconf 88' lang='lat' dir='ltr'>nobis</span> <span class='ocrx_word' id='word_1_637' title='bbox 1715 4676 1860 4732; x_wconf 88' lang='lat' dir='ltr'>bene</span> <span class='ocrx_word' id='word_1_638' title='bbox 1913 4696 2050 4734; x_wconf 90' lang='lat' dir='ltr'>sen-</span> 
     </span>
    </p>
   </div>
   <div class='ocr_carea' id='block_1_94' title="bbox 405 4749 2054 4828">
    <p class='ocr_par' dir='ltr' id='par_1_94' title="bbox 405 4749 2054 4828">
     <span class='ocr_line' id='line_1_94' title="bbox 405 4749 2054 4828; baseline 0.012 -24"><span class='ocrx_word' id='word_1_639' title='bbox 405 4749 604 4818; x_wconf 87' lang='lat' dir='ltr'>tiatur,</span> <span class='ocrx_word' id='word_1_640' title='bbox 634 4749 822 4822; x_wconf 86' lang='lat' dir='ltr'>ipsam</span> <span class='ocrx_word' id='word_1_641' title='bbox 847 4755 1296 4828; x_wconf 87' lang='lat' dir='ltr'>subscriptionis</span> <span class='ocrx_word' id='word_1_642' title='bbox 1327 4765 1536 4816; x_wconf 83' lang='lat' dir='ltr'>nostra</span> <span class='ocrx_word' id='word_1_643' title='bbox 1560 4763 1898 4820; x_wconf 85' lang='lat' dir='ltr'>brevitatem</span> <span class='ocrx_word' id='word_1_644' title='bbox 1929 4785 2054 4823; x_wconf 87' lang='lat' dir='ltr'>sus-</span> 
     </span>
    </p>
   </div>
   <div class='ocr_carea' id='block_1_95' title="bbox 404 4843 2051 4926">
    <p class='ocr_par' dir='ltr' id='par_1_95' title="bbox 404 4843 2051 4926">
     <span class='ocr_line' id='line_1_95' title="bbox 404 4843 2051 4926; baseline 0.012 -33"><span class='ocrx_word' id='word_1_645' title='bbox 404 4843 634 4912; x_wconf 90' lang='lat' dir='ltr'>pectam</span> <span class='ocrx_word' id='word_1_646' title='bbox 666 4845 822 4897; x_wconf 89' lang='lat' dir='ltr'>esset</span> <span class='ocrx_word' id='word_1_647' title='bbox 849 4843 1141 4901; x_wconf 85' lang='lat' dir='ltr'>habitura.</span> <span class='ocrx_word' id='word_1_648' title='bbox 1166 4846 1328 4903; x_wconf 90' lang='lat' dir='ltr'>Unde</span> <span class='ocrx_word' id='word_1_649' title='bbox 1360 4866 1432 4904; x_wconf 88' lang='lat' dir='ltr'>ne</span> <span class='ocrx_word' id='word_1_650' title='bbox 1474 4850 1652 4923; x_wconf 86' lang='lat' dir='ltr'>hujus</span> <span class='ocrx_word' id='word_1_651' title='bbox 1685 4855 1931 4926; x_wconf 80' lang='lat' dir='ltr'>querela</span> <span class='ocrx_word' id='word_1_652' title='bbox 1963 4856 2051 4912; x_wconf 88' lang='lat' dir='ltr'>in-</span> 
     </span>
    </p>
   </div>
   <div class='ocr_carea' id='block_1_96' title="bbox 401 4929 2052 5014">
    <p class='ocr_par' dir='ltr' id='par_1_96' title="bbox 401 4929 2052 5014">
     <span class='ocr_line' id='line_1_96' title="bbox 401 4929 2052 5014; baseline 0.011 -30"><span class='ocrx_word' id='word_1_653' title='bbox 401 4929 700 4986; x_wconf 91' lang='lat' dir='ltr'>veniretur</span> <span class='ocrx_word' id='word_1_654' title='bbox 715 4933 964 5005; x_wconf 88' lang='lat' dir='ltr'>occasio,</span> <span class='ocrx_word' id='word_1_655' title='bbox 981 4936 1374 4992; x_wconf 90' lang='lat' dir='ltr'>necessarium</span> <span class='ocrx_word' id='word_1_656' title='bbox 1393 4941 1856 5014; x_wconf 82' lang='lat' dir='ltr'>conveniensque</span> <span class='ocrx_word' id='word_1_657' title='bbox 1875 4946 2052 5002; x_wconf 89' lang='lat' dir='ltr'>credi-</span> 
     </span>
    </p>
   </div>
   <div class='ocr_carea' id='block_1_97' title="bbox 404 5017 2048 5104">
    <p class='ocr_par' dir='ltr' id='par_1_97' title="bbox 404 5017 2048 5104">
     <span class='ocr_line' id='line_1_97' title="bbox 404 5017 2048 5104; baseline 0.011 -32"><span class='ocrx_word' id='word_1_658' title='bbox 404 5017 695 5086; x_wconf 90' lang='lat' dir='ltr'>dimus,ut</span> <span class='ocrx_word' id='word_1_659' title='bbox 714 5019 834 5076; x_wconf 90' lang='lat' dir='ltr'>sive</span> <span class='ocrx_word' id='word_1_660' title='bbox 850 5022 921 5076; x_wconf 91' lang='lat' dir='ltr'>ad</span> <span class='ocrx_word' id='word_1_661' title='bbox 941 5021 1406 5081; x_wconf 90' lang='lat' dir='ltr'>calumnantium</span> <span class='ocrx_word' id='word_1_662' title='bbox 1429 5028 1656 5085; x_wconf 89' lang='lat' dir='ltr'>animos</span> <span class='ocrx_word' id='word_1_663' title='bbox 1674 5031 2048 5104; x_wconf 88' lang='lat' dir='ltr'>mitigandos,</span> 
     </span>
    </p>
   </div>
   <div class='ocr_carea' id='block_1_98' title="bbox 405 5105 2049 5188">
    <p class='ocr_par' dir='ltr' id='par_1_98' title="bbox 405 5105 2049 5188">
     <span class='ocr_line' id='line_1_98' title="bbox 405 5105 2049 5188; baseline 0.011 -27"><span class='ocrx_word' id='word_1_664' title='bbox 405 5105 524 5162; x_wconf 89' lang='lat' dir='ltr'>sive</span> <span class='ocrx_word' id='word_1_665' title='bbox 545 5108 617 5164; x_wconf 91' lang='lat' dir='ltr'>ad</span> <span class='ocrx_word' id='word_1_666' title='bbox 639 5125 738 5166; x_wconf 90' lang='lat' dir='ltr'>eos</span> <span class='ocrx_word' id='word_1_667' title='bbox 759 5126 1008 5183; x_wconf 91' lang='lat' dir='ltr'>quorum</span> <span class='ocrx_word' id='word_1_668' title='bbox 1032 5112 1273 5169; x_wconf 88' lang='lat' dir='ltr'>auribus</span> <span class='ocrx_word' id='word_1_669' title='bbox 1297 5115 1412 5171; x_wconf 89' lang='lat' dir='ltr'>tale</span> <span class='ocrx_word' id='word_1_670' title='bbox 1433 5116 1653 5188; x_wconf 89' lang='lat' dir='ltr'>aliquid</span> <span class='ocrx_word' id='word_1_671' title='bbox 1680 5119 1939 5177; x_wconf 87' lang='lat' dir='ltr'>insonuit</span> <span class='ocrx_word' id='word_1_672' title='bbox 1963 5123 2049 5178; x_wconf 89' lang='lat' dir='ltr'>in-</span> 
     </span>
    </p>
   </div>
   <div class='ocr_carea' id='block_1_99' title="bbox 405 5197 2048 5283">
    <p class='ocr_par' dir='ltr' id='par_1_99' title="bbox 405 5197 2048 5283">
     <span class='ocr_line' id='line_1_99' title="bbox 405 5197 2048 5283; baseline 0.013 -36"><span class='ocrx_word' id='word_1_673' title='bbox 405 5197 738 5270; x_wconf 89' lang='lat' dir='ltr'>struendos,</span> <span class='ocrx_word' id='word_1_674' title='bbox 753 5207 1063 5272; x_wconf 88' lang='lat' dir='ltr'>quantum.</span> <span class='ocrx_word' id='word_1_675' title='bbox 1083 5201 1152 5256; x_wconf 91' lang='lat' dir='ltr'>ad</span> <span class='ocrx_word' id='word_1_676' title='bbox 1151 5203 1394 5272; x_wconf 82' lang='lat' dir='ltr'>juvante</span> <span class='ocrx_word' id='word_1_677' title='bbox 1415 5204 1683 5278; x_wconf 90' lang='lat' dir='ltr'>Domino,</span> <span class='ocrx_word' id='word_1_678' title='bbox 1711 5209 1831 5264; x_wconf 81' lang='lat' dir='ltr'>fieri</span> <span class='ocrx_word' id='word_1_679' title='bbox 1853 5216 2048 5283; x_wconf 88' lang='lat' dir='ltr'>potue-</span> 
     </span>
    </p>
   </div>
   <div class='ocr_carea' id='block_1_100' title="bbox 405 5281 2050 5367">
    <p class='ocr_par' dir='ltr' id='par_1_100' title="bbox 405 5281 2050 5367">
     <span class='ocr_line' id='line_1_100' title="bbox 405 5281 2050 5367; baseline 0.013 -31"><span class='ocrx_word' id='word_1_680' title='bbox 405 5281 502 5349; x_wconf 90' lang='lat' dir='ltr'>rit,</span> <span class='ocrx_word' id='word_1_681' title='bbox 527 5281 695 5353; x_wconf 87' lang='lat' dir='ltr'>plene</span> <span class='ocrx_word' id='word_1_682' title='bbox 714 5285 1022 5362; x_wconf 89' lang='lat' dir='ltr'>lucidcque</span> <span class='ocrx_word' id='word_1_683' title='bbox 1045 5292 1373 5363; x_wconf 87' lang='lat' dir='ltr'>pandamus</span> <span class='ocrx_word' id='word_1_684' title='bbox 1395 5294 1536 5365; x_wconf 91' lang='lat' dir='ltr'>quid</span> <span class='ocrx_word' id='word_1_685' title='bbox 1559 5296 1629 5350; x_wconf 91' lang='lat' dir='ltr'>de</span> <span class='ocrx_word' id='word_1_686' title='bbox 1649 5281 1935 5367; x_wconf 80' lang='lat' dir='ltr'>perversis</span> <span class='ocrx_word' id='word_1_687' title='bbox 1956 5302 2050 5358; x_wconf 91' lang='lat' dir='ltr'>de-</span> 
     </span>
    </p>
   </div>
   <div class='ocr_carea' id='block_1_101' title="bbox 402 5369 2046 5459">
    <p class='ocr_par' dir='ltr' id='par_1_101' title="bbox 402 5369 2046 5459">
     <span class='ocr_line' id='line_1_101' title="bbox 402 5369 2046 5459; baseline 0.015 -37"><span class='ocrx_word' id='word_1_688' title='bbox 402 5369 1140 5459; x_wconf 83' lang='lat' dir='ltr'>ﬁnitionibusjudicemus.</span> <span class='ocrx_word' id='word_1_689' title='bbox 1167 5380 1482 5452; x_wconf 89' lang='lat' dir='ltr'>Propositis</span> <span class='ocrx_word' id='word_1_690' title='bbox 1505 5383 1685 5455; x_wconf 88' lang='lat' dir='ltr'>igitur</span> <span class='ocrx_word' id='word_1_691' title='bbox 1704 5386 2046 5459; x_wconf 87' lang='lat' dir='ltr'>singillatim</span> 
     </span>
    </p>
   </div>
   <div class='ocr_carea' id='block_1_102' title="bbox 403 5458 2047 5543">
    <p class='ocr_par' dir='ltr' id='par_1_102' title="bbox 403 5458 2047 5543">
     <span class='ocr_line' id='line_1_102' title="bbox 403 5458 2047 5543; baseline 0.014 -29"><span class='ocrx_word' id='word_1_692' title='bbox 403 5458 695 5515; x_wconf 85' lang='lat' dir='ltr'>sexdecim</span> <span class='ocrx_word' id='word_1_693' title='bbox 727 5464 1022 5538; x_wconf 89' lang='lat' dir='ltr'>capitulis,</span> <span class='ocrx_word' id='word_1_694' title='bbox 1056 5469 1164 5523; x_wconf 90' lang='lat' dir='ltr'>sub</span> <span class='ocrx_word' id='word_1_695' title='bbox 1205 5487 1557 5543; x_wconf 87' lang='lat' dir='ltr'>unoquoque</span> <span class='ocrx_word' id='word_1_696' title='bbox 1597 5458 2047 5538; x_wconf 12' lang='lat' dir='ltr'>eorumisensus</span> 
     </span>
    </p>
   </div>
   <div class='ocr_carea' id='block_1_103' title="bbox 403 5548 2046 5637">
    <p class='ocr_par' dir='ltr' id='par_1_103' title="bbox 403 5548 2046 5637">
     <span class='ocr_line' id='line_1_103' title="bbox 403 5548 2046 5637; baseline 0.013 -33"><span class='ocrx_word' id='word_1_697' title='bbox 403 5548 588 5604; x_wconf 89' lang='lat' dir='ltr'>nostri</span> <span class='ocrx_word' id='word_1_698' title='bbox 611 5555 668 5604; x_wconf 92' lang='lat' dir='ltr'>et</span> <span class='ocrx_word' id='word_1_699' title='bbox 690 5551 1027 5625; x_wconf 83' lang='lat' dir='ltr'>ﬁdei,quam</span> <span class='ocrx_word' id='word_1_700' title='bbox 1051 5564 1254 5614; x_wconf 87' lang='lat' dir='ltr'>contra</span> <span class='ocrx_word' id='word_1_701' title='bbox 1271 5559 1607 5632; x_wconf 77' lang='lat' dir='ltr'>Pelagianos</span> <span class='ocrx_word' id='word_1_702' title='bbox 1630 5581 1697 5618; x_wconf 75' lang='lat' dir='ltr'>ex</span> <span class='ocrx_word' id='word_1_703' title='bbox 1719 5570 2046 5637; x_wconf 82' lang='lat' dir='ltr'>apostolica</span> 
     </span>
    </p>
   </div>
   <div class='ocr_carea' id='block_1_104' title="bbox 405 5637 2048 5723">
    <p class='ocr_par' dir='ltr' id='par_1_104' title="bbox 405 5637 2048 5723">
     <span class='ocr_line' id='line_1_104' title="bbox 405 5637 2048 5723; baseline 0.015 -30"><span class='ocrx_word' id='word_1_704' title='bbox 405 5637 562 5694; x_wconf 88' lang='lat' dir='ltr'>sedis</span> <span class='ocrx_word' id='word_1_705' title='bbox 604 5641 949 5698; x_wconf 85' lang='lat' dir='ltr'>auctoritate</span> <span class='ocrx_word' id='word_1_706' title='bbox 990 5645 1376 5717; x_wconf 86' lang='lat' dir='ltr'>defendimus,</span> <span class='ocrx_word' id='word_1_707' title='bbox 1410 5650 1583 5706; x_wconf 87' lang='lat' dir='ltr'>verba</span> <span class='ocrx_word' id='word_1_708' title='bbox 1623 5669 1906 5723; x_wconf 86' lang='lat' dir='ltr'>ponemus</span> <span class='ocrx_word' id='word_1_709' title='bbox 1940 5679 1951 5716; x_wconf 91' lang='lat'>:</span> <span class='ocrx_word' id='word_1_710' title='bbox 1986 5666 2048 5718; x_wconf 91' lang='lat' dir='ltr'>ut</span> 
     </span>
    </p>
   </div>
   <div class='ocr_carea' id='block_1_105' title="bbox 2161 4673 3823 4747">
    <p class='ocr_par' dir='ltr' id='par_1_105' title="bbox 2161 4673 3823 4747">
     <span class='ocr_line' id='line_1_105' title="bbox 2161 4673 3823 4747; baseline 0.003 -16"><span class='ocrx_word' id='word_1_711' title='bbox 2161 4673 2584 4747; x_wconf 86' lang='lat' dir='ltr'>incorrigibiles</span> <span class='ocrx_word' id='word_1_712' title='bbox 2615 4691 2762 4742; x_wconf 90' lang='lat' dir='ltr'>esse,</span> <span class='ocrx_word' id='word_1_713' title='bbox 2787 4678 2843 4729; x_wconf 91' lang='lat' dir='ltr'>et</span> <span class='ocrx_word' id='word_1_714' title='bbox 2873 4691 3055 4747; x_wconf 82' lang='lat' dir='ltr'>poma</span> <span class='ocrx_word' id='word_1_715' title='bbox 3087 4675 3366 4732; x_wconf 85' lang='lat' dir='ltr'>obnoxios</span> <span class='ocrx_word' id='word_1_716' title='bbox 3414 4675 3474 4732; x_wconf 91' lang='lat' dir='ltr'>in</span> <span class='ocrx_word' id='word_1_717' title='bbox 3511 4673 3823 4736; x_wconf 88' lang='lat' dir='ltr'>interitum</span> 
     </span>
    </p>
   </div>
   <div class='ocr_carea' id='block_1_106' title="bbox 2161 4763 3828 4838">
    <p class='ocr_par' dir='ltr' id='par_1_106' title="bbox 2161 4763 3828 4838">
     <span class='ocr_line' id='line_1_106' title="bbox 2161 4763 3828 4838; baseline 0.002 -18"><span class='ocrx_word' id='word_1_718' title='bbox 2161 4765 2265 4820; x_wconf 91' lang='lat' dir='ltr'>ire.</span> <span class='ocrx_word' id='word_1_719' title='bbox 2295 4767 2449 4820; x_wconf 89' lang='lat' dir='ltr'>llanc</span> <span class='ocrx_word' id='word_1_720' title='bbox 2473 4781 2608 4836; x_wconf 91' lang='lat' dir='ltr'>ergo</span> <span class='ocrx_word' id='word_1_721' title='bbox 2629 4763 2962 4836; x_wconf 90' lang='lat' dir='ltr'>opinionem</span> <span class='ocrx_word' id='word_1_722' title='bbox 2986 4781 3174 4838; x_wconf 90' lang='lat' dir='ltr'>nuper</span> <span class='ocrx_word' id='word_1_723' title='bbox 3196 4764 3251 4820; x_wconf 91' lang='lat' dir='ltr'>in</span> <span class='ocrx_word' id='word_1_724' title='bbox 3278 4765 3498 4838; x_wconf 78' lang='lat' dir='ltr'>synodo</span> <span class='ocrx_word' id='word_1_725' title='bbox 3520 4767 3676 4838; x_wconf 91' lang='lat' dir='ltr'>apud</span> <span class='ocrx_word' id='word_1_726' title='bbox 3707 4767 3828 4825; x_wconf 88' lang='lat' dir='ltr'>Mo-</span> 
     </span>
    </p>
   </div>
   <div class='ocr_carea' id='block_1_107' title="bbox 2159 4852 3823 4928">
    <p class='ocr_par' dir='ltr' id='par_1_107' title="bbox 2159 4852 3823 4928">
     <span class='ocr_line' id='line_1_107' title="bbox 2159 4852 3823 4928; baseline 0.004 -20"><span class='ocrx_word' id='word_1_727' title='bbox 2159 4853 2425 4928; x_wconf 85' lang='lat' dir='ltr'>guntiam</span> <span class='ocrx_word' id='word_1_728' title='bbox 2457 4852 2657 4908; x_wconf 88' lang='lat' dir='ltr'>habita</span> <span class='ocrx_word' id='word_1_729' title='bbox 2685 4853 2756 4908; x_wconf 91' lang='lat' dir='ltr'>ab</span> <span class='ocrx_word' id='word_1_730' title='bbox 2791 4869 2856 4908; x_wconf 90' lang='lat' dir='ltr'>eo</span> <span class='ocrx_word' id='word_1_731' title='bbox 2889 4853 3218 4923; x_wconf 90' lang='lat' dir='ltr'>audientes,</span> <span class='ocrx_word' id='word_1_732' title='bbox 3251 4857 3309 4910; x_wconf 90' lang='lat' dir='ltr'>et</span> <span class='ocrx_word' id='word_1_733' title='bbox 3355 4853 3823 4928; x_wconf 87' lang='lat' dir='ltr'>incorrigibilem</span> 
     </span>
    </p>
   </div>
   <div class='ocr_carea' id='block_1_108' title="bbox 2159 4940 3823 5016">
    <p class='ocr_par' dir='ltr' id='par_1_108' title="bbox 2159 4940 3823 5016">
     <span class='ocr_line' id='line_1_108' title="bbox 2159 4940 3823 5016; baseline 0.003 -17"><span class='ocrx_word' id='word_1_734' title='bbox 2159 4960 2293 4999; x_wconf 91' lang='lat' dir='ltr'>eum</span> <span class='ocrx_word' id='word_1_735' title='bbox 2327 4940 2696 5014; x_wconf 86' lang='lat' dir='ltr'>reperientes,</span> <span class='ocrx_word' id='word_1_736' title='bbox 2722 4946 3016 4998; x_wconf 91' lang='lat' dir='ltr'>annuente</span> <span class='ocrx_word' id='word_1_737' title='bbox 3058 4946 3233 5015; x_wconf 88' lang='lat' dir='ltr'>atque</span> <span class='ocrx_word' id='word_1_738' title='bbox 3271 4943 3518 5014; x_wconf 86' lang='lat' dir='ltr'>jubente</span> <span class='ocrx_word' id='word_1_739' title='bbox 3546 4943 3823 5016; x_wconf 89' lang='lat' dir='ltr'>piissimo</span> 
     </span>
    </p>
   </div>
   <div class='ocr_carea' id='block_1_109' title="bbox 2159 5030 3822 5106">
    <p class='ocr_par' dir='ltr' id='par_1_109' title="bbox 2159 5030 3822 5106">
     <span class='ocr_line' id='line_1_109' title="bbox 2159 5030 3822 5106; baseline 0.001 -18"><span class='ocrx_word' id='word_1_740' title='bbox 2159 5049 2292 5105; x_wconf 87' lang='lat' dir='ltr'>rege</span> <span class='ocrx_word' id='word_1_741' title='bbox 2322 5035 2520 5088; x_wconf 90' lang='lat' dir='ltr'>nostro</span> <span class='ocrx_word' id='word_1_742' title='bbox 2552 5030 2861 5098; x_wconf 92' lang='lat' dir='ltr'>Ludovico,</span> <span class='ocrx_word' id='word_1_743' title='bbox 2891 5031 3256 5088; x_wconf 89' lang='lat' dir='ltr'>decrevimus</span> <span class='ocrx_word' id='word_1_744' title='bbox 3285 5048 3418 5088; x_wconf 90' lang='lat' dir='ltr'>eum</span> <span class='ocrx_word' id='word_1_745' title='bbox 3452 5049 3587 5089; x_wconf 90' lang='lat' dir='ltr'>cum</span> <span class='ocrx_word' id='word_1_746' title='bbox 3617 5036 3822 5106; x_wconf 89' lang='lat' dir='ltr'>perni-</span> 
     </span>
    </p>
   </div>
   <div class='ocr_carea' id='block_1_110' title="bbox 2159 5119 3820 5194">
    <p class='ocr_par' dir='ltr' id='par_1_110' title="bbox 2159 5119 3820 5194">
     <span class='ocr_line' id='line_1_110' title="bbox 2159 5119 3820 5194; baseline 0.001 -16"><span class='ocrx_word' id='word_1_747' title='bbox 2159 5123 2317 5178; x_wconf 89' lang='lat' dir='ltr'>ciosa</span> <span class='ocrx_word' id='word_1_748' title='bbox 2348 5138 2456 5177; x_wconf 88' lang='lat' dir='ltr'>sua</span> <span class='ocrx_word' id='word_1_749' title='bbox 2486 5119 2750 5176; x_wconf 89' lang='lat' dir='ltr'>doctrina</span> <span class='ocrx_word' id='word_1_750' title='bbox 2774 5120 3119 5176; x_wconf 89' lang='lat' dir='ltr'>damnatum</span> <span class='ocrx_word' id='word_1_751' title='bbox 3153 5119 3382 5177; x_wconf 88' lang='lat' dir='ltr'>mittere</span> <span class='ocrx_word' id='word_1_752' title='bbox 3409 5122 3482 5177; x_wconf 90' lang='lat' dir='ltr'>ad</span> <span class='ocrx_word' id='word_1_753' title='bbox 3505 5139 3640 5191; x_wconf 90' lang='lat' dir='ltr'>vos;</span> <span class='ocrx_word' id='word_1_754' title='bbox 3669 5139 3820 5194; x_wconf 89' lang='lat' dir='ltr'>qua-</span> 
     </span>
    </p>
   </div>
   <div class='ocr_carea' id='block_1_111' title="bbox 2155 5208 3822 5284">
    <p class='ocr_par' dir='ltr' id='par_1_111' title="bbox 2155 5208 3822 5284">
     <span class='ocr_line' id='line_1_111' title="bbox 2155 5208 3822 5284; baseline 0.001 -17"><span class='ocrx_word' id='word_1_755' title='bbox 2155 5216 2328 5268; x_wconf 88' lang='lat' dir='ltr'>tenus</span> <span class='ocrx_word' id='word_1_756' title='bbox 2357 5227 2490 5266; x_wconf 89' lang='lat' dir='ltr'>cum</span> <span class='ocrx_word' id='word_1_757' title='bbox 2522 5208 2838 5266; x_wconf 89' lang='lat' dir='ltr'>recludatis</span> <span class='ocrx_word' id='word_1_758' title='bbox 2883 5210 2941 5265; x_wconf 93' lang='lat' dir='ltr'>in</span> <span class='ocrx_word' id='word_1_759' title='bbox 2971 5215 3162 5267; x_wconf 87' lang='lat' dir='ltr'>vestra</span> <span class='ocrx_word' id='word_1_760' title='bbox 3200 5210 3482 5284; x_wconf 89' lang='lat' dir='ltr'>parochia</span> <span class='ocrx_word' id='word_1_761' title='bbox 3509 5212 3666 5267; x_wconf 91' lang='lat' dir='ltr'>unde</span> <span class='ocrx_word' id='word_1_762' title='bbox 3695 5214 3822 5284; x_wconf 86' lang='lat' dir='ltr'>pri-</span> 
     </span>
    </p>
   </div>
   <div class='ocr_carea' id='block_1_112' title="bbox 2155 5299 3822 5373">
    <p class='ocr_par' dir='ltr' id='par_1_112' title="bbox 2155 5299 3822 5373">
     <span class='ocr_line' id='line_1_112' title="bbox 2155 5299 3822 5373; baseline 0.001 -15"><span class='ocrx_word' id='word_1_763' title='bbox 2155 5319 2317 5358; x_wconf 90' lang='lat' dir='ltr'>mum</span> <span class='ocrx_word' id='word_1_764' title='bbox 2338 5299 2666 5356; x_wconf 90' lang='lat' dir='ltr'>inordinate</span> <span class='ocrx_word' id='word_1_765' title='bbox 2685 5299 2943 5367; x_wconf 88' lang='lat' dir='ltr'>recessit,</span> <span class='ocrx_word' id='word_1_766' title='bbox 2963 5303 3153 5355; x_wconf 89' lang='lat' dir='ltr'>etnon</span> <span class='ocrx_word' id='word_1_767' title='bbox 3177 5299 3384 5358; x_wconf 89' lang='lat' dir='ltr'>sinatis</span> <span class='ocrx_word' id='word_1_768' title='bbox 3403 5317 3536 5356; x_wconf 90' lang='lat' dir='ltr'>eum</span> <span class='ocrx_word' id='word_1_769' title='bbox 3556 5299 3822 5373; x_wconf 90' lang='lat' dir='ltr'>amplius</span> 
     </span>
    </p>
   </div>
   <div class='ocr_carea' id='block_1_113' title="bbox 2159 5387 3819 5462">
    <p class='ocr_par' dir='ltr' id='par_1_113' title="bbox 2159 5387 3819 5462">
     <span class='ocr_line' id='line_1_113' title="bbox 2159 5387 3819 5462; baseline 0.001 -15"><span class='ocrx_word' id='word_1_770' title='bbox 2159 5406 2412 5448; x_wconf 86' lang='lat' dir='ltr'>errorem</span> <span class='ocrx_word' id='word_1_771' title='bbox 2439 5389 2665 5457; x_wconf 89' lang='lat' dir='ltr'>docere,</span> <span class='ocrx_word' id='word_1_772' title='bbox 2697 5392 2752 5444; x_wconf 88' lang='lat' dir='ltr'>et</span> <span class='ocrx_word' id='word_1_773' title='bbox 2782 5387 3057 5443; x_wconf 88' lang='lat' dir='ltr'>seducere</span> <span class='ocrx_word' id='word_1_774' title='bbox 3079 5389 3361 5462; x_wconf 89' lang='lat' dir='ltr'>populum</span> <span class='ocrx_word' id='word_1_775' title='bbox 3387 5389 3819 5460; x_wconf 88' lang='lat' dir='ltr'>Christianum,</span> 
     </span>
    </p>
   </div>
   <div class='ocr_carea' id='block_1_114' title="bbox 2156 5477 3818 5554">
    <p class='ocr_par' dir='ltr' id='par_1_114' title="bbox 2156 5477 3818 5554">
     <span class='ocr_line' id='line_1_114' title="bbox 2156 5477 3818 5554; baseline 0.001 -18"><span class='ocrx_word' id='word_1_776' title='bbox 2156 5480 2432 5554; x_wconf 88' lang='lat' dir='ltr'>quiajam</span> <span class='ocrx_word' id='word_1_777' title='bbox 2457 5477 2672 5532; x_wconf 86' lang='lat' dir='ltr'>multos</span> <span class='ocrx_word' id='word_1_778' title='bbox 2691 5477 2980 5546; x_wconf 82' lang='lat' dir='ltr'>seductos,</span> <span class='ocrx_word' id='word_1_779' title='bbox 2999 5483 3064 5533; x_wconf 92' lang='lat' dir='ltr'>ut</span> <span class='ocrx_word' id='word_1_780' title='bbox 3086 5479 3298 5547; x_wconf 89' lang='lat' dir='ltr'>audivi,</span> <span class='ocrx_word' id='word_1_781' title='bbox 3321 5479 3520 5546; x_wconf 86' lang='lat' dir='ltr'>habet,</span> <span class='ocrx_word' id='word_1_782' title='bbox 3535 5483 3592 5534; x_wconf 91' lang='lat' dir='ltr'>et</span> <span class='ocrx_word' id='word_1_783' title='bbox 3609 5479 3818 5540; x_wconf 87' lang='lat' dir='ltr'>minus</span> 
     </span>
    </p>
   </div>
   <div class='ocr_carea' id='block_1_115' title="bbox 2155 5565 3816 5639">
    <p class='ocr_par' dir='ltr' id='par_1_115' title="bbox 2155 5565 3816 5639">
     <span class='ocr_line' id='line_1_115' title="bbox 2155 5565 3816 5639; baseline -0.002 -12"><span class='ocrx_word' id='word_1_784' title='bbox 2155 5573 2393 5628; x_wconf 87' lang='lat' dir='ltr'>devotos</span> <span class='ocrx_word' id='word_1_785' title='bbox 2424 5583 2561 5638; x_wconf 86' lang='lat' dir='ltr'>erga</span> <span class='ocrx_word' id='word_1_786' title='bbox 2593 5583 2760 5621; x_wconf 89' lang='lat' dir='ltr'>suam</span> <span class='ocrx_word' id='word_1_787' title='bbox 2794 5565 3066 5634; x_wconf 87' lang='lat' dir='ltr'>salutem,</span> <span class='ocrx_word' id='word_1_788' title='bbox 3089 5567 3189 5639; x_wconf 92' lang='lat' dir='ltr'>qui</span> <span class='ocrx_word' id='word_1_789' title='bbox 3230 5567 3452 5623; x_wconf 90' lang='lat' dir='ltr'>dicunt.</span> <span class='ocrx_word' id='word_1_790' title='bbox 3479 5568 3625 5635; x_wconf 90' lang='lat' dir='ltr'>Quid</span> <span class='ocrx_word' id='word_1_791' title='bbox 3660 5569 3816 5628; x_wconf 90' lang='lat' dir='ltr'>mihi</span> 
     </span>
    </p>
   </div>
   <div class='ocr_carea' id='block_1_116' title="bbox 2157 5653 3816 5736">
    <p class='ocr_par' dir='ltr' id='par_1_116' title="bbox 2157 5653 3816 5736">
     <span class='ocr_line' id='line_1_116' title="bbox 2157 5653 3816 5736; baseline -0.001 -20"><span class='ocrx_word' id='word_1_792' title='bbox 2157 5657 2412 5736; x_wconf 81' lang='lat' dir='ltr'>proderit</span> <span class='ocrx_word' id='word_1_793' title='bbox 2442 5655 2702 5712; x_wconf 84' lang='lat' dir='ltr'>laborare</span> <span class='ocrx_word' id='word_1_794' title='bbox 2736 5653 2792 5709; x_wconf 93' lang='lat' dir='ltr'>in</span> <span class='ocrx_word' id='word_1_795' title='bbox 2827 5655 3058 5712; x_wconf 87' lang='lat' dir='ltr'>servitio</span> <span class='ocrx_word' id='word_1_796' title='bbox 3081 5655 3222 5713; x_wconf 87' lang='lat' dir='ltr'>Dei?</span> <span class='ocrx_word' id='word_1_797' title='bbox 3253 5656 3389 5728; x_wconf 87' lang='lat' dir='ltr'>quia</span> <span class='ocrx_word' id='word_1_798' title='bbox 3420 5657 3468 5712; x_wconf 90' lang='lat' dir='ltr'>si</span> <span class='ocrx_word' id='word_1_799' title='bbox 3502 5657 3816 5730; x_wconf 67' lang='lat' dir='ltr'>praedesti-</span> 
     </span>
    </p>
   </div>
  </div>
