4002 6458
445 435 526 498 87

1381 429 1769 491 HINCMARI
1815 423 2262 489 RHEMENSIS
2306 425 2918 488 ARCHIEPISCOPI.

449 565 766 626 catholicos
790 562 1118 638 computari
1148 563 1431 621 doctores.
1457 564 1708 620 Sanctus
1728 560 2092 635 Augustinus
2119 557 2177 628 Α
2205 559 2395 631 quarti
2428 563 2563 632 post
2593 559 2830 616 beatum
2863 556 3181 628 Gelasium,
3207 561 3267 614 et
3295 557 3470 614 ﬁdem
3518 554 3864 614 consulatus

450 657 718 732 quaedam
749 655 919 713 aliter
963 658 1235 710 sanctum
1283 652 1567 708 Hilarium
1621 651 1876 708 sensisse
1917 666 2092 722 quam

448 747 606 804 idem
639 744 841 803 sentiri
867 743 1026 812 velit,
1061 743 1118 804 in
1149 741 1297 798 libro
1329 746 1490 798 sexto
1520 742 1590 797 de
1615 741 1900 796 Trinitate
1937 738 2094 810 capi-

447 835 573 892 tulo
603 834 830 892 decimo
860 834 1169 898 monstrat,
1187 835 1246 886 et
1266 834 1504 886 sanctus
1525 831 1638 886 Leo
1678 829 1751 884 ad
1782 827 2095 884 Chalcedo-

452 939 634 984 nense
662 921 969 980 concilium
1002 919 1491 986 confirmandum,
1523 918 1788 990 ejusdem
1819 917 1974 972 beati
2006 915 2106 983 Hi:

453 1012 585 1070 larii
614 1009 953 1068 testimonia
979 1008 1132 1064 inter
1149 1007 1568 1063 catholicorum
1587 1007 1892 1061 doctorum
1913 1021 2100 1060 exem-
2123 1011 2134 1023 ’

455 1101 556 1177 pla
597 1100 774 1158 etiam
821 1097 1013 1172 prima
1057 1100 1460 1163 connumerat,
1493 1100 1550 1151 ct
1592 1096 1798 1151 beatus
1831 1093 2100 1150 Gelasius

455 1205 612 1258 eum,
627 1188 782 1246 sicut
803 1191 862 1243 et
891 1190 1163 1243 sanctum
1181 1184 1597 1259 Augustinum,
1612 1200 1679 1240 ac
1700 1184 2102 1255 Properum,et

457 1278 1021 1352 Cyprianum,atque
1053 1275 1322 1341 Leonem,
1346 1273 1464 1328 sive
1494 1272 1907 1344 Hieronymum
1935 1287 2097 1326 rece-

459 1365 798 1442 ptissimum
815 1365 874 1419 in
898 1362 1160 1436 catalogo
1185 1361 1534 1434 scriptorum
1569 1359 2100 1417 ecclesiasticarum

459 1460 636 1528 atque
653 1452 974 1510 illustrium
1005 1453 1326 1522 computat.
1359 1449 1471 1504 Sed
1501 1453 1559 1503 et
1587 1449 1659 1504 de
1687 1465 1752 1503 eo
1793 1451 1859 1502 ut
1897 1450 2100 1502 notum

459 1547 550 1601 est
576 1560 612 1600 a
639 1540 948 1600 notissimo
977 1538 1212 1608 dicitur,
1247 1536 1501 1594 Hilarius
1532 1535 1842 1609 episcopus
1889 1535 2100 1591 Roma-

459 1648 670 1690 norum
698 1629 924 1696 lucifer,
940 1626 1332 1685 Ecclesiarum
1347 1625 1587 1682 lucerna
1605 1627 1662 1679 et
1680 1623 1938 1696 pretiosa
1954 1622 2102 1678 lam-

460 1737 588 1795 pas,
603 1719 848 1793 pulchro
868 1732 1160 1788 aureaque
1185 1731 1284 1770 ore
1314 1714 1575 1787 loquitur
1599 1713 1926 1769 universa.»
1947 1714 2104 1778 Quaa-

460 1811 596 1866 dam
621 1807 792 1864 aliter
818 1809 1058 1863 sanctus
1076 1805 1443 1877 Augustinus
1473 1802 1657 1860 sensit
1686 1819 1864 1874 quam
1895 1802 2104 1857 beatus

2205 648 2542 721 Symmachi
2577 651 2632 704 et
2664 647 2864 716 Boetii,
2881 665 2999 720 qua
3027 651 3374 720 tempestate
3394 645 3700 702 Wandalis
3725 662 3864 719 prse-

2204 735 2312 792 fuit
2345 736 2674 793 Hildericus
2697 753 3002 793 successor
3030 735 3438 803 Trasemundi,
3471 734 3573 808 qui
3601 739 3742 808 post
3767 750 3862 790 ne-

2206 841 2330 881 cem
2352 829 2688 881 sanctorum
2705 830 2762 881 et
2785 825 3125 880 innumeras
3137 823 3335 880 clades
3354 823 3661 897 indignam
3679 824 3860 880 vitam

2206 913 2383 986 digna
2403 918 2589 969 morte
2620 913 2828 980 ﬁnivit,
2858 914 3047 970 isdem
3087 913 3294 968 beatus
3333 913 3582 985 Prosper
3617 911 3861 969 Chroni-

2207 1017 2336 1059 cam
2369 1002 2520 1058 mira
2544 1002 2786 1058 veritate
2819 1001 3148 1074 composuit
3180 1019 3194 1057 :
3228 1002 3286 1057 in
3329 1018 3446 1075 qua
3492 1002 3860 1058 diversarum

2207 1091 2514 1163 regionum
2542 1091 2700 1147 viros
2731 1090 3042 1148 sanctitate
3063 1094 3121 1145 et
3141 1090 3429 1163 sapientia
3447 1090 3784 1163 praeclaros,
3809 1096 3866 1146 et

2208 1179 2384 1235 etiam
2411 1183 2639 1236 exortes
2667 1179 2988 1248 haereticos,
3009 1196 3144 1234 cum
3174 1179 3334 1236 fama
3359 1179 3572 1252 cuique
3600 1195 3865 1252 congrua

2208 1268 2553 1342 designavit,
2587 1273 2645 1325 et
2700 1286 2816 1324 non
2863 1268 3134 1324 eumdem
3177 1268 3567 1325 venerabilem
3609 1268 3864 1344 Fulgen-

2206 1355 2356 1412 tium
2387 1357 2729 1414 nominavit.
2759 1357 3120 1414 Venerabilis
3149 1357 3440 1431 siquidem
3491 1359 3648 1415 Beda
3691 1375 3863 1431 pres-

2209 1445 2375 1516 byter
2400 1445 2460 1500 in
2483 1446 2767 1502 Chronica
2813 1463 2944 1515 sua,
2974 1463 3109 1502 cum
3159 1446 3360 1518 plures
3405 1447 3552 1504 alios
3597 1447 3864 1506 illustres

2207 1534 2363 1590 viros
2387 1535 2780 1608 descripserit,
2804 1553 2954 1609 saepe
2983 1537 3168 1592 fatum
3213 1535 3586 1609 Fulgentium
3639 1553 3864 1611 nequa-

2211 1640 2389 1696 quam
2420 1625 2914 1681 commemoravit.
2937 1625 3153 1681 Verum
3180 1640 3286 1681 nec
3315 1642 3350 1681 a
3377 1625 3587 1698 quinta
3615 1627 3863 1699 synodo,

2211 1728 2339 1785 quae
2370 1713 2734 1786 temporibus
2763 1712 2961 1787 Vigilii
2991 1712 3288 1769 undecimi
3319 1729 3482 1786 papa:
3514 1719 3652 1787 post
3695 1711 3870 1771 Gela-

2212 1801 2388 1871 sium,
2413 1803 2524 1858 sub
2546 1803 2881 1858 Justiniano
2913 1801 3417 1876 Constantinopoli
3449 1807 3655 1860 contra
3683 1803 3873 1860 Theo-

461 1898 882 1970 Hieronymus:
905 1898 966 1951 et
994 1893 1133 1949 item
1156 1896 1395 1973 sanctus
1428 1892 1814 1992 Hieronymus
1835 1891 2099 1992 quaedam
2135 1925 2186 1992 Β
2215 1890 2424 1992 dorum
2455 1895 2513 1947 et
2532 1891 2685 1992 alios
2715 1891 3017 1992 haereticos
3046 1896 3142 1992 est.
3176 1896 3509 1992 aggregata,
3543 1890 3620 1992 ad
3660 1894 3872 1949 conﬁr-

461 1987 630 2044 aliter
651 1983 838 2040 sensit
856 1998 1034 2054 quam
1052 1982 1260 2038 beatus
1279 1981 1665 2053 Augustinus,
1685 1984 1744 2035 et
1759 1979 1932 2035 ambo
1953 1979 2010 2034 in
2021 1983 2106 2034 ter

465 2073 784 2132 catholicos
834 2073 1100 2128 doctores
1148 2073 1540 2142 perseverant.
1576 2069 1851 2135 Quaedam
1912 2073 2108 2124 autem

463 2163 864 2237 aliter_beatus
889 2159 1220 2232 Gregorius,
1253 2159 1326 2213 de
1372 2175 1434 2213 se
1480 2158 1930 2229 praecedentium
1975 2158 2110 2213 doc-

463 2252 630 2310 trina
659 2249 903 2307 ﬂoribus
933 2265 1111 2321 quam
1133 2247 1385 2303 maxime
1408 2247 1574 2302 favus
1599 2247 1853 2319 repletus
1889 2252 1948 2302 et
1976 2247 2110 2302 dul-

465 2341 668 2403 cedine
695 2339 1072 2414 propensiore
1102 2339 1378 2410 profusus
1428 2336 1632 2406 sensit,
1647 2355 1824 2410 quam
1869 2342 2112 2394 sanctus

465 2432 950 2504 Hieronymus,et
978 2428 1245 2500 quaedam
1276 2427 1445 2483 aliter
1464 2427 1730 2498 exposuit
1767 2444 1946 2500 quam
1975 2443 2110 2482 san-

464 2525 600 2580 ctus
614 2517 982 2592 Augustinus
1002 2516 1334 2589 exposuerit
1352 2515 1438 2572 vel
1460 2516 1790 2583 correxerit,
1815 2520 1873 2571 et
1906 2516 2110 2571 ambos

462 2614 530 2667 ut
563 2607 916 2665 orthodoxos
943 2605 1317 2678 amplectitur
1344 2609 1401 2660 et
1430 2609 1497 2660 ut
1542 2605 1808 2660 doctores
1854 2603 2112 2660 Ecclesia

459 2700 769 2756 veneratur
793 2711 807 2750 :
833 2694 1111 2768 quoniam
1145 2699 1211 2750 ut
1239 2695 1445 2750 beatus
1474 2695 1840 2766 Augustinus
1869 2693 1928 2748 in
1961 2693 2110 2748 libro

463 2789 535 2846 de
563 2785 862 2860 Baptismo
894 2783 1036 2840 dicit
1065 2783 1185 2853 (lib.
1221 2783 1290 2850 II,
1323 2800 1371 2838 c.
1402 2784 1457 2854 5)
1493 2799 1507 2838 :
1543 2805 1571 2832 «
1606 2783 1736 2838 Ideo
1767 2782 2112 2856 plerumque

463 2875 823 2935 doctioribus
852 2873 1052 2930 minus
1081 2871 1300 2944 aliquid
1329 2871 1635 2940 revelatur,
1666 2875 1734 2928 ut
1763 2888 1966 2928 eorum
2009 2889 2110 2944 pa-

463 2967 616 3025 tiens
673 2967 731 3021 et
783 2961 1029 3020 humilis
1082 2961 1358 3030 charitas,
1392 2961 1452 3016 in
1502 2978 1621 3034 qua
1661 2962 1888 3017 fructus
1926 2962 2114 3032 major

463 3059 574 3124 est,
606 3053 1038 3126 comprobetur,
1070 3050 1159 3106 vel
1209 3051 1501 3122 quomodo
1547 3054 1785 3106 teneant
1826 3051 2111 3105 unitatem

464 3160 602 3201 cum
625 3141 687 3198 in
733 3143 909 3198 rebus
956 3139 1392 3196 obscurioribus
1435 3140 1663 3196 diversa
1712 3139 1990 3207 sentiunt,
2023 3137 2110 3194 vel

467 3231 760 3306 quomodo
791 3229 1082 3302 accipiant
1108 3228 1410 3285 veritatem
1441 3246 1576 3284 cum
1609 3231 1812 3284 contra
1859 3228 1916 3284 id
1957 3228 2110 3300 quod

467 3296 800 3380 sentiebant
829 3296 1188 3375 declaratum
1219 3333 1346 3374 esse
1377 3321 1755 3392 cognoscunt.
1793 3341 1820 3367 »
1846 3296 2110 3374 Scientes
2139 3296 2184 3364 (ἶ

466 3409 830 3482 Scripturam
866 3407 1122 3464 divinam
1161 3423 1289 3464 esse
1338 3407 1654 3479 pretiosam
1707 3407 2108 3480 margaritam,

465 3515 595 3573 quas
625 3514 694 3555 ex
722 3495 881 3553 omni
927 3499 1090 3568 parte
1138 3495 1311 3552 forari
1363 3500 1573 3568 potest,
1605 3500 1662 3552 et
1709 3496 1838 3552 ideo
1886 3495 2112 3552 diverso

466 3587 638 3662 style,
672 3587 774 3643 sed
807 3603 924 3642 non
949 3584 1176 3642 diversa
1221 3585 1355 3653 ﬁde,
1389 3590 1689 3658 exponunt
1717 3585 1886 3657 plura
1915 3584 2112 3657 plura-

463 3677 618 3748 liter,
641 3679 707 3732 ut
735 3675 1006 3748 pluribus
1037 3691 1152 3730 non
1183 3674 1355 3730 modo
1383 3673 1712 3742 salubriter,
1730 3691 1930 3730 verum
1953 3679 2012 3729 et
2031 3674 2116 3728 in-

465 3767 771 3823 notescant
800 3761 1358 3820 delcctabiliter.Est
1387 3762 1560 3818 etiam
1596 3763 1733 3835 quia
1761 3763 1820 3818 in
1851 3763 2112 3836 catalogo

465 3853 794 3929 apostolicae
825 3851 1004 3920 sedis,
1027 3851 1128 3906 ubi
1155 3868 1190 3906 a
1219 3851 1386 3906 beato
1430 3851 1656 3908 Gelasio
1707 3852 1970 3908 doctores
2019 3870 2135 3926 ca-_

461 3944 664 4002 tholici
697 3941 972 4015 descripti
1003 3945 1060 3998 et
1089 3940 1378 4014 designati
1411 3945 1567 4009 sunt,
1601 3943 1872 3998 eumdem
1921 3943 2114 3998 virum

463 4029 854 4090 venerabilem
868 4028 1237 4101 Fulgentium
1259 4029 1618 4101 probabilem
1640 4047 1752 4086 non
1767 4033 2112 4104 reperimus.

467 4121 582 4178 Sed
611 4135 718 4175 nec
747 4119 1026 4191 quoniam
1065 4118 1126 4174 in
1175 4119 1672 4190 reprobandorum
1725 4121 2114 4192 descriptione

467 4207 838 4281 designatum
855 4207 1206 4276 invenimus,
1222 4206 1667 4279 improbabilem
1691 4225 1793 4280 per
1813 4209 2010 4264 omnia
2022 4211 2115 4281 ju-

466 4299 755 4354 dicamus.
769 4296 1099 4368 Imperante
1119 4295 1411 4368 siquidem
1432 4297 1758 4362 Anastasio,
1772 4299 1942 4370 cujus
1966 4302 2113 4354 tem-

465 4401 604 4460 pore
632 4386 842 4443 beatus
872 4384 1140 4442 Gelasius
1169 4386 1382 4441 seriem
1431 4385 1884 4442 orthodoxorum
1939 4391 2114 4459 atque

463 4473 782 4532 illustrium
815 4473 1070 4530 virorum
1101 4473 1301 4540 edidit,
1333 4474 1486 4528 sicut
1515 4474 1701 4546 ipsius
1731 4475 1994 4548 epistolis
2039 4477 2112 4532 ad

463 4564 737 4621 eumdem
782 4561 1020 4618 directis
1070 4563 1495 4629 manifestatur,
1529 4563 1894 4636 principatus
1923 4569 2015 4619 est
2054 4565 2112 4620 in

2218 1981 2494 2036 mandam
2527 1981 2699 2038 ﬁdem
2733 1980 3078 2037 catholicam
3127 1981 3281 2036 inter
3325 1981 3471 2038 alios
3513 1981 3870 2040 orthodoxae

2221 2069 2485 2125 doctores
2531 2069 2828 2125 invenitur
2873 2069 3226 2142 descriptus.
3258 2069 3408 2135 Quin
3467 2086 3575 2126 nec
3621 2087 3658 2126 a
3703 2075 3873 2128 sexta

2219 2159 2439 2231 synodo
2461 2159 2796 2227 universali,
2823 2158 3330 2231 Constantinopoli
3379 2158 3673 2216 celebrata
3719 2164 3873 2216 temo

2219 2249 2460 2318 poribus
2489 2248 2811 2321 Agathonis
2831 2247 3114 2304 tricesimi
3139 2247 3311 2320 primi
3335 2264 3496 2320 papa:
3520 2265 3555 2304 a
3573 2249 3748 2306 beato
3775 2251 3877 2306 Ge-

2218 2333 2386 2405 lasio,
2410 2338 2521 2393 sub
2553 2337 2936 2393 Constantino
2958 2337 3242 2410 principe,
3269 2337 3421 2393 inter
3441 2337 3874 2395 catholicorum

2219 2425 2523 2482 doctorum
2555 2425 2894 2482 testimonia
2922 2441 3165 2482 suorum
3195 2424 3478 2481 librorum
3511 2426 3734 2484 mentio
3765 2427 3878 2484 ha-

2217 2514 2342 2570 bita
2387 2516 2716 2588 reperitur:
2749 2515 3072 2589 praesertim
3120 2531 3256 2572 cum
3305 2514 3524 2588 plures,
3572 2517 3676 2588 qui
3736 2521 3877 2590 post

2219 2605 2490 2660 eumdem
2515 2605 2883 2678 Fulgentium
2905 2605 2966 2660 in
2986 2603 3244 2661 Ecclesia
3263 2603 3620 2674 claruerunt,
3642 2607 3716 2662 ad
3739 2623 3878 2664 con-

2219 2694 2570 2750 ﬁrmandam
2601 2695 2776 2751 ﬁdem
2807 2693 3150 2750 catholicam
3183 2692 3244 2748 in
3263 2693 3674 2751 testimonium
3697 2695 3875 2753 devo-

2221 2783 2333 2839 cati
2355 2785 2740 2857 reperiantur.
2775 2785 2937 2840 Unde
2967 2783 3019 2839 si
3064 2782 3235 2838 aliter
3263 2785 3334 2839 de
3361 2783 3878 2856 praedestinatione

2220 2871 2322 2928 Dei
2344 2873 2692 2946 dixit,quam
2714 2877 2954 2928 sanctus
2965 2872 3329 2945 Augustinus
3345 2871 3405 2927 in
3427 2873 3684 2944 praefatis
3704 2873 3878 2931 libris

2219 2961 2292 3017 ad
2325 2961 2434 3018 sibi
2468 2963 2697 3035 objecta
2725 2961 3026 3034 rescriptis
3075 2962 3339 3031 correxit,
3373 2965 3431 3018 et
3479 2961 3652 3018 aliter
3694 2964 3876 3020 etiam

2222 3067 2400 3122 quam
2431 3052 2637 3108 beatus
2667 3053 2906 3124 Propter
2926 3067 2994 3106 ex
3023 3049 3384 3124 delegatione
3415 3051 3571 3107 sedis
3601 3052 3880 3124 apostoli-

2221 3156 2298 3195 cae
2321 3141 2496 3212 jussu
2529 3139 2718 3196 sancti
2749 3138 3041 3198 leestini
3073 3139 3367 3208 difﬁnivit,
3388 3139 3672 3211 aliterque
3692 3157 3874 3214 quam

2222 3229 2350 3302 ipsa
2379 3234 2582 3286 sancta
2603 3229 2770 3285 sedes
2799 3227 3120 3302 apostolica
3149 3228 3303 3284 dicta
3333 3229 3592 3302 suscepit
3643 3247 3711 3286 ac
3759 3231 3876 3287 dici

2220 3319 2422 3391 voluit,
2454 3319 2579 3390 ipse
2607 3317 2834 3374 viderit.
2886 3317 2997 3374 Sed
3048 3322 3105 3374 et
3151 3333 3257 3373 nos
3287 3317 3429 3390 quid
3471 3317 3609 3374 inde
3637 3319 3875 3393 dixerit,

2219 3408 2359 3481 quia
2389 3408 2620 3464 cunctis
2655 3406 2988 3480 legentibus
3030 3409 3120 3463 est
3167 3406 3567 3474 manifestum,
3599 3407 3877 3480 ignorare

2221 3517 2335 3556 non
2369 3515 2706 3572 possumus.

2856 3604 3090 3660 CAPUT
3135 3603 3232 3660 VI.

2220 3695 2294 3750 De
2320 3694 2610 3766 apostolica
2634 3693 2758 3748 sede
2783 3692 3074 3765 sequenda,
3105 3691 3554 3766 cujzgadoctrinae
3602 3695 3779 3752 inniti
3822 3703 3880 3753 et

2609 3764 2983 3820 auctoritatem
3007 3767 3164 3837 sequi
3191 3764 3464 3820 debemus.

2292 3853 2606 3927 Sequimur
2635 3858 2831 3909 autem
2861 3870 2989 3925 quae
3021 3853 3310 3910 catholica
3331 3858 3392 3910 et
3410 3854 3734 3927 apostolica
3762 3872 3876 3914 nos

2221 3945 2389 4000 docet
2416 3947 2621 3999 sancta
2651 3943 2915 3998 Romana
2943 3941 3218 4012 Ecclesia,
3233 3960 3360 4016 quae
3390 3959 3498 4000 nos
3527 3943 3586 3998 in
3619 3943 3736 4001 ﬁde
3767 3961 3876 4018 ge-

2223 4032 2370 4103 nuit,
2393 4031 2677 4088 catholico
2705 4031 2855 4087 lacte
2886 4031 3049 4100 aluit,
3082 4032 3365 4088 uberibus
3396 4031 3540 4090 coelo
3569 4031 3763 4104 plenis
3796 4035 3872 4090 ad

2222 4121 2474 4178 solidum
2496 4121 2693 4177 cibum
2717 4121 3296 4193 nutrivit,disciplina
3313 4121 3636 4178 orthodoxa
3650 4123 3725 4179 ad
3749 4139 3879 4196 per-

2220 4211 2435 4267 lectum
2457 4211 2645 4266 virum
2669 4210 2954 4282 perduxit,
2969 4214 3027 4265 et
3055 4211 3127 4266 ad
3157 4209 3302 4266 alios
3323 4210 3738 4268 instruendum
3765 4229 3878 4269 sua

2223 4299 2562 4373 probatione
2592 4299 2870 4366 instituit,
2903 4302 3078 4371 atque
3126 4299 3186 4354 in
3234 4298 3540 4356 doctrinali
3589 4301 3875 4359 cathedra

2223 4391 2446 4446 fautore
2461 4393 2517 4444 et
2533 4390 2845 4460 adjuvante
2870 4387 3116 4444 Domino
3137 4387 3510 4444 sublimanda
3532 4389 3872 4449 constituit:

2220 4479 2372 4535 sicut
2402 4483 2641 4534 sanctus
2665 4476 3038 4532 Innocentius
3060 4477 3132 4532 ad
3154 4477 3494 4534 Decentium
3527 4477 3874 4553 episcopum

2221 4568 2596 4640 Eugubinum
2622 4565 2826 4621 scribit
2845 4566 3234 4638 dicens(epist.
3253 4567 3410 4636 29,in
3434 4565 3875 4640 princ.):«Quis

461 4651 1090 4709 AfricaWaudalorum
1113 4669 1211 4706 rex
1229 4653 1852 4718 Trascmundus,sicut
1872 4653 1929 4708 in
1943 4655 2116 4710 Chro-
2143 4666 2191 4730 D
2220 4657 2376 4714 enim
2409 4657 2651 4724 neseiat,
2688 4659 2789 4710 aut
2817 4671 2932 4710 non
2964 4656 3228 4711 advertat
3255 4655 3314 4710 id
3347 4656 3501 4728 quod
3534 4673 3570 4711 a
3603 4656 3874 4730 principe

464 4740 614 4798 nicis
644 4739 798 4808 aliis,
831 4743 888 4795 et
917 4739 1093 4795 etiam
1127 4739 1184 4794 in
1217 4739 1502 4796 Chronica
1547 4741 1895 4798 venerabilis
1945 4745 2110 4799 Beda)

463 4827 786 4904 presbyteri
812 4828 1156 4901 reperimus.
1188 4829 1368 4901 Cujus
1398 4835 1658 4902 tempore
1687 4831 2027 4904 Fulgentius
2049 4833 2108 4888 in

462 4920 656 4977 Africa
677 4917 922 4975 claruit:
948 4917 1206 4990 quinque
1234 4923 1434 4974 contra
1455 4921 1738 4992 quasdam
1770 4921 2111 4993 propositio-

465 5027 570 5068 nes
599 5008 862 5081 ejusdem
889 5007 1274 5063 Trasemundi
1308 5008 1626 5081 rescripsit,
1642 5014 1700 5064 et
1731 5014 1933 5064 contra
1981 5012 2109 5082 ejus

463 5098 768 5170 perfidiam
799 5101 918 5153 tres
948 5095 1129 5151 libros
1159 5099 1488 5170 composuit
1517 5115 1530 5152 :
1564 5097 1820 5170 primum
1844 5099 2110 5156 videlicet

465 5186 536 5242 de
565 5187 842 5260 mysterio
873 5184 1230 5253 Mediatoris,
1267 5187 1589 5242 secundum
1621 5188 1691 5243 de
1723 5189 1822 5244 24
1853 5188 2107 5244 immen-

463 5272 634 5330 sitate
661 5275 982 5332 divinitatis
1015 5274 1144 5330 Filii
1175 5273 1297 5343 Dei,
1330 5275 1568 5332 tertium
1619 5277 1689 5331 de
1738 5283 2103 5334 sacramento

462 5361 776 5418 Dominicae
807 5364 1118 5436 passionis.
1148 5364 1272 5420 Non
1305 5368 1500 5421 tamen
1534 5365 1700 5420 illum
1733 5370 1973 5422 sanctus
1996 5369 2103 5424 Ge-

458 5449 644 5506 lasius
693 5450 847 5506 inter
893 5453 1207 5525 scriptores
1265 5451 1692 5509 ecclesiasticos
1750 5457 2101 5524 numeravit,

460 5539 614 5594 sicut
642 5539 878 5594 beatum
902 5540 1385 5614 Prospcrum,qui
1416 5543 1778 5614 temporibus
1817 5544 1966 5599 beati
1998 5547 2105 5602 Ge-

460 5627 592 5686 lasii
641 5645 802 5701 papas
852 5630 1188 5700 supervixit.
1223 5632 1334 5688 Sed
1383 5636 1442 5688 et
1488 5633 1558 5688 ab
1603 5633 1784 5686 Adam
1817 5651 2002 5706 usque
2033 5635 2104 5690 ad

461 5716 682 5774 Justini
709 5717 956 5791 Augusti
988 5721 1252 5792 tempora
1287 5724 1343 5777 et
1389 5721 1615 5778 obitum
1647 5721 1890 5778 Joannis
1922 5740 2104 5796 papae,

2219 4745 2615 4819 apostolorum
2649 4745 2812 4800 Petro
2849 4744 2948 4801 25
2982 4744 3255 4800 Romanis
3285 4744 3554 4801 Ecclesia;
3582 4746 3873 4804 traditum

2217 4841 2326 4903 est,
2359 4851 2425 4890 ac
2456 4850 2614 4890 nunc
2642 4850 2829 4906 usque
2858 4833 3208 4906 custoditur,
3241 4834 3313 4890 ab
3344 4833 3620 4890 omnibus
3658 4835 3874 4894 debere

2217 4924 2453 4991 servari,
2487 4940 2593 4978 nee
2624 4922 2934 4995 superduci
2965 4925 3066 4978 aut
3095 4921 3388 4979 introduci
3431 4921 3674 4994 aliquid,
3710 4926 3872 4996 quod

2219 5017 2321 5069 aut
2350 5013 2756 5068 auctoritatem
2787 5029 2902 5067 non
2933 5011 3173 5078 habent,
3207 5016 3310 5068 aut
3339 5012 3574 5068 aliunde
3604 5013 3875 5086 accipere

2217 5103 2484 5157 videatur
2511 5099 2843 5173 exemplum
2875 5118 2888 5157 :
2923 5101 3248 5173 praesertim
3291 5117 3427 5157 cum
3459 5101 3536 5157 sit
3584 5102 3876 5160 manifes-

2217 5197 2366 5260 tum,
2399 5191 2460 5246 in
2507 5207 2740 5246 omnem
2790 5189 3041 5257 Italiam,
3077 5189 3312 5259 Gallias,
3348 5189 3684 5262 Hispanias,
3715 5193 3873 5248 Afri-

2212 5297 2362 5346 cam,
2397 5284 2571 5353 atque
2603 5279 2885 5348 Siciliam,
2917 5277 3261 5351 insulasque
3282 5279 3868 5350 interjacentes,nul-

2213 5369 2336 5425 lum
2367 5368 2695 5423 instituisse
2716 5367 3025 5436 Ecclesiae,
3041 5367 3153 5423 nisi
3189 5385 3308 5437 eos,
3329 5383 3476 5440 quos
3509 5369 3869 5426 venerabilis

2215 5456 2514 5531 apostolus
2538 5458 2741 5512 Petrus
2771 5461 2872 5511 aut
2891 5457 3020 5526 ejus
3049 5473 3415 5513 successores
3447 5457 3870 5516 constituerint

2215 5548 2572 5614 sacerdotes;
2607 5549 2706 5601 aut
2726 5544 2924 5618 legant
2943 5545 2990 5600 si
3015 5547 3073 5601 in
3096 5546 3188 5602 his
3210 5547 3523 5618 provinciis
3545 5545 3696 5602 alius
3721 5564 3871 5621 apo-

2215 5635 2498 5692 stolorum
2530 5633 2822 5689 invenitur
2849 5638 2952 5690 aut
2979 5633 3196 5708 legitur
3223 5635 3511 5691 docuisse.
3536 5635 3644 5701 Qui
3665 5635 3714 5692 si
3749 5653 3870 5694 non

2217 5725 2436 5796 legunt,
2469 5722 2608 5794 quia
2639 5739 2933 5795 nusquam
2978 5723 3300 5796 inveniunt,
3335 5728 3561 5796 oportet
3607 5741 3707 5781 eos
3756 5725 3870 5783 hoc
