4002 6456
167 443 248 506 ω
881 439 985 501 DE
1026 439 1796 502 PRIEDESTINATIONE
1836 437 2355 504 DISSERTATIO
2396 441 2856 507 POSTEBIOR.
3484 446 3570 510 90

169 571 338 647 sequi
365 571 526 647 quod
558 570 815 630 Ecclesia
859 572 1121 630 Romana
1167 571 1441 640 custodit,
1470 589 1506 629 a
1549 588 1668 645 qua
1715 588 1814 628 eos
1841 571 1900 640 Α
1927 575 2052 629 ctos
2079 589 2218 630 suos
2249 573 2812 632 incommutabiliter
2839 593 2942 650 per
2968 579 3284 652 gratuitam
3312 581 3562 656 gratiam

171 661 532 737 principium
562 661 858 734 accepisse
881 678 998 718 non
1029 661 1278 718 dubium
1309 666 1426 717 est:
1461 678 1534 718 ne
1562 662 1703 717 dum
1721 677 1819 734 pe-

171 751 423 826 regrinis
452 750 881 808 assertionibus
913 751 1355 824 student,caput
1383 750 1822 808 institutionum

169 841 483 898 videantur
510 839 802 897 amittere.
833 862 864 892 ››

835 946 1069 1003 CAPUT
1104 946 1174 1002 V.

171 1033 687 1110 DC_W6M5M_
709 1034 1014 1110 Gothescali
1048 1043 1102 1092 et
1126 1037 1476 1110 egmplicium
1503 1038 1639 1110 ejus,
1681 1045 1733 1094 et
1759 1036 1826 1092 de

241 1107 625 1236 librarii-um
651 1106 720 1164 de
766 1109 962 1180 quibus
1012 1106 1265 1181 quedam
1293 1108 1386 1164 hic
1429 1106 1676 1182 excerpta
1720 1125 1823 1181 po-

239 1197 357 1234 nun
461 1221 476 1233 .

241 1268 685 1324 Pramonemus
734 1266 912 1323 etiam
942 1266 1308 1324 Gothescalci
1349 1273 1408 1325 et
1449 1267 1826 1342 eomplicium

173 1357 300 1428 ejus
311 1357 436 1413 fore
446 1351 1457 1424 consuetudinemmtcatholicorum
1468 1357 1822 1425 testimonia,

174 1443 433 1518 praelatis
463 1444 776 1500 doctorum
805 1446 980 1516 atque
1011 1443 1296 1500 librorum
1336 1445 1697 1512 nominibus,
1729 1463 1824 1502 ex-

174 1537 372 1608 cerpta
399 1533 778 1600 detruncent,
811 1537 868 1588 et
897 1533 970 1588 ad
994 1549 1134 1589 suos
1165 1549 1396 1601 sensus,
1416 1533 1570 1590 sicut
1593 1538 1651 1591 et
1679 1535 1828 1590 Scri-

174 1629 490 1696 pturarum
537 1621 884 1688 sententias,
933 1620 1227 1679 inﬂectere
1267 1627 1494 1689 curent,
1535 1627 1827 1696 quatenus

175 1710 514 1768 auditorum
547 1709 663 1766 sibi
690 1727 922 1779 sensus,
954 1710 1004 1767 si
1037 1711 1235 1768 minus
1263 1712 1420 1767 cauti
1442 1711 1678 1780 fuerint,
1697 1729 1828 1769 con-

174 1799 372 1857 ciliare
402 1799 779 1873 przevaleant.
821 1799 982 1856 Unde
1031 1800 1282 1874 quisque
1329 1799 1563 1858 illorum
1611 1801 1829 1874 scripta

177 1886 445 1962 relegens
474 1892 839 1944 memoratur
868 1889 1023 1962 quod
1055 1887 1272 1945 dicitur
1303 1906 1317 1945 :

235 1994 507 2060 Frigidus,
537 2008 572 2046 ο
595 1993 770 2059 pueri,
801 1995 968 2060 fugite
995 1995 1140 2058 hinc,
1170 1996 1298 2048 latet
1326 1998 1517 2062 anguis
1544 1997 1602 2048 in
1645 1997 1828 2048 herba.

179 2095 248 2150 Et
524 2165 696 2230 Carpe
725 2165 960 2226 botrum,
991 2179 1119 2216 cave
1149 2166 1377 2230 spinam.

179 2266 304 2330 Qua
332 2263 406 2320 de
429 2279 495 2320 re
515 2264 845 2321 secundum
859 2263 1200 2336 Apostolum
1217 2265 1416 2321 omnia
1434 2265 1749 2338 probantes
1779 2269 1836 2322 et

179 2371 304 2427 quo
334 2353 499 2409 bona
526 2357 670 2409 sunt
699 2353 1020 2410 retinentes
1051 2355 1099 2427 (ι
1132 2354 1310 2412 Thess.
1336 2371 1393 2420 ν,
1416 2356 1529 2423 21),
1561 2372 1689 2428 qua:
1719 2355 1834 2427 ipsi

179 2442 712 2515 dixerint,quaeque
741 2447 1048 2498 auctorum
1080 2443 1360 2514 exemplis
1381 2444 1727 2498 continuare
1749 2461 1837 2498 vo-

179 2531 402 2589 luerint
426 2532 902 2598 conferentes,ea
931 2550 1058 2605 quae
1089 2531 1172 2587 illi
1205 2533 1551 2588 detruncata
1571 2532 1658 2588 vel
1681 2549 1837 2588 com-

181 2623 451 2696 pilataad
477 2638 650 2677 suam
662 2623 1126 2677 confirmandam
1146 2621 1492 2678 sententiam
1510 2623 1834 2695 proferunt,

183 2713 240 2768 in
268 2710 449 2768 libris
474 2714 807 2779 auctorum,
835 2711 906 2766 de
925 2709 1142 2783 quibus
1159 2711 1561 2768 testimonium
1592 2713 1834 2781 donant,

181 2803 426 2858 videant
457 2800 510 2857 si
541 2817 780 2857 meraca
804 2798 1046 2856 veritate
1065 2805 1207 2857 sunt
1233 2806 1501 2872 excerpta
1517 2818 1643 2874 quae
1657 2802 1840 2874 profe-

182 2895 421 2958 runt;ut
453 2907 530 2946 ne
559 2888 654 2945 his
683 2888 916 2945 incaute
946 2890 1248 2946 credentes
1267 2907 1396 2962 quae
1425 2889 1651 2962 prolata
1678 2894 1836 2960 sunt,

185 2996 286 3052 per
309 2979 450 3036 vias
465 2995 597 3052 qua:
619 2978 786 3034 bona:
801 2977 1042 3050 quidem
1066 2978 1340 3035 videntur
1367 2979 1620 3046 esse,sed
1639 2995 1839 3036 earum

187 3069 322 3125 ﬁnis
351 3069 434 3125 ad
468 3067 773 3123 interitum
805 3066 987 3135 ducit,
1019 3066 1080 3122 in
1109 3066 1477 3124 infidelitatis
1505 3068 1842 3142 voraginem

181 3156 742 3231 demergunturzsed
777 3155 994 3212 faciant
1020 3155 1172 3212 sicut
1189 3161 1540 3229 praeceptum
1572 3161 1680 3214 est:
1699 3158 1844 3214 State

183 3264 356 3320 super
383 3249 530 3312 vias,
556 3253 610 3303 et
635 3248 965 3319 interrogate
991 3261 1118 3319 quae
1142 3247 1217 3302 sit
1237 3247 1329 3302 via
1371 3246 1531 3313 bona,
1562 3254 1614 3303 et
1639 3247 1840 3303 ambu-

185 3309 289 3394 late
337 3337 406 3392 in
587 3337 724 3408 (Jer.
753 3309 1110 3403 v1,'16)..llis
1159 3334 1240 3390 ita
1284 3309 1627 3408 praemissis,
1658 3353 1838 3409 pona-
1869 3309 1913 3378 α

185 3443 319 3483 mus
373 3443 507 3499 qua:
548 3423 988 3492 Gothcscalcus,
1023 3423 1268 3497 signifer
1303 3427 1361 3480 et
1389 3424 1637 3496 praevius
1664 3429 1844 3498 atque

143 3497 372 3588 .bujus
395 3497 598 3588 pravis
645 3513 925 3569 doctrinm
973 3513 1291 3569 modernus
1340 3497 1841 3585 resuscitator,de

186 3605 382 3677 primo
413 3601 861 3677 capitulo,unde
889 3606 1156 3658 versatur
1182 3601 1511 3674 qumstiojn
1544 3601 1693 3659 libro
1723 3620 1842 3659 sum

184 3694 392 3750 virosa
403 3689 1308 3763 conscriptionisarchiepiscopo
1326 3690 1564 3746 Rabano
1581 3696 1843 3764 porrecto

188 3783 414 3838 scribat
441 3781 652 3836 dicens
685 3795 700 3834 :
735 3801 764 3830 «ι
797 3779 1084 3847 Tandem,
1116 3779 1328 3852 inquit,
1363 3777 1474 3852 legi
1502 3779 1848 3850 librum,ve—

189 3871 454 3927 nerande
501 3868 787 3942 pontifex,
831 3871 1022 3932 tuum,
1053 3866 1114 3922 in
1164 3883 1280 3939 quo
1326 3867 1582 3938 positum
1634 3867 1841 3941 reperi,

189 3960 348 4033 quod
387 3957 564 4032 impii
589 3973 826 4030 quoque
857 3954 976 4012 sive
1008 3956 1240 4028 reprobi
1272 3971 1388 4011 non
1416 3956 1536 4012 sint
1563 3956 1845 4013 divinitus

189 4051 260 4105 ad
288 4046 744 4105 damnationem
772 4044 1226 4116 przedestinati.»
1257 4045 1328 4100 Et
1356 4049 1489 4118 post
1503 4045 1840 4118 aliquanta:

191 4161 218 4186 ιι
251 4134 576 4202 Prcseivit,
600 4135 870 4206 inquam,
893 4131 1027 4188 illos
1057 4131 1382 4205 pessimum
1411 4133 1716 4191 habituros
1747 4152 1845 4190 or-

191 4233 340 4292 tum,
361 4225 632 4298 pejorem
663 4221 890 4279 obitum
917 4237 930 4276 :
954 4221 1389 4294 praedestinavit
1417 4225 1613 4278 autem
1644 4240 1744 4280 eos
1771 4225 1844 4280 ad

193 4316 481 4373 luendum
510 4328 768 4386 perenne
797 4315 1154 4368 tormentum
1185 4316 1244 4368 et
1262 4311 1686 4384 sempiternum
1705 4313 1850 4370 inte-

193 4407 395 4462 ritum.
427 4425 460 4457 ιι
496 4404 572 4460 Et
597 4402 814 4459 iterum
847 4405 981 4474 post
1009 4399 1314 4473 aliquanta
1345 4417 1358 4456 :
1391 4422 1419 4451 «
1447 4402 1594 4468 Quia
1623 4419 1685 4459 re
1713 4419 1850 4459 vera

195 4497 348 4553 sicut
374 4494 600 4552 electos
624 4507 834 4548 omnes
863 4488 1294 4564 prmdestinavit
1312 4489 1384 4545 ad
1403 4489 1581 4546 vitam
1598 4506 1704 4563 per
1717 4508 1848 4564 gra-

195 4584 412 4642 tuitum
445 4581 636 4639 solius
666 4580 867 4654 gratiae
896 4596 1015 4636 suae
1048 4577 1420 4644 beneficium,
1444 4579 1548 4636 20
1575 4582 1853 4652 quemad-

1857 1940 1906 2006 B

1931 679 2099 718 suam
2132 664 2561 736 praedestinavit
2607 666 2680 721 ad
2730 665 2910 722 vitam
2959 671 3252 737 aeternam,
3293 669 3568 728 similiter

1930 751 2169 807 omnino
2199 769 2402 808 omnes
2433 754 2731 826 reprobos,
2750 753 2852 827 qui
2882 754 2941 810 in
2973 753 3066 812 die
3087 756 3294 829 judicii
3321 759 3563 817 damna-

1931 840 2154 896 buntur
2181 845 2416 914 propter
2443 842 2708 915 ipsorum
2739 843 2896 900 mala
2923 844 3312 915 merita,idem
3336 847 3460 921 ipse
3477 849 3566 905 in-

1932 930 2371 988 commutabilis
2390 937 2540 988 Deus
2569 950 2672 1005 per
2693 934 2926 1006 justum
2949 934 3242 1007 judicium
3272 953 3446 994 suum
3477 939 3566 995 in-

1931 1019 2425 1077 commutabiliter
2463 1022 2900 1094 praedestinavit
2945 1024 3017 1080 ad
3065 1029 3315 1082 mortem
3364 1027 3570 1084 merito

1933 1107 2369 1180 sempiternam.
2405 1132 2433 1159 »
2467 1111 2537 1166 Et
2575 1111 2766 1168 donus
2805 1113 3158 1171 Prudentius
3200 1115 3262 1171 in
3301 1115 3568 1189 epistola,

1932 1213 2111 1269 quam
2125 1197 2295 1253 nobis
2307 1199 2598 1256 veneratio
2609 1204 2800 1257 vestra
2811 1202 3104 1258 deferente
3132 1219 3262 1260 eam
3286 1205 3451 1261 vobis
3473 1222 3570 1262 ve-

1933 1287 2176 1343 nerabili
2191 1288 2370 1344 IEnea
2383 1288 2738 1346 Parisiorum
2749 1291 3022 1364 episcopo
3039 1293 3302 1363 tradidit,
3318 1295 3490 1366 cujus
3508 1294 3571 1352 in

1933 1375 2188 1447 praefatis
2214 1375 2382 1432 libris
2413 1377 2756 1435 memoriam
2789 1379 3356 1455 fecimus,quamque
3385 1382 3576 1441 Weni-

1932 1463 2050 1519 loni
2084 1481 2190 1520 suo
2220 1465 2676 1539 archiepiscopo,
2716 1472 2774 1524 et
2815 1469 3042 1526 caeteris
3087 1470 3468 1545 coepiscopis,
3499 1473 3572 1528 ad

1935 1551 2362 1610 ordinationem
2393 1554 2656 1625 ejusdem
2686 1556 2874 1612 {Encas
2913 1557 3264 1616 Prudentius
3310 1559 3438 1632 ipse
3485 1559 3574 1616 di-

1935 1640 2101 1709 rexit,
2126 1644 2191 1697 ut
2220 1641 2270 1697 si
2301 1659 2472 1698 secus
2496 1643 2858 1700 ordinandus
2887 1646 3151 1717 sentiret,
3175 1647 3236 1703 in
3263 1646 3453 1720 ipsius
3481 1665 3576 1705 or-

1934 1729 2233 1786 dinatione
2278 1729 2404 1804 ipse
2449 1731 2786 1789 nullatenus
2828 1734 3159 1792 consentire
3205 1737 3462 1806 deberet,
3493 1737 3579 1794 ita

1935 1817 2106 1874 dicit:
2146 1839 2175 1870 ct
2206 1819 2569 1886 Secundo,ut
2597 1819 2700 1876 Dei
2730 1821 3148 1894 omnipotentis
3168 1822 3458 1882 altissimo
3479 1841 3576 1882 se-

1936 1911 2207 1980 cretoque
2235 1907 2478 1965 consilio
2514 1909 2714 1965 credat
2763 1915 2940 1983 atque
2986 1912 3256 1979 fateatur,
3289 1914 3576 1986 quosdam

1939 1995 2042 2052 Dei
2070 1995 2324 2069 gratuita
2353 1996 2753 2054 misericordia
2775 2002 2910 2055 ante
2933 1999 3135 2056 omnia
3180 2002 3395 2059 saecula
3438 2019 3582 2076 prae-

1939 2084 2262 2142 destinatos
2283 2086 2356 2142 ad
2371 2085 2868 2160 vitam,quosdam
2889 2088 3382 2160 imperscrutabili
3405 2091 3582 2162 justi-

1940 2175 2024 2230 tia
2053 2173 2496 2246 praedestinatos
2525 2177 2600 2233 ad
2632 2193 2904 2248 pcenam:
2937 2180 3003 2233 ut
3048 2177 3108 2233 id
3145 2179 3432 2250 videliwt,
3459 2179 3582 2238 sive

1941 2263 2002 2318 in
2050 2262 2363 2331 salvandis,
2397 2264 2516 2321 sive
2561 2265 2620 2320 in
2671 2264 3024 2323 damnandis
3062 2267 3581 2340 praedestinaverit',

1942 2352 2100 2423 quod
2130 2368 2192 2408 se
2215 2352 2546 2424 prtescierat
2557 2352 2878 2424 judicando
2893 2370 3023 2412 esse
3034 2356 3583 2428 facturum,diéente

1943 2440 2263 2513 propheta:
2301 2443 2408 2510 Qui
2450 2445 2598 2514 fecit,
2646 2459 2772 2516 qua;
2811 2446 3003 2515 futura
3045 2453 3191 2502 sunt.
3227 2447 3586 2505 Ratramnus

1944 2529 2330 2586 nihilominus
2362 2531 2698 2587 monasterii
2720 2532 2969 2588 Corbeize
3001 2535 3324 2593 monachus
3354 2535 3589 2594 libellos

1944 2619 2268 2691 duos,quos
2285 2619 2454 2675 nobis
2469 2620 2890 2677 examinandos
2899 2621 3164 2690 dedistis,
3177 2642 3247 2681 ea
3262 2625 3586 2683 intentione

1945 2706 2276 2764 elaboratos
2331 2709 2604 2780 porrexit,
2657 2714 2723 2766 ut
2773 2712 3046 2768 ostendat
3091 2717 3381 2786 quatenus
3430 2715 3590 2772 sicut

1946 2795 2111 2852 electi
2143 2814 2178 2852 a
2207 2797 2323 2852 Deo
2349 2797 2841 2869 praedestinantur
2868 2801 2939 2856 ad
2972 2801 3259 2873 vitam,ita
3276 2806 3336 2860 et
3353 2803 3584 2877 reprobi

1947 2904 1981 2942 a
2009 2885 2125 2942 Deo
2156 2886 2643 2958 praadestinentur
2670 2889 2744 2945 ad
2774 2894 3042 2946 mortem.
3077 2891 3330 2964 Indeque
3358 2898 3592 2966 praeter»

1947 2975 2146 3031 missis
2177 2974 2328 3044 aliis,
2361 2992 2609 3049 quorum
2650 2975 2890 3034 nomina
2917 2978 3011 3034 hic
3039 2995 3156 3035 non
3187 2982 3583 3038 necessarium

1949 3063 2176 3119 recitari
2202 3065 2557 3137 putavimus,
2591 3065 2868 3138 quoniam
2907 3065 2968 3122 in
3014 3083 3193 3124 unam
3231 3073 3590 3127 consumat

1949 3153 2318 3221 sententiam,
2352 3157 2410 3209 et
2436 3153 2495 3208 in
2527 3153 2784 3226 prtefatis
2812 3156 3003 3212 tribus
3034 3155 3200 3213 libris
3230 3158 3358 3230 jam
3387 3163 3455 3215 ut
3486 3175 3590 3232 po-

1949 3241 2173 3298 tuimus
2197 3259 2264 3298 ex
2285 3241 2703 3299 catholicorum
2719 3244 3063 3302 auctoritate
3077 3247 3597 3320 respOndimus,ad‘

1951 3330 2208 3403 capitula
2229 3331 2687 3405 veniamus,quze
2699 3333 3341 3407 secundo,utlegiturin
3360 3335 3484 3410 lege
3501 3353 3593 3394 ve-

1951 3420 2057 3475 teri
2088 3419 2611 3492 (Jos.v,4),pctrinis
2639 3421 2896 3478 cultellis
2923 3422 3396 3481 circumcidenda
3418 3442 3454 3481 a
3471 3441 3594 3482 ves‘

1950 3507 2314 3580 trajussione
2326 3509 2716 3582 suscepimus,
2739 3527 3108 3586 quorumque
3119 3514 3293 3570 noxia
3313 3517 3597 3588 atquesu-

1952 3597 2177 3670 perﬂua
2193 3597 2464 3655 acumine
2477 3599 2898 3656 catholicorum
2911 3607 3216 3674 amputare
3229 3603 3588 3662 curabimus.

2593 3707 2822 3762 CAPUT
2859 3707 2954 3764 VI.

1950 3793 2259 3871 Exordium
2281 3795 2648 3871 capitulorum
2670 3795 2736 3851 de
2765 3798 2960 3871 quibus
2989 3798 3190 3871 agitur,
3222 3797 3368 3853 unde
3391 3813 3594 3871 compo-

2207 3867 2343 3921 sitor
2369 3883 2560 3922 eorum
2585 3869 2682 3922 illa
2711 3867 3012 3939 compilare
3028 3867 3328 3924 studuerit.

2024 3955 2201 4010 Aiunt
2228 3955 2406 4020 enim,
2423 3955 2741 4027 prmmissis
2761 3955 3334 4012 commendationum
3348 3973 3590 4013 suarum

1955 4043 2191 4109 fabulis,
2223 4043 2281 4097 in
2315 4044 2571 4099 secundo
2601 4043 2896 4117 capitulo:
2937 4066 2964 4096 «
2997 4049 3179 4100 Deum
3227 4045 3497 4118 prmscire
3533 4049 3594 4102 et

1953 4132 2255 4205 praescisse
2271 4131 2619 4188 mternaliter
2633 4137 2690 4188 et
2706 4133 2858 4188 bona
2878 4134 2973 4191 21
3001 4149 3130 4206 quae
3150 4131 3287 4189 boni
3299 4138 3464 4190 erant
3475 4134 3592 4191 fac-

1954 4221 2093 4289 turi,
2109 4224 2166 4277 et
2184 4219 2342 4276 mala
2361 4237 2488 4293 quae
2510 4221 2650 4277 mali
2673 4226 2812 4277 sunt
2827 4221 3422 4294 gesturi,quiavooem
3436 4223 3612 4280 Scri-‘

1955 4316 2139 4384 pturas
2170 4309 2415 4366 dicentis
2446 4309 2754 4378 habemus,
2773 4311 2912 4367 Deus
2940 4319 3162 4381 aeterne,
3188 4313 3286 4384 qui
3311 4312 3594 4369 abscondi-

1956 4408 2136 4456 torum
2179 4415 2234 4454 es
2291 4400 2553 4470 cognitor,
2585 4401 2682 4472 qui
2724 4401 2870 4456 nosti
2914 4403 3098 4456 omnia
3143 4408 3435 4473 antequam
3461 4404 3600 4474 ﬁant

1957 4489 2116 4562 (Dan.
2147 4504 2270 4555 xm,
2312 4487 2386 4559 4),
2439 4485 2687 4543 ﬁdeliter
2727 4491 2995 4544 tenemus
3043 4491 3100 4544 et
3143 4487 3334 4561 placet
3377 4493 3594 4558 tenere,

1958 4579 2141 4634 bonos
2162 4577 2464 4649 praescisse
2487 4577 2725 4632 omnino
2738 4594 2840 4650 per
2857 4576 3105 4650 gratiam
3128 4593 3296 4634 suam
3319 4579 3504 4635 bonos
3515 4577 3600 4636 fu-

195 4675 440 4728 modum
469 4669 698 4727 Veteris
729 4673 789 4725 et
813 4668 952 4724 Novi
974 4667 1332 4725 Testamenti
1353 4668 1852 4741 paginemanifes-
1880 4680 1929 4744 Β
1957 4670 2206 4734 turos,ct
2233 4682 2338 4738 per
2364 4665 2631 4722 eamdem
2662 4667 2914 4738 gratiam
2959 4671 3174 4723 aeterna
3220 4667 3461 4740 praemia
3502 4684 3597 4724 ac-

199 4761 504 4818 tissimum
517 4759 784 4834 prebeat
801 4757 1045 4814 solerter
1054 4775 1121 4814 ac
1131 4757 1324 4814 sobrie
1341 4757 1848 4817 considerantibus

1957 4761 2226 4828 cepturos
2254 4772 2266 4810 :
2301 4755 2488 4811 malos
2519 4756 2820 4828 praescisse
2851 4772 2953 4828 per
2981 4755 3277 4829 propriam
3311 4757 3598 4814 malitiam

197 4849 600 4916 indicium,sic
620 4847 860 4905 omnino
881 4852 939 4904 et
955 4847 1233 4919 reprobos
1253 4863 1518 4920 quosque
1537 4849 1609 4903 ad
1627 4852 1852 4905 aeterna;
1960 4844 2146 4901 malos
2176 4845 2490 4912 futuros,et
2522 4861 2624 4916 per
2651 4861 2819 4900 suam
2840 4845 3134 4917 justitiam
3156 4845 3602 4903 aeternaultione

200 4940 406 4996 mortis
437 4937 876 5012 praedestinavit
903 4935 1281 5010 supplicium,
1315 4952 1420 5009 per
1445 4937 1850 5008 justissimum
1961 4935 2353 4990 damnandos:
2379 4934 2778 4989 utsecundum
2795 4934 3354 5008 Psalmistam,Quia
3374 4941 3602 5007 potestas

197 5029 470 5086 videlicet
485 5025 992 5084 incommutabilis
1002 5025 1249 5098 justitiaa
1263 5043 1380 5082 suae
1385 5025 1702 5098 judicium.
1724 5050 1751 5077 »
1767 5027 1856 5084 In-
1958 5024 2057 5079 Dei
2074 5031 2154 5080 est
2180 5031 2230 5079 et
2255 5024 2476 5080 Domini
2515 5023 2896 5080 misericordia
2925 5024 3096 5092 (Psat.
3132 5041 3242 5089 LXI,
3267 5022 3376 5094 12),
3397 5021 3603 5079 reddat

198 5119 348 5176 deet
367 5120 428 5176 in
450 5116 727 5175 chartula
747 5133 868 5173 suae
891 5115 1272 5190 professionis
1285 5115 1355 5171 ad
1375 5116 1648 5172 eumdem
1663 5117 1852 5172 Raba-
1960 5114 2258 5185 unicuique
2283 5111 2584 5167 secundum
2611 5127 2773 5184 opera
2803 5128 2903 5168 sua
2934 5112 3106 5184 (Rom.
3139 5128 3202 5177 ιι,
3231 5110 3286 5181 6)
3311 5130 3326 5177 ς
3363 5113 3422 5165 et
3450 5109 3606 5166 sicut

199 5209 704 5283 numepiscopum
722 5207 804 5262 ita
818 5205 979 5261 dicit:
997 5229 1023 5255 «
1048 5207 1168 5277 Ego
1183 5204 1783 5262 Gothescalcuscredo
1797 5210 1855 5261 et
1961 5201 2280 5274 apostolica
2309 5200 2573 5256 doctrina
2602 5217 2665 5256 se
2695 5201 2908 5256 habet:
2931 5201 3028 5255 His
3057 5199 3400 5272 quidem,qui
3416 5214 3606 5255 secun-

199 5299 498 5364 conﬂteor,
532 5296 815 5370 profiteor
839 5299 898 5350 et
926 5295 1212 5352 testificor
1255 5309 1324 5349 ex
1368 5299 1482 5350 Deo
1529 5293 1716 5362 Patre,
1749 5312 1852 5367 per
1955 5292 2088 5347 dum
2112 5292 2437 5364 patientiam
2468 5290 2595 5346 boni
2642 5291 2839 5362 operis,
2871 5289 3106 5360 gloriam
3150 5294 3204 5343 et
3251 5287 3512 5346 honorem
3554 5295 3608 5346 et

201 5387 384 5444 Deum
413 5385 656 5453 Filium,
677 5384 739 5440 in
766 5385 882 5441 Deo
913 5382 1134 5456 Spiritu
1165 5386 1387 5449 sancto,
1419 5387 1476 5438 et
1505 5383 1732 5439 afﬁrmo
1765 5386 1852 5438 at-

202 5493 316 5549 que
347 5476 608 5550 approbo
639 5489 839 5531 coram
865 5473 982 5529 Deo
1029 5477 1088 5529 et
1116 5471 1334 5529 sanctis
1382 5473 1533 5544 ejus,
1566 5472 1721 5544 quod
1753 5489 1850 5545 ge-

203 5567 366 5622 mina
391 5571 480 5623 est
511 5562 1102 5639 predestinatio,sivc
1133 5562 1450 5618 electorum
1472 5562 1542 5616 ad
1566 5561 1848 5633 requiem,

203 5654 326 5711 sive
349 5655 735 5728 reproborum
767 5651 840 5708 ad
869 5655 1118 5708 mortem
1151 5667 1165 5706 :
1209 5650 1348 5723 quia
1379 5650 1533 5706 sicut
1577 5649 1732 5706 Deus
1764 5650 1852 5705 in-

205 5743 793 5804 commutabilisante
805 5739 1014 5798 mundi
1024 5739 1501 5796 constitutionem
1519 5755 1724 5796 omnes
1746 5738 1858 5796 ele-

1958 5381 2422 5452 incorruptionem
2453 5387 2726 5452 quaerunt,
2761 5380 2928 5434 vitam
2953 5384 3220 5434 mtemam
3250 5395 3269 5432 :
3299 5377 3388 5434 his
3424 5385 3607 5435 autem

1959 5473 2058 5544 qui
2082 5477 2212 5526 sunt
2236 5487 2305 5525 ex
2331 5471 2687 5538 contentione,
2717 5475 2768 5523 et
2794 5467 2889 5538 qui
2924 5482 3034 5522 non
3081 5469 3430 5540 acquiescant
3455 5469 3604 5524 veri-

1961 5561 2077 5626 tati,
2111 5559 2336 5615 credunt
2358 5565 2538 5614 autem
2568 5555 2868 5627 iniquitati,
2899 5556 2987 5611 ira
3028 5563 3080 5612 et
3125 5557 3448 5630 indignatio.
3487 5558 3603 5612 Tri-

1963 5650 2167 5706 bulatio
2194 5656 2246 5704 et
2272 5648 2525 5719 angustia
2573 5646 2630 5699 in
2679 5660 2894 5700 omnem
2943 5647 3190 5702 animam
3219 5646 3458 5702 hominis
3487 5659 3604 5716 ope-

1965 5740 2142 5796 rantis
2189 5737 2398 5793 nmium
2445 5733 2627 5805 (ibid.,
2682 5736 2736 5803 8,
2767 5735 2843 5808 9).
2879 5735 2942 5794 ln
2989 5737 3196 5794 eodem
3241 5749 3416 5793 sensu
3447 5734 3601 5791 idem
