4002 6450
459 373 537 459 s5
1387 397 1778 460 HINGMARI
1827 395 2272 460 RHEMENSIS
2319 395 2936 461 ARCHIEPISCOPI.
3785 398 3862 463 96

461 528 712 606 patietur
725 526 1302 586 asternum.Sicenim
1327 533 1530 602 pptata
1549 531 1620 585 ad
1642 519 1943 586 interitum
1963 547 2102 585 vasa
2127 528 2186 598 Α
2215 530 2286 586 ad
2310 533 2611 604 peccatum
2639 549 2650 588 :
2677 532 2847 604 cujus
2874 531 3048 599 dicta,
3074 529 3211 605 quia
3237 531 3362 605 ipse
3394 529 3565 590 celeri
3600 537 3861 607 praeven-

459 624 599 676 sunt
627 619 747 686 irae,
780 619 935 674 sicut
965 622 1021 674 et
1041 618 1350 690 Apostolus
1373 619 1558 674 isdem
1581 618 1719 674 dicit
1740 621 1938 674 naiura
1958 620 2102 690 ﬁlios

459 711 566 766 ira:
584 709 868 780 (EphesJI,
902 709 988 779 3);
1023 725 1139 763 non
1170 725 1286 780 qua
1316 709 1542 780 primus
1573 709 1747 763 homo
1779 714 1864 764 est
1896 709 2100 763 condi-

458 802 576 866 tus,
597 798 699 853 sed
731 813 848 868 qua
876 799 1009 868 post
1039 802 1339 869 peceatum
1371 797 1558 868 ipsius
1590 815 1656 852 ex
1678 797 1988 852 maledicto
2011 814 2098 852 se-

459 887 618 942 mine
635 886 886 959 quisque
905 889 994 941 est
1013 890 1323 958 generatus
1339 904 1351 942 :
1367 887 1522 941 unde
1546 885 1651 942 soli
1677 886 1977 941 salvantur
1997 885 2099 958 qui

459 975 776 1032 Salvatoris
805 975 995 1047 gratia
1023 974 1165 1032 salvi
1197 976 1432 1042 fiunt,et
1454 975 1719 1047 psalmus
1741 975 2102 1043 dicit,Factus

458 1082 583 1123 sum
637 1074 895 1138 tanquam
952 1082 1046 1121 vas
1099 1064 1372 1137 perditum
1417 1065 1587 1132 (Psal.
1619 1082 1747 1132 xxx,
1784 1065 1892 1134 13),
1943 1065 2099 1136 quod

460 1156 698 1230 exponit
726 1155 1133 1228 Hieronymus,
1157 1155 1330 1216 homo
1355 1154 1620 1227 perditus
1641 1170 1742 1226 per
1773 1158 2098 1225 peccatum.

1072 1279 1302 1335 CAPUT
1340 1279 1490 1334 VIII.

463 1370 610 1430 Unde
637 1369 1115 1426 Prwdestinatiani
1141 1370 1530 1435 auctoritatem,
1561 1370 1846 1440 potiusque
1887 1369 2098 1439 opinio-

526 1459 652 1498 nem
707 1441 1078 1512 hujusrmnodi
1127 1441 1480 1512 expositionis
1527 1441 1808 1512 apostolici
1849 1440 2097 1510 capituli,

527 1531 640 1570 non
687 1511 797 1570 sibi
838 1511 1205 1586 profuturam’
1243 1513 1373 1584 quia
1417 1528 1488 1567 ex
1533 1511 1812 1568 mendacio
1857 1527 2099 1582 sumpse-

529 1587 662 1642 rint.

527 1692 809 1748 Caeterum
839 1709 951 1747 non
986 1691 1127 1746 latet
1147 1707 1254 1746 nos
1277 1691 1432 1746 unde
1457 1690 1804 1762 compilator
1822 1689 2101 1762 capitulo-

455 1799 586 1838 rum
610 1781 767 1837 hunc
789 1778 1092 1836 sententiae
1114 1779 1442 1852 apostolicae
1465 1795 1706 1835 sensum
1728 1796 1861 1834 cum
1885 1779 2100 1834 ﬁducia

452 1871 524 1927 ad
557 1887 732 1926 suum
766 1883 1126 1946 suorumque
1155 1867 1528 1940 complicium
1560 1884 1812 1924 errorem
1839 1866 2099 1923 astri'ien-
2125 1899 2177 1966 Β

451 1959 593 2016 dum
616 1957 1002 2030 assumpserit
1026 1973 1040 2012 :
1065 1955 1345 2012 nimirum
1368 1958 1440 2012 de
1465 1955 1654 2012 verbis
1679 1955 2096 2028 Fulgentii,qui

453 2048 606 2105 sicut
625 2063 806 2120 supra
822 2046 1228 2118 posuimus,ad
1243 2045 1457 2101 Monim
1468 2061 1566 2100 um
1583 2047 1653 2100 de
1671 2045 2098 2116 praedestinatis

453 2137 526 2194 ad
553 2135 854 2192 interitum
885 2135 1001 2208 (tib.
1035 2152 1075 2202 ι,
1108 2151 1156 2201 c,
1183 2135 1258 2206 3),
1283 2134 1450 2206 quasi
1475 2135 1583 2189 sub
1608 2133 1944 2188 defensione
1963 2151 2096 2189 san-

453 2223 531 2282 cti
550 2224 882 2299 Augustini,
898 2223 1214 2296 scripserat
1233 2224 1570 2295 exponendo
1593 2223 1769 2278 verba
1789 2221 1947 2278 illius
1970 2240 2096 2296 quae

453 2313 675 2371 dixerat
698 2314 759 2369 in
788 2311 936 2369 libro
981 2314 1053 2368 de
1103 2312 1457 2368 Perfectione
1497 2311 1742 2382 justitize
1791 2311 2092 2368 hominis:

451 2423 481 2454 (ι
515 2405 767 2476 Legente
796 2419 908 2469 me,
935 2400 1374 2474 inquis,librum
1393 2402 1464 2455 de
1483 2401 2095 2472 Perfectionejustitize

451 2487 1136 2559 hominis,testimonium
1152 2487 1515 2560 prophetaein
1531 2489 1793 2542 ordinem
1809 2488 2094 2559 relegens,

451 2580 655 2636 auditu
687 2581 856 2634 cauto
878 2575 1232 2650 pedetentim
1256 2576 1560 2648 paululum
1589 2577 1978 2642 retractavi,et
1996 2594 2098 2632 cae-

450 2672 786 2740 tera,usque
818 2667 960 2722 dum
991 2683 1026 2721 a
1053 2666 1219 2722 beato
1249 2665 1576 2738 Augustino
1612 2664 1827 2720 ibidem
1860 2665 2092 2733 dicitur,

451 2758 554 2814 sed
585 2755 646 2812 in
677 2773 743 2812 eo
764 2771 976 2829 genere
995 2753 1300 2810 hominum
1325 2754 1478 2826 quod
1503 2754 1983 2826 prmdestinatum
2006 2758 2097 2810 est

449 2847 520 2902 ad
553 2845 877 2902 interitum.
913 2843 1016 2900 Hic
1045 2844 1201 2900 dicta
1231 2844 1418 2899 sancti
1452 2844 1767 2916 Augustini
1815 2843 2094 2900 determi-

447 2938 683 3000 nans,et
711 2934 781 3010 ad
815 2950 908 2990 me
929 2933 1313 2989 intentionem
1335 2937 1572 2993 tuarum
1595 2932 1854 3006 dirigens
1874 2933 2094 2989 littera-

447 3023 756 3094 rum,dicis
788 3023 1002 3080 sentire
1037 3040 1128 3079 me
1151 3025 1278 3096 jam
1312 3039 1417 3077 cur
1435 3021 1646 3078 iterum
1669 3022 1791 3078 haee
1813 3021 2090 3091 inculces,

447 3113 674 3170 scilicet
698 3113 858 3185 quod
891 3112 1106 3185 saepius
1135 3111 1446 3168 reluctanti
1471 3112 1614 3166 mihi
1643 3111 2096 3183 prmdestinatio-

447 3219 582 3258 nem
610 3218 727 3256 non
757 3204 986 3256 tantum
1017 3201 1075 3253 in
1106 3199 1258 3255 bono
1291 3199 1425 3267 dici,
1458 3200 1560 3255 sed
1587 3200 1762 3254 etiam
1797 3199 1855 3254 in
1878 3198 2090 3254 malo.»

2212 625 2308 675 tus
2337 624 2422 675 est
2455 620 2639 686 obitu,
2675 621 2920 692 Prosper
2949 622 3036 676 vir
3063 621 3328 678 eruditus
3358 626 3415 678 et
3438 627 3682 679 sanctus
3705 629 3863 680 recta

2211 709 2471 764 defendit
2517 711 2630 764 {ide
2660 712 2782 778 (aL,
2816 714 2970 765 recte
3017 711 3275 766 defendit
3323 711 3506 780 ﬁdeli)
3535 718 3593 769 et
3623 713 3859 786 copioso

2211 799 2586 853 sermone.Ex
2616 799 2830 871 quibus
2851 797 3149 854 Gallorum
3177 799 3451 872 capitulis
3477 805 3543 856 ut
3573 818 3693 857 non
3716 802 3863 858 mul-

2211 891 2271 942 ta
2295 903 2451 942 nunc
2473 903 2859 958 ponamus,ne
2879 885 3143 942 libellum
3161 887 3342 944 istum
3366 907 3540 962 quem
3565 890 3860 963 prolixum

2209 976 2395 1030 facere
2415 976 2752 1048 disputandi
2772 977 3087 1032 necessitas
3104 976 3257 1050 cogit
3273 977 3645 1051 prolixiorem
3661 979 3863 1035 volun-

2209 1069 2299 1120 tas
2332 1065 2518 1121 facere
2546 1065 2828 1132 videatur,
2853 1066 3103 1120 duarum
3137 1067 3584 1138 responsionum
3607 1068 3741 1124 loca
3761 1069 3862 1124 du-

2210 1155 2405 1210 ximus
2436 1154 2768 1209 inserenda.
2803 1154 3040 1209 Decima
3071 1159 3279 1226 quarta
3309 1156 3525 1228 quippe
3555 1155 3861 1212 Gallorum

2209 1242 2457 1314 objectio
2489 1242 2574 1298 sic
2603 1242 2889 1298 habetur:
2914 1266 2942 1292 «
2963 1243 3125 1309 Quod
3149 1243 3249 1316 qui
3281 1244 3625 1318 evangelicae
3657 1245 3864 1318 praedi-

2209 1330 2421 1386 cationi
2455 1348 2570 1386 non
2621 1331 2882 1398 credunt,
2915 1347 2983 1386 ex
3030 1331 3129 1386 Dei
3181 1331 3694 1404 przedestinatione
3747 1351 3860 1390 non

2209 1421 2480 1487 credant;
2511 1424 2571 1476 et
2601 1421 2754 1492 quod
2788 1420 2942 1476 Deus
2971 1420 3052 1475 ita
3083 1420 3389 1490 deﬁnierit,
3423 1425 3489 1477 ut
3519 1421 3869 1496 quicunque

2209 1525 2324 1563 non
2357 1509 2622 1579 credunt,
2647 1524 2715 1564 ex
2744 1508 2933 1581 ipsius
2963 1508 3381 1565 constitutione
3406 1525 3521 1566 non
3555 1511 3860 1566 credant.»

2209 1597 2354 1652 Huic
2385 1597 2580 1670 itaque
2613 1597 2909 1669 pravitati,
2941 1614 3068 1669 quae
3119 1597 3273 1652 beati
3324 1598 3640 1671 Augustini
3683 1599 3862 1655 dictis

2208 1703 2324 1742 non
2355 1702 2424 1743 ex
2451 1685 2818 1752 veritate,sed
2847 1702 2916 1742 ex
2945 1685 3121 1741 livore
3147 1686 3664 1757 objiciebatur,tali
3690 1688 3862 1745 Pros-

2207 1792 2310 1848 per
2339 1791 2606 1831 sermone
2635 1775 2938 1847 respondit
2971 1791 2984 1828 :
3019 1798 3048 1825 «
3084 1775 3401 1832 Inﬁdelitas
3441 1793 3557 1832 non
3608 1777 3862 1833 creden-

2210 1865 2360 1920 tium
2391 1864 2699 1937 Evangelio
2731 1880 3101 1936 nequaquam
3133 1881 3200 1920 ex
3223 1865 3322 1920 Dei
3345 1864 3862 1936 prmdestinatione

2210 1958 2566 2026 generatur:
2601 1953 2887 2008 bonorum
2935 1953 3089 2016 enim
3145 1954 3294 2009 Deus
3345 1958 3550 2010 auctor
3595 1958 3707 2022 est,
3743 1972 3860 2012 non

2209 2042 2518 2098 malorum.
2547 2040 2980 2098 Praedestinatio
3010 2041 3190 2114 igitur
3218 2042 3318 2098 Dei
3351 2059 3584 2115 semper
3612 2042 3673 2098 in
3705 2044 3861 2101 bono

2208 2136 2315 2200 est,
2348 2135 2450 2187 aut
2479 2133 2550 2187 ad
2583 2131 3030 2187 retributionem
3052 2131 3323 2203 justitiae,
3348 2137 3450 2188 aut
3478 2132 3551 2188 ad
3583 2132 3862 2188 donatio-

2148 2241 2159 2253 -
2208 2237 2342 2277 nem
2375 2222 2674 2294 pertinens
2701 2219 2924 2293 gratiae.
2964 2221 3242 2278 Universw
3286 2223 3436 2276 enim.
3481 2223 3592 2278 via?
3637 2222 3863 2278 Domini

2205 2309 2581 2366 misericordia
2611 2317 2664 2365 et
2692 2311 2892 2365 veritas
2925 2311 3094 2380 (Psat.
3125 2327 3278 2379 xxrv,
3314 2309 3689 2378 10).Proinde
3720 2310 3862 2366 inﬁ-

2207 2398 2418 2454 delitas
2443 2415 2558 2456 non
2590 2397 2951 2453 credentium
2983 2415 3098 2453 non
3129 2399 3203 2453 ad
3225 2398 3709 2455 constitutionem
3733 2399 3860 2470 Dei,

2207 2488 2307 2542 sed
2344 2488 2415 2542 ad
2441 2486 2867 2560 prmscientiam
2891 2488 3194 2542 referenda
3210 2491 3452 2560 est,quze
3470 2503 3587 2543 non
3608 2488 3743 2544 ideo
3765 2502 3864 2545 ne-

2206 2576 2538 2632 cessitatem
2571 2593 2684 2632 non
2707 2577 2978 2632 credendi
3003 2577 3221 2646 intulit,
3239 2578 3377 2650 quia
3401 2577 3521 2633 falli
3547 2579 3616 2635 de
3639 2596 3708 2635 ea
3729 2597 3862 2652 quae

2206 2667 2404 2721 futura
2433 2670 2556 2722 erat
2587 2665 2927 2722 infidelitate
2961 2684 3076 2722 non
3099 2666 3306 2738 potuit.
3339 2689 3366 2716 ››
3389 2665 3626 2723 Decima
3647 2669 3866 2741 quinta

2203 2754 2379 2810 etiam
2412 2754 2660 2826 objectio
2693 2754 2785 2810 his
2813 2755 3006 2809 verbis
3037 2755 3258 2811 inserta
3287 2760 3379 2812 est
3410 2772 3476 2810 :«
3502 2757 3668 2822 Quod
3698 2757 3862 2816 idem

2205 2843 2282 2899 sit
2311 2843 2674 2915 praescientia
2713 2845 2867 2916 quod
2916 2844 3368 2917 praedestinatio.
3404 2868 3433 2896 ››
3459 2844 3563 2901 Cui
3607 2846 3862 2920 Prosper

2204 2932 2288 2989 sic
2321 2933 2621 3005 respondit
2653 2949 2666 2987 :
2706 2955 2734 2982 «
2763 2933 2875 2999 Qui
2907 2933 3331 3006 praescientiam
3367 2933 3468 2991 Dei
3497 2933 3558 2990 in
3590 2935 3757 2993 nullo
3780 2938 3856 2994 ab

2204 3021 2391 3094 ipsius
2421 3020 2925 3094 praedestinatione
2957 3021 3254 3091 discernit,
3290 3025 3445 3096 quod
3466 3024 3852 3082 tribuendum

2202 3115 2292 3166 est
2322 3111 2437 3166 Deo
2469 3111 2538 3166 de
2570 3109 2760 3177 bonis,
2793 3110 2903 3166 hoc
2940 3111 2992 3166 ei
3040 3111 3216 3166 etiam
3263 3112 3334 3167 de
3383 3112 3556 3170 malis
3602 3120 3858 3172 conatur

2203 3198 2510 3254 ascribere.
2545 3199 2656 3254 Sed
2691 3215 2824 3254 cum
2855 3199 3011 3255 bona
3037 3199 3109 3256 ad
3139 3199 3473 3273 largitorem
3515 3208 3858 3274 cooperato-

447 3290 864 3346 Posteaautem
882 3287 1131 3344 assumit
1147 3288 1547 3343 testimonium
1574 3287 1757 3342 sancti
1779 3288 2091 3359 Augustini
2121 3264 2165 3332 θ
2205 3304 2444 3359 remque
2475 3303 2675 3342 eorum
2707 3287 2914 3354 Deum,
2948 3287 3104 3343 mala
3133 3295 3327 3344 autem
3357 3290 3430 3345 ad
3458 3291 3856 3349 voluntariam

447 3395 517 3434 ex
544 3377 700 3433 libro
725 3361 830 3434 δέ
861 3377 1116 3432 secundo
1146 3377 1216 3431 de
1261 3375 1558 3448 Baptismo
1612 3376 1988 3448 parvulorum
2019 3377 2091 3433 ad

448 3465 946 3532 Marcellinum,ut
961 3481 1130 3520 suam
1146 3464 1335 3520 valeat
1351 3465 1697 3520 conﬁrmare
1719 3465 2090 3534 sententiam,

447 3554 588 3628 quia
616 3556 755 3627 sunt
775 3553 1092 3610 damnandi
1116 3552 1510 3626 praedestinati
1533 3553 1603 3608 ad
1629 3555 1950 3625 poenam.ln
1976 3571 2091 3626 quo

447 3643 596 3700 libro
626 3647 884 3699 tractans
915 3641 1025 3699 hoc
1057 3641 1444 3716 apostolicum
1477 3642 1877 3698 testimonium
1909 3644 1990 3699 ita
2011 3644 2094 3699 di-

445 3733 526 3790 cit
553 3731 739 3802 (Ibid.,
767 3749 814 3789 ο.
846 3733 936 3806 26)
963 3749 977 3788 :
1013 3755 1040 3783 ‹‹
1074 3733 1220 3800 Quia
1248 3749 1485 3788 causam
1518 3733 1850 3806 iniquitatis
1877 3752 1993 3790 suae
2025 3751 2093 3790 ex

444 3822 681 3896 propria
708 3821 882 3879 homo
920 3821 1130 3878 habuit
1178 3821 1498 3889 voluntate,
1533 3827 1838 3896 propterea
1886 3825 2091 3880 beatus

445 3911 660 3968 Paulus
688 3913 1016 3968 sustinuisse
1045 3911 1256 3968 asserit
1291 3915 1468 3967 Deum
1502 3913 1563 3967 in
1607 3913 1784 3968 multa
1824 3916 2094 3986 patientia

441 4018 574 4057 vasa
597 4003 702 4059 irae
725 4009 908 4074 aptata
938 4003 992 4057 ia
1023 4003 1307 4057 interitum
1346 4001 1519 4074 (Rom.
1552 4019 1628 4067 1x,
1651 4002 1762 4072 22).
1802 4024 1829 4051 »
1862 4003 1930 4056 Et
1962 4007 2092 4074 post

443 4089 750 4162 paululum
777 4107 790 4144 :
819 4111 846 4140 ‹‹
874 4089 938 4144 In
970 4090 1080 4145 hoc
1101 4089 1299 4161 itaque
1323 4090 1436 4145 ista
1455 4107 1595 4145 vasa
1616 4090 1770 4146 Deus
1793 4091 2012 4162 aptavit
2031 4091 2090 4146 in

443 4177 598 4250 quod
631 4176 1080 4250 praedestinavit,
1095 4177 1205 4237 hoc
1227 4181 1317 4233 est
1337 4177 1396 4232 in
1421 4177 1722 4233 interitum
1749 4196 1762 4234 :
1786 4179 1953 4238 illum
1977 4180 2090 4236 uti-

442 4281 557 4338 que
581 4263 907 4334 interitum,
939 4282 1115 4338 quem
1149 4265 1363 4320 Paulus
1395 4265 1566 4322 malis
1606 4272 1840 4339 repente
1887 4286 2090 4342 super.-

440 4358 756 4423 venturqm
794 4355 1160 4410 demonstrat
1191 4355 1391 4411 dicens
1426 4373 1438 4410 :
1475 4354 1610 4411 Cum
1655 4358 1802 4412 enim
1847 4356 2094 4415 dixerint

437 4459 553 4516 pax
579 4450 631 4499 et
654 4445 936 4512 securitas,
971 4452 1100 4500 tunc
1128 4445 1442 4516 repentinus
1473 4446 1551 4500 eis
1579 4449 1920 4518 superveniet
1948 4450 2089 4504 inte—

441 4534 581 4590 ritus
609 4533 660 4602 (ι
691 4533 868 4590 Thess.
895 4551 950 4602 v,
984 4534 1059 4606 3).
1088 4557 1115 4584 »
1149 4533 1287 4590 Post
1318 4551 1445 4607 quae
1472 4535 1602 4607 subj
1613 4537 1778 4592 unxit
1802 4537 1860 4592 in
1883 4539 2087 4594 eodem

2203 3375 2507 3432 rationalis
2538 3379 2814 3431 creaturae
2847 3376 3172 3449 nequitiam
3213 3379 3516 3434 referenda
3565 3380 3710 3448 sint,
3741 3383 3864 3437 du-

2202 3465 2365 3520 bium
2417 3481 2530 3520 non
2579 3469 2669 3519 est
2701 3463 2826 3520 sine
2857 3464 2977 3520 ulla
3007 3466 3108 3522 83
3145 3467 3452 3539 temporali
3502 3468 3861 3539 ditl‘erentia,

2201 3554 2387 3610 Deum
2406 3558 2465 3610 et
2486 3553 2787 3626 praescisse
2809 3553 2986 3609 simul
3011 3558 3068 3609 et
3094 3555 3542 3626 prmdestinasse
3574 3575 3703 3630 quae
3725 3559 3862 3633 ipso

2200 3646 2367 3699 erant
2394 3647 2629 3698 auctore
2659 3643 2944 3708 facienda,
2975 3643 3062 3699 vel
3097 3660 3222 3716 quin
3253 3644 3426 3700 malis
3447 3645 3860 3720 meritisjusto

2201 3736 2365 3789 erant
2406 3732 2631 3804 judicio
2680 3731 3056 3788 retribuenda
3088 3747 3100 3787 :
3133 3733 3436 3805 praescisse
3483 3739 3682 3792 autem
3724 3742 3859 3794 tan-

2201 3821 2527 3889 tummodo,
2560 3836 2677 3875 non
2726 3819 2903 3874 etiam
2953 3819 3421 3892 praedestinasse,
3457 3839 3584 3894 qua:
3634 3841 3751 3880 non
3786 3843 3860 3882 ex

2200 3910 2326 3983 ipso
2357 3912 2522 3965 erant
2542 3925 2781 3965 causam
2812 3908 3164 3980 operationis
3196 3909 3488 3966 habitura.
3524 3933 3553 3960 »
3586 3912 3704 3968 Nos
3736 3913 3856 3970 ita-

2201 4016 2334 4072 que,
2364 3997 2732 4066 charissime,
2765 3997 2888 4053 hac
2909 3998 3143 4053 interim
3167 4015 3354 4071 pauca
3375 4001 3446 4055 de
3465 3998 3633 4058 libris
3658 4005 3852 4061 sancti

2197 4087 2530 4160 Augustini,
2563 4091 2618 4142 et
2663 4087 2733 4142 de
2782 4087 3263 4158 responsionibus
3313 4088 3600 4162 Prosperi,
3633 4091 3710 4146 ob
3741 4092 3852 4150 hoc

2200 4175 2518 4231 maluimus
2549 4175 2685 4230 huic
2717 4174 2911 4231 libello
2944 4177 3218 4245 inserere,
3246 4181 3312 4232 ut
3339 4179 3535 4234 cuncti
3586 4183 3856 4238 noverint

2199 4265 2341 4338 quid
2375 4265 2624 4320 debeant
2653 4265 2722 4320 de
2753 4264 3260 4336 praedestinatione
3282 4271 3622 4324 sanctorum
3645 4269 3855 4344 impio-

2200 4371 2449 4428 rumque
2474 4353 2710 4410 sentire.
2746 4354 2876 4410 Haec
2919 4359 3157 4428 sumpta
3205 4360 3344 4412 sunt
3391 4357 3462 4414 de
3509 4357 3661 4416 libro
3716 4361 3853 4418 Ful-

2199 4445 2400 4517 gentii.

2838 4515 3070 4572 CAPUT
3111 4517 3198 4573 1X.

441 4621 590 4678 libro
619 4623 690 4678 de
717 4623 886 4680 beato
916 4603 1244 4696 Augustino
1276 4603 1477 4679 dicens
1516 4603 1656 4696 (cap.
1689 4624 1783 4694 29)
1816 4642 1828 4680 :
1866 4649 1893 4676 ‹‹
1927 4627 1996 4682 Et
2025 4632 2090 4684 ut

2209 4603 2349 4704 Quod
2377 4604 2833 4704 ettant‘Isic‘t‘o’runi
2853 4604 3110 4704 addsula'm
3155 4607 3856 4704 (ian/innanIdaszentfn-

439 4709 858 4780 manifestiore,
892 4711 1108 4785 inquit,
1139 4711 1428 4768 dictorum
1463 4714 1594 4784 ejus
1644 4714 1856 4771 indicio
1887 4721 2089 4774 nostra

439 4799 716 4858 fulciatur
744 4800 1010 4874 assertio,
1047 4800 1267 4873 aliquid
1313 4801 1482 4858 nobis
1534 4805 1869 4875 ponendum
1897 4810 1986 4860 est
2015 4807 2087 4862 de

438 4891 588 4947 libro
619 4906 796 4962 quem
829 4889 1068 4962 scripsit
1093 4890 1163 4946 de
1185 4891 1698 4948 Praedestinatione
1725 4897 2083 4965 sanctorum,

439 4999 554 5054 quo
573 4979 952 5042 manifestius
985 4979 1239 5035 ostendit
1270 4979 1395 5035 sine
1417 4982 1923 5054 praedestinatione
1943 5001 2087 5056 pra:-

439 5069 742 5125 scientiam
785 5067 887 5125 Dei
939 5084 1068 5124 esse
1117 5084 1308 5140 posse,
1339 5069 1909 5141 praedestinationem
1955 5089 2088 5130 vero

439 5157 566 5212 sine
595 5156 966 5229 praescientia
1010 5173 1138 5212 esse
1187 5174 1302 5212 non
1353 5173 1543 5228 posse.
1578 5181 1606 5210 ››
1640 5161 1710 5214 Et
1742 5165 1875 5232 post
1905 5179 2088 5233 pauca

443 5243 582 5315 (cap.
615 5244 704 5317 30)
739 5261 752 5300 :
789 5267 817 5296 «
851 5245 977 5301 Non
1026 5246 1221 5300 autem
1271 5243 1526 5316 ignoras,
1566 5245 1742 5304 etiam
1799 5247 2084 5318 praeterito

439 5335 703 5402 tempore
733 5332 818 5388 illi
849 5332 1320 5390 luculentissimo
1344 5337 1546 5389 sancto
1567 5335 1880 5407 Augustini
1903 5338 2082 5408 Operi,

439 5418 597 5492 quod
629 5420 862 5492 scripsit
893 5423 963 5478 de
989 5421 1504 5478 Prazdestinatione
1527 5425 1884 5492 sanctorum,
1909 5443 1943 5480 a
1965 5425 2088 5498 qui-

441 5507 693 5564 busdam
717 5507 899 5564 Gallis
921 5511 1213 5582 objectum
1238 5512 1394 5584 quod
1417 5512 1623 5566 beatus
1643 5513 2004 5586 Augustinus
2024 5516 2084 5572 in

441 5595 763 5653 assertione
794 5599 1324 5670 praedestinationis
1356 5599 1564 5656 divinae
1606 5607 1939 5672 peccatores
1970 5622 2086 5660 non

441 5686 514 5743 ad
545 5685 737 5743 solum
768 5687 1210 5762 praedestinatos
1231 5690 1449 5748 diceret
1463 5689 1886 5764 judicium,sed
1911 5694 2085 5751 etiam

2269 4677 2407 4752 tiam
2432 4677 2490 4752 in
2521 4677 2888 4752 testimonium
2917 4676 3209 4752 deducunt,
3238 4676 3290 4735 et
3308 4680 3562 4752 quaedam
3589 4681 3657 4738 de
3691 4684 3856 4742 libris

2268 4749 2409 4825 beati
2435 4747 2726 4825 Augustini
2747 4749 3055 4825 proferunt,
3087 4749 3232 4806 unde
3261 4747 3375 4823 ipse
3395 4754 3482 4808 vir
3502 4754 3748 4825 insignis
3768 4773 3858 4814 eos

2265 4821 2515 4898 revincit,
2546 4827 2598 4875 et
2625 4821 2942 4898 Fulgentius
2989 4823 3102 4898 ipse
3148 4821 3523 4898 auctoritatem
3571 4821 3742 4898 quam
3787 4846 3858 4885 ex

2266 4893 2363 4952 illo
2391 4899 2677 4947 assumunt
2703 4893 2990 4963 manifeste
3008 4892 3273 4949 dissolvit.

2266 4981 2581 5036 Adducunt
2609 4981 2784 5035 etiam
2817 4980 2877 5034 in
2901 4981 3304 5038 testimonium
3330 4983 3624 5041 Isidorum
3647 4986 3857 5061 Hispa-

2196 5068 2419 5125 lensem
2451 5069 2813 5142 episcopum,
2845 5069 3037 5125 virum
3071 5071 3310 5127 doctum
3341 5077 3398 5128 et
3426 5073 3761 5147 legentibus
3791 5079 3854 5135 in

2197 5157 2399 5214 multis
2428 5159 2777 5230 proficuum,
2807 5159 2907 5230 qui
2933 5159 2992 5214 in
3023 5159 3170 5215 libro
3205 5161 3637 5219 Sententiarum
3666 5168 3857 5244 gemi-

2195 5265 2332 5304 nam
2367 5247 2506 5302 dicit
2537 5264 2664 5305 csse
2687 5248 3409 5320 preedestinationem,sive
3433 5251 3755 5314 electorum
3778 5255 3854 5313 ad

2195 5337 2603 5410 requiem,sivo
2638 5338 3016 5410 reproborum
3041 5339 3110 5392 ad
3138 5341 3518 5407 mortem.Qui
3541 5341 3694 5398 hanc
3718 5363 3854 5401 sen-

2195 5426 2434 5482 tentiam
2469 5427 2528 5480 in
2561 5426 2816 5482 secundo
2869 5425 3038 5496 libro,
3074 5445 3202 5500 cap.
3233 5430 3288 5496 6,
3321 5429 3489 5501 quasi
3539 5448 3608 5486 ex
3656 5433 3856 5491 verbis

2195 5516 2380 5573 sancti
2413 5515 2674 5588 Gregorii
2697 5517 2766 5569 de
2786 5515 2934 5570 libro
2953 5515 3260 5578 Moralium
3279 5519 3562 5592 vigesimo
3580 5523 3856 5592 nono,vel

2195 5605 2477 5678 vigesimo
2509 5603 2734 5677 quinto,
2768 5605 2886 5661 sive
2917 5606 2988 5660 de
3021 5607 3208 5662 sancti
3239 5609 3554 5681 Augustini
3585 5609 3859 5682 dictis,ut

2199 5695 2429 5752 videtur
2458 5693 2810 5765 legentibus,
2828 5693 2912 5752 vel
2935 5697 3322 5770 undecunque
3346 5700 3857 5772 sumpserit,com-
