4002 6458
474 420 589 480 10³7

1407 418 1704 481 ΗΙΝΟΜΑ
1718 420 1793 481 Rl
1841 416 2283 480 RHEMENSIS
2326 417 2941 480 ARCHIEPISCOPI.

3762 413 3886 478 108

469 569 942 624 necquemquam
967 553 1102 608 boni
1125 553 1512 624 possibilitate
1528 551 1803 624 dispoliat
1827 569 1839 606 :
1865 551 2111 624 quiaqui
2143 555 2197 621 Α
2224 558 2370 618 nent,
2392 551 2659 624 protinus
2689 550 3094 620 addendo,Sed
3125 549 3298 607 libera
3325 565 3424 607 nos
3451 565 3485 606 a
3508 549 3655 606 malo
3670 548 3884 618 (ﬂatili-

469 659 530 697 se
561 658 594 696 a
621 641 737 696 Deo
787 641 1012 708 avertit,
1057 640 1180 713 ipse
1209 645 1265 696 et
1301 641 1445 696 velle
1491 642 1645 713 quod
1694 642 1911 696 bonum
1944 645 2032 696 cst
2063 644 2119 696 et

467 748 636 802 posse
691 729 802 784 sibi
860 730 1120 785 sustulit.
1157 731 1280 785 Non
1321 735 1408 785 est
1451 748 1586 803 ergo
1637 747 2026 802 consequens,
2056 733 2121 784 ut

467 819 624 875 Deus
647 817 862 890 quibus
885 818 1286 890 paenitentiam
1311 836 1423 874 non
1443 818 1668 874 dederit
1707 817 2118 890 respicentiam

473 907 799 975 abstulerit,
815 911 874 962 et
894 923 1041 978 quos
1064 910 1174 962 non
1199 905 1737 974 levaverit,alliscrit
1760 924 1772 962 :
1802 923 1936 962 cum
1959 905 2118 962 aliud

475 995 553 1051 sit
581 995 873 1051 insontem
906 995 964 1049 in
997 996 1215 1051 crimen
1248 995 1457 1068 egisse,
1492 997 1644 1068 quod
1681 994 1935 1050 alienum
1968 999 2057 1051 est
2087 1011 2120 1050 a

475 1084 592 1140 Deo
625 1083 783 1140 aliud
815 1083 1132 1140 criminose
1163 1085 1391 1140 veniam
1423 1103 1537 1140 non
1587 1084 1836 1151 dedisse,
1861 1084 2014 1156 quod
2049 1085 2119 1139 de

474 1173 796 1246 peccatoris
824 1179 912 1229 est
943 1176 1168 1228 merito.
1206 1175 1332 1229 Istae
1365 1179 1502 1230 sunt
1533 1175 1659 1231 dua:
1701 1177 1979 1241 sortes,et
2003 1173 2118 1228 duo

473 1262 718 1318 funiculi
750 1261 1022 1331 dimensi,
1048 1281 1202 1319 unus
1234 1264 1305 1318 ad
1342 1262 1747 1329 occidendum,
1771 1267 1828 1317 et
1861 1279 2014 1318 unus
2045 1262 2117 1318 ad

471 1351 906 1420 viviﬁcandnm,
932 1352 1366 1408 commemorati
1401 1354 1472 1408 de
1498 1351 1804 1424 scripturis
1827 1351 1884 1406 in
1923 1350 2118 1406 libello

473 1441 672 1496 domni
696 1441 1090 1508 Prudentii,ad
1115 1441 1578 1496 confirmandam
1611 1440 1959 1496 sententiam
1982 1439 2120 1512 quia

471 1534 610 1586 sunt
640 1529 868 1600 reprobi
919 1546 951 1583 a
984 1529 1098 1584 Deo
1131 1529 1524 1601 praedestinati
1557 1531 1624 1584 ad
1661 1534 1932 1595 mortem,
1969 1529 2122 1585 sicut

471 1617 638 1674 electi
671 1618 742 1674 ad
773 1616 966 1674 vitam.
1005 1619 1113 1673 Sed
1168 1617 1398 1684 melius,
1425 1619 1563 1690 quia
1610 1618 1822 1683 verius,
1851 1617 2116 1690 Prosper,

470 1710 538 1762 ut
558 1707 916 1773 diximus,ex
939 1706 1129 1762 verbis
1161 1708 1345 1762 sancti
1387 1707 1718 1779 Augustini,
1745 1706 1994 1778 qualiter
2023 1723 2116 1762 ca-

466 1795 678 1850 tholice
707 1794 1032 1867 intelligere
1062 1797 1380 1850 debeamus
1424 1796 1764 1867 hujusmodi
1807 1796 2116 1868 Scriptura:

467 1900 644 1939 sacras
673 1883 995 1938 locutiones
1027 1883 1573 1955 aperuit.Videlicet
1608 1884 1743 1956 quia
1772 1888 1873 1940 aut
1905 1885 1976 1940 ad
2009 1885 2116 1939 do-

471 1989 615 2028 num
634 1973 884 2044 pertinet
903 1972 1121 2044 gratim,
1139 1977 1239 2027 aut
1270 1973 1340 2026 ad
1386 1973 2118 2045 retrlbutionem'justitiae,

474 2060 762 2132 quidquid
821 2061 974 2115 Deus
1016 2061 1466 2115 misericorditer
1501 2063 1778 2133 justeque
1829 2062 1988 2128 facit,
2023 2063 2122 2134 qui

477 2149 612 2205 fecit
641 2167 768 2220 qua:
802 2149 996 2204 futura
1018 2148 1328 2220 sunt,quia
1361 2154 1422 2204 ut
1442 2152 1500 2204 S.
1524 2151 1888 2223 Augustinus
1905 2150 2122 2206 dicitin

477 2237 625 2294 libro
645 2238 716 2292 de
734 2238 889 2292 Bono
913 2238 1529 2309 perseverantizemihil
1561 2244 1650 2308 est
1683 2239 1794 2294 nisi
1835 2239 1987 2311 quod
2021 2243 2124 2294 aut

476 2325 601 2399 ipse
623 2325 890 2392 fecit,aut
912 2327 1036 2381 fieri
1071 2327 1193 2399 ipse
1217 2326 1520 2398 permittit,
1537 2332 1593 2382 et
1619 2327 1677 2381 in
1711 2327 1858 2383 libro
1881 2329 1951 2382 de
1981 2327 2122 2384 Gra-

475 2414 558 2472 tia
587 2419 644 2471 et
671 2413 854 2470 libero
873 2414 1125 2470 Arbitrio
1147 2417 1217 2470 ad
1239 2415 1612 2470 Valentinum
1649 2420 1704 2472 et
1733 2433 1867 2471 cum
1900 2433 1965 2471 eo
1998 2433 2120 2471 mo-

475 2503 694 2560 nachos
717 2504 854 2576 (cap.
880 2505 969 2574 21)
995 2521 1008 2560 :
1035 2527 1061 2552 «
1087 2504 1290 2558 Fixum
1325 2504 1478 2558 enim
1495 2505 1664 2560 debet
1683 2522 1810 2560 esse
1829 2510 1885 2560 et
1907 2504 2120 2559 immo-

473 2591 588 2648 bile
611 2592 672 2646 in
703 2592 874 2648 corde
903 2595 1114 2657 vestro,
1149 2591 1286 2664 quia
1335 2610 1449 2647 non
1499 2598 1587 2648 est
1635 2593 1918 2666 iniquitas
1967 2593 2122 2664 apud

473 2685 681 2748 Deum;
713 2697 779 2736 ac
800 2697 902 2753 per
922 2680 1031 2735 hoc
1055 2682 1288 2751 quando
1309 2680 1503 2754 legitis
1525 2681 1582 2736 in
1604 2681 1816 2737 litteris
1837 2681 2119 2751 veritatis,

471 2787 506 2826 a
524 2775 636 2826 Deo
658 2769 857 2825 seduci
879 2769 1167 2836 homines,
1185 2774 1286 2824 aut
1315 2771 1558 2826 obtundi
1582 2771 1669 2826 vel
1693 2771 1968 2826 obdurari
1995 2789 2122 2827 cor-

469 2859 544 2914 da
572 2857 988 2927 eorum,nolite
1030 2858 1298 2913 dubitare
1328 2859 1696 2930 praecessisse
1727 2859 1884 2915 mala
1914 2861 2124 2916 merita

469 2963 691 3016 eorum,
709 2947 944 3018 utjuste
961 2945 1074 3001 ista
1096 2949 1533 3018 paterentur,nc
1555 2947 1868 3003 incurratis
1891 2947 1948 3002 in
1971 2945 2120 3002 illud

468 3035 838 3109 proverbium
888 3033 1216 3091 Salomonis
1249 3051 1263 3090 :
1297 3037 1626 3108 [nsipientia
1655 3038 1766 3092 viri
1795 3037 1964 3092 violat
2005 3037 2123 3092 vias

469 3127 605 3197 ejus,
632 3130 808 3180 Deum
826 3132 1007 3179 autem
1027 3131 1284 3178 causatur
1306 3125 1363 3178 in
1384 3123 1542 3179 corde
1560 3141 1657 3180 suo
1675 3127 1856 3193 (Prov.
1884 3124 2120 3196 x1x,3).»

469 3213 540 3268 Et
559 3211 617 3268 in
639 3213 842 3268 eodem
867 3215 997 3282 post
1020 3210 1320 3282 aliquanta
1348 3214 1491 3284 (cap.
1513 3214 1605 3280 23)
1632 3231 1644 3268 :
1671 3237 1698 3263 «
1719 3213 1961 3279 Quando
1983 3229 2119 3285 ergo

2227 659 2305 707 vx,
2342 642 2448 710 13),
2485 640 2791 696 manifeste
2821 640 3265 711 docemus,ejus
3295 639 3573 695 inducere
3603 637 3666 694 in
3699 641 3889 694 tenta-

2227 728 2445 785 tionem
2477 747 2593 785 non
2625 745 2753 785 esse
2781 727 2940 784 aliud
2973 745 3149 801 quam
3182 745 3298 784 non
3327 727 3576 783 liberare
3615 744 3650 782 a
3693 725 3884 795 malo;

2229 819 2358 889 ejus
2380 819 2618 891 perdere
2641 817 2900 874 animam
2931 834 3061 874 esse
3091 835 3124 873 a
3153 815 3478 890 perditione
3507 815 3734 874 salvam
3765 833 3886 872 non

2229 907 2437 964 facere.
2474 930 2502 956 »
2533 908 2604 962 Et
2652 909 2890 962 sanctus
2940 905 3254 980 Gregorius
3304 905 3363 961 in
3408 904 3558 962 libro
3598 903 3888 978 vigesimo

2230 1013 2383 1052 nono
2433 996 2572 1069 (cap.
2625 997 2714 1065 15)
2745 993 3055 1051 Moralium
3089 1011 3102 1050 :
3134 1017 3162 1045 «
3215 993 3636 1067 Semctipsum,
3669 992 3888 1066 inquit,

2229 1085 2514 1142 Dominus
2546 1084 2654 1140 hoc
2684 1083 2814 1158 gelu
2832 1083 3075 1158 gignere
3095 1083 3386 1156 perhibet;
3410 1100 3524 1140 non
3550 1100 3668 1156 quo
3689 1099 3893 1156 pravo-

2230 1189 2362 1227 rum
2385 1177 2613 1228 mentes
2634 1171 2758 1244 ipse
2780 1173 2852 1227 ad
2874 1171 3108 1244 culpam
3140 1172 3374 1242 format,
3397 1171 3497 1227 sed
3521 1187 3639 1243 quo
3660 1188 3697 1226 a
3715 1171 3894 1244 culpa

2229 1278 2346 1317 non
2395 1261 2634 1328 liberat;
2666 1259 2820 1316 sicut
2861 1260 3146 1332 scriptum
3177 1262 3284 1329 est,
3317 1259 3424 1331 Ego
3475 1259 3757 1316 obdurabo
3797 1275 3892 1316 cor

2227 1351 2534 1406 Pharaonis
2565 1349 2756 1419 (Exod.
2789 1367 2846 1405 Iv
2865 1353 2922 1405 et
2939 1349 3061 1422 vn),
3083 1349 3236 1422 quod
3259 1347 3398 1421 quia
3426 1347 3889 1404 misericorditer

2229 1438 2457 1496 mollire
2487 1438 2692 1508 noluit,
2726 1439 2980 1512 profecto
3009 1437 3270 1495 districte
3317 1455 3379 1494 se
3408 1437 3702 1494 obdurare
3731 1455 3883 1493 nun-

2229 1527 2412 1584 tiavit.
2432 1550 2458 1576 ››
2491 1527 2636 1583 Hinc
2667 1531 2906 1584 sanctus
2937 1527 3300 1600 Augustinus
3331 1525 3391 1582 in
3430 1525 3660 1600 psalmo
3690 1544 3843 1582 xxxv
3871 1543 3885 1584 :

2229 1617 2395 1674 Dedit
2444 1617 2576 1673 illos
2623 1617 2764 1672 Deus
2811 1618 2872 1672 in
2919 1615 3606 1688 concupiscentiaseordis
3639 1614 3890 1683 illorum,

2226 1711 2408 1778 facere
2437 1720 2562 1778 qua?
2590 1721 2700 1760 non
2730 1705 3058 1760 conveniunt
3085 1704 3259 1773 (Rom.
3294 1717 3334 1771 l,
3365 1703 3477 1775 28).
3501 1702 3561 1758 Si
3597 1707 3754 1758 Deus
3783 1701 3892 1760 hoc

2231 1794 2371 1850 facit
2395 1799 2460 1850 ut
2479 1794 2696 1850 faciant
2715 1811 2844 1866 quae
2864 1810 2980 1848 non
3019 1791 3392 1862 conveniunt,
3412 1791 3553 1864 quid
3597 1791 3715 1864 ipsi
3749 1792 3893 1848 fece-

2231 1886 2406 1939 runt?
2425 1883 2572 1956 Ergo
2597 1883 2703 1940 fuit
2727 1881 3218 1955 concupiscentia,
3242 1897 3418 1954 quam
3441 1885 3672 1937 vtncere
3691 1879 3892 1938 nolue-

2235 1972 2500 2039 runt,cui
2525 1972 2892 2028 traderentur
2918 1969 3145 2041 judicio
3167 1969 3352 2039 Dei,si
3384 1973 3488 2025 aut
3515 1968 3678 2042 digni
3711 1969 3891 2026 habe-

2235 2066 2436 2116 rentur
2455 2061 2554 2132 qui
2587 2061 2978 2116 traderentur.
3000 2082 3027 2111 »
3052 2060 3123 2115 Et
3150 2059 3208 2114 in
3233 2058 3459 2132 psalmo
3488 2075 3662 2116 xxvni
3687 2075 3702 2114 :
3725 2082 3756 2108 «
3779 2057 3891 2114 Alii

2233 2149 2507 2205 dicebant
2526 2151 2716 2204 Bonus
2748 2153 2858 2215 est,
2879 2147 2975 2204 alii
3006 2147 3241 2204 Non.Ut
3270 2146 3414 2203 alios
3445 2146 3505 2202 in
3537 2145 3893 2203 charitatem

2233 2256 2403 2295 suam
2427 2239 2735 2311 trajiceret,
2751 2237 2895 2294 alios
2916 2237 2976 2293 in
3008 2235 3232 2293 malitia
3249 2253 3450 2292 eorum
3473 2235 3892 2309 relinqueret.»

2233 2328 2303 2383 Et
2334 2328 2392 2382 in
2424 2327 2650 2399 psalmo
2676 2345 2730 2382 vi
2755 2344 2768 2382 :
2792 2326 2946 2382 Dedit
2974 2327 3098 2382 illos
3126 2327 3267 2382 Deus
3317 2327 3378 2382 in
3424 2325 3720 2398 reprobum
3769 2341 3896 2382 sen-

2231 2433 2374 2472 sum.
2407 2417 2554 2472 Nam
2587 2433 2654 2472 ea
2685 2419 2775 2472 est
2813 2415 3042 2472 caecitas
3082 2415 3286 2470 menti.
3319 2415 3384 2470 In
3433 2431 3561 2470 eam
3611 2413 3894 2488 quisquis

2233 2505 2407 2560 datus
2459 2505 2632 2561 fuerit
2675 2506 2748 2561 ab
2793 2505 3066 2561 interiore
3097 2504 3198 2561 Dei
3241 2503 3370 2560 luce
3399 2503 3752 2572 secludiiur;
3787 2502 3892 2560 sed

2233 2593 2495 2649 nondum
2526 2593 2758 2667 penitus
2781 2611 2915 2650 cum
2947 2593 3007 2648 in
3029 2593 3138 2649 hac
3153 2593 3272 2649 vita
3291 2596 3382 2649 est
3405 2609 3418 2648 :
3453 2597 3591 2649 sunt
3610 2591 3774 2648 enim
3805 2595 3892 2648 te-

2233 2683 2422 2739 nebrae
2463 2682 2938 2756 exteriores,qum
2961 2683 3151 2756 magis
3182 2681 3255 2738 ad
3285 2681 3438 2738 diem
3463 2680 3675 2754 judicii
3707 2681 3894 2754 perti-

2232 2787 2368 2827 nere
2398 2771 2826 2844 intelliguntur,
2849 2775 2914 2828 ut
2946 2770 3181 2844 penitus
3207 2774 3368 2827 extra
3397 2770 3582 2826 Deum
3619 2768 3697 2826 sit
3725 2769 3895 2841 quis-

2232 2861 2366 2934 quis
2387 2861 2529 2917 dum
2545 2866 2778 2935 tempus
2805 2865 2894 2917 est
2920 2860 3130 2935 corrigi
3158 2859 3468 2917 noluerit.»
3488 2859 3558 2916 Et
3575 2858 3633 2916 ia
3652 2858 3894 2932 psalmo

2229 2967 2266 3006 ν
2298 2968 2311 3006 :
2349 2971 2377 3001 «
2399 2950 2544 3006 Cum
2574 2950 2745 3024 punit
2767 2954 2916 3007 Deus
2947 2954 3298 3022 peccatores,
3323 2966 3440 3006 non
3463 2947 3685 3004 malum
3707 2965 3895 3005 suum

2231 3039 2318 3096 eis
2363 3039 2558 3108 infert,
2592 3041 2693 3096 sed
2744 3039 2916 3096 malis
2964 3055 3165 3094 eorum
3215 3055 3314 3095 eos
3361 3036 3680 3094 dimittit.»
3717 3037 3792 3094 Et
3833 3038 3895 3094 in

2231 3126 2458 3201 psalmo
2482 3145 2561 3184 vn
2593 3145 2607 3184 :
2643 3151 2670 3178 ‹‹
2704 3128 2845 3184 Esse
2876 3128 2948 3183 ad
2970 3127 3161 3182 lucem
3192 3125 3462 3199 pertinet,
3485 3143 3599 3182 non
3639 3141 3773 3182 esse
3816 3126 3893 3183 ad

2230 3217 2522 3274 tenebras.
2545 3216 2653 3286 Qui
2681 3233 2817 3291 ergo
2850 3217 3065 3274 deserit
3093 3233 3226 3272 eum
3259 3233 3293 3272 a
3318 3231 3434 3288 quo
3463 3214 3655 3271 factus
3685 3218 3800 3283 est,
3837 3220 3896 3271 et

472 3301 692 3357 auditis
733 3301 1020 3356 dicentem
1069 3300 1379 3356 Dominum
1414 3318 1426 3356 :
1461 3303 1569 3373 Ego
1617 3304 1879 3358 Domiuus
1921 3302 2120 3359 seduxi
2147 3294 2190 3361 C
2229 3305 2475 3362 inclinat
2493 3306 2552 3361 in
2583 3305 2640 3361 id
2675 3307 2828 3362 unde
2860 3306 3048 3362 factus
3078 3303 3257 3372 est,id
3289 3308 3377 3361 est
3405 3303 3464 3359 in
3511 3302 3793 3373 nihilum,
3829 3303 3894 3362 in

467 3389 784 3462 prophetam
815 3390 976 3444 illum
1001 3389 1210 3461 (Ezech.
1243 3407 1358 3458 xxv,
1389 3391 1444 3460 9)
1477 3407 1490 3445 :
1523 3395 1579 3446 et
1609 3393 1764 3463 quod
1819 3391 1901 3447 ait
1936 3393 2118 3464 Apos-

469 3478 624 3535 tolus
657 3495 670 3534 :
706 3479 871 3552 Cujus
919 3480 1033 3534 vult
1076 3481 1383 3546 miseretur,
1419 3488 1470 3536 et
1517 3497 1671 3552 quem
1722 3481 1840 3535 vult
1893 3480 2122 3537 obdurat

468 3569 644 3638 (Rom.
677 3585 752 3636 Ix,
782 3569 888 3636 18),
923 3568 980 3622 in
1013 3585 1078 3623 eo
1111 3585 1284 3639 quem
1319 3568 1516 3623 seduci
1551 3572 1656 3624 44
1700 3569 1986 3640 permittit
2030 3569 2119 3624 vel

469 3657 767 3724 obdurari,
802 3656 955 3712 mala
984 3658 1110 3728 ejus
1143 3657 1372 3724 merita,
1408 3657 1466 3711 in
1499 3675 1566 3712 ea
1596 3675 1729 3712 vero
1759 3658 1928 3728 cujus
1952 3657 2122 3713 mise-

470 3751 649 3814 retur,
680 3746 928 3820 gratiam
962 3746 1060 3801 Dei
1110 3763 1223 3800 non
1277 3745 1572 3800 reddentis
1605 3745 1758 3800 mala
1786 3763 1890 3818 pro
1923 3745 2115 3816 malis,

468 3836 569 3892 sed
601 3837 753 3892 bona
779 3853 882 3908 pro
917 3835 1106 3902 malis,
1143 3833 1392 3890 ﬁdeliter
1420 3841 1478 3890 et
1507 3835 1910 3890 indubitanter
1936 3851 2119 3908 agno-

467 3925 631 3982 scite.
657 3926 771 3981 Nec
801 3926 928 3980 ideo
957 3925 1237 3980 auferetis
1267 3941 1300 3979 a
1348 3924 1645 3980 Pharaone
1686 3923 1932 3980 liberum
1966 3924 2118 3980 arbi-

467 4013 670 4080 trium,
704 4014 843 4085 quia
874 4014 1078 4070 multis
1109 4013 1251 4068 locis
1295 4013 1434 4068 dicit
1483 4014 1638 4070 Deus
1671 4030 1684 4068 :
1716 4017 1832 4086 Ego
1863 4013 2122 4070 induravi

470 4102 834 4169 Pharaonem,
856 4103 946 4157 vel
973 4102 1232 4157 induran
1252 4106 1353 4156 aut
1385 4101 1650 4158 indurabo
1679 4119 1770 4158 cor
1813 4103 2120 4158 Pharaonis

473 4191 598 4247 Non
631 4189 788 4246 enim
821 4195 1126 4262 propterea
1154 4190 1278 4262 ipse
1309 4190 1531 4246 Pharao
1564 4209 1677 4247 non
1707 4191 2003 4247 induravit
2023 4208 2122 4250 cor

473 4296 680 4348 suum;
720 4295 854 4334 nam
887 4283 944 4334 et
974 4279 1082 4338 hoc
1129 4279 1200 4334 de
1248 4277 1346 4334 illo
1397 4279 1628 4351 legitur,
1662 4281 1897 4352 quando
1927 4279 2122 4336 ablata

2227 3395 2338 3452 hoc
2369 3399 2605 3468 peccato
2635 3395 2992 3464 tenebratur,
3006 3399 3064 3452 et
3092 3398 3289 3450 tamen
3312 3410 3428 3450 non
3448 3392 3684 3466 penitus
3704 3392 3892 3466 perit,

2229 3485 2330 3542 sed
2364 3484 2422 3540 in
2457 3484 2678 3541 inﬁmis
2703 3484 3026 3541 ordinatur.
3055 3505 3084 3535 »
3119 3483 3221 3540 His
3251 3481 3670 3540 catholicorum
3704 3481 3894 3540 docu-

2234 3574 2452 3630 mentis
2483 3577 2761 3647 agnoscat
2789 3573 3182 3647 capitulorum
3231 3570 3598 3645 compilator,
3631 3569 3784 3627 nihil
3828 3589 3896 3628 se

2231 3663 2492 3734 adjuvari
2513 3678 2682 3734 posse
2703 3679 2736 3718 a
2759 3661 3063 3736 Fulgentio
3087 3661 3147 3718 in
3169 3660 3531 3735 expositione
3553 3661 3895 3717 secundum

2231 3768 2406 3807 suum
2440 3768 2677 3806 sensum
2713 3751 2892 3823 hujus
2924 3751 3023 3808 45
3056 3749 3358 3824 apostolici
3381 3748 3898 3817 testimonii.0ua—

2230 3844 2468 3912 propter
2497 3840 2565 3894 ad
2601 3839 3022 3912 perscrutanda
3051 3837 3290 3912 capituli
3343 3837 3570 3912 reliqua
3618 3842 3895 3896 transea-

2230 3946 2387 3985 mus.

2879 4044 3108 4101 CAPUT
3145 4045 3239 4102 XI.

2329 4169 2404 4224 De
2426 4169 2831 4241 perscrutandis
2850 4171 3078 4243 capituli
3105 4169 3476 4243 subsequentis
3507 4169 3785 4243 reliquiis.

2303 4283 2562 4356 Deniquc
2583 4284 2664 4341 ait
2685 4289 2899 4352 noster,
2919 4284 3058 4358 quia
3076 4285 3337 4342 veritatis
3359 4285 3688 4341 secundum
3709 4303 3892 4344 suam

479 4370 570 4423 est
597 4367 668 4422 ab
713 4366 995 4438 {Egyptiis
1053 4367 1358 4439 cynomyia
1405 4367 1631 4423 dicente
1680 4369 2024 4440 Scriptura:
2058 4370 2126 4425 Et
2231 4371 3894 4448 intelligentiaminfestissimuspersecutor,«1nelectione

478 4455 796 4525 aggravavit
822 4454 1038 4511 Pharao
1087 4472 1178 4511 cor
1217 4471 1381 4510 suum
1423 4464 1474 4512 et
1520 4458 1581 4511 in
1628 4458 1727 4513 isto
1777 4465 2030 4530 tempore,
2073 4465 2125 4514 et
2230 4464 2426 4517 tamen
2450 4461 2862 4518 salvandorum
2894 4461 3355 4519 misericordiam
3405 4461 3507 4518 Dei
3554 4465 3895 4534 praecedere

475 4545 656 4600 noluit
681 4543 952 4600 dimittere
976 4547 1239 4617 populum
1262 4545 1450 4618 (Exod.
1484 4547 1634 4618 vm);
1669 4563 1734 4602 ac
1779 4563 1881 4620 per
1927 4547 2036 4604 hoc
2066 4551 2123 4604 et
2230 4551 2503 4607 meritum
2521 4549 2740 4608 bonum
2766 4569 2778 4609 :
2805 4551 2862 4607 in
2885 4551 3257 4609 damnatione
3273 4555 3467 4608 autem
3482 4551 3893 4624 periturorum

475 4632 952 4732 Deusninduravit
1093 4634 1722 4732 justu'mjudiciummt
1752 4635 1876 4732 ipse
1900 4637 2120 4732 Pharao
2153 4667 2199 4732 Β
2230 4639 2452 4696 malum
2483 4641 2756 4696 meritum
2779 4641 3101 4714 praecedere
3130 4641 3362 4714 justum
3385 4639 3480 4696 Dei
3503 4640 3828 4713 judicium.
3859 4666 3892 4694 ››

475 4738 579 4794 per
598 4720 847 4777 liberum
869 4721 1236 4778 arbitrium.»
1260 4723 1446 4795 Hujus
1474 4723 1649 4779 etiam
1671 4724 1984 4781 locutionis
2006 4743 2126 4781 mo-
2153 4720 2196 4732 “’
2234 4729 2431 4785 Noluit
2459 4729 2580 4784 haec
2626 4729 2737 4786 iste
2785 4729 3130 4803 compilator
3176 4729 3261 4787 sic
3316 4745 3551 4803 ponere,
3583 4728 3741 4786 sicut
3782 4731 3894 4790 illa

477 4811 617 4866 dum
639 4815 696 4866 et
715 4811 869 4866 Beda
889 4810 946 4866 in
970 4812 1226 4868 secundo
1255 4811 1402 4868 libro
1425 4815 1734 4869 commenti
1761 4815 1926 4870 Lucae
1948 4832 2120 4870 evan-
2232 4817 2438 4874 Florus
2485 4819 2546 4874 in
2596 4837 2701 4876 suo
2749 4820 2964 4892 scripto
3014 4820 3162 4876 bene
3207 4818 3440 4876 studuit
3464 4835 3701 4892 ponere,
3732 4823 3794 4877 et
3821 4821 3890 4879 in

473 4899 693 4974 gelistaz
731 4899 1422 4972 demonstrat,exponens
1456 4901 1804 4958 sententiam
1835 4903 1973 4958 dicti
2015 4904 2124 4959 Do-
2230 4913 2682 4982 quantocunque
2711 4908 2814 4964 illa
2841 4908 3033 4965 verbis
3063 4907 3436 4976 convertit,in
3468 4912 3630 4964 tanto
3669 4915 3890 4968 arceto

471 4989 694 5055 minici,
718 4988 974 5044 animam
1007 4989 1226 5044 salvam
1258 4990 1442 5046 facere
1473 5008 1546 5046 an
1592 4991 1849 5062 perdere,
1875 4991 1983 5047 hoc
2031 4996 2120 5049 est
2228 5013 2403 5053 sensu
2433 4997 2726 5070 pervertit.
2750 4997 2903 5054 Dixit
2932 5015 3187 5070 namque
3216 4997 3332 5068 ille,
3360 5020 3388 5049 «
3411 4997 3541 5054 Sive
3587 5001 3789 5055 autem
3820 4999 3888 5056 in

473 5077 770 5135 hominem
795 5095 996 5134 curare
1010 5095 1082 5134 an
1109 5095 1222 5133 non
1240 5095 1252 5133 :
1269 5103 1295 5128 ‹‹
1313 5079 1470 5135 Idem
1488 5081 1739 5152 estquod
1758 5081 2118 5152 praemiserat
2225 5084 2342 5140 illis
2365 5085 2464 5158 qui
2497 5085 2796 5142 salvantur
2824 5085 2942 5142 sive
2964 5087 3022 5142 in
3051 5085 3168 5143 illis
3187 5086 3286 5160 qui
3317 5089 3582 5159 pereunt,
3602 5087 3889 5145 voluntas

472 5167 618 5224 bene
644 5169 830 5224 facere
857 5186 928 5224 an
953 5167 1105 5222 male
1132 5184 1145 5224 :
1170 5185 1284 5222 non
1317 5169 1469 5239 quod
1505 5171 1654 5224 Deus
1675 5187 1904 5225 summe
1925 5171 2114 5227 bonus
2225 5174 2459 5247 propria
2490 5179 2916 5242 remuneratur,
2947 5175 3216 5232 voluntas
3255 5175 3490 5249 propria
3534 5175 3886 5235 damnatur.

472 5260 675 5312 auctor
703 5257 842 5314 mali
873 5256 1042 5314 nobis
1070 5261 1172 5312 aut
1200 5256 1548 5329 perditionis
1589 5274 1718 5314 esse
1766 5259 1980 5330 possit;
2013 5261 2115 5316 sed
2226 5265 2336 5320 Sed
2367 5264 2426 5318 in
2449 5263 2740 5338 illis,quia
2769 5281 2873 5338 per
2909 5265 3158 5339 gratiam
3193 5263 3421 5321 Domini
3453 5264 3764 5322 salvatoris
3793 5271 3892 5324 est

472 5345 627 5415 quod
659 5346 784 5416 ejus
817 5365 931 5402 non
953 5347 1174 5404 salvare
1197 5345 1505 5418 Scriptura:
1536 5349 1955 5404 consuetudine
1983 5367 2113 5422 per-
2225 5357 2534 5422 sanata,ut
2563 5371 2632 5410 ex
2660 5353 2819 5410 mala
2846 5358 2902 5410 et
2937 5371 3115 5426 prava
3149 5355 3314 5411 ﬁeret
3331 5354 3486 5411 bona
3502 5358 3560 5410 et
3579 5359 3762 5423 recta,
3793 5361 3891 5414 est

471 5432 606 5488 dere
628 5433 873 5504 dicatur,
890 5437 1042 5493 sicut
1066 5435 1278 5492 dicitur
1307 5435 1614 5492 indurasse
1645 5453 1744 5492 cor
1773 5437 2111 5511 Pharaonis,
2223 5441 2606 5514 proculdubio
2653 5442 2998 5515 dignissime
3040 5448 3334 5501 coronata.
3371 5444 3435 5500 In
3477 5443 3609 5500 istis
3653 5448 3884 5518 autem,

470 5537 586 5578 non
619 5523 772 5594 quod
797 5524 969 5580 molle
990 5523 1380 5591 obduraverit,
1395 5525 1494 5581 sed
1520 5527 1673 5598 quod
1707 5526 1931 5583 meritis
1962 5545 2114 5600 prae-
2223 5531 2363 5604 quia
2391 5549 2506 5588 non
2529 5531 2846 5604 acquiescit
2866 5548 2970 5605 per
2990 5533 3345 5590 Salvatorem
3367 5533 3622 5607 recipere
3653 5533 3888 5592 sanita-

469 5611 811 5669 cedentibus
841 5615 1193 5670 obduratum
1222 5614 1677 5670 misericorditer
1713 5616 1973 5674 emollire
2003 5635 2111 5674 no-
2219 5619 2698 5694 tem,justissime
2728 5638 2830 5694 per
2857 5623 3128 5680 eumdem
3151 5623 3414 5696 judicem
3446 5623 3660 5681 sentiet
3679 5641 3892 5699 perpe-

465 5699 745 5767 luerit.Et
783 5720 916 5762 cum
955 5720 1250 5780 rogamus,
1283 5706 1358 5762 Ne
1385 5721 1483 5762 nos
1512 5705 1739 5764 inducas
1769 5709 1830 5765 in
1859 5709 2112 5768 tentatio-
2220 5713 2385 5768 tuam
2417 5709 2910 5770 damnationem.»
2940 5713 3010 5771 Et
3029 5727 3208 5792 supra
3238 5730 3252 5771 :
3287 5737 3316 5767 «
3349 5714 3498 5793 Ergo
3521 5713 3710 5776 bonos
3731 5731 3886 5793 prte-

3887 5989 3918 6022 ε.
