4002 6494
149 470 260 532 109

765 442 776 452 ⁸
829 470 933 532 DE
974 471 1738 533 PRIEDESTINATIONE
1783 470 2300 535 DlSSEllTATIO
2345 474 2806 538 POSTERIOR.

3423 457 3539 537 mi

145 601 309 658 scivit
336 600 578 658 omnino
596 607 658 658 et
686 617 788 674 per
805 602 1054 676 gratiam
1078 620 1246 659 suam
1273 604 1456 659 bonos
1478 591 1792 670 futuros,et
1817 604 1866 671 Α
1899 603 2126 660 vivendi
2149 607 2368 664 donum
2396 607 2695 680 pervenire
2715 612 3068 675 mereantur,
3090 608 3242 664 sicut
3259 608 3542 666 Dominus

145 707 244 763 per
270 691 539 746 eamdem
578 691 828 763 gratiam
867 696 1083 747 mterna
1125 692 1360 761 praemia
1400 696 1742 762 accepturos
1777 708 1790 745 :

146 779 198 834 id
229 783 318 836 est
346 779 408 834 iu
441 779 716 852 praesenti
761 772 976 835 steculo
1021 780 1168 836 bene
1196 779 1450 837 victuros
1479 784 1538 836 et
1586 779 1646 835 in
1697 779 1794 835 fu-

145 871 270 924 turo
312 866 562 924 feliciter
597 869 1062 924 remunerandus
1094 884 1108 922 :
1143 874 1458 941 utrumque
1497 873 1694 925 tamen
1725 885 1795 924 ex

145 956 292 1012 dono
321 953 740 1011 misericordia:
769 955 896 1012 Dei.
919 955 1083 1012 Unde
1111 955 1426 1028 Apostolus
1448 973 1588 1012 vasa
1616 955 1792 1011 mise-

145 1043 398 1099 ricordiae
428 1043 560 1114 ejus
588 1041 849 1116 appellat
878 1043 1081 1100 dicens
1107 1060 1120 1098 :
1155 1046 1218 1102 Ut
1245 1045 1543 1101 ostenderet
1569 1043 1793 1100 divitias

146 1133 337 1203 gratia!
363 1146 489 1188 suae
516 1133 578 1187 in
605 1147 738 1187 vasa
763 1132 1180 1199 misericordiae,
1213 1148 1339 1206 quae
1371 1134 1706 1204 praeparavit
1733 1133 1795 1187 in

143 1221 371 1292 gloriam
399 1220 576 1288 (Rom.
613 1235 696 1285 Ix,
723 1220 836 1288 23).
871 1219 1209 1275 Ecoutrario
1256 1225 1452 1276 autem
1503 1219 1690 1276 malos
1735 1223 1795 1275 et

145 1307 426 1381 praseivit
455 1323 560 1380 per
587 1306 885 1380 propriam
917 1306 1204 1363 malitiam
1236 1309 1424 1364 malos
1455 1309 1705 1375 futuros,
1734 1312 1794 1364 et

145 1395 426 1470 prescivit
454 1413 561 1469 per
599 1412 771 1452 suam
802 1395 1099 1468 justitiam
1133 1400 1347 1453 aeterna
1375 1395 1597 1453 ultione
1625 1397 1791 1452 dam-

143 1485 384 1543 nandos.
407 1508 436 1535 ιο
461 1483 803 1541 lmmutavit
831 1483 1180 1557 compitalor
1209 1485 1593 1557 incomposite
1617 1485 1795 1540 verba

141 1573 480 1647 composita,
513 1577 573 1630 et
603 1578 828 1629 rectum
869 1588 1101 1628 secsum
1141 1573 1443 1630 transtulit
1471 1573 1530 1628 in
1563 1589 1792 1646 perver-

141 1679 290 1719 sum.
325 1662 387 1719 Si
447 1661 608 1718 enim
669 1659 934 1728 dixisset,
978 1660 1039 1716 in
1097 1660 1419 1718 salvatioue
1473 1661 1792 1718 electorum

141 1749 602 1807 misericordiam
663 1748 765 1806 Dei
823 1750 1149 1822 praecedere
1210 1749 1431 1807 bonum
1489 1749 1792 1818 meritum,

141 1846 436 1912 utcunque
483 1841 757 1895 constare
811 1837 1241 1912 intelligeretur
1285 1839 1593 1895 sententia.
1626 1839 1792 1894 Nunc

141 1933 352 1994 autem,
367 1927 512 2001 quia
532 1927 725 1983 dicere
748 1925 976 1996 maluit,
991 1926 1050 1982 in
1077 1927 1356 2004 electione
1377 1927 1790 1983 salvandorum
1819 1967 1869 2035 Β

141 2016 602 2074 misericordiam
641 2013 745 2071 Dei
784 2015 1108 2088 praecedere
1157 2015 1376 2072 bonum
1426 2014 1723 2081 meritum,
1757 2031 1794 2072 a

139 2105 556 2180 consequentia
585 2103 728 2160 recti
760 2119 973 2160 sensus
1003 2104 1263 2160 recessit.
1288 2103 1433 2159 Nam
1461 2104 1533 2159 de
1562 2103 1790 2160 salvan-

139 2197 340 2251 dorum
369 2192 660 2251 electione
703 2191 993 2266 scriptum
1033 2197 1122 2248 est
1153 2209 1167 2248 :
1201 2193 1376 2264 Elegit
1419 2193 1559 2248 Deus
1598 2209 1700 2249 nos
1731 2194 1792 2248 in

145 2287 272 2356 ipso,
303 2282 364 2339 id
404 2287 499 2338 est
544 2281 605 2337 in
635 2280 883 2350 Christo,
913 2288 1040 2337 ante
1087 2280 1285 2337 mundi
1333 2283 1789 2349 constitutionem,

139 2372 537 2445 przdestinans
563 2385 666 2426 nos
691 2371 752 2426 in
781 2369 1122 2440 adoptionem
1147 2370 1392 2440 ﬁliorum
1409 2370 1624 2442 (Ephes.
1649 2387 1690 2436 1,
1713 2371 1789 2438 4).

142 2462 296 2518 Unde
321 2459 699 2533 Augustinus
729 2457 788 2512 in
821 2457 971 2514 libro
1003 2457 1076 2513 de
1120 2457 1629 2513 Prmdestinatione
1657 2474 1792 2513 san-

139 2558 361 2608 ctorum
392 2549 542 2605 dicit
561 2548 702 2621 (cap.
730 2549 821 2616 10)
843 2564 893 2603 :«
927 2546 986 2602 Si
1014 2551 1308 2620 quaeratur
1350 2547 1504 2602 unde
1544 2546 1794 2619 quisque

141 2641 212 2696 sit
229 2639 474 2713 dignus,
488 2653 605 2694 non
627 2635 840 2692 desunt
856 2634 958 2708 qui
974 2634 1174 2690 dicant
1185 2633 1480 2690 voluntate
1497 2633 1759 2690 humana
1776 2650 1790 2690 :

145 2746 248 2786 nos
277 2727 562 2793 dicimus,
594 2724 787 2798 gratia
829 2721 919 2780 vel
969 2722 1478 2796 pmdestinatione
1523 2722 1738 2778 divina.
1765 2745 1795 2773 »ι

145 2819 212 2874 ει
241 2814 706 2890 predestinatio,
742 2830 870 2886 quae
917 2811 1044 2869 sine
1091 2811 1458 2884 praescientia
1501 2828 1629 2869 esse
1678 2828 1795 2867 non

145 2909 354 2979 potest,
383 2903 520 2977 ipsa
543 2907 636 2960 est
665 2899 1062 2969 electio,sicut
1089 2901 1256 2957 docet
1281 2899 1595 2973 Apostolus
1619 2915 1632 2954 :
1657 2899 1798 2968 Quos

141 2994 422 3068 praesciuit
465 2999 520 3048 et
560 2991 975 3064 prmanavit
1000 2990 1302 3062 conformes
1357 2989 1482 3060 ﬁeri
1535 2989 1798 3059 imaginis

147 3085 276 3140 Filii
291 3083 386 3139 sui
405 3082 588 3151 (Rom.
601 3096 725 3144 νιιι,
745 3079 867 3146 29).
886 3079 957 3135 Et
975 3077 1186 3134 iterum
1209 3093 1222 3134 :
1243 3077 1383 3146 Quos
1403 3078 1685 3149 praesciuit
1702 3077 1798 3132 hos

145 3183 196 3229 st
220 3171 659 3244 prmanavit,
678 3169 906 3232 vocavit,
923 3168 1264 3240 justiﬁcavlt,
1285 3167 1612 3238 gloriﬁcavit
1638 3164 1795 3237 (Ibid.

1903 692 1958 746 in
1983 693 2292 766 Evangelio
2314 694 2456 750 dicit
2479 712 2492 750 :
2517 696 2671 752 Multi
2697 704 2827 752 sunt
2853 698 3044 763 vocati,
3065 699 3229 768 pauci
3247 714 3368 754 vero
3387 699 3544 754 electi

1899 781 2104 850 (Matth.
2135 799 2274 848 xxn,
2318 785 2426 850 14),
2478 784 2614 840 hinc
2669 784 2960 858 intelligat
3013 784 3184 858 quale
3237 783 3332 852 sit,
3381 786 3540 858 quod

1899 871 2102 924 contra
2131 870 2230 926 Dei
2261 871 2510 942 gratiam
2538 873 2840 928 defensare
2870 871 3113 928 molitur
3130 871 3228 946 qui
3259 873 3330 929 de
3359 871 3540 930 libero

1899 957 2008 1013 sibi
2035 957 2336 1014 blanditur
2363 959 2623 1016 arbitrio.
2649 960 2993 1032 Quicunque
3013 959 3193 1028 enim,
3214 961 3420 1016 divinae
3448 979 3541 1018 vo-

1898 1045 2146 1101 cationis
2183 1064 2425 1103 munere
2468 1048 2764 1114 derelicto,
2791 1049 2864 1104 ad
2911 1049 3154 1121 impiam
3199 1066 3406 1105 rursus
3435 1049 3543 1105 de-

1899 1133 2114 1188 ﬂuxere
2135 1134 2460 1204 perfidiam,
2483 1133 2630 1206 ipsis
2653 1135 2749 1191 Dei
2773 1135 3023 1208 gratiam
3045 1135 3448 1192 deserentibus
3467 1135 3541 1192 ad

1897 1218 2264 1292 implendum
2295 1223 2449 1293 quod
2479 1222 2778 1279 voluerant
2811 1223 3033 1278 sufﬁcit
3075 1221 3407 1292 arbitrium,
3429 1245 3452 1272 ι
3486 1225 3547 1279 et

1898 1308 2276 1382 reliqua,quze
2299 1309 2476 1366 latius
2512 1315 2570 1366 et
2599 1311 2986 1367 disertissime
3007 1309 3222 1368 ibidem
3245 1313 3548 1384 prosequi-

1899 1402 1998 1454 tur
2023 1397 2224 1470 gratiae
2253 1398 2505 1455 caelestis
2534 1405 2747 1456 orator.
2773 1400 2918 1456 Hinc
2948 1402 3006 1455 et
3034 1399 3280 1472 Prosper
3306 1399 3364 1455 in
3395 1399 3544 1457 libro

1900 1486 2336 1542 Sententiarum
2357 1487 2872 1560 epigrammatum,
2887 1504 3037 1559 quas
3059 1503 3128 1543 ex
3147 1487 3334 1544 sancti
3353 1490 3548 1561 Augu-

1899 1573 2039 1628 stini
2069 1575 2243 1630 dictis
2272 1575 2520 1632 breviter
2546 1576 2846 1632 adnotavit
2866 1577 3004 1649 (cap.
3026 1577 3213 1646 1230)::
3237 1575 3400 1632 Sicut
3426 1577 3544 1633 duo

1899 1666 2059 1728 sunt,
2078 1662 2499 1735 inquit,ofticia
2518 1662 2840 1731 medicinae,
2856 1681 3040 1720 unum
3063 1681 3178 1736 quo
3199 1669 3445 1721 sanatur
3461 1663 3548 1720 in-

1899 1749 2148 1806 ﬁrmitas
2178 1750 2340 1806 aliud
2364 1768 2478 1824 quo
2509 1751 2842 1808 custoditur
2867 1752 3128 1810 sanitas:
3151 1751 3233 1808 ita
3252 1753 3370 1808 duo
3389 1753 3544 1810 dona

1899 1841 2040 1894 sunt
2068 1839 2289 1910 gratiae,
2314 1856 2498 1894 unum
2521 1839 2675 1912 quod
2706 1841 2898 1895 aufert
2919 1840 3114 1896 carnis
3138 1840 3538 1912 cupiditatem,

1899 1926 2060 1982 aliud
2090 1927 2247 1999 quod
2278 1927 2416 1983 facit
2459 1927 2639 1983 animi
2682 1944 3046 2001 perseverare
3080 1927 3416 1985 virtutem.»
3444 1929 3541 1986 llis

1899 2016 2206 2072 doctorum
2237 2015 2544 2072 sententiis
2563 2016 2752 2072 discat
2770 2019 2829 2073 et
2857 2015 3143 2089 intelligat
3161 2033 3223 2073 se
3252 2034 3368 2073 non
3397 2018 3544 2074 bene

1899 2105 2138 2171 dixisse,
2151 2105 2212 2160 in
2232 2103 2512 2160 electiOne
2532 2103 2942 2160 salvandorum
2962 2103 3420 2161 misericordiam
3442 2104 3544 2161 Dei

1901 2193 2222 2266 praecedere
2271 2191 2544 2248 meritum
2595 2193 2846 2259 bonum;
2897 2191 3177 2264 quoniam
3225 2193 3418 2266 prima
3454 2196 3546 2250 est

1900 2297 2077 2354 quam
2097 2279 2279 2336 altera
2299 2297 2414 2335 non
2439 2279 2710 2352 praicedit
2725 2280 2916 2352 gratia
2936 2279 2997 2335 in
3013 2280 3293 2338 electione
3313 2285 3372 2337 et
3383 2297 3548 2338 voca-

1901 2370 2058 2426 tione
2077 2369 2511 2437 salvandorum,
2527 2385 2655 2440 quae
2675 2385 2848 2424 omne
2880 2369 3149 2441 praecedit
3177 2369 3398 2425 bonum
3420 2385 3546 2426 me-

1901 2459 2080 2514 ritum
2105 2475 2119 2514 :
2146 2457 2288 2530 quin
2309 2460 2366 2513 et
2395 2456 2650 2530 cogitare
2673 2460 2732 2512 et
2750 2457 2895 2512 velle
2921 2457 3162 2528 bonum,
3184 2461 3242 2514 et
3262 2456 3437 2513 fidem
3459 2462 3546 2514 to-

1901 2547 2022 2603 tius
2041 2547 2234 2618 operis
2255 2545 2392 2601 boni
2411 2544 2808 2618 initium,qu¢'e
2831 2562 2935 2618 per
2952 2545 3322 2602 dilectionem
3343 2562 3547 2618 opera-

1903 2639 2020 2702 tur,
2042 2634 2168 2691 sine
2196 2651 2314 2706 qua
2345 2633 2707 2706 impossibile
2745 2639 2835 2691 est
2871 2631 3100 2706 placere
3135 2634 3274 2704 Deo,
3299 2639 3366 2690 ut
3392 2635 3548 2692 Scri-

1903 2727 2077 2796 ptura
2095 2727 2346 2779 testatur
2359 2722 2560 2778 dicens
2579 2738 2592 2778 :
2610 2721 2728 2778 Non
2751 2726 2910 2794 quasi
2926 2724 3257 2794 sufﬁcientes
3273 2723 3447 2779 simus
3467 2738 3548 2780 co-

1901 2814 2080 2882 gitare
2105 2809 2321 2882 aliquid
2345 2827 2381 2864 α
2407 2809 2584 2878 nobis,
2599 2811 2761 2882 quasi
2785 2826 2856 2866 ea:
2880 2810 3036 2866 nobis
3057 2829 3075 2864 :
3093 2809 3188 2866 sed
3214 2811 3548 2882 sufﬁcientia

1901 2907 2085 2956 nostra
2105 2915 2175 2954 ex
2189 2899 2296 2954 Deo
2315 2907 2394 2954 est
2412 2898 2484 2970 (II
2501 2897 2622 2955 Cor.
2641 2915 2726 2970 ιιι,
2742 2899 2798 2970 5)
2821 2914 2835 2954 :
2865 2899 2972 2966 Qui
2986 2898 3135 2955 dedit
3152 2899 3309 2956 nobis
3331 2907 3385 2955 et
3411 2900 3551 2956 velte

1902 2994 1955 3044 et
1976 2988 2234 3058 per/icere
2257 3001 2358 3057 pro
2388 2985 2528 3042 bona
2553 2986 2826 3043 voluntate
2853 2986 3082 3058 (Philip.
3106 3003 3167 3055 ιι,
3197 2987 3305 3060 13),
3327 2991 3386 3042 et
3416 3003 3430 3043 :
3463 2987 3550 3044 At-

1905 3077 2009 3132 teri
2035 3075 2199 3131 datur
2229 3074 2361 3146 ﬁdes
2391 3077 2453 3130 in
2478 3073 2662 3131 eodem
2697 3077 2898 3147 spiritu
2926 3075 2972 3144 (1
3001 3075 3122 3132 Cor.
3150 3091 3250 3144 xu,
3281 3078 3358 3144 8).
3385 3074 3550 3132 Unde

1903 3164 2268 3238 Augustinus
2297 3162 2358 3218 in
2390 3161 2538 3219 libro
2569 3163 2640 3220 de
2671 3162 3179 3221 Praedestinatione
3212 3168 3548 3220 sanctorum

149 3280 196 3317 ι.
225 3263 346 3332 ﬁ);
380 3258 607 3332 quibus
633 3254 888 3330 singulis
929 3254 1080 3311 banc
1108 3270 1409 3328 opponens
1446 3254 1795 3310 sententiam
1842 3329 1872 3332 _
1905 3252 2049 3310 dicit
2075 3257 2216 3325 (cap.
2242 3252 2328 3324 18)
2353 3267 2367 3307 :
2393 3273 2413 3301 α
2441 3251 2626 3324 Elegit
2654 3251 2810 3308 Deus
2838 3252 2897 3308 in
2920 3251 3150 3310 Christo
3180 3257 3313 3309 ante
3343 3252 3550 3308 mundi

149 3329 419 3407 sanet—usi
445 3329 818 3420 Augustinus
874 3342 1181 3416 subjungit
1223 3343 1362 3416 (cap.
1397 3345 1486 3412 17)
1509 3367 1536 3392 ‹‹
1569 3348 1628 3398 et
1685 3359 1799 3398 non
1830 3329 1875 3397 C
1907 3340 2388 3398 constitutionem
2418 3339 2683 3396 membra
2711 3341 2878 3412 ejus:
2906 3345 2964 3397 et
2991 3341 3284 3415 quomodo
3313 3341 3554 3414 eligeret

149 3439 319 3507 alios;
344 3460 374 3488 η
398 3443 461 3493 et
479 3435 686 3492 electio
709 3433 912 3507 gratiaa
932 3433 1062 3506 ipsa
1080 3436 1172 3488 est
1191 3431 1612 3488 misericordia.
1635 3431 1804 3486 Dicat

147 3542 452 3600 crgo,que
473 3523 880 3581 misericordia
900 3526 991 3578 est
1011 3521 1266 3594 aliaque
1289 3519 1562 3593 praecedit
1581 3520 1800 3576 bonum

150 3614 424 3671 meritum
457 3613 518 3669 in
559 3611 845 3669 electione
883 3609 1318 3676 salvandorum,
1351 3607 1400 3664 si
1432 3609 1493 3665 in
1523 3607 1802 3664 electione

152 3703 572 3760 salvandorum
602 3699 878 3774 praecedit
909 3697 1330 3756 misericordia.
1364 3695 1549 3770 Igitur
1577 3696 1805 3753 miseri-

151 3792 409 3850 cordiam
452 3791 559 3846 Δ.
599 3786 876 3862 ριιωοόίίἰι
922 3785 1342 3852 misericordia,
1373 3790 1431 3842 et
1458 3789 1631 3841 erunt
1675 3785 1804 3840 dua)

153 3879 571 3939 misericordia
587 3877 808 3952 quibus
827 3875 1126 3950 eliguntur
1144 3874 1406 3932 salvandi
1421 3891 1434 3929 :
1449 3891 1586 3930 cum
1609 3891 1720 3931 non
1744 3874 1804 3929 in

153 3971 429 4028 electione
455 3967 900 4034 salvandorum,
924 3965 1024 4022 sed
1062 3963 1117 4020 in
1143 3963 1462 4020 salvatione
1491 3963 1806 4019 electorum

155 4059 381 4116 duobus
399 4056 598 4114 modis
613 4055 694 4112 sit
714 4053 1093 4128 intelligenda
1110 4053 1208 4109 Dei
1233 4051 1808 4122 miscricordia,vide-

155 4148 281 4206 licet
301 4148 438 4222 ejus
458 4143 721 4218 gratuita
746 4143 956 4216 gratia.
982 4143 1144 4198 Unde
1167 4141 1217 4197 si
1237 4140 1362 4197 vult
1383 4142 1534 4197 inter
1556 4141 1808 4214 primam

155 4243 206 4293 et
233 4235 566 4295 secundam
599 4231 1082 4299 misericordiam,
1105 4229 1422 4304 gratuitam
1443 4229 1668 4286 scilicet
1685 4245 1813 4303 gra-

157 4325 682 4398 tiam,coguoscere
698 4319 1107 4387 differentiam,
1121 4319 1276 4392 legat
1295 4319 1485 4375 sancti
1499 4317 1811 4392 Augustini

155 4413 367 4472 librum
389 4413 469 4469 de
496 4409 702 4485 gratiae
727 4407 1259 4482 pradestinatione,
1284 4407 1342 4462 in
1367 4423 1483 4479 quo
1513 4407 1587 4463 ad
1617 4405 1812 4463 locum

157 4503 292 4559 dicit
313 4503 462 4576 (cap.
489 4500 580 4570 10)
604 4514 652 4554 :c
679 4497 936 4555 Misereor
962 4497 1054 4553 cui
1080 4495 1396 4564 miserebor,
1427 4503 1480 4550 et
1503 4496 1814 4552 misericor-

155 4590 300 4648 diam
324 4587 604 4663 παίσω
631 4587 726 4644 cui
750 4586 1062 4642 misericors
1084 4585 1241 4656 fuero
1266 4583 1459 4657 (Exod.
1481 4599 1679 4648 min,
1703 4583 1814 4656 19),

157 4685 218 4735 ut
235 4679 504 4753 primum
520 4693 558 4733 a
573 4675 692 4732 Deo
714 4673 1176 4764 misericordiam
1191 4671 1490 4764 vocatione
1505 4671 1813 4764 credamus
1841 4692 1895 4764 Β

1909 3447 2008 3487 eos
2037 3430 2139 3502 qui
2186 3429 2454 3485 nundum
2501 3433 2688 3497 erant,
2721 3429 2835 3485 nisi
2887 3429 3403 3504 prmdestinando?
3424 3451 3452 3481 ι)
3485 3430 3556 3486 Et

1909 3524 2043 3592 post
2069 3517 2373 3591 aliquanta
2404 3533 2418 3572 :
2447 3538 2474 3568 ι(
2495 3517 2682 3590 Elegit
2723 3533 2859 3592 ergo
2897 3533 3003 3573 nos
3051 3519 3205 3575 Deus
3235 3517 3294 3574 in
3324 3517 3554 3574 Christo

1911 3613 2045 3664 ante
2095 3605 2300 3662 mundi
2343 3605 2842 3672 constitutionem,
2874 3606 3293 3680 praedestinans
3339 3623 3446 3662 nos
3493 3605 3554 3661 in
3608 3601 3622 3610 ’

1911 3696 2283 3770 adoptionem
2308 3694 2593 3751 filiorum:
2618 3712 2732 3751 non
2755 3695 2894 3767 quia
2914 3712 3018 3767 per
3037 3712 3144 3752 nos
3163 3695 3348 3752 sancti
3371 3700 3430 3751 et
3451 3695 3558 3751 im-

1913 3784 2193 3842 maculati
2245 3783 2424 3839 futuri
2472 3799 2730 3853 eramus,
2753 3783 2854 3839 scd
2901 3782 3094 3857 elegit,
3127 3782 3558 3856 praedestinavit

1913 3891 2027 3948 que
2049 3879 2115 3930 ut
2142 3889 2466 3938 essemus,»
2487 3871 2748 3943 alioquin
2777 3871 2965 3944 gratia
3001 3873 3128 3943 jam
3179 3874 3275 3928 47
3321 3889 3436 3927 non
3467 3875 3558 3927 est

1915 3963 2122 4040 gratia,
2147 3963 2196 4019 si
2220 3977 2334 4017 non
2366 3960 2540 4016 fuerit
2569 3961 2752 4032 gratis
2771 3961 2928 4015 data.
2951 3960 3220 4016 Secunda
3243 3964 3439 4016 autem
3468 3963 3561 4016 est

1917 4051 2315 4110 misericordia
2336 4048 2454 4106 sive
2474 4048 2662 4122 gratia
2681 4053 2833 4104 recte
2852 4047 3102 4117 vivendi,
3126 4048 3198 4104 ad
3219 4064 3399 4122 quam
3422 4065 3561 4122 prte-

1917 4142 2046 4200 sciti
2067 4145 2125 4198 et
2153 4138 2568 4213 przedestinati,
2587 4136 2756 4194 electi
2786 4143 2960 4210 atque
2979 4137 3164 4194 vocati
3185 4139 3387 4212 gratias
3407 4137 3560 4196 dono

1917 4229 2215 4306 pervenire
2237 4229 2534 4284 merentur
2554 4243 2568 4282 :
2592 4243 2712 4298 qua
2729 4227 2918 4298 gratia
2936 4226 3248 4298 justiticati
3275 4227 3337 4283 in
3365 4228 3565 4308 futuro

1919 4318 2420 4395 gloriﬁcabuutur,
2453 4315 2804 4388 accipientes
2841 4316 3090 4388 gratiam
3126 4332 3231 4390 pro
3261 4315 3469 4389 gratia,
3501 4315 3561 4371 id

1919 4413 2009 4466 est
2036 4406 2286 4482 gratiam
2343 4405 2523 4461 beatae
2581 4402 2981 4460 retributionis
3012 4421 3115 4478 pro
3157 4403 3344 4478 gratia
3397 4404 3564 4476 bonp

1921 4494 2297 4570 operationis,
2327 4493 2483 4549 sicut
2528 4496 2770 4549 sanctus
2798 4491 3160 4566 Augustinus
3203 4493 3265 4549 in
3315 4491 3464 4549 libro
3493 4492 3568 4550 de

1922 4587 2079 4644 Bono
2111 4581 2547 4657 perseverantia
2580 4580 2834 4654 scripsit.

2549 4694 2782 4752 CAPUT
2818 4695 2938 4753 XII.

159 4767 502 4825 hominibus
531 4761 850 4838 prterogari
873 4778 888 4820 :
911 4779 1040 4836 quae
1069 4762 1193 4819 sola
1218 4761 1290 4864 ad
1324 4765 1476 4817 recte
1505 4760 1801 4864 vivendum

1930 4788 2206 4864 Di/Iinitio
2238 4785 2430 4864 sancti
2454 4785 2778 4864 Augustini,
2795 4785 2933 4857 quid
2959 4785 3036 4864 sit
3063 4795 3570 4864 sanctorumprte-

159 4873 270 4916 non
289 4852 600 4924 ιιιωοίῂεὶ
622 4853 857 4910 deserat
876 4850 980 4924 qui
997 4850 1242 4908 vocavit.
1263 4849 1511 4922 Ideoque
1530 4849 1819 4918 additum,

159 4953 210 5002 et
233 4942 686 5003 misericordiam
711 4939 982 5014 praestabo
1021 4942 1116 4996 cui
1150 4940 1462 4996 misericors
1488 4939 1664 5010 fuero,
1694 4944 1760 4995 ut
1788 4955 1824 4996 a

163 5034 275 5092 Deo
301 5032 494 5108 accipi
527 5029 916 5088 manifestum
935 5028 1016 5086 sit
1045 5028 1224 5086 etiam
1254 5027 1384 5100 ipsa
1410 5026 1821 5084 misericordiae

163 5140 358 5196 opera,
377 5139 511 5196 qua
544 5136 688 5177 cum
707 5117 977 5176 videmur
999 5117 1344 5190 impendere
1371 5116 1468 5171 Dei
1503 5116 1826 5172 misericor-

166 5212 318 5268 diam
347 5224 784 5286 promeremur.
808 5206 905 5264 Sic
923 5206 1080 5262 enim
1111 5205 1172 5262 in
1202 5202 1514 5277 Evangelio
1541 5205 1824 5262 Dominus

166 5300 302 5358 dicit
344 5318 362 5358 :
401 5299 565 5356 Beati
617 5295 1024 5362 misericordes,
1078 5295 1339 5368 quoniam
1393 5294 1828 5352 misericordiam

169 5396 563 5462 mouentur
590 5385 801 5455 (latth.
825 5401 880 5451 v,
900 5385 978 5456 7).
995 5384 1158 5450 Quod
1190 5382 1305 5438 nisi
1335 5379 1419 5437 sic
1441 5380 1830 5467 intellexisset

169 5476 501 5549 Apostolus,
515 5488 830 5548 nunquam
848 5471 1213 5546 probationis
1233 5469 1426 5544 gratia
1446 5471 1829 5544 disputationi

171 5579 286 5621 suc
313 5565 426 5623 hoc
453 5561 870 5623 testimonium
921 5564 1187 5618 curasset
1234 5559 1510 5616 inseram.
1545 5559 1606 5617 Si
1653 5577 1828 5634 quem

171 5668 302 5712 vero
329 5659 528 5713 movet
550 5652 716 5730 quod
743 5667 864 5712 non
895 5665 1124 5718 omnes,
1146 5649 1324 5706 etiam
1356 5647 1427 5704 de
1454 5647 1548 5705 bis
1578 5649 1679 5724 qui
1701 5651 1828 5725 jam

173 5742 356 5807 vocati
383 5747 548 5820 sunt,
580 5742 660 5808 ad
689 5740 1013 5804 secundam
1043 5739 1320 5820 gratiam,
1349 5735 1410 5796 id
1452 5741 1544 5800 est
1573 5739 1646 5800 ad
1677 5749 1830 5805 recte

1997 4856 2324 4932 destinatio,
2342 4873 2518 4932 aqua
2539 4856 2926 4932 capitulorum
2950 4860 3197 4916 istorum
3223 4859 3570 4928 eompitator

1997 4931 2340 4990 omnimodis
2360 4929 2698 5001 discordare
2713 4932 3096 5001 cognoscitur,
3109 4939 3165 4986 et
3182 4944 3289 5001 per
3301 4932 3570 4996 ambages

1997 5006 2165 5077 ﬁdem
2185 5002 2392 5077 divina
2413 5000 2944 5077 praztlestinationis
2957 5000 3320 5077 estenuando
3343 5012 3570 5077 perer

2003 5071 2092 5146 tit,
2115 5083 2170 5130 et
2199 5075 2373 5128 verba
2401 5072 2660 5146 veritatis
2678 5071 2755 5128 ad
2773 5073 3073 5146 mendacia
3091 5081 3365 5146 quantum
3385 5075 3573 5140 potest

2003 5090 2092 5146 tu,
2115 5090 2170 5130 et
2199 5090 2373 5128 verba
2401 5090 2660 5128 vernans
2678 5090 2754 5128 aa
2773 5090 3365 5199 inritant-uagantur):
3385 5090 3572 5140 pou-st

2003 5147 2276 5220 inﬂectit:
2303 5144 2452 5220 unde
2478 5159 2609 5199 eum
2629 5144 3046 5220 catholicorum
3085 5215 3098 5220 Α
3146 5144 3335 5220 ctrina
3363 5146 3575 5212 aperta

2003 5215 2266 5286 veritate,
2295 5224 2350 5271 ct
2395 5216 2444 5269 si
2483 5231 2595 5271 non
2623 5232 2755 5271 eum
2808 5215 3146 5285 pertinacia:
3200 5215 3576 5286 intramontem

2005 5292 2083 5346 ad
2106 5285 2401 5345 tramitem
2418 5289 2681 5360 veritatis
2701 5287 3174 5360 reﬂectit,verum
3189 5287 3261 5342 de
3277 5285 3582 5342 mendacio

2007 5361 2367 5418 contrarium
2396 5359 2632 5415 veritati
2660 5359 2920 5415 revincit.

2009 5501 2036 5528 α
2072 5478 2201 5533 Herc
2247 5479 2356 5542 est,
2401 5474 2695 5546 inquiens,
2743 5451 3173 5544 praedestinatio
3219 5476 3581 5540 sanctorum,

1939 5567 2086 5623 nihil
2116 5565 2300 5630 aliud,
2327 5561 2690 5636 praescientla
2710 5560 2930 5617 scilicet
2957 5566 3017 5618 et
3049 5561 3389 5637 praeparatio
3409 5562 3584 5618 bene-

1939 5657 2208 5713 ﬁciorum
2240 5652 2359 5720 Dei,
2385 5651 2600 5724 quibus
2625 5649 2950 5708 certissime
2979 5651 3305 5709 liberantur
3331 5650 3585 5724 quicun-

1939 5763 2052 5827 que
2092 5743 2486 5804 liberantur.»
2506 5740 2577 5800 Et
2621 5739 2762 5801 item
2792 5740 2854 5802 in
2881 5743 3087 5804 eodem
3107 5743 3246 5821 (cap.
3265 5741 3322 5818 7)
3346 5756 3362 5802 :
3385 5761 3415 5794 «
3449 5739 3597 5800 Post
