  <div class='ocr_page' id='page_1' title='image "/cluster/home/n/w/nwhite01/storage/ocr_20150623/125/umn.31951002477418t/061.png"; bbox 0 0 4002 6458; ppageno 0'>
   <div class='ocr_carea' id='block_1_1' title="bbox 464 428 573 491">
    <p class='ocr_par' dir='ltr' id='par_1_1' title="bbox 464 428 573 491">
     <span class='ocr_line' id='line_1_1' title="bbox 464 428 573 491; baseline 0 -1"><span class='ocrx_word' id='word_1_1' title='bbox 464 428 573 491; x_wconf 75' lang='lat' dir='ltr'>Hi</span> 
     </span>
    </p>
   </div>
   <div class='ocr_carea' id='block_1_2' title="bbox 1379 430 2929 495">
    <p class='ocr_par' dir='ltr' id='par_1_2' title="bbox 1379 430 2929 495">
     <span class='ocr_line' id='line_1_2' title="bbox 1379 430 2929 495; baseline 0 -3"><span class='ocrx_word' id='word_1_2' title='bbox 1379 430 1677 492; x_wconf 67' lang='lat' dir='ltr'>HINCMA</span> <span class='ocrx_word' id='word_1_3' title='bbox 1692 430 1769 492; x_wconf 72' lang='grc' dir='ltr'>ΩΙ</span> <span class='ocrx_word' id='word_1_4' title='bbox 1817 430 2267 494; x_wconf 82' lang='lat' dir='ltr'>llilEMENSIS</span> <span class='ocrx_word' id='word_1_5' title='bbox 2311 431 2929 495; x_wconf 80' lang='lat' dir='ltr'>AllClllEPISCOPI.</span> 
     </span>
    </p>
   </div>
   <div class='ocr_carea' id='block_1_3' title="bbox 3742 429 3860 490">
    <p class='ocr_par' dir='ltr' id='par_1_3' title="bbox 3742 429 3860 490">
     <span class='ocr_line' id='line_1_3' title="bbox 3742 429 3860 490; baseline 0.008 -1"><span class='ocrx_word' id='word_1_6' title='bbox 3742 429 3860 490; x_wconf 68' lang='lat' dir='ltr'>HS</span> 
     </span>
    </p>
   </div>
   <div class='ocr_carea' id='block_1_4' title="bbox 459 560 3861 637">
    <p class='ocr_par' dir='ltr' id='par_1_4' title="bbox 459 560 3861 637">
     <span class='ocr_line' id='line_1_4' title="bbox 459 560 3861 637; baseline -0.001 -16"><span class='ocrx_word' id='word_1_7' title='bbox 459 578 662 621; x_wconf 75' lang='lat' dir='ltr'>casum</span> <span class='ocrx_word' id='word_1_8' title='bbox 692 566 891 618; x_wconf 88' lang='lat' dir='ltr'>autem</span> <span class='ocrx_word' id='word_1_9' title='bbox 930 562 1207 633; x_wconf 83' lang='lat' dir='ltr'>hominis,</span> <span class='ocrx_word' id='word_1_10' title='bbox 1241 581 1355 619; x_wconf 90' lang='lat' dir='ltr'>non</span> <span class='ocrx_word' id='word_1_11' title='bbox 1387 565 1499 620; x_wconf 83' lang='lat' dir='ltr'>nisi</span> <span class='ocrx_word' id='word_1_12' title='bbox 1539 565 1611 619; x_wconf 91' lang='lat' dir='ltr'>ad</span> <span class='ocrx_word' id='word_1_13' title='bbox 1654 563 1902 637; x_wconf 75' lang='lat' dir='ltr'>gratiam</span> <span class='ocrx_word' id='word_1_14' title='bbox 1931 581 2099 620; x_wconf 88' lang='lat' dir='ltr'>suam</span> <span class='ocrx_word' id='word_1_15' title='bbox 2131 564 2184 635; x_wconf 72' lang='grc' dir='ltr'>Α</span> <span class='ocrx_word' id='word_1_16' title='bbox 2215 564 2463 622; x_wconf 89' lang='lat' dir='ltr'>ricordia</span> <span class='ocrx_word' id='word_1_17' title='bbox 2492 565 2689 622; x_wconf 80' lang='lat' dir='ltr'>miseri</span> <span class='ocrx_word' id='word_1_18' title='bbox 2726 564 3042 637; x_wconf 89' lang='lat' dir='ltr'>eliguntur,</span> <span class='ocrx_word' id='word_1_19' title='bbox 3074 567 3138 621; x_wconf 88' lang='lat' dir='ltr'>ut</span> <span class='ocrx_word' id='word_1_20' title='bbox 3177 563 3313 621; x_wconf 88' lang='lat' dir='ltr'>boni</span> <span class='ocrx_word' id='word_1_21' title='bbox 3345 563 3418 620; x_wconf 85' lang='lat' dir='ltr'>de</span> <span class='ocrx_word' id='word_1_22' title='bbox 3454 560 3632 619; x_wconf 82' lang='lat' dir='ltr'>malis</span> <span class='ocrx_word' id='word_1_23' title='bbox 3658 561 3812 618; x_wconf 75' lang='lat' dir='ltr'>flant</span> <span class='ocrx_word' id='word_1_24' title='bbox 3841 577 3861 619; x_wconf 83' lang='lat'><strong>:</strong></span> 
     </span>
    </p>
   </div>
   <div class='ocr_carea' id='block_1_5' title="bbox 458 649 2102 725">
    <p class='ocr_par' dir='ltr' id='par_1_5' title="bbox 458 649 2102 725">
     <span class='ocr_line' id='line_1_5' title="bbox 458 649 2102 725; baseline 0.001 -18"><span class='ocrx_word' id='word_1_25' title='bbox 458 650 614 707; x_wconf 88' lang='lat' dir='ltr'>Deus</span> <span class='ocrx_word' id='word_1_26' title='bbox 640 649 824 707; x_wconf 86' lang='lat' dir='ltr'>voluit</span> <span class='ocrx_word' id='word_1_27' title='bbox 852 651 1141 725; x_wconf 88' lang='lat' dir='ltr'>pertinere</span> <span class='ocrx_word' id='word_1_28' title='bbox 1162 657 1228 708; x_wconf 89' lang='lat' dir='ltr'>ut</span> <span class='ocrx_word' id='word_1_29' title='bbox 1256 653 1431 709; x_wconf 85' lang='lat' dir='ltr'>homo</span> <span class='ocrx_word' id='word_1_30' title='bbox 1459 654 1696 709; x_wconf 84' lang='lat' dir='ltr'>accedat</span> <span class='ocrx_word' id='word_1_31' title='bbox 1716 654 1788 709; x_wconf 88' lang='lat' dir='ltr'>ad</span> <span class='ocrx_word' id='word_1_32' title='bbox 1819 670 1974 721; x_wconf 87' lang='lat' dir='ltr'>eum,</span> <span class='ocrx_word' id='word_1_33' title='bbox 2003 670 2102 709; x_wconf 90' lang='lat' dir='ltr'>ne-</span> 
     </span>
    </p>
   </div>
   <div class='ocr_carea' id='block_1_6' title="bbox 457 737 2102 815">
    <p class='ocr_par' dir='ltr' id='par_1_6' title="bbox 457 737 2102 815">
     <span class='ocr_line' id='line_1_6' title="bbox 457 737 2102 815; baseline 0.001 -19"><span class='ocrx_word' id='word_1_34' title='bbox 457 755 573 813; x_wconf 85' lang='lat' dir='ltr'>que</span> <span class='ocrx_word' id='word_1_35' title='bbox 603 737 716 794; x_wconf 90' lang='lat' dir='ltr'>nisi</span> <span class='ocrx_word' id='word_1_36' title='bbox 748 740 819 795; x_wconf 88' lang='lat' dir='ltr'>ad</span> <span class='ocrx_word' id='word_1_37' title='bbox 850 739 1097 813; x_wconf 79' lang='lat' dir='ltr'>gratiam</span> <span class='ocrx_word' id='word_1_38' title='bbox 1121 758 1289 797; x_wconf 87' lang='lat' dir='ltr'>suam</span> <span class='ocrx_word' id='word_1_39' title='bbox 1310 741 1495 798; x_wconf 87' lang='lat' dir='ltr'>voluit</span> <span class='ocrx_word' id='word_1_40' title='bbox 1515 741 1825 815; x_wconf 81' lang='lat' dir='ltr'>pertinere,</span> <span class='ocrx_word' id='word_1_41' title='bbox 1842 746 1907 798; x_wconf 87' lang='lat' dir='ltr'>ut</span> <span class='ocrx_word' id='word_1_42' title='bbox 1928 741 2102 798; x_wconf 72' lang='lat' dir='ltr'>homo</span> 
     </span>
    </p>
   </div>
   <div class='ocr_carea' id='block_1_7' title="bbox 457 828 2103 905">
    <p class='ocr_par' dir='ltr' id='par_1_7' title="bbox 457 828 2103 905">
     <span class='ocr_line' id='line_1_7' title="bbox 457 828 2103 905; baseline 0.002 -21"><span class='ocrx_word' id='word_1_43' title='bbox 457 843 576 885; x_wconf 91' lang='lat' dir='ltr'>non</span> <span class='ocrx_word' id='word_1_44' title='bbox 612 828 845 885; x_wconf 82' lang='lat' dir='ltr'>recedat</span> <span class='ocrx_word' id='word_1_45' title='bbox 871 829 947 885; x_wconf 91' lang='lat' dir='ltr'>ab</span> <span class='ocrx_word' id='word_1_46' title='bbox 975 845 1064 886; x_wconf 91' lang='lat' dir='ltr'>eo.</span> <span class='ocrx_word' id='word_1_47' title='bbox 1087 830 1247 887; x_wconf 90' lang='lat' dir='ltr'>Hanc</span> <span class='ocrx_word' id='word_1_48' title='bbox 1286 831 1532 905; x_wconf 81' lang='lat' dir='ltr'>gratiam</span> <span class='ocrx_word' id='word_1_49' title='bbox 1583 831 1779 904; x_wconf 86' lang='lat' dir='ltr'>posuit</span> <span class='ocrx_word' id='word_1_50' title='bbox 1807 831 1866 887; x_wconf 89' lang='lat' dir='ltr'>in</span> <span class='ocrx_word' id='word_1_51' title='bbox 1897 829 1996 888; x_wconf 88' lang='lat' dir='ltr'>illo</span> <span class='ocrx_word' id='word_1_52' title='bbox 2041 829 2103 887; x_wconf 92' lang='lat' dir='ltr'>in</span> 
     </span>
    </p>
   </div>
   <div class='ocr_carea' id='block_1_8' title="bbox 456 918 2103 993">
    <p class='ocr_par' dir='ltr' id='par_1_8' title="bbox 456 918 2103 993">
     <span class='ocr_line' id='line_1_8' title="bbox 456 918 2103 993; baseline 0.001 -20"><span class='ocrx_word' id='word_1_53' title='bbox 456 931 575 990; x_wconf 90' lang='lat' dir='ltr'>quo</span> <span class='ocrx_word' id='word_1_54' title='bbox 613 919 829 974; x_wconf 85' lang='lat' dir='ltr'>sortem</span> <span class='ocrx_word' id='word_1_55' title='bbox 856 919 1151 976; x_wconf 81' lang='lat' dir='ltr'>consecuti</span> <span class='ocrx_word' id='word_1_56' title='bbox 1201 936 1430 988; x_wconf 90' lang='lat' dir='ltr'>sumus,</span> <span class='ocrx_word' id='word_1_57' title='bbox 1451 918 1847 993; x_wconf 71' lang='lat' dir='ltr'>przedestinati</span> <span class='ocrx_word' id='word_1_58' title='bbox 1895 936 2103 977; x_wconf 79' lang='lat' dir='ltr'>serun-</span> 
     </span>
    </p>
   </div>
   <div class='ocr_carea' id='block_1_9' title="bbox 459 1005 2105 1082">
    <p class='ocr_par' dir='ltr' id='par_1_9' title="bbox 459 1005 2105 1082">
     <span class='ocr_line' id='line_1_9' title="bbox 459 1005 2105 1082; baseline -0.001 -16"><span class='ocrx_word' id='word_1_59' title='bbox 459 1005 602 1066; x_wconf 88' lang='lat' dir='ltr'>dum</span> <span class='ocrx_word' id='word_1_60' title='bbox 630 1006 995 1080; x_wconf 90' lang='lat' dir='ltr'>propositum</span> <span class='ocrx_word' id='word_1_61' title='bbox 1017 1009 1145 1081; x_wconf 90' lang='lat' dir='ltr'>ejus</span> <span class='ocrx_word' id='word_1_62' title='bbox 1175 1009 1273 1082; x_wconf 86' lang='lat' dir='ltr'>qui</span> <span class='ocrx_word' id='word_1_63' title='bbox 1305 1009 1575 1066; x_wconf 89' lang='lat' dir='ltr'>universa</span> <span class='ocrx_word' id='word_1_64' title='bbox 1603 1013 1878 1082; x_wconf 78' lang='lat' dir='ltr'>operatur</span> <span class='ocrx_word' id='word_1_65' title='bbox 1906 1026 1970 1064; x_wconf 83' lang='lat' dir='ltr'>ar</span> <span class='ocrx_word' id='word_1_66' title='bbox 2003 1026 2105 1082; x_wconf 88' lang='lat' dir='ltr'>per</span> 
     </span>
    </p>
   </div>
   <div class='ocr_carea' id='block_1_10' title="bbox 456 1093 2102 1171">
    <p class='ocr_par' dir='ltr' id='par_1_10' title="bbox 456 1093 2102 1171">
     <span class='ocr_line' id='line_1_10' title="bbox 456 1093 2102 1171; baseline 0.001 -20"><span class='ocrx_word' id='word_1_67' title='bbox 456 1093 570 1151; x_wconf 86' lang='lat' dir='ltr'>hoc</span> <span class='ocrx_word' id='word_1_68' title='bbox 583 1093 738 1151; x_wconf 92' lang='lat' dir='ltr'>sicut</span> <span class='ocrx_word' id='word_1_69' title='bbox 755 1100 1029 1169; x_wconf 88' lang='lat' dir='ltr'>operatur</span> <span class='ocrx_word' id='word_1_70' title='bbox 1048 1102 1113 1153; x_wconf 88' lang='lat' dir='ltr'>ut</span> <span class='ocrx_word' id='word_1_71' title='bbox 1133 1099 1500 1167; x_wconf 88' lang='lat' dir='ltr'>accedamus,</span> <span class='ocrx_word' id='word_1_72' title='bbox 1523 1097 1609 1154; x_wconf 89' lang='lat' dir='ltr'>sic</span> <span class='ocrx_word' id='word_1_73' title='bbox 1629 1101 1903 1171; x_wconf 89' lang='lat' dir='ltr'>operatur</span> <span class='ocrx_word' id='word_1_74' title='bbox 1923 1115 1994 1153; x_wconf 88' lang='lat' dir='ltr'>ne</span> <span class='ocrx_word' id='word_1_75' title='bbox 2015 1097 2102 1153; x_wconf 89' lang='lat' dir='ltr'>di-</span> 
     </span>
    </p>
   </div>
   <div class='ocr_carea' id='block_1_11' title="bbox 412 1183 2106 1259">
    <p class='ocr_par' dir='ltr' id='par_1_11' title="bbox 412 1183 2106 1259">
     <span class='ocr_line' id='line_1_11' title="bbox 412 1183 2106 1259; baseline -0.001 -16"><span class='ocrx_word' id='word_1_76' title='bbox 412 1205 417 1210; x_wconf 91' lang='grc'><strong>·</strong></span> <span class='ocrx_word' id='word_1_77' title='bbox 458 1183 825 1243; x_wconf 81' lang='lat' dir='ltr'>scedamus.»</span> <span class='ocrx_word' id='word_1_78' title='bbox 848 1185 919 1242; x_wconf 91' lang='lat' dir='ltr'>Et</span> <span class='ocrx_word' id='word_1_79' title='bbox 940 1184 999 1241; x_wconf 93' lang='lat' dir='ltr'>in</span> <span class='ocrx_word' id='word_1_80' title='bbox 1023 1185 1192 1256; x_wconf 86' lang='lat' dir='ltr'>libro,</span> <span class='ocrx_word' id='word_1_81' title='bbox 1216 1187 1370 1244; x_wconf 87' lang='lat' dir='ltr'>sicut</span> <span class='ocrx_word' id='word_1_82' title='bbox 1389 1204 1569 1259; x_wconf 82' lang='lat' dir='ltr'>supra</span> <span class='ocrx_word' id='word_1_83' title='bbox 1588 1186 1942 1254; x_wconf 85' lang='lat' dir='ltr'>diximus,de</span> <span class='ocrx_word' id='word_1_84' title='bbox 1965 1186 2106 1242; x_wconf 66' lang='lat' dir='ltr'>Prai-</span> 
     </span>
    </p>
   </div>
   <div class='ocr_carea' id='block_1_12' title="bbox 458 1271 2101 1351">
    <p class='ocr_par' dir='ltr' id='par_1_12' title="bbox 458 1271 2101 1351">
     <span class='ocr_line' id='line_1_12' title="bbox 458 1271 2101 1351; baseline 0.001 -23"><span class='ocrx_word' id='word_1_85' title='bbox 458 1271 846 1330; x_wconf 86' lang='lat' dir='ltr'>destinatiene</span> <span class='ocrx_word' id='word_1_86' title='bbox 875 1278 1215 1332; x_wconf 89' lang='lat' dir='ltr'>sanctorum</span> <span class='ocrx_word' id='word_1_87' title='bbox 1245 1279 1384 1351; x_wconf 86' lang='lat' dir='ltr'>(cap.</span> <span class='ocrx_word' id='word_1_88' title='bbox 1421 1277 1508 1346; x_wconf 89' lang='grc'>10)</span> <span class='ocrx_word' id='word_1_89' title='bbox 1540 1293 1554 1332; x_wconf 90' lang='lat'><strong>:</strong></span> <span class='ocrx_word' id='word_1_90' title='bbox 1584 1298 1606 1326; x_wconf 74' lang='grc' dir='ltr'><strong>α</strong></span> <span class='ocrx_word' id='word_1_91' title='bbox 1641 1274 1703 1331; x_wconf 90' lang='lat' dir='ltr'>Si</span> <span class='ocrx_word' id='word_1_92' title='bbox 1730 1275 2101 1345; x_wconf 88' lang='lat' dir='ltr'>discutiatur,</span> 
     </span>
    </p>
   </div>
   <div class='ocr_carea' id='block_1_13' title="bbox 457 1359 2103 1438">
    <p class='ocr_par' dir='ltr' id='par_1_13' title="bbox 457 1359 2103 1438">
     <span class='ocr_line' id='line_1_13' title="bbox 457 1359 2103 1438; baseline 0.001 -19"><span class='ocrx_word' id='word_1_93' title='bbox 457 1359 671 1433; x_wconf 83' lang='lat' dir='ltr'>inquit,</span> <span class='ocrx_word' id='word_1_94' title='bbox 701 1364 760 1419; x_wconf 91' lang='lat' dir='ltr'>et</span> <span class='ocrx_word' id='word_1_95' title='bbox 788 1367 1084 1436; x_wconf 65' lang='lat' dir='ltr'>quairatur</span> <span class='ocrx_word' id='word_1_96' title='bbox 1120 1365 1275 1420; x_wconf 89' lang='lat' dir='ltr'>unde</span> <span class='ocrx_word' id='word_1_97' title='bbox 1305 1365 1555 1438; x_wconf 88' lang='lat' dir='ltr'>quisque</span> <span class='ocrx_word' id='word_1_98' title='bbox 1596 1364 1673 1421; x_wconf 90' lang='lat' dir='ltr'>sit</span> <span class='ocrx_word' id='word_1_99' title='bbox 1717 1365 1955 1437; x_wconf 88' lang='lat' dir='ltr'>dignus,</span> <span class='ocrx_word' id='word_1_100' title='bbox 1988 1381 2103 1420; x_wconf 90' lang='lat' dir='ltr'>non</span> 
     </span>
    </p>
   </div>
   <div class='ocr_carea' id='block_1_14' title="bbox 458 1448 2104 1524">
    <p class='ocr_par' dir='ltr' id='par_1_14' title="bbox 458 1448 2104 1524">
     <span class='ocr_line' id='line_1_14' title="bbox 458 1448 2104 1524; baseline 0.002 -18"><span class='ocrx_word' id='word_1_101' title='bbox 458 1448 673 1507; x_wconf 81' lang='lat' dir='ltr'>desunt</span> <span class='ocrx_word' id='word_1_102' title='bbox 701 1450 801 1524; x_wconf 90' lang='lat' dir='ltr'>qui</span> <span class='ocrx_word' id='word_1_103' title='bbox 846 1452 1046 1509; x_wconf 90' lang='lat' dir='ltr'>dicant</span> <span class='ocrx_word' id='word_1_104' title='bbox 1074 1453 1371 1512; x_wconf 80' lang='lat' dir='ltr'>voluntate</span> <span class='ocrx_word' id='word_1_105' title='bbox 1417 1454 1678 1511; x_wconf 89' lang='lat' dir='ltr'>humana</span> <span class='ocrx_word' id='word_1_106' title='bbox 1709 1471 1722 1510; x_wconf 91' lang='lat'><strong>:</strong></span> <span class='ocrx_word' id='word_1_107' title='bbox 1759 1471 1865 1510; x_wconf 90' lang='lat' dir='ltr'>nos</span> <span class='ocrx_word' id='word_1_108' title='bbox 1909 1459 2104 1510; x_wconf 89' lang='lat' dir='ltr'>autem</span> 
     </span>
    </p>
   </div>
   <div class='ocr_carea' id='block_1_15' title="bbox 458 1535 2107 1614">
    <p class='ocr_par' dir='ltr' id='par_1_15' title="bbox 458 1535 2107 1614">
     <span class='ocr_line' id='line_1_15' title="bbox 458 1535 2107 1614; baseline 0.001 -20"><span class='ocrx_word' id='word_1_109' title='bbox 458 1535 736 1608; x_wconf 84' lang='lat' dir='ltr'>dicimus,</span> <span class='ocrx_word' id='word_1_110' title='bbox 774 1539 963 1613; x_wconf 87' lang='lat' dir='ltr'>gratia</span> <span class='ocrx_word' id='word_1_111' title='bbox 1007 1540 1094 1597; x_wconf 85' lang='lat' dir='ltr'>vel</span> <span class='ocrx_word' id='word_1_112' title='bbox 1146 1542 1654 1614; x_wconf 68' lang='lat' dir='ltr'>praedestinatione</span> <span class='ocrx_word' id='word_1_113' title='bbox 1701 1543 1917 1599; x_wconf 90' lang='lat' dir='ltr'>divina.</span> <span class='ocrx_word' id='word_1_114' title='bbox 1951 1542 2107 1599; x_wconf 83' lang='lat' dir='ltr'>Inter</span> 
     </span>
    </p>
   </div>
   <div class='ocr_carea' id='block_1_16' title="bbox 456 1626 2108 1702">
    <p class='ocr_par' dir='ltr' id='par_1_16' title="bbox 456 1626 2108 1702">
     <span class='ocr_line' id='line_1_16' title="bbox 456 1626 2108 1702; baseline 0.002 -19"><span class='ocrx_word' id='word_1_115' title='bbox 456 1626 709 1700; x_wconf 77' lang='lat' dir='ltr'>gratiam</span> <span class='ocrx_word' id='word_1_116' title='bbox 741 1644 913 1700; x_wconf 90' lang='lat' dir='ltr'>porro</span> <span class='ocrx_word' id='word_1_117' title='bbox 938 1633 995 1686; x_wconf 93' lang='lat' dir='ltr'>et</span> <span class='ocrx_word' id='word_1_118' title='bbox 1023 1631 1589 1702; x_wconf 65' lang='lat' dir='ltr'>praedestinationem</span> <span class='ocrx_word' id='word_1_119' title='bbox 1624 1632 1733 1688; x_wconf 91' lang='lat' dir='ltr'>hoc</span> <span class='ocrx_word' id='word_1_120' title='bbox 1762 1635 1992 1688; x_wconf 88' lang='lat' dir='ltr'>tantum</span> <span class='ocrx_word' id='word_1_121' title='bbox 2023 1631 2108 1686; x_wconf 85' lang='lat' dir='ltr'>in-</span> 
     </span>
    </p>
   </div>
   <div class='ocr_carea' id='block_1_17' title="bbox 456 1717 2102 1794">
    <p class='ocr_par' dir='ltr' id='par_1_17' title="bbox 456 1717 2102 1794">
     <span class='ocr_line' id='line_1_17' title="bbox 456 1717 2102 1794; baseline -0.001 -19"><span class='ocrx_word' id='word_1_122' title='bbox 456 1718 657 1789; x_wconf 79' lang='lat' dir='ltr'>terest,</span> <span class='ocrx_word' id='word_1_123' title='bbox 681 1717 837 1789; x_wconf 89' lang='lat' dir='ltr'>quod</span> <span class='ocrx_word' id='word_1_124' title='bbox 871 1718 1307 1790; x_wconf 63' lang='lat' dir='ltr'>praedestinatio</span> <span class='ocrx_word' id='word_1_125' title='bbox 1355 1724 1444 1776; x_wconf 90' lang='lat' dir='ltr'>est</span> <span class='ocrx_word' id='word_1_126' title='bbox 1491 1720 1688 1793; x_wconf 68' lang='lat' dir='ltr'>gratiae</span> <span class='ocrx_word' id='word_1_127' title='bbox 1738 1719 2102 1794; x_wconf 73' lang='lat' dir='ltr'>prmparatio,</span> 
     </span>
    </p>
   </div>
   <div class='ocr_carea' id='block_1_18' title="bbox 455 1803 2107 1882">
    <p class='ocr_par' dir='ltr' id='par_1_18' title="bbox 455 1803 2107 1882">
     <span class='ocr_line' id='line_1_18' title="bbox 455 1803 2107 1882; baseline 0.004 -22"><span class='ocrx_word' id='word_1_128' title='bbox 455 1803 650 1878; x_wconf 80' lang='lat' dir='ltr'>gratia</span> <span class='ocrx_word' id='word_1_129' title='bbox 701 1821 836 1863; x_wconf 83' lang='lat' dir='ltr'>vero</span> <span class='ocrx_word' id='word_1_130' title='bbox 887 1807 1013 1878; x_wconf 90' lang='lat' dir='ltr'>jam</span> <span class='ocrx_word' id='word_1_131' title='bbox 1076 1808 1204 1881; x_wconf 90' lang='lat' dir='ltr'>ipsa</span> <span class='ocrx_word' id='word_1_132' title='bbox 1261 1808 1519 1865; x_wconf 84' lang='lat' dir='ltr'>donatio.</span> <span class='ocrx_word' id='word_1_133' title='bbox 1551 1809 1713 1876; x_wconf 86' lang='lat' dir='ltr'>Quod</span> <span class='ocrx_word' id='word_1_134' title='bbox 1769 1809 1967 1882; x_wconf 89' lang='lat' dir='ltr'>itaque</span> <span class='ocrx_word' id='word_1_135' title='bbox 2023 1809 2107 1866; x_wconf 88' lang='lat' dir='ltr'>ait</span> 
     </span>
    </p>
   </div>
   <div class='ocr_carea' id='block_1_19' title="bbox 452 1891 2103 1971">
    <p class='ocr_par' dir='ltr' id='par_1_19' title="bbox 452 1891 2103 1971">
     <span class='ocr_line' id='line_1_19' title="bbox 452 1891 2103 1971; baseline 0.004 -22"><span class='ocrx_word' id='word_1_136' title='bbox 452 1891 770 1965; x_wconf 81' lang='lat' dir='ltr'>Apostolus</span> <span class='ocrx_word' id='word_1_137' title='bbox 803 1910 817 1950; x_wconf 88' lang='lat'><strong>:</strong></span> <span class='ocrx_word' id='word_1_138' title='bbox 850 1895 963 1952; x_wconf 83' lang='lat' dir='ltr'>Non</span> <span class='ocrx_word' id='word_1_139' title='bbox 994 1912 1065 1952; x_wconf 72' lang='lat' dir='ltr'>ex</span> <span class='ocrx_word' id='word_1_140' title='bbox 1105 1897 1377 1969; x_wconf 76' lang='lat' dir='ltr'>operibus,</span> <span class='ocrx_word' id='word_1_141' title='bbox 1408 1915 1481 1954; x_wconf 79' lang='lat' dir='ltr'>ne</span> <span class='ocrx_word' id='word_1_142' title='bbox 1519 1899 1659 1970; x_wconf 80' lang='lat' dir='ltr'>forte</span> <span class='ocrx_word' id='word_1_143' title='bbox 1705 1901 1827 1971; x_wconf 84' lang='lat' dir='ltr'>quis</span> <span class='ocrx_word' id='word_1_144' title='bbox 1876 1898 2103 1956; x_wconf 67' lang='lat' dir='ltr'>extolla-</span> 
     </span>
    </p>
   </div>
   <div class='ocr_carea' id='block_1_20' title="bbox 454 1983 2106 2057">
    <p class='ocr_par' dir='ltr' id='par_1_20' title="bbox 454 1983 2106 2057">
     <span class='ocr_line' id='line_1_20' title="bbox 454 1983 2106 2057; baseline 0.003 -18"><span class='ocrx_word' id='word_1_145' title='bbox 454 1986 567 2047; x_wconf 72' lang='lat' dir='ltr'>tur,</span> <span class='ocrx_word' id='word_1_146' title='bbox 595 1983 771 2054; x_wconf 79' lang='lat' dir='ltr'>ipsius</span> <span class='ocrx_word' id='word_1_147' title='bbox 798 1985 948 2040; x_wconf 81' lang='lat' dir='ltr'>enim</span> <span class='ocrx_word' id='word_1_148' title='bbox 985 2001 1176 2040; x_wconf 80' lang='lat' dir='ltr'>sumus</span> <span class='ocrx_word' id='word_1_149' title='bbox 1223 1987 1558 2057; x_wconf 79' lang='lat' dir='ltr'>ﬁgmentum,</span> <span class='ocrx_word' id='word_1_150' title='bbox 1591 1990 1759 2044; x_wconf 75' lang='lat' dir='ltr'>creati</span> <span class='ocrx_word' id='word_1_151' title='bbox 1804 1989 1865 2043; x_wconf 82' lang='lat' dir='ltr'>in</span> <span class='ocrx_word' id='word_1_152' title='bbox 1894 1986 2106 2044; x_wconf 77' lang='lat' dir='ltr'>Christo</span> 
     </span>
    </p>
   </div>
   <div class='ocr_carea' id='block_1_21' title="bbox 451 2071 2103 2149">
    <p class='ocr_par' dir='ltr' id='par_1_21' title="bbox 451 2071 2103 2149">
     <span class='ocr_line' id='line_1_21' title="bbox 451 2071 2103 2149; baseline 0.003 -23"><span class='ocrx_word' id='word_1_153' title='bbox 451 2072 589 2134; x_wconf 70' lang='lat' dir='ltr'>Iesu</span> <span class='ocrx_word' id='word_1_154' title='bbox 616 2071 678 2126; x_wconf 81' lang='lat' dir='ltr'>in</span> <span class='ocrx_word' id='word_1_155' title='bbox 705 2071 956 2144; x_wconf 74' lang='lat' dir='ltr'>operibus</span> <span class='ocrx_word' id='word_1_156' title='bbox 986 2072 1141 2129; x_wconf 81' lang='lat' dir='ltr'>bonis</span> <span class='ocrx_word' id='word_1_157' title='bbox 1165 2074 1380 2147; x_wconf 84' lang='lat' dir='ltr'>(Ephes.</span> <span class='ocrx_word' id='word_1_158' title='bbox 1404 2092 1466 2143; x_wconf 80' lang='grc' dir='ltr'>ιι,</span> <span class='ocrx_word' id='word_1_159' title='bbox 1487 2075 1564 2144; x_wconf 85' lang='grc'>9),</span> <span class='ocrx_word' id='word_1_160' title='bbox 1589 2075 1777 2149; x_wconf 89' lang='lat' dir='ltr'>gratia</span> <span class='ocrx_word' id='word_1_161' title='bbox 1797 2080 1887 2132; x_wconf 90' lang='lat' dir='ltr'>est</span> <span class='ocrx_word' id='word_1_162' title='bbox 1909 2092 1923 2131; x_wconf 88' lang='lat'><strong>:</strong></span> <span class='ocrx_word' id='word_1_163' title='bbox 1947 2076 2103 2149; x_wconf 90' lang='lat' dir='ltr'>quod</span> 
     </span>
    </p>
   </div>
   <div class='ocr_carea' id='block_1_22' title="bbox 455 2159 2106 2234">
    <p class='ocr_par' dir='ltr' id='par_1_22' title="bbox 455 2159 2106 2234">
     <span class='ocr_line' id='line_1_22' title="bbox 455 2159 2106 2234; baseline 0.003 -17"><span class='ocrx_word' id='word_1_164' title='bbox 455 2160 653 2217; x_wconf 76' lang='lat' dir='ltr'>autem</span> <span class='ocrx_word' id='word_1_165' title='bbox 676 2159 981 2233; x_wconf 83' lang='lat' dir='ltr'>sequitur:</span> <span class='ocrx_word' id='word_1_166' title='bbox 1009 2161 1140 2230; x_wconf 71' lang='lat' dir='ltr'>Qua’</span> <span class='ocrx_word' id='word_1_167' title='bbox 1161 2165 1500 2234; x_wconf 70' lang='lat' dir='ltr'>praeparavit</span> <span class='ocrx_word' id='word_1_168' title='bbox 1526 2165 1666 2221; x_wconf 83' lang='lat' dir='ltr'>Deus</span> <span class='ocrx_word' id='word_1_169' title='bbox 1687 2173 1747 2220; x_wconf 84' lang='lat' dir='ltr'>ut</span> <span class='ocrx_word' id='word_1_170' title='bbox 1772 2167 1832 2220; x_wconf 84' lang='lat' dir='ltr'>in</span> <span class='ocrx_word' id='word_1_171' title='bbox 1856 2165 1973 2221; x_wconf 76' lang='lat' dir='ltr'>illis</span> <span class='ocrx_word' id='word_1_172' title='bbox 1992 2182 2106 2222; x_wconf 88' lang='lat' dir='ltr'>am-</span> 
     </span>
    </p>
   </div>
   <div class='ocr_carea' id='block_1_23' title="bbox 457 2245 2105 2327">
    <p class='ocr_par' dir='ltr' id='par_1_23' title="bbox 457 2245 2105 2327">
     <span class='ocr_line' id='line_1_23' title="bbox 457 2245 2105 2327; baseline 0.004 -24"><span class='ocrx_word' id='word_1_173' title='bbox 457 2245 724 2316; x_wconf 75' lang='lat' dir='ltr'>bulemus,</span> <span class='ocrx_word' id='word_1_174' title='bbox 765 2248 1198 2321; x_wconf 60' lang='lat' dir='ltr'>pradestinatio</span> <span class='ocrx_word' id='word_1_175' title='bbox 1244 2255 1354 2321; x_wconf 89' lang='lat' dir='ltr'>est,</span> <span class='ocrx_word' id='word_1_176' title='bbox 1389 2269 1516 2325; x_wconf 68' lang='lat' dir='ltr'>quas</span> <span class='ocrx_word' id='word_1_177' title='bbox 1567 2252 1693 2310; x_wconf 92' lang='lat' dir='ltr'>sine</span> <span class='ocrx_word' id='word_1_178' title='bbox 1739 2253 2105 2327; x_wconf 70' lang='lat' dir='ltr'>praescientia</span> 
     </span>
    </p>
   </div>
   <div class='ocr_carea' id='block_1_24' title="bbox 456 2341 1019 2411">
    <p class='ocr_par' dir='ltr' id='par_1_24' title="bbox 456 2341 1019 2411">
     <span class='ocr_line' id='line_1_24' title="bbox 456 2341 1019 2411; baseline 0.002 -19"><span class='ocrx_word' id='word_1_179' title='bbox 456 2349 587 2395; x_wconf 87' lang='lat' dir='ltr'>esse</span> <span class='ocrx_word' id='word_1_180' title='bbox 612 2351 731 2394; x_wconf 90' lang='lat' dir='ltr'>non</span> <span class='ocrx_word' id='word_1_181' title='bbox 761 2341 969 2411; x_wconf 89' lang='lat' dir='ltr'>potest.</span> <span class='ocrx_word' id='word_1_182' title='bbox 994 2360 1019 2393; x_wconf 75' lang='grc' dir='ltr'><strong><em>ι</em></strong></span> 
     </span>
    </p>
   </div>
   <div class='ocr_carea' id='block_1_25' title="bbox 527 2423 2103 2500">
    <p class='ocr_par' dir='ltr' id='par_1_25' title="bbox 527 2423 2103 2500">
     <span class='ocr_line' id='line_1_25' title="bbox 527 2423 2103 2500; baseline 0.004 -17"><span class='ocrx_word' id='word_1_183' title='bbox 527 2423 641 2483; x_wconf 87' lang='lat' dir='ltr'>Sed</span> <span class='ocrx_word' id='word_1_184' title='bbox 672 2425 784 2484; x_wconf 89' lang='lat' dir='ltr'>iste</span> <span class='ocrx_word' id='word_1_185' title='bbox 812 2432 1221 2500; x_wconf 81' lang='lat' dir='ltr'>commutatur,</span> <span class='ocrx_word' id='word_1_186' title='bbox 1250 2429 1575 2488; x_wconf 87' lang='lat' dir='ltr'>immutans</span> <span class='ocrx_word' id='word_1_187' title='bbox 1602 2431 1777 2488; x_wconf 89' lang='lat' dir='ltr'>verba</span> <span class='ocrx_word' id='word_1_188' title='bbox 1806 2435 1863 2488; x_wconf 91' lang='lat' dir='ltr'>et</span> <span class='ocrx_word' id='word_1_189' title='bbox 1890 2449 2103 2490; x_wconf 88' lang='lat' dir='ltr'>sensus</span> 
     </span>
    </p>
   </div>
   <div class='ocr_carea' id='block_1_26' title="bbox 456 2512 2101 2594">
    <p class='ocr_par' dir='ltr' id='par_1_26' title="bbox 456 2512 2101 2594">
     <span class='ocr_line' id='line_1_26' title="bbox 456 2512 2101 2594; baseline 0.005 -23"><span class='ocrx_word' id='word_1_190' title='bbox 456 2512 608 2572; x_wconf 77' lang='lat' dir='ltr'>Fieri</span> <span class='ocrx_word' id='word_1_191' title='bbox 638 2515 741 2588; x_wconf 86' lang='lat' dir='ltr'>qui</span> <span class='ocrx_word' id='word_1_192' title='bbox 770 2521 1009 2574; x_wconf 91' lang='lat' dir='ltr'>secutus</span> <span class='ocrx_word' id='word_1_193' title='bbox 1054 2519 1246 2576; x_wconf 81' lang='lat' dir='ltr'>fuerat</span> <span class='ocrx_word' id='word_1_194' title='bbox 1292 2537 1531 2576; x_wconf 90' lang='lat' dir='ltr'>sensum</span> <span class='ocrx_word' id='word_1_195' title='bbox 1578 2521 1912 2594; x_wconf 85' lang='lat' dir='ltr'>Augustini,</span> <span class='ocrx_word' id='word_1_196' title='bbox 1946 2522 2101 2579; x_wconf 88' lang='lat' dir='ltr'>sicut</span> 
     </span>
    </p>
   </div>
   <div class='ocr_carea' id='block_1_27' title="bbox 453 2602 717 2662">
    <p class='ocr_par' dir='ltr' id='par_1_27' title="bbox 453 2602 717 2662">
     <span class='ocr_line' id='line_1_27' title="bbox 453 2602 717 2662; baseline 0.008 -2"><span class='ocrx_word' id='word_1_197' title='bbox 453 2602 673 2661; x_wconf 88' lang='lat' dir='ltr'>dicitur</span> <span class='ocrx_word' id='word_1_198' title='bbox 702 2621 717 2662; x_wconf 89' lang='lat'><strong>:</strong></span> 
     </span>
    </p>
   </div>
   <div class='ocr_carea' id='block_1_28' title="bbox 575 2745 1823 2819">
    <p class='ocr_par' dir='ltr' id='par_1_28' title="bbox 575 2745 1823 2819">
     <span class='ocr_line' id='line_1_28' title="bbox 575 2745 1823 2819; baseline 0.006 -22"><span class='ocrx_word' id='word_1_199' title='bbox 575 2745 757 2798; x_wconf 84' lang='lat' dir='ltr'>Cattus</span> <span class='ocrx_word' id='word_1_200' title='bbox 783 2745 840 2798; x_wconf 89' lang='lat' dir='ltr'>in</span> <span class='ocrx_word' id='word_1_201' title='bbox 869 2747 1110 2800; x_wconf 84' lang='lat' dir='ltr'>obscuris</span> <span class='ocrx_word' id='word_1_202' title='bbox 1139 2751 1279 2815; x_wconf 88' lang='lat' dir='ltr'>cepit</span> <span class='ocrx_word' id='word_1_203' title='bbox 1307 2765 1404 2816; x_wconf 85' lang='lat' dir='ltr'>pro</span> <span class='ocrx_word' id='word_1_204' title='bbox 1435 2753 1602 2804; x_wconf 88' lang='lat' dir='ltr'>soriee</span> <span class='ocrx_word' id='word_1_205' title='bbox 1632 2754 1823 2819; x_wconf 79' lang='lat' dir='ltr'>picem,</span> 
     </span>
    </p>
   </div>
   <div class='ocr_carea' id='block_1_29' title="bbox 449 2871 2096 2947">
    <p class='ocr_par' dir='ltr' id='par_1_29' title="bbox 449 2871 2096 2947">
     <span class='ocr_line' id='line_1_29' title="bbox 449 2871 2096 2947; baseline 0.007 -20"><span class='ocrx_word' id='word_1_206' title='bbox 449 2871 730 2944; x_wconf 81' lang='lat' dir='ltr'>putamus</span> <span class='ocrx_word' id='word_1_207' title='bbox 756 2873 914 2946; x_wconf 89' lang='lat' dir='ltr'>quod</span> <span class='ocrx_word' id='word_1_208' title='bbox 945 2875 1181 2947; x_wconf 89' lang='lat' dir='ltr'>quando</span> <span class='ocrx_word' id='word_1_209' title='bbox 1216 2876 1362 2932; x_wconf 88' lang='lat' dir='ltr'>dixit</span> <span class='ocrx_word' id='word_1_210' title='bbox 1389 2878 1448 2933; x_wconf 89' lang='lat' dir='ltr'>in</span> <span class='ocrx_word' id='word_1_211' title='bbox 1480 2877 1762 2936; x_wconf 88' lang='lat' dir='ltr'>electione</span> <span class='ocrx_word' id='word_1_212' title='bbox 1791 2879 2096 2938; x_wconf 88' lang='lat' dir='ltr'>salvando-</span> 
     </span>
    </p>
   </div>
   <div class='ocr_carea' id='block_1_30' title="bbox 449 2959 2092 3041">
    <p class='ocr_par' dir='ltr' id='par_1_30' title="bbox 449 2959 2092 3041">
     <span class='ocr_line' id='line_1_30' title="bbox 449 2959 2092 3041; baseline 0.006 -25"><span class='ocrx_word' id='word_1_213' title='bbox 449 2975 588 3016; x_wconf 88' lang='lat' dir='ltr'>rum</span> <span class='ocrx_word' id='word_1_214' title='bbox 603 2959 1066 3020; x_wconf 87' lang='lat' dir='ltr'>misericordiam</span> <span class='ocrx_word' id='word_1_215' title='bbox 1082 2963 1182 3021; x_wconf 89' lang='lat' dir='ltr'>Dei</span> <span class='ocrx_word' id='word_1_216' title='bbox 1208 2967 1530 3038; x_wconf 69' lang='lat' dir='ltr'>prazcedere</span> <span class='ocrx_word' id='word_1_217' title='bbox 1553 2968 1826 3024; x_wconf 87' lang='lat' dir='ltr'>meritum</span> <span class='ocrx_word' id='word_1_218' title='bbox 1850 2970 2092 3041; x_wconf 90' lang='lat' dir='ltr'>bonum,</span> 
     </span>
    </p>
   </div>
   <div class='ocr_carea' id='block_1_31' title="bbox 450 3047 2094 3126">
    <p class='ocr_par' dir='ltr' id='par_1_31' title="bbox 450 3047 2094 3126">
     <span class='ocr_line' id='line_1_31' title="bbox 450 3047 2094 3126; baseline 0.006 -21"><span class='ocrx_word' id='word_1_219' title='bbox 450 3047 513 3106; x_wconf 87' lang='lat' dir='ltr'>in</span> <span class='ocrx_word' id='word_1_220' title='bbox 531 3048 907 3108; x_wconf 83' lang='lat' dir='ltr'>damnatione</span> <span class='ocrx_word' id='word_1_221' title='bbox 937 3055 1133 3108; x_wconf 90' lang='lat' dir='ltr'>autem</span> <span class='ocrx_word' id='word_1_222' title='bbox 1155 3054 1547 3126; x_wconf 84' lang='lat' dir='ltr'>periturorum</span> <span class='ocrx_word' id='word_1_223' title='bbox 1573 3057 1797 3113; x_wconf 90' lang='lat' dir='ltr'>malum</span> <span class='ocrx_word' id='word_1_224' title='bbox 1818 3059 2094 3115; x_wconf 89' lang='lat' dir='ltr'>meritum</span> 
     </span>
    </p>
   </div>
   <div class='ocr_carea' id='block_1_32' title="bbox 449 3138 2095 3214">
    <p class='ocr_par' dir='ltr' id='par_1_32' title="bbox 449 3138 2095 3214">
     <span class='ocr_line' id='line_1_32' title="bbox 449 3138 2095 3214; baseline 0.007 -21"><span class='ocrx_word' id='word_1_225' title='bbox 449 3138 771 3210; x_wconf 69' lang='lat' dir='ltr'>praecedere</span> <span class='ocrx_word' id='word_1_226' title='bbox 791 3140 1026 3212; x_wconf 90' lang='lat' dir='ltr'>justum</span> <span class='ocrx_word' id='word_1_227' title='bbox 1061 3141 1164 3198; x_wconf 86' lang='lat' dir='ltr'>Dei</span> <span class='ocrx_word' id='word_1_228' title='bbox 1192 3143 1510 3214; x_wconf 83' lang='lat' dir='ltr'>judicium,</span> <span class='ocrx_word' id='word_1_229' title='bbox 1540 3145 1650 3202; x_wconf 89' lang='lat' dir='ltr'>hoc</span> <span class='ocrx_word' id='word_1_230' title='bbox 1679 3147 1870 3204; x_wconf 88' lang='lat' dir='ltr'>dicere</span> <span class='ocrx_word' id='word_1_231' title='bbox 1898 3147 2095 3205; x_wconf 80' lang='lat' dir='ltr'>volue-</span> 
     </span>
    </p>
   </div>
   <div class='ocr_carea' id='block_1_33' title="bbox 450 3223 2094 3310">
    <p class='ocr_par' dir='ltr' id='par_1_33' title="bbox 450 3223 2094 3310">
     <span class='ocr_line' id='line_1_33' title="bbox 450 3223 2094 3310; baseline 0.006 -27"><span class='ocrx_word' id='word_1_232' title='bbox 450 3223 549 3294; x_wconf 84' lang='lat' dir='ltr'>rit,</span> <span class='ocrx_word' id='word_1_233' title='bbox 571 3227 727 3299; x_wconf 86' lang='lat' dir='ltr'>quod</span> <span class='ocrx_word' id='word_1_234' title='bbox 761 3231 1000 3286; x_wconf 89' lang='lat' dir='ltr'>sanctus</span> <span class='ocrx_word' id='word_1_235' title='bbox 1027 3231 1394 3303; x_wconf 82' lang='lat' dir='ltr'>Augustinus</span> <span class='ocrx_word' id='word_1_236' title='bbox 1425 3235 1749 3292; x_wconf 84' lang='lat' dir='ltr'>rectissime</span> <span class='ocrx_word' id='word_1_237' title='bbox 1773 3241 1829 3292; x_wconf 90' lang='lat' dir='ltr'>et</span> <span class='ocrx_word' id='word_1_238' title='bbox 1849 3237 2094 3310; x_wconf 85' lang='lat' dir='ltr'>apertis-</span> 
     </span>
    </p>
   </div>
   <div class='ocr_carea' id='block_1_34' title="bbox 2212 649 3865 727">
    <p class='ocr_par' dir='ltr' id='par_1_34' title="bbox 2212 649 3865 727">
     <span class='ocr_line' id='line_1_34' title="bbox 2212 649 3865 727; baseline -0.002 -18"><span class='ocrx_word' id='word_1_239' title='bbox 2212 653 2428 726; x_wconf 89' lang='lat' dir='ltr'>quibus</span> <span class='ocrx_word' id='word_1_240' title='bbox 2466 672 2570 727; x_wconf 88' lang='lat' dir='ltr'>per</span> <span class='ocrx_word' id='word_1_241' title='bbox 2616 655 2882 710; x_wconf 87' lang='lat' dir='ltr'>eamdem</span> <span class='ocrx_word' id='word_1_242' title='bbox 2927 650 3388 710; x_wconf 87' lang='lat' dir='ltr'>misericordiam</span> <span class='ocrx_word' id='word_1_243' title='bbox 3436 649 3638 707; x_wconf 90' lang='lat' dir='ltr'>electis</span> <span class='ocrx_word' id='word_1_244' title='bbox 3686 649 3865 706; x_wconf 84' lang='lat' dir='ltr'>datur</span> 
     </span>
    </p>
   </div>
   <div class='ocr_carea' id='block_1_35' title="bbox 2212 739 3865 817">
    <p class='ocr_par' dir='ltr' id='par_1_35' title="bbox 2212 739 3865 817">
     <span class='ocr_line' id='line_1_35' title="bbox 2212 739 3865 817; baseline -0.002 -19"><span class='ocrx_word' id='word_1_245' title='bbox 2212 743 2377 809; x_wconf 83' lang='lat' dir='ltr'>ﬁdes,</span> <span class='ocrx_word' id='word_1_246' title='bbox 2410 747 2693 817; x_wconf 90' lang='lat' dir='ltr'>parantur</span> <span class='ocrx_word' id='word_1_247' title='bbox 2739 759 2914 816; x_wconf 89' lang='lat' dir='ltr'>opera</span> <span class='ocrx_word' id='word_1_248' title='bbox 2973 742 3144 810; x_wconf 88' lang='lat' dir='ltr'>bona,</span> <span class='ocrx_word' id='word_1_249' title='bbox 3190 740 3251 796; x_wconf 92' lang='lat' dir='ltr'>in</span> <span class='ocrx_word' id='word_1_250' title='bbox 3295 740 3513 814; x_wconf 88' lang='lat' dir='ltr'>quibus</span> <span class='ocrx_word' id='word_1_251' title='bbox 3557 739 3865 813; x_wconf 65' lang='lat' dir='ltr'>praeventi,</span> 
     </span>
    </p>
   </div>
   <div class='ocr_carea' id='block_1_36' title="bbox 2212 827 3864 904">
    <p class='ocr_par' dir='ltr' id='par_1_36' title="bbox 2212 827 3864 904">
     <span class='ocr_line' id='line_1_36' title="bbox 2212 827 3864 904; baseline -0.001 -17"><span class='ocrx_word' id='word_1_252' title='bbox 2212 831 2424 904; x_wconf 89' lang='lat' dir='ltr'>adjuti,</span> <span class='ocrx_word' id='word_1_253' title='bbox 2447 831 2837 899; x_wconf 88' lang='lat' dir='ltr'>ambulantes,</span> <span class='ocrx_word' id='word_1_254' title='bbox 2860 834 2918 889; x_wconf 90' lang='lat' dir='ltr'>et</span> <span class='ocrx_word' id='word_1_255' title='bbox 2947 835 3008 887; x_wconf 86' lang='lat' dir='ltr'>ut</span> <span class='ocrx_word' id='word_1_256' title='bbox 3039 832 3407 904; x_wconf 77' lang='lat' dir='ltr'>perseverent</span> <span class='ocrx_word' id='word_1_257' title='bbox 3436 827 3764 897; x_wconf 88' lang='lat' dir='ltr'>subsecuti,</span> <span class='ocrx_word' id='word_1_258' title='bbox 3788 828 3864 885; x_wconf 90' lang='lat' dir='ltr'>ad</span> 
     </span>
    </p>
   </div>
   <div class='ocr_carea' id='block_1_37' title="bbox 2209 918 3863 994">
    <p class='ocr_par' dir='ltr' id='par_1_37' title="bbox 2209 918 3863 994">
     <span class='ocr_line' id='line_1_37' title="bbox 2209 918 3863 994; baseline -0.001 -19"><span class='ocrx_word' id='word_1_259' title='bbox 2209 919 2413 991; x_wconf 84' lang='lat' dir='ltr'>vitam,</span> <span class='ocrx_word' id='word_1_260' title='bbox 2439 920 2499 977; x_wconf 89' lang='lat' dir='ltr'>id</span> <span class='ocrx_word' id='word_1_261' title='bbox 2527 924 2617 977; x_wconf 88' lang='lat' dir='ltr'>est</span> <span class='ocrx_word' id='word_1_262' title='bbox 2646 922 2718 977; x_wconf 91' lang='lat' dir='ltr'>ad</span> <span class='ocrx_word' id='word_1_263' title='bbox 2748 920 2997 994; x_wconf 82' lang='lat' dir='ltr'>gratiam</span> <span class='ocrx_word' id='word_1_264' title='bbox 3038 919 3379 992; x_wconf 80' lang='lat' dir='ltr'>perveniant</span> <span class='ocrx_word' id='word_1_265' title='bbox 3414 918 3863 991; x_wconf 84' lang='lat' dir='ltr'>sempiternam.</span> 
     </span>
    </p>
   </div>
   <div class='ocr_carea' id='block_1_38' title="bbox 2284 1006 3867 1081">
    <p class='ocr_par' dir='ltr' id='par_1_38' title="bbox 2284 1006 3867 1081">
     <span class='ocr_line' id='line_1_38' title="bbox 2284 1006 3867 1081; baseline -0.002 -15"><span class='ocrx_word' id='word_1_266' title='bbox 2284 1011 2447 1076; x_wconf 83' lang='lat' dir='ltr'>Quod</span> <span class='ocrx_word' id='word_1_267' title='bbox 2475 1027 2610 1066; x_wconf 83' lang='lat' dir='ltr'>vero</span> <span class='ocrx_word' id='word_1_268' title='bbox 2639 1009 2969 1081; x_wconf 82' lang='lat' dir='ltr'>subjunxit,</span> <span class='ocrx_word' id='word_1_269' title='bbox 2998 1028 3021 1059; x_wconf 74' lang='grc' dir='ltr'>ι</span> <span class='ocrx_word' id='word_1_270' title='bbox 3044 1009 3104 1064; x_wconf 92' lang='lat' dir='ltr'>in</span> <span class='ocrx_word' id='word_1_271' title='bbox 3135 1006 3510 1065; x_wconf 87' lang='lat' dir='ltr'>damnatione</span> <span class='ocrx_word' id='word_1_272' title='bbox 3539 1011 3740 1064; x_wconf 88' lang='lat' dir='ltr'>autem</span> <span class='ocrx_word' id='word_1_273' title='bbox 3771 1023 3867 1080; x_wconf 91' lang='lat' dir='ltr'>pe-</span> 
     </span>
    </p>
   </div>
   <div class='ocr_carea' id='block_1_39' title="bbox 2213 1095 3867 1170">
    <p class='ocr_par' dir='ltr' id='par_1_39' title="bbox 2213 1095 3867 1170">
     <span class='ocr_line' id='line_1_39' title="bbox 2213 1095 3867 1170; baseline -0.002 -15"><span class='ocrx_word' id='word_1_274' title='bbox 2213 1100 2531 1156; x_wconf 88' lang='lat' dir='ltr'>riturorum</span> <span class='ocrx_word' id='word_1_275' title='bbox 2561 1097 2785 1155; x_wconf 90' lang='lat' dir='ltr'>malum</span> <span class='ocrx_word' id='word_1_276' title='bbox 2829 1097 3104 1154; x_wconf 87' lang='lat' dir='ltr'>meritum</span> <span class='ocrx_word' id='word_1_277' title='bbox 3134 1097 3457 1170; x_wconf 67' lang='lat' dir='ltr'>praecedere</span> <span class='ocrx_word' id='word_1_278' title='bbox 3492 1096 3731 1168; x_wconf 86' lang='lat' dir='ltr'>justum</span> <span class='ocrx_word' id='word_1_279' title='bbox 3760 1095 3867 1153; x_wconf 86' lang='lat' dir='ltr'>Dei</span> 
     </span>
    </p>
   </div>
   <div class='ocr_carea' id='block_1_40' title="bbox 2205 1184 3870 1261">
    <p class='ocr_par' dir='ltr' id='par_1_40' title="bbox 2205 1184 3870 1261">
     <span class='ocr_line' id='line_1_40' title="bbox 2205 1184 3870 1261; baseline 0 -18"><span class='ocrx_word' id='word_1_280' title='bbox 2205 1187 2559 1261; x_wconf 84' lang='lat' dir='ltr'>judicium,»</span> <span class='ocrx_word' id='word_1_281' title='bbox 2571 1187 2621 1245; x_wconf 89' lang='lat' dir='ltr'>si</span> <span class='ocrx_word' id='word_1_282' title='bbox 2640 1186 2766 1243; x_wconf 85' lang='lat' dir='ltr'>vult</span> <span class='ocrx_word' id='word_1_283' title='bbox 2785 1187 2975 1260; x_wconf 88' lang='lat' dir='ltr'>ipsam</span> <span class='ocrx_word' id='word_1_284' title='bbox 2998 1184 3571 1260; x_wconf 63' lang='lat' dir='ltr'>praedestinationem</span> <span class='ocrx_word' id='word_1_285' title='bbox 3593 1184 3870 1258; x_wconf 78' lang='lat' dir='ltr'>reprobo-</span> 
     </span>
    </p>
   </div>
   <div class='ocr_carea' id='block_1_41' title="bbox 2214 1273 3867 1350">
    <p class='ocr_par' dir='ltr' id='par_1_41' title="bbox 2214 1273 3867 1350">
     <span class='ocr_line' id='line_1_41' title="bbox 2214 1273 3867 1350; baseline -0.003 -16"><span class='ocrx_word' id='word_1_286' title='bbox 2214 1294 2343 1334; x_wconf 87' lang='lat' dir='ltr'>rum</span> <span class='ocrx_word' id='word_1_287' title='bbox 2369 1276 2646 1350; x_wconf 87' lang='lat' dir='ltr'>appellari</span> <span class='ocrx_word' id='word_1_288' title='bbox 2659 1275 2955 1350; x_wconf 88' lang='lat' dir='ltr'>judicium</span> <span class='ocrx_word' id='word_1_289' title='bbox 2978 1275 3260 1348; x_wconf 88' lang='lat' dir='ltr'>Dei,quod</span> <span class='ocrx_word' id='word_1_290' title='bbox 3281 1273 3867 1346; x_wconf 78' lang='lat' dir='ltr'>videlicetjudicium</span> 
     </span>
    </p>
   </div>
   <div class='ocr_carea' id='block_1_42' title="bbox 2213 1361 3867 1439">
    <p class='ocr_par' dir='ltr' id='par_1_42' title="bbox 2213 1361 3867 1439">
     <span class='ocr_line' id='line_1_42' title="bbox 2213 1361 3867 1439; baseline -0.002 -16"><span class='ocrx_word' id='word_1_291' title='bbox 2213 1365 2336 1434; x_wconf 93' lang='lat' dir='ltr'>Dei,</span> <span class='ocrx_word' id='word_1_292' title='bbox 2360 1367 2418 1422; x_wconf 90' lang='lat' dir='ltr'>id</span> <span class='ocrx_word' id='word_1_293' title='bbox 2440 1371 2532 1423; x_wconf 90' lang='lat' dir='ltr'>est</span> <span class='ocrx_word' id='word_1_294' title='bbox 2549 1363 3140 1439; x_wconf 56' lang='lat' dir='ltr'>praedestinationem,</span> <span class='ocrx_word' id='word_1_295' title='bbox 3162 1362 3450 1437; x_wconf 64' lang='lat' dir='ltr'>praecedat</span> <span class='ocrx_word' id='word_1_296' title='bbox 3480 1361 3709 1420; x_wconf 88' lang='lat' dir='ltr'>malum</span> <span class='ocrx_word' id='word_1_297' title='bbox 3742 1378 3867 1419; x_wconf 84' lang='lat' dir='ltr'>me-</span> 
     </span>
    </p>
   </div>
   <div class='ocr_carea' id='block_1_43' title="bbox 2214 1450 3867 1528">
    <p class='ocr_par' dir='ltr' id='par_1_43' title="bbox 2214 1450 3867 1528">
     <span class='ocr_line' id='line_1_43' title="bbox 2214 1450 3867 1528; baseline -0.002 -17"><span class='ocrx_word' id='word_1_298' title='bbox 2214 1456 2392 1512; x_wconf 89' lang='lat' dir='ltr'>ritum</span> <span class='ocrx_word' id='word_1_299' title='bbox 2415 1456 2937 1528; x_wconf 85' lang='lat' dir='ltr'>reproborum,pro</span> <span class='ocrx_word' id='word_1_300' title='bbox 2949 1470 3064 1528; x_wconf 90' lang='lat' dir='ltr'>quo</span> <span class='ocrx_word' id='word_1_301' title='bbox 3085 1452 3406 1510; x_wconf 89' lang='lat' dir='ltr'>secundum</span> <span class='ocrx_word' id='word_1_302' title='bbox 3430 1450 3867 1526; x_wconf 67' lang='lat' dir='ltr'>praescientiam</span> 
     </span>
    </p>
   </div>
   <div class='ocr_carea' id='block_1_44' title="bbox 2214 1539 3867 1617">
    <p class='ocr_par' dir='ltr' id='par_1_44' title="bbox 2214 1539 3867 1617">
     <span class='ocr_line' id='line_1_44' title="bbox 2214 1539 3867 1617; baseline -0.002 -17"><span class='ocrx_word' id='word_1_303' title='bbox 2214 1544 2648 1617; x_wconf 72' lang='lat' dir='ltr'>praedestinavit</span> <span class='ocrx_word' id='word_1_304' title='bbox 2675 1544 2950 1617; x_wconf 87' lang='lat' dir='ltr'>reprobos</span> <span class='ocrx_word' id='word_1_305' title='bbox 2996 1543 3070 1600; x_wconf 89' lang='lat' dir='ltr'>ad</span> <span class='ocrx_word' id='word_1_306' title='bbox 3118 1540 3444 1609; x_wconf 88' lang='lat' dir='ltr'>interitum,</span> <span class='ocrx_word' id='word_1_307' title='bbox 3464 1540 3607 1614; x_wconf 91' lang='lat' dir='ltr'>quia</span> <span class='ocrx_word' id='word_1_308' title='bbox 3635 1539 3867 1597; x_wconf 85' lang='lat' dir='ltr'>malum</span> 
     </span>
    </p>
   </div>
   <div class='ocr_carea' id='block_1_45' title="bbox 2216 1628 3869 1705">
    <p class='ocr_par' dir='ltr' id='par_1_45' title="bbox 2216 1628 3869 1705">
     <span class='ocr_line' id='line_1_45' title="bbox 2216 1628 3869 1705; baseline -0.001 -17"><span class='ocrx_word' id='word_1_309' title='bbox 2216 1633 2492 1689; x_wconf 87' lang='lat' dir='ltr'>meritum</span> <span class='ocrx_word' id='word_1_310' title='bbox 2524 1632 2755 1689; x_wconf 90' lang='lat' dir='ltr'>illorum</span> <span class='ocrx_word' id='word_1_311' title='bbox 2782 1631 3093 1705; x_wconf 69' lang='lat' dir='ltr'>priesciens</span> <span class='ocrx_word' id='word_1_312' title='bbox 3124 1631 3279 1688; x_wconf 90' lang='lat' dir='ltr'>Deus</span> <span class='ocrx_word' id='word_1_313' title='bbox 3299 1630 3373 1687; x_wconf 88' lang='lat' dir='ltr'>ad</span> <span class='ocrx_word' id='word_1_314' title='bbox 3401 1629 3708 1687; x_wconf 85' lang='lat' dir='ltr'>interitum</span> <span class='ocrx_word' id='word_1_315' title='bbox 3734 1628 3869 1686; x_wconf 79' lang='lat' dir='ltr'>illos</span> 
     </span>
    </p>
   </div>
   <div class='ocr_carea' id='block_1_46' title="bbox 2216 1716 3869 1794">
    <p class='ocr_par' dir='ltr' id='par_1_46' title="bbox 2216 1716 3869 1794">
     <span class='ocr_line' id='line_1_46' title="bbox 2216 1716 3869 1794; baseline -0.001 -18"><span class='ocrx_word' id='word_1_316' title='bbox 2216 1721 2665 1794; x_wconf 78' lang='lat' dir='ltr'>pra-destinavit,</span> <span class='ocrx_word' id='word_1_317' title='bbox 2681 1737 2860 1793; x_wconf 89' lang='lat' dir='ltr'>quam</span> <span class='ocrx_word' id='word_1_318' title='bbox 2881 1719 3035 1777; x_wconf 82' lang='lat' dir='ltr'>male</span> <span class='ocrx_word' id='word_1_319' title='bbox 3055 1719 3211 1776; x_wconf 89' lang='lat' dir='ltr'>dicat</span> <span class='ocrx_word' id='word_1_320' title='bbox 3230 1717 3538 1792; x_wconf 80' lang='lat' dir='ltr'>intelligat.</span> <span class='ocrx_word' id='word_1_321' title='bbox 3554 1716 3869 1775; x_wconf 83' lang='lat' dir='ltr'>Neminem</span> 
     </span>
    </p>
   </div>
   <div class='ocr_carea' id='block_1_47' title="bbox 2214 1805 3867 1881">
    <p class='ocr_par' dir='ltr' id='par_1_47' title="bbox 2214 1805 3867 1881">
     <span class='ocr_line' id='line_1_47' title="bbox 2214 1805 3867 1881; baseline -0.003 -14"><span class='ocrx_word' id='word_1_322' title='bbox 2214 1809 2367 1867; x_wconf 88' lang='lat' dir='ltr'>enim</span> <span class='ocrx_word' id='word_1_323' title='bbox 2391 1810 2546 1866; x_wconf 87' lang='lat' dir='ltr'>Deus</span> <span class='ocrx_word' id='word_1_324' title='bbox 2566 1810 2811 1866; x_wconf 89' lang='lat' dir='ltr'>damnat</span> <span class='ocrx_word' id='word_1_325' title='bbox 2837 1812 3153 1881; x_wconf 86' lang='lat' dir='ltr'>antequam</span> <span class='ocrx_word' id='word_1_326' title='bbox 3185 1810 3383 1880; x_wconf 86' lang='lat' dir='ltr'>peccet</span> <span class='ocrx_word' id='word_1_327' title='bbox 3399 1806 3541 1881; x_wconf 87' lang='lat' dir='ltr'>quia</span> <span class='ocrx_word' id='word_1_328' title='bbox 3566 1805 3867 1864; x_wconf 82' lang='lat' dir='ltr'>neminem</span> 
     </span>
    </p>
   </div>
   <div class='ocr_carea' id='block_1_48' title="bbox 2214 1893 3871 1971">
    <p class='ocr_par' dir='ltr' id='par_1_48' title="bbox 2214 1893 3871 1971">
     <span class='ocr_line' id='line_1_48' title="bbox 2214 1893 3871 1971; baseline -0.002 -17"><span class='ocrx_word' id='word_1_329' title='bbox 2214 1898 2433 1955; x_wconf 88' lang='lat' dir='ltr'>deserit</span> <span class='ocrx_word' id='word_1_330' title='bbox 2461 1902 2777 1971; x_wconf 85' lang='lat' dir='ltr'>antequam</span> <span class='ocrx_word' id='word_1_331' title='bbox 2818 1899 3139 1965; x_wconf 82' lang='lat' dir='ltr'>deseratur,</span> <span class='ocrx_word' id='word_1_332' title='bbox 3170 1896 3327 1954; x_wconf 90' lang='lat' dir='ltr'>sicut</span> <span class='ocrx_word' id='word_1_333' title='bbox 3353 1893 3626 1953; x_wconf 85' lang='lat' dir='ltr'>catholici</span> <span class='ocrx_word' id='word_1_334' title='bbox 3658 1895 3871 1953; x_wconf 89' lang='lat' dir='ltr'>dicunt</span> 
     </span>
    </p>
   </div>
   <div class='ocr_carea' id='block_1_49' title="bbox 2213 1983 3869 2060">
    <p class='ocr_par' dir='ltr' id='par_1_49' title="bbox 2213 1983 3869 2060">
     <span class='ocr_line' id='line_1_49' title="bbox 2213 1983 3869 2060; baseline -0.002 -17"><span class='ocrx_word' id='word_1_335' title='bbox 2213 1987 2498 2045; x_wconf 88' lang='lat' dir='ltr'>doctores.</span> <span class='ocrx_word' id='word_1_336' title='bbox 2531 1987 2601 2043; x_wconf 85' lang='lat' dir='ltr'>Et</span> <span class='ocrx_word' id='word_1_337' title='bbox 2630 1991 2870 2043; x_wconf 85' lang='lat' dir='ltr'>sanctus</span> <span class='ocrx_word' id='word_1_338' title='bbox 2906 1985 3274 2060; x_wconf 87' lang='lat' dir='ltr'>Augustinus</span> <span class='ocrx_word' id='word_1_339' title='bbox 3315 1985 3376 2041; x_wconf 87' lang='lat' dir='ltr'>in</span> <span class='ocrx_word' id='word_1_340' title='bbox 3423 1983 3573 2040; x_wconf 90' lang='lat' dir='ltr'>libro</span> <span class='ocrx_word' id='word_1_341' title='bbox 3602 1983 3678 2040; x_wconf 88' lang='lat' dir='ltr'>de</span> <span class='ocrx_word' id='word_1_342' title='bbox 3708 1983 3869 2040; x_wconf 73' lang='lat' dir='ltr'>Pre-</span> 
     </span>
    </p>
   </div>
   <div class='ocr_carea' id='block_1_50' title="bbox 2214 2071 3865 2146">
    <p class='ocr_par' dir='ltr' id='par_1_50' title="bbox 2214 2071 3865 2146">
     <span class='ocr_line' id='line_1_50' title="bbox 2214 2071 3865 2146; baseline -0.002 -14"><span class='ocrx_word' id='word_1_343' title='bbox 2214 2076 2606 2132; x_wconf 54' lang='lat' dir='ltr'>dertinatione</span> <span class='ocrx_word' id='word_1_344' title='bbox 2635 2081 2994 2144; x_wconf 89' lang='lat' dir='ltr'>sanctorum,</span> <span class='ocrx_word' id='word_1_345' title='bbox 3017 2079 3077 2131; x_wconf 91' lang='lat' dir='ltr'>et</span> <span class='ocrx_word' id='word_1_346' title='bbox 3104 2074 3176 2131; x_wconf 92' lang='lat' dir='ltr'>de</span> <span class='ocrx_word' id='word_1_347' title='bbox 3206 2074 3364 2130; x_wconf 90' lang='lat' dir='ltr'>Bono</span> <span class='ocrx_word' id='word_1_348' title='bbox 3392 2071 3865 2146; x_wconf 67' lang='lat' dir='ltr'>perseverantiae,</span> 
     </span>
    </p>
   </div>
   <div class='ocr_carea' id='block_1_51' title="bbox 2213 2159 3865 2238">
    <p class='ocr_par' dir='ltr' id='par_1_51' title="bbox 2213 2159 3865 2238">
     <span class='ocr_line' id='line_1_51' title="bbox 2213 2159 3865 2238; baseline -0.003 -16"><span class='ocrx_word' id='word_1_349' title='bbox 2213 2165 2498 2222; x_wconf 88' lang='lat' dir='ltr'>latissime</span> <span class='ocrx_word' id='word_1_350' title='bbox 2544 2169 2602 2222; x_wconf 91' lang='lat' dir='ltr'>et</span> <span class='ocrx_word' id='word_1_351' title='bbox 2648 2163 3122 2238; x_wconf 82' lang='lat' dir='ltr'>frequentissime</span> <span class='ocrx_word' id='word_1_352' title='bbox 3167 2167 3341 2236; x_wconf 88' lang='lat' dir='ltr'>atque</span> <span class='ocrx_word' id='word_1_353' title='bbox 3398 2159 3865 2219; x_wconf 82' lang='lat' dir='ltr'>catholicissime</span> 
     </span>
    </p>
   </div>
   <div class='ocr_carea' id='block_1_52' title="bbox 2212 2248 3872 2328">
    <p class='ocr_par' dir='ltr' id='par_1_52' title="bbox 2212 2248 3872 2328">
     <span class='ocr_line' id='line_1_52' title="bbox 2212 2248 3872 2328; baseline -0.001 -18"><span class='ocrx_word' id='word_1_354' title='bbox 2212 2253 2350 2310; x_wconf 91' lang='lat' dir='ltr'>hinc</span> <span class='ocrx_word' id='word_1_355' title='bbox 2390 2256 2678 2328; x_wconf 88' lang='lat' dir='ltr'>repugnat</span> <span class='ocrx_word' id='word_1_356' title='bbox 2723 2253 2829 2320; x_wconf 88' lang='lat' dir='ltr'>eis,</span> <span class='ocrx_word' id='word_1_357' title='bbox 2880 2251 3193 2326; x_wconf 69' lang='lat' dir='ltr'>Scriptura:</span> <span class='ocrx_word' id='word_1_358' title='bbox 3241 2268 3421 2308; x_wconf 71' lang='lat' dir='ltr'>sacrm</span> <span class='ocrx_word' id='word_1_359' title='bbox 3467 2248 3776 2324; x_wconf 81' lang='lat' dir='ltr'>exemplis,</span> <span class='ocrx_word' id='word_1_360' title='bbox 3810 2253 3872 2309; x_wconf 86' lang='lat' dir='ltr'>et</span> 
     </span>
    </p>
   </div>
   <div class='ocr_carea' id='block_1_53' title="bbox 2209 2336 3868 2412">
    <p class='ocr_par' dir='ltr' id='par_1_53' title="bbox 2209 2336 3868 2412">
     <span class='ocr_line' id='line_1_53' title="bbox 2209 2336 3868 2412; baseline -0.001 -15"><span class='ocrx_word' id='word_1_361' title='bbox 2209 2339 2604 2397; x_wconf 89' lang='lat' dir='ltr'>veracissimis</span> <span class='ocrx_word' id='word_1_362' title='bbox 2623 2338 3195 2407; x_wconf 87' lang='lat' dir='ltr'>ratiocinationibus,</span> <span class='ocrx_word' id='word_1_363' title='bbox 3212 2353 3464 2412; x_wconf 89' lang='lat' dir='ltr'>quorum</span> <span class='ocrx_word' id='word_1_364' title='bbox 3480 2338 3661 2396; x_wconf 85' lang='lat' dir='ltr'>verba</span> <span class='ocrx_word' id='word_1_365' title='bbox 3679 2336 3868 2395; x_wconf 80' lang='lat' dir='ltr'>talem</span> 
     </span>
    </p>
   </div>
   <div class='ocr_carea' id='block_1_54' title="bbox 2209 2425 3867 2502">
    <p class='ocr_par' dir='ltr' id='par_1_54' title="bbox 2209 2425 3867 2502">
     <span class='ocr_line' id='line_1_54' title="bbox 2209 2425 3867 2502; baseline -0.001 -16"><span class='ocrx_word' id='word_1_366' title='bbox 2209 2428 2563 2502; x_wconf 83' lang='lat' dir='ltr'>imperitiam</span> <span class='ocrx_word' id='word_1_367' title='bbox 2594 2429 2968 2498; x_wconf 88' lang='lat' dir='ltr'>resonabant,</span> <span class='ocrx_word' id='word_1_368' title='bbox 2999 2431 3058 2485; x_wconf 89' lang='lat' dir='ltr'>et</span> <span class='ocrx_word' id='word_1_369' title='bbox 3085 2426 3422 2500; x_wconf 85' lang='lat' dir='ltr'>insipientia</span> <span class='ocrx_word' id='word_1_370' title='bbox 3450 2425 3630 2484; x_wconf 86' lang='lat' dir='ltr'>talem</span> <span class='ocrx_word' id='word_1_371' title='bbox 3661 2425 3867 2484; x_wconf 80' lang='lat' dir='ltr'>stulti-</span> 
     </span>
    </p>
   </div>
   <div class='ocr_carea' id='block_1_55' title="bbox 2207 2513 3863 2589">
    <p class='ocr_par' dir='ltr' id='par_1_55' title="bbox 2207 2513 3863 2589">
     <span class='ocr_line' id='line_1_55' title="bbox 2207 2513 3863 2589; baseline -0.001 -15"><span class='ocrx_word' id='word_1_372' title='bbox 2207 2518 2352 2575; x_wconf 89' lang='lat' dir='ltr'>tiam</span> <span class='ocrx_word' id='word_1_373' title='bbox 2374 2518 2834 2576; x_wconf 84' lang='lat' dir='ltr'>demonstrabat.</span> <span class='ocrx_word' id='word_1_374' title='bbox 2856 2517 2917 2575; x_wconf 90' lang='lat' dir='ltr'>Si</span> <span class='ocrx_word' id='word_1_375' title='bbox 2937 2520 3134 2574; x_wconf 89' lang='lat' dir='ltr'>autem</span> <span class='ocrx_word' id='word_1_376' title='bbox 3154 2514 3401 2589; x_wconf 87' lang='lat' dir='ltr'>intelligi</span> <span class='ocrx_word' id='word_1_377' title='bbox 3421 2513 3546 2572; x_wconf 89' lang='lat' dir='ltr'>vult</span> <span class='ocrx_word' id='word_1_378' title='bbox 3562 2515 3733 2588; x_wconf 81' lang='lat' dir='ltr'>justo</span> <span class='ocrx_word' id='word_1_379' title='bbox 3753 2515 3863 2573; x_wconf 88' lang='lat' dir='ltr'>Dei</span> 
     </span>
    </p>
   </div>
   <div class='ocr_carea' id='block_1_56' title="bbox 2199 2603 3861 2680">
    <p class='ocr_par' dir='ltr' id='par_1_56' title="bbox 2199 2603 3861 2680">
     <span class='ocr_line' id='line_1_56' title="bbox 2199 2603 3861 2680; baseline -0.001 -16"><span class='ocrx_word' id='word_1_380' title='bbox 2199 2606 2446 2680; x_wconf 84' lang='lat' dir='ltr'>judicio,</span> <span class='ocrx_word' id='word_1_381' title='bbox 2470 2607 2624 2680; x_wconf 90' lang='lat' dir='ltr'>quod</span> <span class='ocrx_word' id='word_1_382' title='bbox 2672 2606 2948 2680; x_wconf 68' lang='lat' dir='ltr'>praecedit</span> <span class='ocrx_word' id='word_1_383' title='bbox 2976 2605 3365 2680; x_wconf 76' lang='lat' dir='ltr'>periturorum</span> <span class='ocrx_word' id='word_1_384' title='bbox 3405 2603 3627 2662; x_wconf 84' lang='lat' dir='ltr'>malum</span> <span class='ocrx_word' id='word_1_385' title='bbox 3674 2606 3861 2662; x_wconf 83' lang='lat' dir='ltr'>meri-</span> 
     </span>
    </p>
   </div>
   <div class='ocr_carea' id='block_1_57' title="bbox 2205 2693 3865 2770">
    <p class='ocr_par' dir='ltr' id='par_1_57' title="bbox 2205 2693 3865 2770">
     <span class='ocr_line' id='line_1_57' title="bbox 2205 2693 3865 2770; baseline -0.002 -16"><span class='ocrx_word' id='word_1_386' title='bbox 2205 2700 2358 2766; x_wconf 88' lang='lat' dir='ltr'>tum,</span> <span class='ocrx_word' id='word_1_387' title='bbox 2388 2713 2621 2770; x_wconf 82' lang='lat' dir='ltr'>pcenam</span> <span class='ocrx_word' id='word_1_388' title='bbox 2651 2697 2736 2753; x_wconf 90' lang='lat' dir='ltr'>eis</span> <span class='ocrx_word' id='word_1_389' title='bbox 2765 2712 2834 2752; x_wconf 87' lang='lat' dir='ltr'>ex</span> <span class='ocrx_word' id='word_1_390' title='bbox 2862 2693 3245 2751; x_wconf 89' lang='lat' dir='ltr'>retributione</span> <span class='ocrx_word' id='word_1_391' title='bbox 3270 2693 3521 2766; x_wconf 64' lang='lat' dir='ltr'>justitin</span> <span class='ocrx_word' id='word_1_392' title='bbox 3550 2693 3865 2767; x_wconf 66' lang='lat' dir='ltr'>praedesti-</span> 
     </span>
    </p>
   </div>
   <div class='ocr_carea' id='block_1_58' title="bbox 2208 2781 3865 2859">
    <p class='ocr_par' dir='ltr' id='par_1_58' title="bbox 2208 2781 3865 2859">
     <span class='ocr_line' id='line_1_58' title="bbox 2208 2781 3865 2859; baseline 0 -18"><span class='ocrx_word' id='word_1_393' title='bbox 2208 2791 2429 2854; x_wconf 88' lang='lat' dir='ltr'>natam,</span> <span class='ocrx_word' id='word_1_394' title='bbox 2462 2786 2587 2859; x_wconf 87' lang='lat' dir='ltr'>ipse</span> <span class='ocrx_word' id='word_1_395' title='bbox 2626 2801 2797 2842; x_wconf 90' lang='lat' dir='ltr'>suam</span> <span class='ocrx_word' id='word_1_396' title='bbox 2841 2782 3214 2850; x_wconf 87' lang='lat' dir='ltr'>sententiam,</span> <span class='ocrx_word' id='word_1_397' title='bbox 3245 2798 3364 2856; x_wconf 88' lang='lat' dir='ltr'>qua</span> <span class='ocrx_word' id='word_1_398' title='bbox 3407 2781 3865 2856; x_wconf 59' lang='lat' dir='ltr'>praedestinatos</span> 
     </span>
    </p>
   </div>
   <div class='ocr_carea' id='block_1_59' title="bbox 2205 2869 3867 2943">
    <p class='ocr_par' dir='ltr' id='par_1_59' title="bbox 2205 2869 3867 2943">
     <span class='ocr_line' id='line_1_59' title="bbox 2205 2869 3867 2943; baseline -0.001 -11"><span class='ocrx_word' id='word_1_399' title='bbox 2205 2875 2280 2932; x_wconf 88' lang='lat' dir='ltr'>ad</span> <span class='ocrx_word' id='word_1_400' title='bbox 2310 2874 2612 2932; x_wconf 90' lang='lat' dir='ltr'>interitum</span> <span class='ocrx_word' id='word_1_401' title='bbox 2655 2873 2816 2943; x_wconf 89' lang='lat' dir='ltr'>dicit,</span> <span class='ocrx_word' id='word_1_402' title='bbox 2851 2888 2987 2929; x_wconf 90' lang='lat' dir='ltr'>cum</span> <span class='ocrx_word' id='word_1_403' title='bbox 3025 2874 3272 2928; x_wconf 86' lang='lat' dir='ltr'>conatur</span> <span class='ocrx_word' id='word_1_404' title='bbox 3308 2875 3591 2940; x_wconf 86' lang='lat' dir='ltr'>astruere,</span> <span class='ocrx_word' id='word_1_405' title='bbox 3620 2869 3867 2930; x_wconf 83' lang='lat' dir='ltr'>videtur</span> 
     </span>
    </p>
   </div>
   <div class='ocr_carea' id='block_1_60' title="bbox 2204 2960 3865 3038">
    <p class='ocr_par' dir='ltr' id='par_1_60' title="bbox 2204 2960 3865 3038">
     <span class='ocr_line' id='line_1_60' title="bbox 2204 2960 3865 3038; baseline -0.001 -18"><span class='ocrx_word' id='word_1_406' title='bbox 2204 2981 2309 3038; x_wconf 90' lang='lat' dir='ltr'>pro</span> <span class='ocrx_word' id='word_1_407' title='bbox 2330 2968 2486 3021; x_wconf 90' lang='lat' dir='ltr'>certo</span> <span class='ocrx_word' id='word_1_408' title='bbox 2507 2964 2806 3021; x_wconf 85' lang='lat' dir='ltr'>destruere</span> <span class='ocrx_word' id='word_1_409' title='bbox 2825 2978 2838 3017; x_wconf 92' lang='lat'><strong>:</strong></span> <span class='ocrx_word' id='word_1_410' title='bbox 2863 2961 3005 3035; x_wconf 90' lang='lat' dir='ltr'>quia</span> <span class='ocrx_word' id='word_1_411' title='bbox 3023 2965 3362 3034; x_wconf 88' lang='lat' dir='ltr'>utrumque,</span> <span class='ocrx_word' id='word_1_412' title='bbox 3376 2963 3435 3018; x_wconf 88' lang='lat' dir='ltr'>et</span> <span class='ocrx_word' id='word_1_413' title='bbox 3451 2960 3865 3035; x_wconf 61' lang='lat' dir='ltr'>pradestinati</span> 
     </span>
    </p>
   </div>
   <div class='ocr_carea' id='block_1_61' title="bbox 2204 3049 3865 3124">
    <p class='ocr_par' dir='ltr' id='par_1_61' title="bbox 2204 3049 3865 3124">
     <span class='ocr_line' id='line_1_61' title="bbox 2204 3049 3865 3124; baseline -0.001 -13"><span class='ocrx_word' id='word_1_414' title='bbox 2204 3059 2263 3112; x_wconf 90' lang='lat' dir='ltr'>et</span> <span class='ocrx_word' id='word_1_415' title='bbox 2291 3053 2498 3122; x_wconf 88' lang='lat' dir='ltr'>relicti,</span> <span class='ocrx_word' id='word_1_416' title='bbox 2523 3053 2584 3109; x_wconf 91' lang='lat' dir='ltr'>id</span> <span class='ocrx_word' id='word_1_417' title='bbox 2610 3057 2699 3110; x_wconf 90' lang='lat' dir='ltr'>est</span> <span class='ocrx_word' id='word_1_418' title='bbox 2727 3056 2785 3108; x_wconf 91' lang='lat' dir='ltr'>et</span> <span class='ocrx_word' id='word_1_419' title='bbox 2803 3051 2994 3124; x_wconf 79' lang='lat' dir='ltr'>gratia</span> <span class='ocrx_word' id='word_1_420' title='bbox 3020 3049 3350 3124; x_wconf 60' lang='lat' dir='ltr'>praeparati,</span> <span class='ocrx_word' id='word_1_421' title='bbox 3375 3054 3435 3106; x_wconf 90' lang='lat' dir='ltr'>et</span> <span class='ocrx_word' id='word_1_422' title='bbox 3462 3049 3865 3109; x_wconf 84' lang='lat' dir='ltr'>retributione</span> 
     </span>
    </p>
   </div>
   <div class='ocr_carea' id='block_1_62' title="bbox 2195 3138 3862 3216">
    <p class='ocr_par' dir='ltr' id='par_1_62' title="bbox 2195 3138 3862 3216">
     <span class='ocr_line' id='line_1_62' title="bbox 2195 3138 3862 3216; baseline -0.001 -18"><span class='ocrx_word' id='word_1_423' title='bbox 2195 3141 2443 3216; x_wconf 81' lang='lat' dir='ltr'>justitiae</span> <span class='ocrx_word' id='word_1_424' title='bbox 2463 3141 2523 3198; x_wconf 93' lang='lat' dir='ltr'>in</span> <span class='ocrx_word' id='word_1_425' title='bbox 2551 3157 2748 3198; x_wconf 89' lang='lat' dir='ltr'>massa</span> <span class='ocrx_word' id='word_1_426' title='bbox 2768 3139 3113 3214; x_wconf 88' lang='lat' dir='ltr'>perditionis</span> <span class='ocrx_word' id='word_1_427' title='bbox 3129 3139 3223 3196; x_wconf 92' lang='lat' dir='ltr'>cui</span> <span class='ocrx_word' id='word_1_428' title='bbox 3243 3142 3335 3196; x_wconf 88' lang='lat' dir='ltr'>est</span> <span class='ocrx_word' id='word_1_429' title='bbox 3357 3154 3528 3212; x_wconf 80' lang='lat' dir='ltr'>ptena</span> <span class='ocrx_word' id='word_1_430' title='bbox 3549 3138 3862 3213; x_wconf 69' lang='lat' dir='ltr'>praedesti-</span> 
     </span>
    </p>
   </div>
   <div class='ocr_carea' id='block_1_63' title="bbox 2205 3225 3863 3302">
    <p class='ocr_par' dir='ltr' id='par_1_63' title="bbox 2205 3225 3863 3302">
     <span class='ocr_line' id='line_1_63' title="bbox 2205 3225 3863 3302; baseline -0.001 -15"><span class='ocrx_word' id='word_1_431' title='bbox 2205 3235 2344 3288; x_wconf 88' lang='lat' dir='ltr'>nata</span> <span class='ocrx_word' id='word_1_432' title='bbox 2370 3229 2574 3299; x_wconf 88' lang='lat' dir='ltr'>relicti,</span> <span class='ocrx_word' id='word_1_433' title='bbox 2599 3245 2727 3285; x_wconf 90' lang='lat' dir='ltr'>esse</span> <span class='ocrx_word' id='word_1_434' title='bbox 2773 3245 2889 3285; x_wconf 92' lang='lat' dir='ltr'>non</span> <span class='ocrx_word' id='word_1_435' title='bbox 2928 3231 3178 3302; x_wconf 88' lang='lat' dir='ltr'>possunt</span> <span class='ocrx_word' id='word_1_436' title='bbox 3210 3242 3223 3284; x_wconf 90' lang='lat'><strong>:</strong></span> <span class='ocrx_word' id='word_1_437' title='bbox 3256 3225 3535 3300; x_wconf 89' lang='lat' dir='ltr'>quoniam</span> <span class='ocrx_word' id='word_1_438' title='bbox 3577 3226 3863 3287; x_wconf 84' lang='lat' dir='ltr'>catholici</span> 
     </span>
    </p>
   </div>
   <div class='ocr_carea' id='block_1_64' title="bbox 449 3302 3860 3398">
    <p class='ocr_par' dir='ltr' id='par_1_64' title="bbox 449 3302 3860 3398">
     <span class='ocr_line' id='line_1_64' title="bbox 449 3302 3860 3398; baseline 0.004 -27"><span class='ocrx_word' id='word_1_439' title='bbox 449 3313 602 3372; x_wconf 86' lang='lat' dir='ltr'>sime</span> <span class='ocrx_word' id='word_1_440' title='bbox 625 3313 687 3371; x_wconf 93' lang='lat' dir='ltr'>in</span> <span class='ocrx_word' id='word_1_441' title='bbox 717 3315 867 3372; x_wconf 88' lang='lat' dir='ltr'>libro</span> <span class='ocrx_word' id='word_1_442' title='bbox 889 3317 958 3373; x_wconf 92' lang='lat' dir='ltr'>de</span> <span class='ocrx_word' id='word_1_443' title='bbox 984 3302 1141 3375; x_wconf 80' lang='lat' dir='ltr'>Bone</span> <span class='ocrx_word' id='word_1_444' title='bbox 1172 3323 1610 3392; x_wconf 73' lang='lat' dir='ltr'>perseverantia:</span> <span class='ocrx_word' id='word_1_445' title='bbox 1636 3302 1935 3398; x_wconf 74' lang='lat' dir='ltr'>dieit(cap.</span> <span class='ocrx_word' id='word_1_446' title='bbox 1962 3328 2092 3396; x_wconf 78' lang='lat'>11):</span> <span class='ocrx_word' id='word_1_447' title='bbox 2125 3302 2170 3372; x_wconf 70' lang='grc' dir='ltr'>(Ξ</span> <span class='ocrx_word' id='word_1_448' title='bbox 2206 3319 2470 3393; x_wconf 81' lang='lat' dir='ltr'>magistri</span> <span class='ocrx_word' id='word_1_449' title='bbox 2516 3317 2702 3374; x_wconf 81' lang='lat' dir='ltr'>nostri</span> <span class='ocrx_word' id='word_1_450' title='bbox 2750 3316 3054 3374; x_wconf 78' lang='lat' dir='ltr'>sentiendo</span> <span class='ocrx_word' id='word_1_451' title='bbox 3101 3316 3472 3388; x_wconf 77' lang='lat' dir='ltr'>conﬁrmant,</span> <span class='ocrx_word' id='word_1_452' title='bbox 3502 3315 3644 3389; x_wconf 79' lang='lat' dir='ltr'>quia</span> <span class='ocrx_word' id='word_1_453' title='bbox 3690 3314 3860 3376; x_wconf 79' lang='lat' dir='ltr'>Deus</span> 
     </span>
    </p>
   </div>
   <div class='ocr_carea' id='block_1_65' title="bbox 447 3403 2096 3478">
    <p class='ocr_par' dir='ltr' id='par_1_65' title="bbox 447 3403 2096 3478">
     <span class='ocr_line' id='line_1_65' title="bbox 447 3403 2096 3478; baseline 0.008 -20"><span class='ocrx_word' id='word_1_454' title='bbox 447 3426 479 3456; x_wconf 76' lang='grc' dir='ltr'>(ι</span> <span class='ocrx_word' id='word_1_455' title='bbox 509 3404 593 3460; x_wconf 86' lang='lat' dir='ltr'>Ex</span> <span class='ocrx_word' id='word_1_456' title='bbox 622 3418 742 3475; x_wconf 87' lang='lat' dir='ltr'>ore,</span> <span class='ocrx_word' id='word_1_457' title='bbox 772 3403 1066 3478; x_wconf 90' lang='lat' dir='ltr'>inquiens,</span> <span class='ocrx_word' id='word_1_458' title='bbox 1098 3407 1413 3466; x_wconf 84' lang='lat' dir='ltr'>infantium</span> <span class='ocrx_word' id='word_1_459' title='bbox 1455 3415 1512 3468; x_wconf 88' lang='lat' dir='ltr'>et</span> <span class='ocrx_word' id='word_1_460' title='bbox 1550 3411 1892 3470; x_wconf 89' lang='lat' dir='ltr'>lactentium</span> <span class='ocrx_word' id='word_1_461' title='bbox 1941 3415 2096 3472; x_wconf 84' lang='lat' dir='ltr'>Deus</span> 
     </span>
    </p>
   </div>
   <div class='ocr_carea' id='block_1_66' title="bbox 447 3492 2092 3579">
    <p class='ocr_par' dir='ltr' id='par_1_66' title="bbox 447 3492 2092 3579">
     <span class='ocr_line' id='line_1_66' title="bbox 447 3492 2092 3579; baseline 0.007 -30"><span class='ocrx_word' id='word_1_462' title='bbox 447 3508 622 3549; x_wconf 89' lang='lat' dir='ltr'>suam</span> <span class='ocrx_word' id='word_1_463' title='bbox 653 3492 893 3565; x_wconf 76' lang='lat' dir='ltr'>perfecit</span> <span class='ocrx_word' id='word_1_464' title='bbox 933 3493 1169 3552; x_wconf 88' lang='lat' dir='ltr'>laudem</span> <span class='ocrx_word' id='word_1_465' title='bbox 1200 3498 1369 3571; x_wconf 84' lang='lat' dir='ltr'>(Psal.</span> <span class='ocrx_word' id='word_1_466' title='bbox 1392 3517 1514 3569; x_wconf 78' lang='lat' dir='ltr'><strong>VIII,</strong></span> <span class='ocrx_word' id='word_1_467' title='bbox 1537 3501 1613 3574; x_wconf 89' lang='lat'>3),</span> <span class='ocrx_word' id='word_1_468' title='bbox 1635 3505 1702 3558; x_wconf 88' lang='lat' dir='ltr'>ut</span> <span class='ocrx_word' id='word_1_469' title='bbox 1730 3501 1790 3558; x_wconf 92' lang='lat' dir='ltr'>in</span> <span class='ocrx_word' id='word_1_470' title='bbox 1821 3502 1913 3560; x_wconf 91' lang='lat' dir='ltr'>his</span> <span class='ocrx_word' id='word_1_471' title='bbox 1944 3521 2092 3579; x_wconf 91' lang='lat' dir='ltr'>quo-</span> 
     </span>
    </p>
   </div>
   <div class='ocr_carea' id='block_1_67' title="bbox 443 3579 2093 3662">
    <p class='ocr_par' dir='ltr' id='par_1_67' title="bbox 443 3579 2093 3662">
     <span class='ocr_line' id='line_1_67' title="bbox 443 3579 2093 3662; baseline 0.008 -26"><span class='ocrx_word' id='word_1_472' title='bbox 443 3596 578 3637; x_wconf 85' lang='lat' dir='ltr'>rum</span> <span class='ocrx_word' id='word_1_473' title='bbox 603 3579 1028 3650; x_wconf 85' lang='lat' dir='ltr'>liberationem,</span> <span class='ocrx_word' id='word_1_474' title='bbox 1050 3585 1109 3641; x_wconf 89' lang='lat' dir='ltr'>id</span> <span class='ocrx_word' id='word_1_475' title='bbox 1131 3590 1223 3643; x_wconf 89' lang='lat' dir='ltr'>est</span> <span class='ocrx_word' id='word_1_476' title='bbox 1244 3587 1604 3658; x_wconf 89' lang='lat' dir='ltr'>electionem,</span> <span class='ocrx_word' id='word_1_477' title='bbox 1626 3591 1914 3662; x_wconf 87' lang='lat' dir='ltr'>videmus,</span> <span class='ocrx_word' id='word_1_478' title='bbox 1940 3593 2093 3650; x_wconf 89' lang='lat' dir='ltr'>bona</span> 
     </span>
    </p>
   </div>
   <div class='ocr_carea' id='block_1_68' title="bbox 441 3670 2092 3754">
    <p class='ocr_par' dir='ltr' id='par_1_68' title="bbox 441 3670 2092 3754">
     <span class='ocr_line' id='line_1_68' title="bbox 441 3670 2092 3754; baseline 0.008 -28"><span class='ocrx_word' id='word_1_479' title='bbox 441 3683 644 3727; x_wconf 87' lang='lat' dir='ltr'>eorum</span> <span class='ocrx_word' id='word_1_480' title='bbox 693 3670 906 3730; x_wconf 86' lang='lat' dir='ltr'>merita</span> <span class='ocrx_word' id='word_1_481' title='bbox 935 3672 1096 3731; x_wconf 92' lang='lat' dir='ltr'>nulla</span> <span class='ocrx_word' id='word_1_482' title='bbox 1124 3675 1225 3732; x_wconf 76' lang='lat'><strong>48</strong></span> <span class='ocrx_word' id='word_1_483' title='bbox 1256 3679 1604 3750; x_wconf 62' lang='lat' dir='ltr'>praecedant,</span> <span class='ocrx_word' id='word_1_484' title='bbox 1626 3684 1685 3735; x_wconf 92' lang='lat' dir='ltr'>et</span> <span class='ocrx_word' id='word_1_485' title='bbox 1713 3680 1773 3736; x_wconf 90' lang='lat' dir='ltr'>in</span> <span class='ocrx_word' id='word_1_486' title='bbox 1802 3681 1896 3737; x_wconf 90' lang='lat' dir='ltr'>his</span> <span class='ocrx_word' id='word_1_487' title='bbox 1942 3700 2092 3754; x_wconf 84' lang='lat' dir='ltr'>quo-</span> 
     </span>
    </p>
   </div>
   <div class='ocr_carea' id='block_1_69' title="bbox 440 3759 2090 3835">
    <p class='ocr_par' dir='ltr' id='par_1_69' title="bbox 440 3759 2090 3835">
     <span class='ocr_line' id='line_1_69' title="bbox 440 3759 2090 3835; baseline 0.005 -18"><span class='ocrx_word' id='word_1_488' title='bbox 440 3774 574 3817; x_wconf 80' lang='lat' dir='ltr'>rum</span> <span class='ocrx_word' id='word_1_489' title='bbox 604 3759 1040 3819; x_wconf 87' lang='lat' dir='ltr'>damnationem</span> <span class='ocrx_word' id='word_1_490' title='bbox 1088 3762 1375 3835; x_wconf 86' lang='lat' dir='ltr'>videmus,</span> <span class='ocrx_word' id='word_1_491' title='bbox 1418 3784 1534 3823; x_wconf 89' lang='lat' dir='ltr'>non</span> <span class='ocrx_word' id='word_1_492' title='bbox 1585 3773 1930 3826; x_wconf 89' lang='lat' dir='ltr'>cunctemur</span> <span class='ocrx_word' id='word_1_493' title='bbox 1975 3771 2090 3828; x_wconf 91' lang='lat' dir='ltr'>nisi</span> 
     </span>
    </p>
   </div>
   <div class='ocr_carea' id='block_1_70' title="bbox 439 3847 2093 3930">
    <p class='ocr_par' dir='ltr' id='par_1_70' title="bbox 439 3847 2093 3930">
     <span class='ocr_line' id='line_1_70' title="bbox 439 3847 2093 3930; baseline 0.006 -24"><span class='ocrx_word' id='word_1_494' title='bbox 439 3847 566 3907; x_wconf 83' lang='lat' dir='ltr'>suis</span> <span class='ocrx_word' id='word_1_495' title='bbox 589 3850 816 3908; x_wconf 86' lang='lat' dir='ltr'>meritis</span> <span class='ocrx_word' id='word_1_496' title='bbox 835 3867 1132 3926; x_wconf 89' lang='lat' dir='ltr'>quemque</span> <span class='ocrx_word' id='word_1_497' title='bbox 1151 3854 1369 3926; x_wconf 87' lang='lat' dir='ltr'>puniri,</span> <span class='ocrx_word' id='word_1_498' title='bbox 1393 3856 1514 3912; x_wconf 91' lang='lat' dir='ltr'>sive</span> <span class='ocrx_word' id='word_1_499' title='bbox 1534 3873 1703 3929; x_wconf 89' lang='lat' dir='ltr'>pares</span> <span class='ocrx_word' id='word_1_500' title='bbox 1722 3857 1821 3930; x_wconf 91' lang='lat' dir='ltr'>qui</span> <span class='ocrx_word' id='word_1_501' title='bbox 1845 3858 2093 3916; x_wconf 83' lang='lat' dir='ltr'>liberan-</span> 
     </span>
    </p>
   </div>
   <div class='ocr_carea' id='block_1_71' title="bbox 438 3937 2090 4018">
    <p class='ocr_par' dir='ltr' id='par_1_71' title="bbox 438 3937 2090 4018">
     <span class='ocr_line' id='line_1_71' title="bbox 438 3937 2090 4018; baseline 0.008 -25"><span class='ocrx_word' id='word_1_502' title='bbox 438 3940 537 3994; x_wconf 87' lang='lat' dir='ltr'>tur</span> <span class='ocrx_word' id='word_1_503' title='bbox 559 3942 618 3995; x_wconf 91' lang='lat' dir='ltr'>et</span> <span class='ocrx_word' id='word_1_504' title='bbox 645 3937 745 4010; x_wconf 92' lang='lat' dir='ltr'>qui</span> <span class='ocrx_word' id='word_1_505' title='bbox 776 3941 1123 4013; x_wconf 90' lang='lat' dir='ltr'>puniuntur,</span> <span class='ocrx_word' id='word_1_506' title='bbox 1151 3942 1272 3998; x_wconf 84' lang='lat' dir='ltr'>sive</span> <span class='ocrx_word' id='word_1_507' title='bbox 1301 3944 1566 4018; x_wconf 88' lang='lat' dir='ltr'>dispares</span> <span class='ocrx_word' id='word_1_508' title='bbox 1597 3946 1851 4005; x_wconf 86' lang='lat' dir='ltr'>habeant</span> <span class='ocrx_word' id='word_1_509' title='bbox 1878 3966 2090 4008; x_wconf 89' lang='lat' dir='ltr'>causas</span> 
     </span>
    </p>
   </div>
   <div class='ocr_carea' id='block_1_72' title="bbox 438 4025 2091 4108">
    <p class='ocr_par' dir='ltr' id='par_1_72' title="bbox 438 4025 2091 4108">
     <span class='ocr_line' id='line_1_72' title="bbox 438 4025 2091 4108; baseline 0.008 -26"><span class='ocrx_word' id='word_1_510' title='bbox 438 4025 649 4083; x_wconf 83' lang='lat' dir='ltr'>malas.</span> <span class='ocrx_word' id='word_1_511' title='bbox 675 4050 698 4080; x_wconf 73' lang='grc' dir='ltr'>ι</span> <span class='ocrx_word' id='word_1_512' title='bbox 726 4027 875 4084; x_wconf 90' lang='lat' dir='ltr'>Nam</span> <span class='ocrx_word' id='word_1_513' title='bbox 916 4028 1046 4086; x_wconf 91' lang='lat' dir='ltr'>ideo</span> <span class='ocrx_word' id='word_1_514' title='bbox 1072 4029 1353 4088; x_wconf 88' lang='lat' dir='ltr'>dicuntur</span> <span class='ocrx_word' id='word_1_515' title='bbox 1386 4033 1572 4104; x_wconf 89' lang='lat' dir='ltr'>electi,</span> <span class='ocrx_word' id='word_1_516' title='bbox 1605 4036 1745 4108; x_wconf 88' lang='lat' dir='ltr'>quia</span> <span class='ocrx_word' id='word_1_517' title='bbox 1783 4038 1853 4094; x_wconf 90' lang='lat' dir='ltr'>de</span> <span class='ocrx_word' id='word_1_518' title='bbox 1891 4055 2091 4096; x_wconf 88' lang='lat' dir='ltr'>massa</span> 
     </span>
    </p>
   </div>
   <div class='ocr_carea' id='block_1_73' title="bbox 442 4112 2087 4189">
    <p class='ocr_par' dir='ltr' id='par_1_73' title="bbox 442 4112 2087 4189">
     <span class='ocr_line' id='line_1_73' title="bbox 442 4112 2087 4189; baseline 0.01 -21"><span class='ocrx_word' id='word_1_519' title='bbox 442 4112 790 4187; x_wconf 87' lang='lat' dir='ltr'>perditionis</span> <span class='ocrx_word' id='word_1_520' title='bbox 819 4120 960 4172; x_wconf 86' lang='lat' dir='ltr'>sunt</span> <span class='ocrx_word' id='word_1_521' title='bbox 983 4118 1171 4189; x_wconf 88' lang='lat' dir='ltr'>gratia</span> <span class='ocrx_word' id='word_1_522' title='bbox 1199 4119 1365 4177; x_wconf 89' lang='lat' dir='ltr'>electi</span> <span class='ocrx_word' id='word_1_523' title='bbox 1395 4123 1625 4180; x_wconf 88' lang='lat' dir='ltr'>nullum</span> <span class='ocrx_word' id='word_1_524' title='bbox 1655 4125 1938 4183; x_wconf 89' lang='lat' dir='ltr'>habentes</span> <span class='ocrx_word' id='word_1_525' title='bbox 1966 4144 2087 4184; x_wconf 84' lang='lat' dir='ltr'>me-</span> 
     </span>
    </p>
   </div>
   <div class='ocr_carea' id='block_1_74' title="bbox 441 4198 2090 4288">
    <p class='ocr_par' dir='ltr' id='par_1_74' title="bbox 441 4198 2090 4288">
     <span class='ocr_line' id='line_1_74' title="bbox 441 4198 2090 4288; baseline 0.011 -33"><span class='ocrx_word' id='word_1_526' title='bbox 441 4198 624 4257; x_wconf 84' lang='lat' dir='ltr'>ritum</span> <span class='ocrx_word' id='word_1_527' title='bbox 655 4206 972 4276; x_wconf 86' lang='lat' dir='ltr'>antequam</span> <span class='ocrx_word' id='word_1_528' title='bbox 996 4204 1307 4281; x_wconf 87' lang='lat' dir='ltr'>eligantur,</span> <span class='ocrx_word' id='word_1_529' title='bbox 1330 4228 1580 4283; x_wconf 89' lang='lat' dir='ltr'>quorum</span> <span class='ocrx_word' id='word_1_530' title='bbox 1609 4212 1814 4271; x_wconf 90' lang='lat' dir='ltr'>electio</span> <span class='ocrx_word' id='word_1_531' title='bbox 1842 4215 1972 4288; x_wconf 89' lang='lat' dir='ltr'>ipsa</span> <span class='ocrx_word' id='word_1_532' title='bbox 1999 4221 2090 4273; x_wconf 92' lang='lat' dir='ltr'>est</span> 
     </span>
    </p>
   </div>
   <div class='ocr_carea' id='block_1_75' title="bbox 436 4288 2086 4376">
    <p class='ocr_par' dir='ltr' id='par_1_75' title="bbox 436 4288 2086 4376">
     <span class='ocr_line' id='line_1_75' title="bbox 436 4288 2086 4376; baseline 0.009 -30"><span class='ocrx_word' id='word_1_533' title='bbox 436 4288 540 4347; x_wconf 88' lang='lat' dir='ltr'>Dei</span> <span class='ocrx_word' id='word_1_534' title='bbox 561 4289 984 4365; x_wconf 84' lang='lat' dir='ltr'>misericordia,</span> <span class='ocrx_word' id='word_1_535' title='bbox 1009 4294 1164 4352; x_wconf 89' lang='lat' dir='ltr'>sicut</span> <span class='ocrx_word' id='word_1_536' title='bbox 1183 4295 1243 4352; x_wconf 91' lang='lat' dir='ltr'>in</span> <span class='ocrx_word' id='word_1_537' title='bbox 1263 4298 1545 4357; x_wconf 88' lang='lat' dir='ltr'>Asausica</span> <span class='ocrx_word' id='word_1_538' title='bbox 1569 4303 1810 4376; x_wconf 79' lang='lat' dir='ltr'>synodo,</span> <span class='ocrx_word' id='word_1_539' title='bbox 1835 4303 1929 4360; x_wconf 90' lang='lat' dir='ltr'>cui</span> <span class='ocrx_word' id='word_1_540' title='bbox 1949 4304 2086 4362; x_wconf 91' lang='lat' dir='ltr'>bea-</span> 
     </span>
    </p>
   </div>
   <div class='ocr_carea' id='block_1_76' title="bbox 444 4378 2086 4466">
    <p class='ocr_par' dir='ltr' id='par_1_76' title="bbox 444 4378 2086 4466">
     <span class='ocr_line' id='line_1_76' title="bbox 444 4378 2086 4466; baseline 0.01 -32"><span class='ocrx_word' id='word_1_541' title='bbox 444 4380 545 4453; x_wconf 53' lang='lat' dir='ltr'>tgs</span> <span class='ocrx_word' id='word_1_542' title='bbox 573 4378 861 4439; x_wconf 61' lang='lat' dir='ltr'>Casarius</span> <span class='ocrx_word' id='word_1_543' title='bbox 888 4399 958 4439; x_wconf 85' lang='lat' dir='ltr'>ex</span> <span class='ocrx_word' id='word_1_544' title='bbox 998 4382 1359 4459; x_wconf 87' lang='lat' dir='ltr'>delegatione</span> <span class='ocrx_word' id='word_1_545' title='bbox 1388 4389 1545 4447; x_wconf 89' lang='lat' dir='ltr'>sedis</span> <span class='ocrx_word' id='word_1_546' title='bbox 1583 4391 1911 4464; x_wconf 65' lang='lat' dir='ltr'>apostolicae</span> <span class='ocrx_word' id='word_1_547' title='bbox 1941 4411 2086 4466; x_wconf 74' lang='lat' dir='ltr'>prie-</span> 
     </span>
    </p>
   </div>
   <div class='ocr_carea' id='block_1_77' title="bbox 432 4467 2085 4552">
    <p class='ocr_par' dir='ltr' id='par_1_77' title="bbox 432 4467 2085 4552">
     <span class='ocr_line' id='line_1_77' title="bbox 432 4467 2085 4552; baseline 0.008 -26"><span class='ocrx_word' id='word_1_548' title='bbox 432 4467 606 4538; x_wconf 87' lang='lat' dir='ltr'>sedit,</span> <span class='ocrx_word' id='word_1_549' title='bbox 638 4473 697 4526; x_wconf 89' lang='lat' dir='ltr'>et</span> <span class='ocrx_word' id='word_1_550' title='bbox 724 4471 981 4545; x_wconf 90' lang='lat' dir='ltr'>capitula</span> <span class='ocrx_word' id='word_1_551' title='bbox 1007 4473 1079 4530; x_wconf 89' lang='lat' dir='ltr'>ab</span> <span class='ocrx_word' id='word_1_552' title='bbox 1110 4477 1430 4549; x_wconf 84' lang='lat' dir='ltr'>apostolica</span> <span class='ocrx_word' id='word_1_553' title='bbox 1479 4481 1616 4537; x_wconf 88' lang='lat' dir='ltr'>sede</span> <span class='ocrx_word' id='word_1_554' title='bbox 1665 4481 1904 4552; x_wconf 89' lang='lat' dir='ltr'>directa,</span> <span class='ocrx_word' id='word_1_555' title='bbox 1937 4484 2085 4540; x_wconf 90' lang='lat' dir='ltr'>sub-</span> 
     </span>
    </p>
   </div>
   <div class='ocr_carea' id='block_1_78' title="bbox 432 4554 2085 4644">
    <p class='ocr_par' dir='ltr' id='par_1_78' title="bbox 432 4554 2085 4644">
     <span class='ocr_line' id='line_1_78' title="bbox 432 4554 2085 4644; baseline 0.01 -32"><span class='ocrx_word' id='word_1_556' title='bbox 432 4554 741 4644; x_wconf 87' lang='lat' dir='ltr'>scribenda</span> <span class='ocrx_word' id='word_1_557' title='bbox 769 4563 829 4617; x_wconf 90' lang='lat' dir='ltr'>et</span> <span class='ocrx_word' id='word_1_558' title='bbox 858 4563 1110 4620; x_wconf 88' lang='lat' dir='ltr'>tenenda</span> <span class='ocrx_word' id='word_1_559' title='bbox 1157 4565 1434 4624; x_wconf 90' lang='lat' dir='ltr'>omnibus</span> <span class='ocrx_word' id='word_1_560' title='bbox 1481 4569 1748 4643; x_wconf 89' lang='lat' dir='ltr'>protulit,</span> <span class='ocrx_word' id='word_1_561' title='bbox 1780 4571 1968 4644; x_wconf 90' lang='lat' dir='ltr'>capite</span> <span class='ocrx_word' id='word_1_562' title='bbox 1987 4590 2085 4630; x_wconf 81' lang='lat' dir='ltr'>xw</span> 
     </span>
    </p>
   </div>
   <div class='ocr_carea' id='block_1_79' title="bbox 2203 3403 3858 3480">
    <p class='ocr_par' dir='ltr' id='par_1_79' title="bbox 2203 3403 3858 3480">
     <span class='ocr_line' id='line_1_79' title="bbox 2203 3403 3858 3480; baseline -0.001 -14"><span class='ocrx_word' id='word_1_563' title='bbox 2203 3408 2503 3466; x_wconf 87' lang='lat' dir='ltr'>hominem</span> <span class='ocrx_word' id='word_1_564' title='bbox 2540 3406 2776 3472; x_wconf 87' lang='lat' dir='ltr'>creavit,</span> <span class='ocrx_word' id='word_1_565' title='bbox 2799 3422 2973 3480; x_wconf 89' lang='lat' dir='ltr'>quem</span> <span class='ocrx_word' id='word_1_566' title='bbox 3003 3405 3320 3462; x_wconf 72' lang='lat' dir='ltr'>consistam</span> <span class='ocrx_word' id='word_1_567' title='bbox 3354 3405 3428 3462; x_wconf 89' lang='lat' dir='ltr'>ad</span> <span class='ocrx_word' id='word_1_568' title='bbox 3466 3403 3858 3464; x_wconf 62' lang='lat' dir='ltr'>aeternitatem</span> 
     </span>
    </p>
   </div>
   <div class='ocr_carea' id='block_1_80' title="bbox 2200 3492 3860 3568">
    <p class='ocr_par' dir='ltr' id='par_1_80' title="bbox 2200 3492 3860 3568">
     <span class='ocr_line' id='line_1_80' title="bbox 2200 3492 3860 3568; baseline -0.002 -13"><span class='ocrx_word' id='word_1_569' title='bbox 2200 3496 2404 3568; x_wconf 88' lang='lat' dir='ltr'>voluit,</span> <span class='ocrx_word' id='word_1_570' title='bbox 2437 3501 2496 3552; x_wconf 91' lang='lat' dir='ltr'>et</span> <span class='ocrx_word' id='word_1_571' title='bbox 2525 3512 2638 3552; x_wconf 91' lang='lat' dir='ltr'>non</span> <span class='ocrx_word' id='word_1_572' title='bbox 2668 3499 2736 3552; x_wconf 89' lang='lat' dir='ltr'>ut</span> <span class='ocrx_word' id='word_1_573' title='bbox 2765 3493 2980 3568; x_wconf 86' lang='lat' dir='ltr'>periret</span> <span class='ocrx_word' id='word_1_574' title='bbox 3021 3493 3480 3568; x_wconf 68' lang='lat' dir='ltr'>praedestinavit;</span> <span class='ocrx_word' id='word_1_575' title='bbox 3512 3492 3860 3566; x_wconf 86' lang='lat' dir='ltr'>periturum</span> 
     </span>
    </p>
   </div>
   <div class='ocr_carea' id='block_1_81' title="bbox 2200 3582 3861 3658">
    <p class='ocr_par' dir='ltr' id='par_1_81' title="bbox 2200 3582 3861 3658">
     <span class='ocr_line' id='line_1_81' title="bbox 2200 3582 3861 3658; baseline -0.003 -15"><span class='ocrx_word' id='word_1_576' title='bbox 2200 3591 2397 3643; x_wconf 89' lang='lat' dir='ltr'>autem</span> <span class='ocrx_word' id='word_1_577' title='bbox 2427 3585 2595 3642; x_wconf 91' lang='lat' dir='ltr'>illum</span> <span class='ocrx_word' id='word_1_578' title='bbox 2626 3583 2933 3658; x_wconf 80' lang='lat' dir='ltr'>praescivit,</span> <span class='ocrx_word' id='word_1_579' title='bbox 2959 3584 3059 3657; x_wconf 90' lang='lat' dir='ltr'>qui</span> <span class='ocrx_word' id='word_1_580' title='bbox 3090 3583 3280 3640; x_wconf 81' lang='lat' dir='ltr'>factus</span> <span class='ocrx_word' id='word_1_581' title='bbox 3308 3586 3399 3638; x_wconf 89' lang='lat' dir='ltr'>est</span> <span class='ocrx_word' id='word_1_582' title='bbox 3426 3597 3626 3644; x_wconf 80' lang='lat' dir='ltr'>massa</span> <span class='ocrx_word' id='word_1_583' title='bbox 3652 3582 3861 3655; x_wconf 87' lang='lat' dir='ltr'>perdi-</span> 
     </span>
    </p>
   </div>
   <div class='ocr_carea' id='block_1_82' title="bbox 2196 3670 3857 3747">
    <p class='ocr_par' dir='ltr' id='par_1_82' title="bbox 2196 3670 3857 3747">
     <span class='ocr_line' id='line_1_82' title="bbox 2196 3670 3857 3747; baseline -0.002 -15"><span class='ocrx_word' id='word_1_584' title='bbox 2196 3675 2374 3733; x_wconf 88' lang='lat' dir='ltr'>tionis</span> <span class='ocrx_word' id='word_1_585' title='bbox 2401 3676 2584 3732; x_wconf 85' lang='lat' dir='ltr'>totius</span> <span class='ocrx_word' id='word_1_586' title='bbox 2614 3674 2857 3731; x_wconf 89' lang='lat' dir='ltr'>humani</span> <span class='ocrx_word' id='word_1_587' title='bbox 2896 3673 3146 3747; x_wconf 89' lang='lat' dir='ltr'>generis,</span> <span class='ocrx_word' id='word_1_588' title='bbox 3169 3689 3240 3730; x_wconf 75' lang='lat' dir='ltr'>ex</span> <span class='ocrx_word' id='word_1_589' title='bbox 3268 3688 3389 3745; x_wconf 91' lang='lat' dir='ltr'>qua</span> <span class='ocrx_word' id='word_1_590' title='bbox 3417 3687 3616 3728; x_wconf 87' lang='lat' dir='ltr'>massa</span> <span class='ocrx_word' id='word_1_591' title='bbox 3642 3670 3857 3744; x_wconf 82' lang='lat' dir='ltr'>perdi-</span> 
     </span>
    </p>
   </div>
   <div class='ocr_carea' id='block_1_83' title="bbox 2200 3759 3857 3836">
    <p class='ocr_par' dir='ltr' id='par_1_83' title="bbox 2200 3759 3857 3836">
     <span class='ocr_line' id='line_1_83' title="bbox 2200 3759 3857 3836; baseline -0.002 -15"><span class='ocrx_word' id='word_1_592' title='bbox 2200 3764 2378 3821; x_wconf 89' lang='lat' dir='ltr'>tionis</span> <span class='ocrx_word' id='word_1_593' title='bbox 2408 3766 2509 3821; x_wconf 70' lang='lat'>49</span> <span class='ocrx_word' id='word_1_594' title='bbox 2530 3762 2818 3836; x_wconf 67' lang='lat' dir='ltr'>praescivlt</span> <span class='ocrx_word' id='word_1_595' title='bbox 2836 3767 2895 3819; x_wconf 91' lang='lat' dir='ltr'>et</span> <span class='ocrx_word' id='word_1_596' title='bbox 2913 3760 3346 3836; x_wconf 74' lang='lat' dir='ltr'>prmdestinavit</span> <span class='ocrx_word' id='word_1_597' title='bbox 3367 3764 3503 3817; x_wconf 88' lang='lat' dir='ltr'>ante</span> <span class='ocrx_word' id='word_1_598' title='bbox 3520 3759 3723 3818; x_wconf 89' lang='lat' dir='ltr'>omnia</span> <span class='ocrx_word' id='word_1_599' title='bbox 3740 3777 3857 3818; x_wconf 62' lang='lat' dir='ltr'>sw-</span> 
     </span>
    </p>
   </div>
   <div class='ocr_carea' id='block_1_84' title="bbox 2198 3847 3859 3925">
    <p class='ocr_par' dir='ltr' id='par_1_84' title="bbox 2198 3847 3859 3925">
     <span class='ocr_line' id='line_1_84' title="bbox 2198 3847 3859 3925; baseline 0.001 -17"><span class='ocrx_word' id='word_1_600' title='bbox 2198 3852 2331 3909; x_wconf 90' lang='lat' dir='ltr'>cula</span> <span class='ocrx_word' id='word_1_601' title='bbox 2351 3852 2637 3925; x_wconf 88' lang='lat' dir='ltr'>quosdam</span> <span class='ocrx_word' id='word_1_602' title='bbox 2661 3850 2733 3907; x_wconf 88' lang='lat' dir='ltr'>ad</span> <span class='ocrx_word' id='word_1_603' title='bbox 2754 3849 2956 3919; x_wconf 85' lang='lat' dir='ltr'>vitam,</span> <span class='ocrx_word' id='word_1_604' title='bbox 2978 3853 3037 3906; x_wconf 87' lang='lat' dir='ltr'>et</span> <span class='ocrx_word' id='word_1_605' title='bbox 3053 3849 3235 3910; x_wconf 86' lang='lat' dir='ltr'>vitam</span> <span class='ocrx_word' id='word_1_606' title='bbox 3264 3847 3382 3905; x_wconf 87' lang='lat' dir='ltr'>illis</span> <span class='ocrx_word' id='word_1_607' title='bbox 3409 3848 3859 3922; x_wconf 63' lang='lat' dir='ltr'>praedestinavit</span> 
     </span>
    </p>
   </div>
   <div class='ocr_carea' id='block_1_85' title="bbox 2197 3937 3859 4012">
    <p class='ocr_par' dir='ltr' id='par_1_85' title="bbox 2197 3937 3859 4012">
     <span class='ocr_line' id='line_1_85' title="bbox 2197 3937 3859 4012; baseline 0.001 -15"><span class='ocrx_word' id='word_1_608' title='bbox 2197 3947 2494 4009; x_wconf 78' lang='lat' dir='ltr'>aeternam,</span> <span class='ocrx_word' id='word_1_609' title='bbox 2518 3944 2584 3996; x_wconf 92' lang='lat' dir='ltr'>ut</span> <span class='ocrx_word' id='word_1_610' title='bbox 2610 3938 2751 3996; x_wconf 90' lang='lat' dir='ltr'>dicit</span> <span class='ocrx_word' id='word_1_611' title='bbox 2779 3937 3093 4012; x_wconf 87' lang='lat' dir='ltr'>Apostolus</span> <span class='ocrx_word' id='word_1_612' title='bbox 3123 3955 3138 3995; x_wconf 90' lang='lat'><strong>:</strong></span> <span class='ocrx_word' id='word_1_613' title='bbox 3173 3938 3358 3996; x_wconf 80' lang='lat' dir='ltr'>Gratia</span> <span class='ocrx_word' id='word_1_614' title='bbox 3384 3945 3568 3996; x_wconf 76' lang='lat' dir='ltr'>autem</span> <span class='ocrx_word' id='word_1_615' title='bbox 3601 3938 3705 3995; x_wconf 82' lang='lat' dir='ltr'>Dei</span> <span class='ocrx_word' id='word_1_616' title='bbox 3731 3940 3859 3998; x_wconf 63' lang='lat' dir='ltr'>vita</span> 
     </span>
    </p>
   </div>
   <div class='ocr_carea' id='block_1_86' title="bbox 2196 4025 3858 4102">
    <p class='ocr_par' dir='ltr' id='par_1_86' title="bbox 2196 4025 3858 4102">
     <span class='ocr_line' id='line_1_86' title="bbox 2196 4025 3858 4102; baseline 0.001 -14"><span class='ocrx_word' id='word_1_617' title='bbox 2196 4039 2405 4089; x_wconf 68' lang='lat' dir='ltr'>aeterna</span> <span class='ocrx_word' id='word_1_618' title='bbox 2435 4030 2606 4100; x_wconf 79' lang='lat' dir='ltr'>(Rom.</span> <span class='ocrx_word' id='word_1_619' title='bbox 2627 4045 2706 4102; x_wconf 80' lang='lat' dir='ltr'>v1,</span> <span class='ocrx_word' id='word_1_620' title='bbox 2736 4030 2851 4099; x_wconf 87' lang='lat'>23),</span> <span class='ocrx_word' id='word_1_621' title='bbox 2875 4044 3003 4102; x_wconf 70' lang='lat' dir='ltr'>quae</span> <span class='ocrx_word' id='word_1_622' title='bbox 3051 4027 3112 4084; x_wconf 91' lang='lat' dir='ltr'>in</span> <span class='ocrx_word' id='word_1_623' title='bbox 3157 4026 3468 4102; x_wconf 88' lang='lat' dir='ltr'>Evangelio</span> <span class='ocrx_word' id='word_1_624' title='bbox 3514 4025 3858 4101; x_wconf 83' lang='lat' dir='ltr'>appellatur</span> 
     </span>
    </p>
   </div>
   <div class='ocr_carea' id='block_1_87' title="bbox 2197 4113 3859 4192">
    <p class='ocr_par' dir='ltr' id='par_1_87' title="bbox 2197 4113 3859 4192">
     <span class='ocr_line' id='line_1_87' title="bbox 2197 4113 3859 4192; baseline -0.002 -16"><span class='ocrx_word' id='word_1_625' title='bbox 2197 4135 2444 4192; x_wconf 83' lang='lat' dir='ltr'>regnum</span> <span class='ocrx_word' id='word_1_626' title='bbox 2476 4121 2766 4192; x_wconf 90' lang='lat' dir='ltr'>paratum,</span> <span class='ocrx_word' id='word_1_627' title='bbox 2788 4117 2849 4172; x_wconf 91' lang='lat' dir='ltr'>id</span> <span class='ocrx_word' id='word_1_628' title='bbox 2875 4120 2966 4174; x_wconf 91' lang='lat' dir='ltr'>est</span> <span class='ocrx_word' id='word_1_629' title='bbox 2993 4114 3491 4190; x_wconf 64' lang='lat' dir='ltr'>praedestinatum,</span> <span class='ocrx_word' id='word_1_630' title='bbox 3513 4113 3716 4173; x_wconf 90' lang='lat' dir='ltr'>electis</span> <span class='ocrx_word' id='word_1_631' title='bbox 3737 4116 3859 4174; x_wconf 86' lang='lat' dir='ltr'>sci-</span> 
     </span>
    </p>
   </div>
   <div class='ocr_carea' id='block_1_88' title="bbox 2196 4203 3403 4281">
    <p class='ocr_par' dir='ltr' id='par_1_88' title="bbox 2196 4203 3403 4281">
     <span class='ocr_line' id='line_1_88' title="bbox 2196 4203 3403 4281; baseline -0.002 -16"><span class='ocrx_word' id='word_1_632' title='bbox 2196 4208 2331 4265; x_wconf 90' lang='lat' dir='ltr'>licet</span> <span class='ocrx_word' id='word_1_633' title='bbox 2361 4205 2785 4281; x_wconf 75' lang='lat' dir='ltr'>praedestinatis</span> <span class='ocrx_word' id='word_1_634' title='bbox 2816 4205 2890 4262; x_wconf 89' lang='lat' dir='ltr'>ah</span> <span class='ocrx_word' id='word_1_635' title='bbox 2919 4203 3143 4279; x_wconf 88' lang='lat' dir='ltr'>origine</span> <span class='ocrx_word' id='word_1_636' title='bbox 3171 4203 3403 4262; x_wconf 89' lang='lat' dir='ltr'>mundi.</span> 
     </span>
    </p>
   </div>
   <div class='ocr_carea' id='block_1_89' title="bbox 2267 4290 3852 4367">
    <p class='ocr_par' dir='ltr' id='par_1_89' title="bbox 2267 4290 3852 4367">
     <span class='ocr_line' id='line_1_89' title="bbox 2267 4290 3852 4367; baseline -0.001 -14"><span class='ocrx_word' id='word_1_637' title='bbox 2267 4295 2485 4354; x_wconf 90' lang='lat' dir='ltr'>Deinde</span> <span class='ocrx_word' id='word_1_638' title='bbox 2514 4292 2822 4367; x_wconf 86' lang='lat' dir='ltr'>subjungit</span> <span class='ocrx_word' id='word_1_639' title='bbox 2864 4297 3041 4366; x_wconf 89' lang='lat' dir='ltr'>atque</span> <span class='ocrx_word' id='word_1_640' title='bbox 3069 4291 3212 4349; x_wconf 90' lang='lat' dir='ltr'>dicit</span> <span class='ocrx_word' id='word_1_641' title='bbox 3239 4307 3252 4350; x_wconf 91' lang='lat'>:</span> <span class='ocrx_word' id='word_1_642' title='bbox 3276 4314 3305 4344; x_wconf 86' lang='lat'>«</span> <span class='ocrx_word' id='word_1_643' title='bbox 3328 4290 3852 4352; x_wconf 77' lang='lat' dir='ltr'>Presdestinatione</span> 
     </span>
    </p>
   </div>
   <div class='ocr_carea' id='block_1_90' title="bbox 2194 4379 3855 4454">
    <p class='ocr_par' dir='ltr' id='par_1_90' title="bbox 2194 4379 3855 4454">
     <span class='ocr_line' id='line_1_90' title="bbox 2194 4379 3855 4454; baseline -0.001 -10"><span class='ocrx_word' id='word_1_644' title='bbox 2194 4391 2392 4444; x_wconf 87' lang='lat' dir='ltr'>autem</span> <span class='ocrx_word' id='word_1_645' title='bbox 2417 4387 2595 4442; x_wconf 89' lang='lat' dir='ltr'>Deum</span> <span class='ocrx_word' id='word_1_646' title='bbox 2625 4386 2860 4440; x_wconf 88' lang='lat' dir='ltr'>tantum</span> <span class='ocrx_word' id='word_1_647' title='bbox 2889 4381 3167 4439; x_wconf 88' lang='lat' dir='ltr'>statuisse</span> <span class='ocrx_word' id='word_1_648' title='bbox 3184 4397 3311 4454; x_wconf 55' lang='lat' dir='ltr'>quat</span> <span class='ocrx_word' id='word_1_649' title='bbox 3331 4381 3457 4454; x_wconf 87' lang='lat' dir='ltr'>ipse</span> <span class='ocrx_word' id='word_1_650' title='bbox 3472 4379 3562 4438; x_wconf 83' lang='lat' dir='ltr'>vel</span> <span class='ocrx_word' id='word_1_651' title='bbox 3581 4381 3855 4454; x_wconf 80' lang='lat' dir='ltr'>gratuita</span> 
     </span>
    </p>
   </div>
   <div class='ocr_carea' id='block_1_91' title="bbox 2194 4469 3848 4545">
    <p class='ocr_par' dir='ltr' id='par_1_91' title="bbox 2194 4469 3848 4545">
     <span class='ocr_line' id='line_1_91' title="bbox 2194 4469 3848 4545; baseline -0.002 -13"><span class='ocrx_word' id='word_1_652' title='bbox 2194 4473 2596 4532; x_wconf 87' lang='lat' dir='ltr'>misericordia</span> <span class='ocrx_word' id='word_1_653' title='bbox 2620 4471 2706 4530; x_wconf 90' lang='lat' dir='ltr'>vel</span> <span class='ocrx_word' id='word_1_654' title='bbox 2733 4473 2897 4545; x_wconf 88' lang='lat' dir='ltr'>justo</span> <span class='ocrx_word' id='word_1_655' title='bbox 2919 4469 3146 4543; x_wconf 91' lang='lat' dir='ltr'>judicio</span> <span class='ocrx_word' id='word_1_656' title='bbox 3166 4471 3429 4528; x_wconf 77' lang='lat' dir='ltr'>facturus</span> <span class='ocrx_word' id='word_1_657' title='bbox 3456 4474 3602 4540; x_wconf 85' lang='lat' dir='ltr'>erat,</span> <span class='ocrx_word' id='word_1_658' title='bbox 3628 4486 3848 4531; x_wconf 80' lang='lat' dir='ltr'>secun-</span> 
     </span>
    </p>
   </div>
   <div class='ocr_carea' id='block_1_92' title="bbox 2194 4558 3851 4636">
    <p class='ocr_par' dir='ltr' id='par_1_92' title="bbox 2194 4558 3851 4636">
     <span class='ocr_line' id='line_1_92' title="bbox 2194 4558 3851 4636; baseline -0.003 -15"><span class='ocrx_word' id='word_1_659' title='bbox 2194 4565 2335 4621; x_wconf 87' lang='lat' dir='ltr'>dum</span> <span class='ocrx_word' id='word_1_660' title='bbox 2376 4561 2738 4636; x_wconf 88' lang='lat' dir='ltr'>Scripturam</span> <span class='ocrx_word' id='word_1_661' title='bbox 2790 4560 3080 4618; x_wconf 88' lang='lat' dir='ltr'>dicentem</span> <span class='ocrx_word' id='word_1_662' title='bbox 3113 4574 3128 4615; x_wconf 87' lang='lat'><strong>:</strong></span> <span class='ocrx_word' id='word_1_663' title='bbox 3159 4558 3266 4630; x_wconf 80' lang='lat' dir='ltr'>Qui</span> <span class='ocrx_word' id='word_1_664' title='bbox 3300 4560 3433 4630; x_wconf 81' lang='lat' dir='ltr'>fecit</span> <span class='ocrx_word' id='word_1_665' title='bbox 3475 4572 3602 4633; x_wconf 68' lang='lat' dir='ltr'>quae</span> <span class='ocrx_word' id='word_1_666' title='bbox 3645 4562 3851 4632; x_wconf 59' lang='lat' dir='ltr'>ﬁctura</span> 
     </span>
    </p>
   </div>
   <div class='ocr_carea' id='block_1_93' title="bbox 424 4642 3849 4741">
    <p class='ocr_par' dir='ltr' id='par_1_93' title="bbox 424 4642 3849 4741">
     <span class='ocr_line' id='line_1_93' title="bbox 424 4642 3849 4741; baseline 0.009 -42"><span class='ocrx_word' id='word_1_667' title='bbox 424 4642 646 4741; x_wconf 63' lang='lat' dir='ltr'>dicitur</span> <span class='ocrx_word' id='word_1_668' title='bbox 677 4663 691 4702; x_wconf 91' lang='lat'><strong>:</strong></span> <span class='ocrx_word' id='word_1_669' title='bbox 723 4646 941 4741; x_wconf 58' lang='lat' dir='ltr'>l‘lullus</span> <span class='ocrx_word' id='word_1_670' title='bbox 963 4651 1144 4741; x_wconf 80' lang='lat' dir='ltr'>miser</span> <span class='ocrx_word' id='word_1_671' title='bbox 1172 4654 1242 4710; x_wconf 92' lang='lat' dir='ltr'>de</span> <span class='ocrx_word' id='word_1_672' title='bbox 1272 4642 1733 4731; x_wconf 89' lang='lat' dir='ltr'>quantacunque</span> <span class='ocrx_word' id='word_1_673' title='bbox 1753 4642 1989 4717; x_wconf 78' lang='lat' dir='ltr'>miseria</span> <span class='ocrx_word' id='word_1_674' title='bbox 2008 4659 2076 4716; x_wconf 91' lang='lat' dir='ltr'>li-</span> <span class='ocrx_word' id='word_1_675' title='bbox 2106 4671 2167 4741; x_wconf 59' lang='lat' dir='ltr'>D‘</span> <span class='ocrx_word' id='word_1_676' title='bbox 2189 4662 2319 4711; x_wconf 70' lang='grc' dir='ltr'>δαπι</span> <span class='ocrx_word' id='word_1_677' title='bbox 2343 4654 2471 4723; x_wconf 72' lang='grc' dir='ltr'>(Ῑδα-</span> <span class='ocrx_word' id='word_1_678' title='bbox 2495 4668 2622 4719; x_wconf 54' lang='lat' dir='ltr'>LXV;</span> <span class='ocrx_word' id='word_1_679' title='bbox 2643 4667 2749 4708; x_wconf 74' lang='grc' dir='ltr'>διὀ·</span> <span class='ocrx_word' id='word_1_680' title='bbox 2784 4651 2906 4741; x_wconf 53' lang='lat' dir='ltr'>LXX</span> <span class='ocrx_word' id='word_1_681' title='bbox 2926 4666 2940 4706; x_wconf 70' lang='grc' dir='ltr'>ε</span> <span class='ocrx_word' id='word_1_682' title='bbox 2964 4649 3025 4706; x_wconf 73' lang='lat' dir='ltr'>in</span> <span class='ocrx_word' id='word_1_683' title='bbox 3052 4648 3226 4741; x_wconf 52' lang='lat' dir='ltr'>{nalis</span> <span class='ocrx_word' id='word_1_684' title='bbox 3250 4664 3386 4707; x_wconf 66' lang='grc' dir='ltr'>νθνο</span> <span class='ocrx_word' id='word_1_685' title='bbox 3415 4648 3689 4741; x_wconf 41' lang='lat' dir='ltr'>ipson&quot;?</span> <span class='ocrx_word' id='word_1_686' title='bbox 3713 4664 3849 4741; x_wconf 58' lang='lat' dir='ltr'>maf‘</span> 
     </span>
    </p>
   </div>
   <div class='ocr_carea' id='block_1_94' title="bbox 427 4732 2107 4819">
    <p class='ocr_par' dir='ltr' id='par_1_94' title="bbox 427 4732 2107 4819">
     <span class='ocr_line' id='line_1_94' title="bbox 427 4732 2107 4819; baseline 0.01 -29"><span class='ocrx_word' id='word_1_687' title='bbox 427 4732 685 4805; x_wconf 90' lang='lat' dir='ltr'>beratur,</span> <span class='ocrx_word' id='word_1_688' title='bbox 707 4735 823 4793; x_wconf 91' lang='lat' dir='ltr'>nisi</span> <span class='ocrx_word' id='word_1_689' title='bbox 845 4739 945 4812; x_wconf 90' lang='lat' dir='ltr'>qui</span> <span class='ocrx_word' id='word_1_690' title='bbox 971 4739 1073 4797; x_wconf 92' lang='lat' dir='ltr'>Dei</span> <span class='ocrx_word' id='word_1_691' title='bbox 1107 4741 1509 4802; x_wconf 89' lang='lat' dir='ltr'>misericordia</span> <span class='ocrx_word' id='word_1_692' title='bbox 1527 4747 1891 4819; x_wconf 66' lang='lat' dir='ltr'>praevenitur,</span> <span class='ocrx_word' id='word_1_693' title='bbox 1925 4749 2079 4807; x_wconf 91' lang='lat' dir='ltr'>sicut</span> <span class='ocrx_word' id='word_1_694' title='bbox 2106 4734 2107 4739; x_wconf 10' lang='grc' dir='ltr'><strong>η</strong></span> 
     </span>
    </p>
   </div>
   <div class='ocr_carea' id='block_1_95' title="bbox 2208 4732 3845 4819">
    <p class='ocr_par' dir='ltr' id='par_1_95' title="bbox 2213 4737 3845 4816">
     <span class='ocr_line' id='line_1_95' title="bbox 2213 4737 3845 4816; baseline 0 -18"><span class='ocrx_word' id='word_1_695' title='bbox 2213 4743 2373 4800; x_wconf 88' lang='lat' dir='ltr'>itiam</span> <span class='ocrx_word' id='word_1_696' title='bbox 2404 4741 2729 4816; x_wconf 73' lang='lat' dir='ltr'>prmscisse,</span> <span class='ocrx_word' id='word_1_697' title='bbox 2760 4739 2902 4813; x_wconf 87' lang='lat' dir='ltr'>quia</span> <span class='ocrx_word' id='word_1_698' title='bbox 2948 4755 3018 4795; x_wconf 82' lang='lat' dir='ltr'>ex</span> <span class='ocrx_word' id='word_1_699' title='bbox 3063 4737 3212 4813; x_wconf 90' lang='lat' dir='ltr'>ipsis</span> <span class='ocrx_word' id='word_1_700' title='bbox 3238 4743 3349 4808; x_wconf 88' lang='lat' dir='ltr'>est,</span> <span class='ocrx_word' id='word_1_701' title='bbox 3389 4754 3507 4796; x_wconf 90' lang='lat' dir='ltr'>non</span> <span class='ocrx_word' id='word_1_702' title='bbox 3535 4738 3845 4812; x_wconf 68' lang='lat' dir='ltr'>praedesti-</span> 
     </span>
    </p>
   </div>
   <div class='ocr_carea' id='block_1_96' title="bbox 425 4820 2072 4910">
    <p class='ocr_par' dir='ltr' id='par_1_96' title="bbox 425 4820 2072 4910">
     <span class='ocr_line' id='line_1_96' title="bbox 425 4820 2072 4910; baseline 0.011 -31"><span class='ocrx_word' id='word_1_703' title='bbox 425 4820 572 4880; x_wconf 87' lang='lat' dir='ltr'>dicit</span> <span class='ocrx_word' id='word_1_704' title='bbox 599 4822 945 4884; x_wconf 86' lang='lat' dir='ltr'>Psalmista:</span> <span class='ocrx_word' id='word_1_705' title='bbox 977 4828 1096 4887; x_wconf 86' lang='lat' dir='ltr'>Cito</span> <span class='ocrx_word' id='word_1_706' title='bbox 1133 4834 1393 4906; x_wconf 79' lang='lat' dir='ltr'>anticipet</span> <span class='ocrx_word' id='word_1_707' title='bbox 1424 4851 1524 4892; x_wconf 80' lang='lat' dir='ltr'>nos</span> <span class='ocrx_word' id='word_1_708' title='bbox 1551 4837 1931 4895; x_wconf 78' lang='lat' dir='ltr'>misericordia</span> <span class='ocrx_word' id='word_1_709' title='bbox 1959 4846 2072 4910; x_wconf 86' lang='lat' dir='ltr'>tua,</span> 
     </span>
    </p>
   </div>
   <div class='ocr_carea' id='block_1_97' title="bbox 423 4910 2074 4996">
    <p class='ocr_par' dir='ltr' id='par_1_97' title="bbox 423 4910 2074 4996">
     <span class='ocr_line' id='line_1_97' title="bbox 423 4910 2074 4996; baseline 0.01 -28"><span class='ocrx_word' id='word_1_710' title='bbox 423 4910 652 4970; x_wconf 76' lang='lat' dir='ltr'>Domine</span> <span class='ocrx_word' id='word_1_711' title='bbox 681 4913 849 4987; x_wconf 79' lang='lat' dir='ltr'>(Psal.</span> <span class='ocrx_word' id='word_1_712' title='bbox 884 4933 1114 4990; x_wconf 81' lang='lat' dir='ltr'>Lxxvm,</span> <span class='ocrx_word' id='word_1_713' title='bbox 1144 4922 1232 4990; x_wconf 86' lang='lat'>8);</span> <span class='ocrx_word' id='word_1_714' title='bbox 1265 4927 1323 4979; x_wconf 92' lang='lat' dir='ltr'>et</span> <span class='ocrx_word' id='word_1_715' title='bbox 1353 4923 1500 4980; x_wconf 89' lang='lat' dir='ltr'>illud</span> <span class='ocrx_word' id='word_1_716' title='bbox 1533 4942 1546 4981; x_wconf 90' lang='lat'><strong>:</strong></span> <span class='ocrx_word' id='word_1_717' title='bbox 1580 4926 1721 4982; x_wconf 85' lang='lat' dir='ltr'>Deus</span> <span class='ocrx_word' id='word_1_718' title='bbox 1764 4942 1936 4996; x_wconf 82' lang='lat' dir='ltr'>meus,</span> <span class='ocrx_word' id='word_1_719' title='bbox 1966 4930 2074 4986; x_wconf 84' lang='lat' dir='ltr'>mi-</span> 
     </span>
    </p>
   </div>
   <div class='ocr_carea' id='block_1_98' title="bbox 423 5001 2071 5089">
    <p class='ocr_par' dir='ltr' id='par_1_98' title="bbox 423 5001 2071 5089">
     <span class='ocr_line' id='line_1_98' title="bbox 423 5001 2071 5089; baseline 0.01 -31"><span class='ocrx_word' id='word_1_720' title='bbox 423 5001 720 5089; x_wconf 78' lang='lat' dir='ltr'>sericordia</span> <span class='ocrx_word' id='word_1_721' title='bbox 749 5004 870 5077; x_wconf 82' lang='lat' dir='ltr'>ejus</span> <span class='ocrx_word' id='word_1_722' title='bbox 892 5011 1190 5079; x_wconf 66' lang='lat' dir='ltr'>prwveniet</span> <span class='ocrx_word' id='word_1_723' title='bbox 1210 5027 1296 5068; x_wconf 84' lang='lat' dir='ltr'>me</span> <span class='ocrx_word' id='word_1_724' title='bbox 1321 5013 1490 5085; x_wconf 77' lang='lat' dir='ltr'>(Psal.</span> <span class='ocrx_word' id='word_1_725' title='bbox 1516 5031 1672 5084; x_wconf 82' lang='lat' dir='ltr'><strong>LVIII,</strong></span> <span class='ocrx_word' id='word_1_726' title='bbox 1699 5016 1807 5089; x_wconf 89' lang='grc'><strong>11).</strong></span> <span class='ocrx_word' id='word_1_727' title='bbox 1838 5036 1860 5067; x_wconf 77' lang='grc' dir='ltr'>ι</span> <span class='ocrx_word' id='word_1_728' title='bbox 1885 5017 1955 5073; x_wconf 87' lang='lat' dir='ltr'>Et</span> <span class='ocrx_word' id='word_1_729' title='bbox 1979 5035 2071 5074; x_wconf 85' lang='lat' dir='ltr'>ca-</span> 
     </span>
    </p>
   </div>
   <div class='ocr_carea' id='block_1_99' title="bbox 423 5087 2068 5179">
    <p class='ocr_par' dir='ltr' id='par_1_99' title="bbox 423 5087 2068 5179">
     <span class='ocr_line' id='line_1_99' title="bbox 423 5087 2068 5179; baseline 0.012 -34"><span class='ocrx_word' id='word_1_730' title='bbox 423 5087 544 5162; x_wconf 89' lang='lat' dir='ltr'>pite</span> <span class='ocrx_word' id='word_1_731' title='bbox 569 5109 709 5151; x_wconf 83' lang='lat' dir='ltr'>xvm</span> <span class='ocrx_word' id='word_1_732' title='bbox 734 5111 747 5150; x_wconf 90' lang='lat'><strong>:</strong></span> <span class='ocrx_word' id='word_1_733' title='bbox 773 5094 1026 5153; x_wconf 87' lang='lat' dir='ltr'>Debetur</span> <span class='ocrx_word' id='word_1_734' title='bbox 1053 5113 1276 5157; x_wconf 88' lang='lat' dir='ltr'>merces</span> <span class='ocrx_word' id='word_1_735' title='bbox 1319 5101 1489 5159; x_wconf 88' lang='lat' dir='ltr'>bonis</span> <span class='ocrx_word' id='word_1_736' title='bbox 1521 5087 1796 5176; x_wconf 82' lang='lat' dir='ltr'>operibus</span> <span class='ocrx_word' id='word_1_737' title='bbox 1824 5105 1876 5162; x_wconf 82' lang='lat' dir='ltr'>si</span> <span class='ocrx_word' id='word_1_738' title='bbox 1904 5107 2068 5179; x_wconf 81' lang='lat' dir='ltr'>ﬁant,</span> 
     </span>
    </p>
   </div>
   <div class='ocr_carea' id='block_1_100' title="bbox 422 5179 2070 5266">
    <p class='ocr_par' dir='ltr' id='par_1_100' title="bbox 422 5179 2070 5266">
     <span class='ocr_line' id='line_1_100' title="bbox 422 5179 2070 5266; baseline 0.008 -30"><span class='ocrx_word' id='word_1_739' title='bbox 422 5179 528 5266; x_wconf 66' lang='lat' dir='ltr'>sed</span> <span class='ocrx_word' id='word_1_740' title='bbox 563 5183 750 5254; x_wconf 85' lang='lat' dir='ltr'>gratia</span> <span class='ocrx_word' id='word_1_741' title='bbox 801 5202 931 5258; x_wconf 69' lang='lat' dir='ltr'>quae</span> <span class='ocrx_word' id='word_1_742' title='bbox 987 5204 1104 5243; x_wconf 91' lang='lat' dir='ltr'>non</span> <span class='ocrx_word' id='word_1_743' title='bbox 1144 5189 1389 5248; x_wconf 88' lang='lat' dir='ltr'>debetur</span> <span class='ocrx_word' id='word_1_744' title='bbox 1426 5193 1701 5266; x_wconf 69' lang='lat' dir='ltr'>praecedit</span> <span class='ocrx_word' id='word_1_745' title='bbox 1738 5199 1804 5252; x_wconf 88' lang='lat' dir='ltr'>ut</span> <span class='ocrx_word' id='word_1_746' title='bbox 1850 5196 2012 5254; x_wconf 81' lang='lat' dir='ltr'>fiant.</span> <span class='ocrx_word' id='word_1_747' title='bbox 2040 5220 2070 5250; x_wconf 83' lang='lat'>»</span> 
     </span>
    </p>
   </div>
   <div class='ocr_carea' id='block_1_101' title="bbox 422 5265 2060 5358">
    <p class='ocr_par' dir='ltr' id='par_1_101' title="bbox 422 5265 2060 5358">
     <span class='ocr_line' id='line_1_101' title="bbox 422 5265 2060 5358; baseline 0.013 -36"><span class='ocrx_word' id='word_1_748' title='bbox 422 5265 555 5358; x_wconf 60' lang='lat' dir='ltr'>liae</span> <span class='ocrx_word' id='word_1_749' title='bbox 583 5273 673 5327; x_wconf 90' lang='lat' dir='ltr'>est</span> <span class='ocrx_word' id='word_1_750' title='bbox 699 5275 955 5346; x_wconf 88' lang='lat' dir='ltr'>gratuita</span> <span class='ocrx_word' id='word_1_751' title='bbox 978 5276 1202 5347; x_wconf 90' lang='lat' dir='ltr'>electio,</span> <span class='ocrx_word' id='word_1_752' title='bbox 1227 5297 1353 5353; x_wconf 71' lang='lat' dir='ltr'>qua:</span> <span class='ocrx_word' id='word_1_753' title='bbox 1383 5265 1658 5355; x_wconf 82' lang='lat' dir='ltr'>praecedit</span> <span class='ocrx_word' id='word_1_754' title='bbox 1685 5300 1860 5358; x_wconf 89' lang='lat' dir='ltr'>opera</span> <span class='ocrx_word' id='word_1_755' title='bbox 1888 5286 2060 5358; x_wconf 90' lang='lat' dir='ltr'>bona,</span> 
     </span>
    </p>
   </div>
   <div class='ocr_carea' id='block_1_102' title="bbox 419 5353 2077 5448">
    <p class='ocr_par' dir='ltr' id='par_1_102' title="bbox 419 5353 2077 5448">
     <span class='ocr_line' id='line_1_102' title="bbox 419 5353 2077 5448; baseline 0.014 -37"><span class='ocrx_word' id='word_1_756' title='bbox 419 5353 545 5412; x_wconf 70' lang='lat' dir='ltr'>hinc</span> <span class='ocrx_word' id='word_1_757' title='bbox 563 5363 651 5414; x_wconf 90' lang='lat' dir='ltr'>est</span> <span class='ocrx_word' id='word_1_758' title='bbox 675 5361 1092 5435; x_wconf 91' lang='lat' dir='ltr'>misericordia,</span> <span class='ocrx_word' id='word_1_759' title='bbox 1108 5385 1225 5442; x_wconf 90' lang='lat' dir='ltr'>qua</span> <span class='ocrx_word' id='word_1_760' title='bbox 1246 5353 1446 5427; x_wconf 77' lang='lat' dir='ltr'>miseri</span> <span class='ocrx_word' id='word_1_761' title='bbox 1466 5353 1808 5444; x_wconf 78' lang='lat' dir='ltr'>liberantur,</span> <span class='ocrx_word' id='word_1_762' title='bbox 1821 5393 1977 5448; x_wconf 91' lang='lat' dir='ltr'>cum,</span> <span class='ocrx_word' id='word_1_763' title='bbox 1991 5353 2077 5434; x_wconf 75' lang='lat' dir='ltr'>de&#39;</span> 
     </span>
    </p>
   </div>
   <div class='ocr_carea' id='block_1_103' title="bbox 419 5451 2062 5541">
    <p class='ocr_par' dir='ltr' id='par_1_103' title="bbox 419 5451 2062 5541">
     <span class='ocr_line' id='line_1_103' title="bbox 419 5451 2062 5541; baseline 0.015 -40"><span class='ocrx_word' id='word_1_764' title='bbox 419 5460 621 5541; x_wconf 69' lang='lat' dir='ltr'>messa</span> <span class='ocrx_word' id='word_1_765' title='bbox 647 5451 994 5522; x_wconf 88' lang='lat' dir='ltr'>perditionis</span> <span class='ocrx_word' id='word_1_766' title='bbox 1043 5457 1363 5532; x_wconf 89' lang='lat' dir='ltr'>eliguntur,</span> <span class='ocrx_word' id='word_1_767' title='bbox 1395 5461 1454 5516; x_wconf 89' lang='lat' dir='ltr'>id</span> <span class='ocrx_word' id='word_1_768' title='bbox 1485 5466 1576 5519; x_wconf 89' lang='lat' dir='ltr'>est</span> <span class='ocrx_word' id='word_1_769' title='bbox 1618 5464 1803 5537; x_wconf 87' lang='lat' dir='ltr'>gratis</span> <span class='ocrx_word' id='word_1_770' title='bbox 1852 5465 2062 5541; x_wconf 80' lang='lat' dir='ltr'>legun-</span> 
     </span>
    </p>
   </div>
   <div class='ocr_carea' id='block_1_104' title="bbox 415 5534 2064 5617">
    <p class='ocr_par' dir='ltr' id='par_1_104' title="bbox 415 5534 2064 5617">
     <span class='ocr_line' id='line_1_104' title="bbox 415 5534 2064 5617; baseline 0.015 -28"><span class='ocrx_word' id='word_1_771' title='bbox 415 5534 536 5591; x_wconf 82' lang='lat' dir='ltr'>tur.</span> <span class='ocrx_word' id='word_1_772' title='bbox 558 5535 743 5602; x_wconf 88' lang='lat' dir='ltr'>Quam</span> <span class='ocrx_word' id='word_1_773' title='bbox 764 5541 1248 5617; x_wconf 86' lang='lat' dir='ltr'>misericordiam,</span> <span class='ocrx_word' id='word_1_774' title='bbox 1272 5549 1331 5604; x_wconf 89' lang='lat' dir='ltr'>id</span> <span class='ocrx_word' id='word_1_775' title='bbox 1352 5553 1441 5606; x_wconf 89' lang='lat' dir='ltr'>est</span> <span class='ocrx_word' id='word_1_776' title='bbox 1460 5534 1938 5612; x_wconf 64' lang='lat' dir='ltr'>antcseecularern</span> <span class='ocrx_word' id='word_1_777' title='bbox 1955 5555 2064 5613; x_wconf 84' lang='lat' dir='ltr'>ele-</span> 
     </span>
    </p>
   </div>
   <div class='ocr_carea' id='block_1_105' title="bbox 416 5620 2056 5716">
    <p class='ocr_par' dir='ltr' id='par_1_105' title="bbox 416 5620 2056 5716">
     <span class='ocr_line' id='line_1_105' title="bbox 416 5620 2056 5716; baseline 0.014 -39"><span class='ocrx_word' id='word_1_778' title='bbox 416 5620 690 5716; x_wconf 59' lang='lat' dir='ltr'>stionem,</span> <span class='ocrx_word' id='word_1_779' title='bbox 731 5627 834 5716; x_wconf 89' lang='lat' dir='ltr'>Dei</span> <span class='ocrx_word' id='word_1_780' title='bbox 879 5630 1100 5690; x_wconf 84' lang='lat' dir='ltr'>scilicet</span> <span class='ocrx_word' id='word_1_781' title='bbox 1144 5639 1417 5694; x_wconf 78' lang='lat' dir='ltr'>aeternam</span> <span class='ocrx_word' id='word_1_782' title='bbox 1465 5642 2056 5716; x_wconf 78' lang='lat' dir='ltr'>prtedestinationem,</span> 
     </span>
    </p>
   </div>
   <div class='ocr_carea' id='block_1_106' title="bbox 417 5707 2060 5801">
    <p class='ocr_par' dir='ltr' id='par_1_106' title="bbox 417 5707 2060 5801">
     <span class='ocr_line' id='line_1_106' title="bbox 417 5707 2060 5801; baseline 0.012 -26"><span class='ocrx_word' id='word_1_783' title='bbox 417 5707 534 5776; x_wconf 75' lang='lat' dir='ltr'>Ilia</span> <span class='ocrx_word' id='word_1_784' title='bbox 560 5711 960 5779; x_wconf 76' lang='lat' dir='ltr'>misericordia</span> <span class='ocrx_word' id='word_1_785' title='bbox 987 5738 1104 5782; x_wconf 90' lang='lat' dir='ltr'>non</span> <span class='ocrx_word' id='word_1_786' title='bbox 1133 5727 1426 5801; x_wconf 80' lang='lat' dir='ltr'>praecedit.</span> <span class='ocrx_word' id='word_1_787' title='bbox 1449 5707 1575 5801; x_wconf 63' lang='lat' dir='ltr'>Qua</span> <span class='ocrx_word' id='word_1_788' title='bbox 1594 5731 1861 5793; x_wconf 88' lang='lat' dir='ltr'>videlicet</span> <span class='ocrx_word' id='word_1_789' title='bbox 1889 5707 2060 5794; x_wconf 54' lang='lat' dir='ltr'>mise;</span> 
     </span>
    </p>
   </div>
   <div class='ocr_carea' id='block_1_107' title="bbox 2186 4827 3842 4903">
    <p class='ocr_par' dir='ltr' id='par_1_107' title="bbox 2186 4827 3842 4903">
     <span class='ocr_line' id='line_1_107' title="bbox 2186 4827 3842 4903; baseline -0.001 -14"><span class='ocrx_word' id='word_1_790' title='bbox 2186 4848 2378 4899; x_wconf 89' lang='lat' dir='ltr'>nasse,</span> <span class='ocrx_word' id='word_1_791' title='bbox 2412 4829 2552 4903; x_wconf 89' lang='lat' dir='ltr'>quia</span> <span class='ocrx_word' id='word_1_792' title='bbox 2581 4845 2651 4886; x_wconf 86' lang='lat' dir='ltr'>ex</span> <span class='ocrx_word' id='word_1_793' title='bbox 2694 4827 2795 4885; x_wconf 89' lang='lat' dir='ltr'>ille</span> <span class='ocrx_word' id='word_1_794' title='bbox 2824 4844 2940 4886; x_wconf 89' lang='lat' dir='ltr'>non</span> <span class='ocrx_word' id='word_1_795' title='bbox 2969 4832 3085 4897; x_wconf 90' lang='lat' dir='ltr'>est;</span> <span class='ocrx_word' id='word_1_796' title='bbox 3119 4843 3353 4901; x_wconf 64' lang='lat' dir='ltr'>pennam</span> <span class='ocrx_word' id='word_1_797' title='bbox 3411 4843 3552 4885; x_wconf 88' lang='lat' dir='ltr'>sane</span> <span class='ocrx_word' id='word_1_798' title='bbox 3607 4828 3842 4889; x_wconf 89' lang='lat' dir='ltr'>malum</span> 
     </span>
    </p>
   </div>
   <div class='ocr_carea' id='block_1_108' title="bbox 2185 4914 3845 4989">
    <p class='ocr_par' dir='ltr' id='par_1_108' title="bbox 2185 4914 3845 4989">
     <span class='ocr_line' id='line_1_108' title="bbox 2185 4914 3845 4989; baseline -0.001 -13"><span class='ocrx_word' id='word_1_799' title='bbox 2185 4919 2460 4976; x_wconf 89' lang='lat' dir='ltr'>meritum</span> <span class='ocrx_word' id='word_1_800' title='bbox 2488 4932 2691 4973; x_wconf 89' lang='lat' dir='ltr'>eorum</span> <span class='ocrx_word' id='word_1_801' title='bbox 2718 4919 3152 4989; x_wconf 83' lang='lat' dir='ltr'>exsequentem,</span> <span class='ocrx_word' id='word_1_802' title='bbox 3176 4915 3265 4973; x_wconf 89' lang='lat' dir='ltr'>uti</span> <span class='ocrx_word' id='word_1_803' title='bbox 3294 4914 3478 4972; x_wconf 90' lang='lat' dir='ltr'>Deum</span> <span class='ocrx_word' id='word_1_804' title='bbox 3501 4914 3602 4988; x_wconf 90' lang='lat' dir='ltr'>qui</span> <span class='ocrx_word' id='word_1_805' title='bbox 3633 4917 3845 4975; x_wconf 78' lang='lat' dir='ltr'>omnia</span> 
     </span>
    </p>
   </div>
   <div class='ocr_carea' id='block_1_109' title="bbox 2183 5003 3841 5084">
    <p class='ocr_par' dir='ltr' id='par_1_109' title="bbox 2183 5003 3841 5084">
     <span class='ocr_line' id='line_1_109' title="bbox 2183 5003 3841 5084; baseline -0.001 -18"><span class='ocrx_word' id='word_1_806' title='bbox 2183 5007 2466 5084; x_wconf 88' lang='lat' dir='ltr'>prospicit</span> <span class='ocrx_word' id='word_1_807' title='bbox 2494 5003 2873 5078; x_wconf 58' lang='lat' dir='ltr'>praescivisse,</span> <span class='ocrx_word' id='word_1_808' title='bbox 2899 5008 2958 5061; x_wconf 92' lang='lat' dir='ltr'>et</span> <span class='ocrx_word' id='word_1_809' title='bbox 2983 5005 3434 5078; x_wconf 68' lang='lat' dir='ltr'>praedestinasse</span> <span class='ocrx_word' id='word_1_810' title='bbox 3463 5005 3605 5079; x_wconf 91' lang='lat' dir='ltr'>quia</span> <span class='ocrx_word' id='word_1_811' title='bbox 3624 5005 3841 5078; x_wconf 83' lang='lat' dir='ltr'>justus</span> 
     </span>
    </p>
   </div>
   <div class='ocr_carea' id='block_1_110' title="bbox 2182 5092 3839 5168">
    <p class='ocr_par' dir='ltr' id='par_1_110' title="bbox 2182 5092 3839 5168">
     <span class='ocr_line' id='line_1_110' title="bbox 2182 5092 3839 5168; baseline 0 -12"><span class='ocrx_word' id='word_1_812' title='bbox 2182 5102 2290 5156; x_wconf 88' lang='lat' dir='ltr'>est.</span> <span class='ocrx_word' id='word_1_813' title='bbox 2319 5118 2349 5149; x_wconf 85' lang='lat'><strong>»</strong></span> <span class='ocrx_word' id='word_1_814' title='bbox 2381 5092 2782 5153; x_wconf 89' lang='lat' dir='ltr'>Ordinabilius</span> <span class='ocrx_word' id='word_1_815' title='bbox 2836 5092 3041 5151; x_wconf 85' lang='lat' dir='ltr'>Florus</span> <span class='ocrx_word' id='word_1_816' title='bbox 3097 5093 3159 5150; x_wconf 91' lang='lat' dir='ltr'>in</span> <span class='ocrx_word' id='word_1_817' title='bbox 3215 5110 3322 5151; x_wconf 89' lang='lat' dir='ltr'>suo</span> <span class='ocrx_word' id='word_1_818' title='bbox 3380 5093 3620 5168; x_wconf 85' lang='lat' dir='ltr'>scripto,</span> <span class='ocrx_word' id='word_1_819' title='bbox 3674 5097 3839 5156; x_wconf 90' lang='lat' dir='ltr'>unde</span> 
     </span>
    </p>
   </div>
   <div class='ocr_carea' id='block_1_111' title="bbox 2181 5181 3834 5258">
    <p class='ocr_par' dir='ltr' id='par_1_111' title="bbox 2181 5181 3834 5258">
     <span class='ocr_line' id='line_1_111' title="bbox 2181 5181 3834 5258; baseline -0.001 -13"><span class='ocrx_word' id='word_1_820' title='bbox 2181 5187 2277 5246; x_wconf 93' lang='lat' dir='ltr'>hic</span> <span class='ocrx_word' id='word_1_821' title='bbox 2306 5181 2762 5244; x_wconf 87' lang='lat' dir='ltr'>commisculans</span> <span class='ocrx_word' id='word_1_822' title='bbox 2792 5182 2908 5239; x_wconf 87' lang='lat' dir='ltr'>ista</span> <span class='ocrx_word' id='word_1_823' title='bbox 2944 5182 3254 5256; x_wconf 88' lang='lat' dir='ltr'>decerpsit,</span> <span class='ocrx_word' id='word_1_824' title='bbox 3285 5182 3499 5257; x_wconf 83' lang='lat' dir='ltr'>legitur</span> <span class='ocrx_word' id='word_1_825' title='bbox 3535 5183 3834 5258; x_wconf 85' lang='lat' dir='ltr'>posuisse.</span> 
     </span>
    </p>
   </div>
   <div class='ocr_carea' id='block_1_112' title="bbox 2171 5270 3837 5345">
    <p class='ocr_par' dir='ltr' id='par_1_112' title="bbox 2171 5270 3837 5345">
     <span class='ocr_line' id='line_1_112' title="bbox 2171 5270 3837 5345; baseline 0 -12"><span class='ocrx_word' id='word_1_826' title='bbox 2171 5274 2476 5342; x_wconf 87' lang='lat' dir='ltr'>Videlicet,</span> <span class='ocrx_word' id='word_1_827' title='bbox 2510 5270 2784 5345; x_wconf 88' lang='lat' dir='ltr'>inquiens</span> <span class='ocrx_word' id='word_1_828' title='bbox 2815 5294 2843 5322; x_wconf 87' lang='grc'>‹‹</span> <span class='ocrx_word' id='word_1_829' title='bbox 2876 5270 3348 5344; x_wconf 87' lang='lat' dir='ltr'>Omnipotentem</span> <span class='ocrx_word' id='word_1_830' title='bbox 3385 5277 3570 5329; x_wconf 90' lang='lat' dir='ltr'>Deum</span> <span class='ocrx_word' id='word_1_831' title='bbox 3598 5273 3663 5330; x_wconf 91' lang='lat' dir='ltr'>in</span> <span class='ocrx_word' id='word_1_832' title='bbox 3704 5290 3837 5334; x_wconf 81' lang='lat' dir='ltr'>ma-</span> 
     </span>
    </p>
   </div>
   <div class='ocr_carea' id='block_1_113' title="bbox 2173 5360 3831 5438">
    <p class='ocr_par' dir='ltr' id='par_1_113' title="bbox 2173 5360 3831 5438">
     <span class='ocr_line' id='line_1_113' title="bbox 2173 5360 3831 5438; baseline 0.001 -15"><span class='ocrx_word' id='word_1_833' title='bbox 2173 5365 2247 5423; x_wconf 90' lang='lat' dir='ltr'>lis</span> <span class='ocrx_word' id='word_1_834' title='bbox 2275 5365 2540 5438; x_wconf 87' lang='lat' dir='ltr'>ipsorum</span> <span class='ocrx_word' id='word_1_835' title='bbox 2573 5360 2859 5416; x_wconf 86' lang='lat' dir='ltr'>malitiam</span> <span class='ocrx_word' id='word_1_836' title='bbox 2889 5360 3215 5433; x_wconf 74' lang='lat' dir='ltr'>prazscisse,</span> <span class='ocrx_word' id='word_1_837' title='bbox 3246 5362 3386 5436; x_wconf 90' lang='lat' dir='ltr'>quia</span> <span class='ocrx_word' id='word_1_838' title='bbox 3420 5379 3490 5418; x_wconf 83' lang='lat' dir='ltr'>ex</span> <span class='ocrx_word' id='word_1_839' title='bbox 3531 5361 3682 5436; x_wconf 85' lang='lat' dir='ltr'>ipsis</span> <span class='ocrx_word' id='word_1_840' title='bbox 3713 5371 3831 5434; x_wconf 84' lang='lat' dir='ltr'>est.</span> 
     </span>
    </p>
   </div>
   <div class='ocr_carea' id='block_1_114' title="bbox 2172 5449 3833 5527">
    <p class='ocr_par' dir='ltr' id='par_1_114' title="bbox 2172 5449 3833 5527">
     <span class='ocr_line' id='line_1_114' title="bbox 2172 5449 3833 5527; baseline 0 -14"><span class='ocrx_word' id='word_1_841' title='bbox 2172 5472 2289 5513; x_wconf 84' lang='lat' dir='ltr'>non</span> <span class='ocrx_word' id='word_1_842' title='bbox 2319 5449 2789 5527; x_wconf 70' lang='lat' dir='ltr'>prmdestinasse,</span> <span class='ocrx_word' id='word_1_843' title='bbox 2824 5449 2966 5522; x_wconf 90' lang='lat' dir='ltr'>quia</span> <span class='ocrx_word' id='word_1_844' title='bbox 3010 5468 3079 5507; x_wconf 89' lang='lat' dir='ltr'>ex</span> <span class='ocrx_word' id='word_1_845' title='bbox 3123 5449 3226 5508; x_wconf 90' lang='lat' dir='ltr'>illo</span> <span class='ocrx_word' id='word_1_846' title='bbox 3276 5468 3392 5508; x_wconf 90' lang='lat' dir='ltr'>non</span> <span class='ocrx_word' id='word_1_847' title='bbox 3439 5456 3833 5526; x_wconf 79' lang='lat' dir='ltr'>estzpcenam</span> 
     </span>
    </p>
   </div>
   <div class='ocr_carea' id='block_1_115' title="bbox 2168 5537 3833 5616">
    <p class='ocr_par' dir='ltr' id='par_1_115' title="bbox 2168 5537 3833 5616">
     <span class='ocr_line' id='line_1_115' title="bbox 2168 5537 3833 5616; baseline -0.002 -13"><span class='ocrx_word' id='word_1_848' title='bbox 2168 5560 2303 5603; x_wconf 89' lang='lat' dir='ltr'>vero</span> <span class='ocrx_word' id='word_1_849' title='bbox 2332 5542 2571 5599; x_wconf 87' lang='lat' dir='ltr'>illorum</span> <span class='ocrx_word' id='word_1_850' title='bbox 2600 5542 2660 5594; x_wconf 88' lang='lat' dir='ltr'>et</span> <span class='ocrx_word' id='word_1_851' title='bbox 2689 5537 2991 5610; x_wconf 78' lang='lat' dir='ltr'>praescisse</span> <span class='ocrx_word' id='word_1_852' title='bbox 3014 5539 3156 5614; x_wconf 89' lang='lat' dir='ltr'>quia</span> <span class='ocrx_word' id='word_1_853' title='bbox 3177 5545 3328 5598; x_wconf 86' lang='lat' dir='ltr'>Deus</span> <span class='ocrx_word' id='word_1_854' title='bbox 3355 5546 3464 5611; x_wconf 90' lang='lat' dir='ltr'>est,</span> <span class='ocrx_word' id='word_1_855' title='bbox 3489 5546 3549 5599; x_wconf 90' lang='lat' dir='ltr'>et</span> <span class='ocrx_word' id='word_1_856' title='bbox 3567 5544 3833 5616; x_wconf 63' lang='lat' dir='ltr'>praedes-</span> 
     </span>
    </p>
   </div>
   <div class='ocr_carea' id='block_1_116' title="bbox 2168 5627 3831 5704">
    <p class='ocr_par' dir='ltr' id='par_1_116' title="bbox 2168 5627 3831 5704">
     <span class='ocr_line' id='line_1_116' title="bbox 2168 5627 3831 5704; baseline 0.001 -11"><span class='ocrx_word' id='word_1_857' title='bbox 2168 5635 2390 5694; x_wconf 88' lang='lat' dir='ltr'>tinasse</span> <span class='ocrx_word' id='word_1_858' title='bbox 2417 5628 2560 5704; x_wconf 87' lang='lat' dir='ltr'>quia</span> <span class='ocrx_word' id='word_1_859' title='bbox 2591 5627 2792 5699; x_wconf 90' lang='lat' dir='ltr'>justus</span> <span class='ocrx_word' id='word_1_860' title='bbox 2821 5632 2938 5700; x_wconf 89' lang='lat' dir='ltr'>est;</span> <span class='ocrx_word' id='word_1_861' title='bbox 2975 5633 3043 5686; x_wconf 90' lang='lat' dir='ltr'>ut</span> <span class='ocrx_word' id='word_1_862' title='bbox 3078 5633 3135 5686; x_wconf 90' lang='lat' dir='ltr'>et</span> <span class='ocrx_word' id='word_1_863' title='bbox 3174 5630 3235 5688; x_wconf 91' lang='lat' dir='ltr'>in</span> <span class='ocrx_word' id='word_1_864' title='bbox 3273 5630 3391 5689; x_wconf 89' lang='lat' dir='ltr'>illis</span> <span class='ocrx_word' id='word_1_865' title='bbox 3427 5631 3506 5690; x_wconf 90' lang='lat' dir='ltr'>sit</span> <span class='ocrx_word' id='word_1_866' title='bbox 3542 5633 3831 5694; x_wconf 87' lang='lat' dir='ltr'>meritum</span> 
     </span>
    </p>
   </div>
   <div class='ocr_carea' id='block_1_117' title="bbox 2168 5715 3830 5799">
    <p class='ocr_par' dir='ltr' id='par_1_117' title="bbox 2168 5715 3830 5799">
     <span class='ocr_line' id='line_1_117' title="bbox 2168 5715 3830 5799; baseline 0.002 -16"><span class='ocrx_word' id='word_1_867' title='bbox 2168 5742 2288 5788; x_wconf 79' lang='lat' dir='ltr'>suae</span> <span class='ocrx_word' id='word_1_868' title='bbox 2319 5715 2734 5790; x_wconf 76' lang='lat' dir='ltr'>damnationis,</span> <span class='ocrx_word' id='word_1_869' title='bbox 2767 5717 2916 5778; x_wconf 87' lang='lat' dir='ltr'>etin</span> <span class='ocrx_word' id='word_1_870' title='bbox 2964 5719 3065 5781; x_wconf 92' lang='lat' dir='ltr'>illo</span> <span class='ocrx_word' id='word_1_871' title='bbox 3111 5725 3376 5799; x_wconf 86' lang='lat' dir='ltr'>potestas</span> <span class='ocrx_word' id='word_1_872' title='bbox 3422 5726 3485 5782; x_wconf 89' lang='lat' dir='ltr'>et</span> <span class='ocrx_word' id='word_1_873' title='bbox 3522 5722 3830 5798; x_wconf 80' lang='lat' dir='ltr'>judicium</span> 
     </span>
    </p>
   </div>
  </div>
