4002 6454
455 437 574 504 “5

1378 439 1760 504 HINCMAIII
1807 437 2254 502 llHEMENSlS
2299 438 2920 503 ARCHIEPISCOPI.

3731 437 3842 502 “6

462 595 486 626 ι
522 572 825 632 Neminem
856 571 1014 631 Deus
1048 573 1121 630 ad
1152 557 1510 647 peccandum
1555 572 1736 647 cogit;
1789 571 2094 645 praevidet;
2119 572 2176 639 Α
2203 576 2270 627 ut
2297 570 2482 644 possit
2509 571 2904 645 qualicunque
2943 572 3116 629 modo
3155 575 3444 639 constare,
3475 569 3845 644 interpretari

455 666 652 719 tamen
673 679 773 719 eos
788 661 889 735 qui
911 661 1146 735 propria
1166 662 1460 718 voluntate
1482 661 1948 735 peccabunt.Cur
1965 677 2101 732 ergo

455 769 573 809 non
603 752 861 808 vindicet
882 753 1086 823 justus
1108 768 1235 824 quae
1257 751 1378 807 fieri
1412 769 1522 807 non
1554 751 1708 823 cogit
1738 751 2050 822 praescius?
2069 771 2096 801 »

529 840 694 897 Unde
711 855 915 896 verum
932 844 1021 896 est
1033 839 1183 912 quod
1202 844 1470 911 exceptor
1485 839 1593 896 iste
1609 839 1679 894 de
1694 837 1842 894 Flori
1861 839 2096 910 scripto,

455 927 594 984 licet
623 927 953 984 inordinate
983 928 1206 996 ordine,
1230 927 1325 984 hic
1355 927 1704 1000 interposuit
1732 927 1932 983 dicens
1956 943 2006 982 :«
2037 928 2100 982 In

459 1016 632 1074 malis
648 1033 781 1074 vero
801 1017 1062 1088 ipsorum
1081 1015 1363 1071 malitiam
1385 1015 1851 1088 praescisse,quia
1867 1033 1935 1072 ex
1955 1015 2102 1088 ipsis

458 1109 567 1173 est,
591 1122 708 1162 non
729 1105 1193 1178 praedestinasse,
1209 1104 1344 1174 quia
1363 1123 1433 1160 ex
1453 1104 1550 1161 illo
1576 1121 1692 1160 non
1721 1109 1842 1160 est:
1869 1121 2100 1176 pmnam

459 1211 600 1250 sane
616 1193 836 1250 malum
858 1193 1135 1250 meritum
1155 1210 1356 1249 eorum
1377 1193 1900 1266 exsequentem,uti
1918 1193 2101 1248 Deum

459 1280 560 1355 qui
590 1281 787 1337 omnia
815 1281 1094 1354 prospicit
1145 1281 1522 1354 przescivisse,
1551 1285 1610 1338 et
1657 1280 2104 1354 prmdestinasse

459 1371 600 1443 quia
637 1371 838 1441 justus
885 1375 993 1426 est.
1020 1393 1048 1420 »
1078 1369 1158 1426 De
1188 1370 1474 1426 sententia
1520 1376 1716 1426 autem
1765 1369 2098 1442 Augustini,

459 1475 636 1532 quam
659 1459 967 1532 supposuit
987 1460 1187 1516 dicens
1203 1476 1252 1516 ;‹‹
1272 1459 1352 1516 De
1374 1459 1650 1516 omnibus
1668 1459 1906 1516 omnino
1929 1461 2104 1516 rebus

456 1551 578 1604 tam
609 1548 723 1604 fixa
747 1553 837 1604 est
879 1548 1190 1618 sententia,
1239 1565 1417 1620 quam
1461 1553 1618 1604 certa
1663 1547 2099 1621 prmscientia,»

456 1641 702 1693 sanctus
755 1638 1002 1710 Prosper
1037 1635 1098 1692 in
1149 1637 1386 1710 praefato
1443 1635 1590 1693 libro
1621 1641 1760 1708 (cap.
1782 1637 1909 1708 957)
1938 1637 2100 1704 dicit,

455 1727 770 1782 ostendens
789 1725 927 1798 quia
956 1742 1071 1781 non
1103 1725 1214 1781 sub
1242 1742 1309 1782 eo
1339 1741 1516 1782 sensu
1546 1725 1708 1781 illam
1739 1725 2104 1798 Augustinus

453 1812 620 1881 dixit,
636 1830 752 1886 quo
773 1813 866 1870 hic
887 1813 1130 1886 capituli
1153 1813 1510 1886 compositor
1528 1813 1895 1886 interposuit,
1913 1831 1982 1873 ex
2002 1813 2104 1870 illa

455 1901 702 1974 probare
732 1901 995 1975 cupiens,
1019 1900 1104 1957 sic
1133 1903 1410 1974 reprobos
1440 1903 1884 1974 praadestinatos
1909 1903 1982 1958 ad
2013 1902 2102 1957 in-

453 1990 886 2060 teritum,sicut
908 1989 1075 2046 electi
1099 1995 1239 2046 sunt
1265 1989 1664 2062 praedestinati
1683 1991 1754 2046 ad
1777 1991 1978 2046 vitam.
2009 1992 2104 2047 Ait

455 2077 615 2133 enim
646 2078 930 2150 Prosper:
958 2099 987 2129 «
1012 2077 1102 2134 Ira
1131 2077 1232 2133 Dei
1270 2095 1387 2133 non
1432 2078 1792 2150 perturbatio
1830 2079 1960 2149 ejus
1990 2084 2099 2146 est,

457 2167 556 2223 sed
571 2165 866 2238 judicium
889 2182 1004 2238 quo
1025 2165 1322 2238 irrogatur
1341 2183 1512 2238 paena
1532 2171 1768 2238 peccato
1789 2184 1802 2222 :
1827 2167 2102 2239 cogitatio

455 2270 590 2310 vero
613 2254 801 2326 ipsius
820 2258 877 2310 et
895 2253 1232 2326 recogitatio
1254 2255 1670 2309 mutandarum
1693 2271 1888 2310 rerum
1905 2261 1993 2310 est
2013 2255 2102 2311 in-

457 2341 894 2398 commutabilis
915 2342 1082 2397 ratio.
1109 2342 1305 2414 Neque
1326 2342 1480 2397 enim
1508 2341 1662 2399 sicut
1690 2343 1990 2399 hominem
2021 2345 2103 2401 ita

457 2430 643 2486 Deum
665 2432 1017 2502 cujusquam
1041 2429 1174 2485 facti
1207 2429 1298 2485 sui
1329 2430 1590 2502 pmnitet,
1614 2431 1786 2502 cujus
1815 2432 1885 2486 de
1913 2431 2101 2487 omni-

455 2518 569 2576 bus
589 2519 829 2574 omnino
850 2519 1026 2575 rebus
1045 2523 1164 2574 tam
1190 2519 1302 2574 fixa
1324 2517 1816 2590 sententia,quam
1841 2525 1996 2576 certa
2015 2525 2103 2577 est

455 2605 878 2679 praescientia.»
909 2610 1095 2672 Quam
1127 2605 1394 2662 ultimam
1427 2606 1728 2663 sententias
1760 2608 1938 2680 hujus
1969 2627 2098 2681 par-

453 2697 572 2750 tem
600 2695 756 2750 idem
779 2694 1024 2768 Prosper
1053 2693 1112 2749 in
1145 2695 1346 2750 eodem
1387 2695 1534 2751 libro
1559 2693 1698 2768 (cap.
1719 2697 1848 2766 291)
1869 2699 2104 2770 exponit

455 2783 656 2840 dicens
683 2799 746 2841 :«
777 2783 971 2856 Magna
1025 2799 1185 2855 opera
1237 2785 1480 2850 Domini,
1511 2785 1783 2858 exquisita
1813 2787 1870 2841 in
1919 2802 2102 2844 omnes

451 2872 753 2929 voluntates
781 2873 900 2945 ejus
920 2873 1088 2944 (Psal.
1111 2889 1201 2940 cx,
1224 2875 1301 2940 2).
1336 2872 1614 2928 Praevidet
1643 2874 1825 2930 bonos
1875 2876 2102 2934 futuros

451 2965 510 3016 et
528 2965 706 3028 creat,
731 2960 1008 3034 praevidet
1028 2960 1214 3017 malos
1237 2963 1464 3017 futuros
1484 2967 1542 3017 et
1562 2963 2003 3036 creat,seipsum
2027 2967 2098 3021 ad

451 3047 764 3104 fruendum
792 3049 1057 3120 praebens
1089 3048 1279 3115 bonis,
1303 3048 1491 3105 multa
1513 3067 1824 3107 munerum
1857 3069 2100 3108 suorum

451 3133 708 3208 largiens
725 3137 901 3192 etiam
921 3136 1116 3202 malis,
1131 3137 1583 3193 misericorditer
1603 3139 2101 3212 ignoscens,juste

453 3221 764 3280 ulciscens.
783 3225 946 3290 Item,
964 3225 1418 3281 misericorditer
1438 3225 1749 3293 ulciscens,
1759 3229 1920 3298 juste
1942 3229 2100 3302 igno-

2205 659 2497 716 volumus.
2524 662 2604 716 De
2634 649 2743 716 hoc
2786 661 3077 734 siquidem
3121 661 3456 718 testimonio
3501 660 3848 718 venerabilis

2209 749 2362 804 Beda
2393 750 2694 822 presbyter
2736 750 2974 806 Patrum
3021 766 3274 822 sequens
3329 750 3653 806 sententias
3712 750 3850 806 dicit

2209 837 2329 910 (lib.
2359 855 2415 892 ιιι
2445 839 2505 894 in
2532 839 2717 906 Prov.)
2740 857 2760 893 :
2783 861 2811 888 «
2843 840 3045 894 Parata
3080 846 3211 895 sunt
3240 838 3579 895 derisoribus
3616 838 3849 912 judicia,

2207 935 2260 983 et
2280 928 2471 983 mallei
2494 929 2849 999 percutientes
2885 928 3176 984 stultorum
3213 927 3550 1000 corporibus.
3584 929 3655 982 Et
3687 927 3737 982 si
3765 943 3851 983 re-

2209 1015 2398 1088 probi,
2423 1015 2639 1087 inquit,
2662 1015 2814 1071 sicut
2845 1015 3185 1088 priedictum
3214 1021 3321 1085 est,
3338 1015 3426 1072 vel
3447 1015 3745 1088 jussionis
3769 1014 3852 1070 vel

2210 1104 2683 1161 comminationis
2724 1103 2930 1159 divinas
2967 1103 3266 1177 judicium
3317 1104 3603 1172 derident,
3653 1108 3856 1177 parata

2209 1197 2406 1249 tamen
2434 1209 2532 1248 eos
2561 1196 2898 1264 exspectant
2919 1191 3144 1264 judicia
3173 1192 3592 1261 damnationis,
3629 1210 3762 1265 quae
3792 1197 3853 1248 ut

2211 1279 2403 1337 mallei
2435 1281 2654 1337 ferrum
2685 1281 2960 1349 candens,
2985 1280 3068 1336 ita
3089 1297 3189 1336 eos
3219 1281 3278 1336 in
3311 1282 3542 1338 fornace
3571 1280 3853 1355 gehennae

2212 1370 2336 1427 sine
2367 1371 2481 1426 fine
2509 1370 2831 1426 verberent.
2859 1391 2886 1419 »
2915 1368 3062 1425 Hinc
3091 1373 3149 1426 et
3177 1374 3421 1426 sanctus
3449 1367 3770 1442 Gregorius
3798 1369 3853 1425 in

2211 1457 2359 1515 libro
2391 1457 2614 1514 decimo
2653 1457 2858 1530 quinto
2897 1456 3205 1514 Moralium
3251 1457 3394 1514 dicit
3416 1475 3466 1514 ιι
3490 1458 3640 1526 Quia
3665 1457 3856 1514 omni-

2211 1546 2486 1619 potentis,
2517 1546 2812 1617 inquiens,
2845 1543 3081 1615 justitia
3129 1545 3462 1602 futurorum
3500 1545 3752 1618 praescia
3789 1546 3857 1602 ab

2210 1636 2339 1706 ipsa
2370 1634 2574 1690 mundi
2606 1633 2834 1705 origine
2861 1632 3057 1706 ignem
3089 1634 3323 1702 creavit,
3338 1633 3438 1706 qui
3469 1634 3530 1690 in
3558 1651 3736 1707 poena
3765 1651 3856 1690 re-

2211 1723 2524 1796 proborum
2556 1739 2684 1780 esse
2715 1721 2896 1778 semel
2925 1719 3227 1795 inciperet,
3245 1723 3346 1779 sed
3379 1723 3650 1778 ardorem
3669 1739 3859 1786 suum

2209 1811 2384 1869 etiam
2417 1811 2543 1868 sine
2570 1810 2747 1885 lignis
2776 1827 3079 1882 nunquam
3113 1811 3326 1866 ﬁniret.
3352 1833 3380 1862 »
3400 1812 3472 1867 Et
3500 1811 3560 1867 S.
3584 1812 3862 1886 Hierony-

2211 1918 2346 1956 mus
2367 1900 2426 1955 in
2449 1899 2596 1956 libro
2613 1899 2837 1955 decimo
2850 1898 3176 1955 Commenti
3196 1899 3357 1954 Isaiae.
3380 1899 3676 1972 propheta;
3703 1917 3756 1956 ιι
3778 1901 3859 1956 Ab

2209 1989 2333 2045 heri
2377 1989 2592 2062 quippe
2629 1994 2688 2044 et
2725 1987 3012 2061 printerito
3070 1992 3334 2060 tempore
3391 1991 3722 2060 praeparata
3777 1993 3862 2045 est

2211 2094 2246 2132 a
2272 2094 2406 2150 rege
2435 2077 2672 2134 domino
2700 2075 2968 2143 Thofeth,
3006 2075 3065 2132 id
3096 2080 3186 2132 est
3227 2075 3347 2132 lata
3383 2080 3441 2132 et
3479 2076 3746 2148 spatiosa
3775 2093 3864 2150 ge-

2209 2165 2421 2234 benna,
2442 2183 2567 2238 quae
2597 2183 2717 2232 eos,
2747 2165 2804 2220 id
2833 2170 2923 2221 est
2951 2165 3186 2236 impios,
3208 2164 3441 2220 aeternis
3470 2169 3604 2221 urat
3633 2165 3862 2222 ardori-

2210 2255 2434 2310 ribus.»
2447 2255 2609 2321 Quod
2628 2271 2762 2310 mox
2781 2256 3134 2310 subsecutus
3150 2259 3208 2309 et
3225 2254 3296 2309 de
3317 2253 3427 2310 hac
3449 2254 3865 2312 immobilitate

2210 2343 2584 2416 praescientia:
2605 2349 2662 2400 et
2681 2341 3212 2416 praedestinationis
3231 2343 3354 2410 Dei,
3378 2359 3482 2415 per
3501 2359 3684 2415 quam
3706 2345 3866 2418 apud

2209 2449 2340 2488 eum
2364 2433 2563 2488 futura
2575 2433 2700 2503 jam
2725 2432 2875 2486 facta
2895 2435 3055 2501 sunt,
3073 2430 3249 2486 etiam
3270 2431 3425 2505 apud
3446 2431 3865 2488 Ecclesiastem

2209 2522 2354 2578 bene
2381 2521 2727 2592 intelligitur
2747 2519 2968 2576 dictum
2998 2521 3273 2591 :Cogno-vi
3301 2519 3441 2592 quod
3483 2522 3671 2577 omnia
3699 2537 3868 2594 opera

2211 2625 2335 2682 quae
2364 2611 2496 2681 fecit
2519 2626 2649 2664 acus
2675 2617 3015 2680 perseverent
3041 2609 3101 2664 in
3138 2615 3460 2680 perpetuum
3489 2627 3508 2663 :
3537 2625 3650 2664 non
3675 2623 3871 2680 possu-

2208 2715 2331 2754 mus
2357 2700 2443 2755 his
2471 2699 2668 2755 addere
2694 2715 2793 2754 nec
2820 2699 3040 2770 auferre
3068 2713 3194 2770 qua?
3222 2698 3353 2769 fecit
3387 2698 3528 2754 Deus
3567 2705 3631 2754 ut
3669 2699 3871 2755 timea-

2209 2794 2319 2843 tur.
2345 2787 2541 2854 (Eccle.
2573 2804 2658 2855 ιιι,
2693 2787 2802 2858 14).

2278 2875 2609 2930 Videndum
2639 2881 2728 2930 est
2757 2874 2816 2930 in
2863 2875 3167 2931 doctorum
3215 2875 3582 2943 tractatibus,
3606 2875 3871 2948 qualiter

2209 2962 2318 3019 hoc
2339 2963 2667 3034 exemplum
2689 2980 2808 3018 suae
2831 2961 3184 3035 astipuletur
3203 2962 3524 3032 sententiae,
3539 2981 3670 3036 quae
3692 2981 3870 3022 cona-

2207 3055 2304 3106 tur
2331 3068 2588 3107 asserere
2618 3051 2771 3107 sicut
2795 3051 3008 3106 elcctas
3039 3052 3108 3107 ad
3149 3051 3348 3119 vitam,
3374 3051 3458 3106 ita
3485 3055 3543 3107 et
3574 3053 3862 3124 reprobos

2209 3157 2243 3194 a
2265 3140 2379 3194 Deo
2401 3139 2839 3211 przedestinatos
2859 3139 2930 3195 ad
2965 3155 3216 3212 pmnam.
3239 3139 3334 3195 Ait
3365 3155 3620 3212 namque
3655 3140 3860 3198 Hiero-

2208 3245 2419 3300 nymus
2455 3228 2512 3283 in
2563 3228 2920 3300 expositione
2968 3227 3101 3284 libri
3157 3227 3536 3286 Ecclesiastes
3565 3235 3706 3302 (cap.
3741 3232 3862 3303 31),

453 3329 644 3379 seens,
679 3311 823 3367 nihil
875 3318 1141 3368 metuens
1171 3314 1240 3369 de
1272 3315 1621 3386 cujusquam
1672 3297 1913 3383 malitia,
1951 3297 2096 3374 nihil
2127 3297 2170 3364 Ο
2209 3297 2461 3388 cognovi,
2495 3297 2788 3390 inquiens,
2813 3320 2944 3390 quia
2997 3321 3181 3374 omnia
3211 3332 3336 3390 quae
3377 3319 3507 3390 fecit
3538 3297 3682 3375 Deus
3736 3297 3866 3392 ipsa

448 3399 719 3473 indigens
739 3401 810 3456 de
830 3403 1180 3474 cujusquam
1205 3401 1460 3474 justitia,
1484 3403 1629 3458 nihil
1651 3403 1761 3460 sibi
1784 3405 2095 3463 consulens

449 3490 520 3547 de
549 3491 825 3561 operibus
857 3491 1163 3558 bonorum,
1189 3497 1246 3548 et
1275 3491 1444 3548 bonis
1473 3493 1786 3549 consulens
1816 3496 1993 3551 etiam
2023 3497 2094 3554 de

447 3578 638 3651 pmnis
684 3579 995 3635 malorum.
1025 3602 1052 3630 »
1074 3582 1143 3635 Et
1190 3581 1402 3635 iterum
1436 3582 1572 3653 (cap.
1601 3583 1726 3654 940)
1753 3600 1764 3637 :
1790 3607 1818 3634 ‹‹
1852 3584 2091 3642 Nullum

445 3667 601 3724 Deus
632 3667 718 3724 vel
750 3667 1092 3742 angelorum
1134 3669 1221 3724 vel
1273 3669 1576 3725 hominum
1627 3678 1868 3738 crearet,
1913 3691 2090 3746 quem

443 3755 664 3812 malum
698 3757 962 3813 futurum
988 3775 1116 3814 esse
1148 3758 1492 3830 praescisset,
1521 3759 1633 3815 nisi
1656 3760 1872 3832 pariter
1893 3769 2092 3820 nosset

393 3851 398 3856 ’
439 3844 658 3917 quibus
680 3862 778 3902 eos
799 3847 1086 3902 bonorum
1111 3847 1318 3903 usibus
1345 3849 1799 3917 commendaret,
1815 3856 1990 3922 atque
2009 3851 2090 3908 ita

441 3933 540 3992 52
572 3935 838 3990 ordinem
868 3935 1216 3991 saeculorum
1247 3935 1416 4008 quasi
1463 3935 1924 4008 pulcherrimum
1969 3956 2090 3995 car-

441 4035 572 4076 men
605 4022 783 4077 etiam
813 4039 882 4078 ex
911 4024 1265 4094 quibusdam
1297 4024 1641 4080 anthithetis
1681 4025 2031 4083 honestaret.
2057 4050 2085 4077 »

439 4108 569 4164 Haec
599 4110 720 4181 agit
747 4110 1025 4182 praescius
1055 4116 1112 4166 et
1141 4111 1567 4182 praedestinans
1605 4114 1868 4170 omnium
1901 4117 2074 4173 bono-

439 4212 570 4251 rum
602 4196 780 4263 Deus,
802 4197 1080 4270 praescius
1102 4215 1214 4254 non
1238 4200 1945 4270 praedestinans'omnium
1970 4220 2088 4260 ma-

438 4281 628 4339 lorum
660 4284 835 4352 Deus,
855 4286 1009 4358 apud
1036 4303 1209 4358 quem
1231 4287 1303 4342 de
1334 4287 1606 4344 omnibus
1629 4289 1867 4347 omnino
1909 4291 2085 4349 rebus

435 4375 556 4434 tam
581 4373 694 4428 fixa
713 4377 804 4430 est
823 4373 1312 4446 sententia,quem
1339 4381 1496 4432 certa
1522 4377 1884 4450 prasscientia
1907 4397 1920 4435 :
1945 4380 2084 4452 quia

436 4477 541 4515 nec
570 4461 756 4529 aliud,
779 4479 884 4518 nec
905 4461 1076 4519 aliter
1104 4464 1368 4520 futurum
1391 4470 1498 4532 est,
1523 4465 1632 4522 nisi
1657 4469 1812 4538 quod
1843 4472 1900 4523 et
1929 4468 2082 4526 sicut

433 4549 682 4621 praescit,
710 4555 768 4606 et
789 4551 944 4622 quod
967 4557 1025 4606 et
1045 4552 1198 4607 sicut
1219 4553 1478 4609 futurum
1501 4559 1591 4609 cst
1613 4555 1765 4610 Deus
1786 4561 1918 4611 ante
1942 4575 2077 4628 prae-

2201 3415 2364 3463 erunt
2390 3408 2450 3462 in
2477 3415 2746 3464 .z’ternum
2773 3426 2789 3460 :
2819 3423 2984 3478 super
3011 3407 3111 3463 illa
3153 3423 3265 3463 non
3305 3414 3478 3478 potest
3523 3407 3675 3477 addi,
3706 3417 3764 3465 et
3793 3410 3864 3466 ab

2203 3497 2320 3552 illis
2344 3512 2454 3552 non
2481 3502 2650 3568 potest
2676 3499 2854 3566 au/en
2871 3497 2909 3562 i,
2933 3504 2985 3551 et
3010 3496 3140 3566 fecit
3155 3495 3295 3552 Deus
3312 3503 3374 3550 ut
3397 3497 3624 3552 timeant
3649 3514 3687 3552 ιι
3711 3499 3867 3567 facie

2199 3587 2316 3656 ejus
2337 3603 2388 3638 ια
2414 3583 2567 3640 Nihil
2600 3589 2710 3648 est,
2738 3585 2948 3656 inquit,
2978 3583 3038 3639 in
3072 3585 3292 3640 mundo
3323 3584 3476 3656 quod
3511 3601 3728 3641 novum
3755 3587 3861 3644 sit.

2200 3673 2350 3730 Solis
2379 3690 2610 3742 cursus,
2633 3678 2691 3728 et
2734 3671 2884 3727 lunae
2932 3673 3107 3741 vices,
3130 3677 3189 3729 et
3241 3679 3406 3728 terra:
3455 3673 3864 3749 arborumque

2199 3761 2430 3818 siccitas
2461 3761 2547 3816 vel
2579 3761 2750 3828 viror,
2775 3778 2909 3816 cum
2940 3761 3067 3834 ipso
3098 3761 3316 3817 mundo
3338 3765 3477 3817 nata
3506 3766 3646 3818 sunt
3676 3769 3862 3838 atque

2197 3855 2523 3908 concreata.
2556 3851 2625 3906 Et
2663 3849 2878 3905 idcirco
2928 3849 3083 3906 Deus
3142 3854 3298 3906 certa
3354 3850 3580 3906 ratione
3637 3859 3864 3912 cuncta

2197 3941 2532 3996 moderatus
2589 3944 2707 4004 est,
2766 3944 2824 3994 et
2873 3937 3056 4008 jussit
3124 3937 3404 3995 humanis
3463 3939 3673 3996 usibus
3729 3941 3860 4000 ele-

2196 4034 2393 4084 menta
2448 4026 2681 4095 servire,
2716 4031 2782 4083 ut
2838 4027 3106 4084 homines
3162 4027 3284 4084 haec
3311 4029 3574 4086 videntes
3628 4029 3860 4088 intelli-

2192 4121 2334 4189 gant
2391 4132 2519 4172 esse
2576 4115 3020 4188 providentiam,
3053 4121 3112 4172 et
3169 4115 3416 4173 timeant
3457 4134 3492 4173 a
3521 4117 3668 4175 facie
3719 4119 3854 4190 Dei,

2193 4205 2336 4261 dum
2379 4222 2447 4261 ex
2496 4221 2688 4261 rerum
2747 4205 3096 4277 aequalitate,
3131 4221 3330 4278 cursu,
3385 4206 3610 4274 ordine,
3669 4211 3858 4282 atque

2195 4293 2292 4350 58
2350 4293 2680 4350 constantia
2734 4293 3073 4367 intelligunt
3119 4293 3472 4352 Creatorem.
3531 4295 3857 4355 Invisibilia

2189 4390 2336 4438 entm
2364 4383 2538 4454 ipsius
2566 4399 2601 4438 a
2630 4391 2880 4438 creatura
2931 4381 3130 4438 mundi
3154 4399 3254 4454 per
3275 4399 3338 4440 ea
3368 4397 3493 4456 quae
3529 4386 3675 4456 facta
3717 4397 3858 4446 sunt

2190 4472 2459 4527 intellecta
2487 4473 2917 4544 conspiciuntur.
2949 4471 3288 4544 Sempitema
3326 4489 3538 4545 quoque
3569 4475 3690 4546 ejus
3729 4479 3852 4532 vir-

2187 4567 2271 4615 tus
2321 4567 2373 4616 et
2425 4560 2686 4616 divinitas
2729 4561 2902 4631 (Rom.
2937 4577 2974 4626 ι,
3007 4561 3122 4632 20).
3156 4561 3321 4626 Quod
3373 4562 3420 4616 si
3478 4561 3852 4621 voluerimus

430 4637 618 4692 scivit.
643 4639 766 4694 Non
790 4643 985 4696 tamen
1015 4639 1172 4695 mala
1194 4642 1315 4696 fieri
1350 4642 1714 4713 prmscieutia
1737 4662 1846 4699 sua
1866 4645 2075 4717 coegit,
2112 4661 2154 4723 ι)
2187 4649 2376 4719 priore
2419 4665 2596 4704 sensu
2635 4647 2800 4704 finito
2839 4647 3009 4720 quasi
3040 4666 3073 4704 a
3105 4649 3294 4722 capite
3323 4650 3534 4723 legere.
3565 4651 3632 4707 Et
3692 4657 3850 4710 Deus

429 4725 531 4783 sed
562 4743 690 4798 qua:
723 4729 920 4784 futura
948 4733 1134 4794 erant,
1167 4733 1231 4784 ut
1280 4731 1434 4786 Dcus
1483 4736 1617 4786 ante
1663 4733 1970 4803 praescivit,
2005 4735 2076 4791 de

426 4831 544 4887 quo
597 4814 878 4888 scriptum
911 4822 1036 4872 est:
1069 4819 1208 4874 Deus
1245 4827 1468 4886 aeterne,
1492 4821 1588 4892 qui
1641 4821 2077 4879 absconditorum

423 4919 482 4960 es
537 4907 798 4977 cognitor,
830 4907 927 4978 qui
979 4909 1126 4962 nosti
1179 4911 1364 4964 omnia
1411 4917 1695 4981 antequem
1747 4912 1886 4982 ﬁant
1913 4913 2070 4984 (Dan.

423 5009 546 5058 xm,
581 4995 692 5063 42).

495 5083 564 5136 Et
593 5083 750 5155 quod
780 5082 840 5139 in
869 5082 1126 5156 capitulo
1149 5085 1494 5158 compilator
1523 5087 1845 5157 subjunxit,
1869 5089 1940 5143 ad
1965 5088 2072 5146 hoc

423 5168 712 5240 siquidem
747 5173 888 5230 facit
917 5171 1210 5246 Sapientis
1250 5175 1474 5230 dictum
1500 5191 1512 5228 :
1537 5177 1738 5231 Parata
1771 5185 1899 5232 sunt
1925 5177 2069 5234 deri-

420 5257 636 5314 soribus
655 5261 894 5332 judicia,
914 5271 968 5320 et
981 5263 1172 5319 mallei
1196 5265 1556 5336 percutientes
1578 5265 1868 5321 stultorum
1893 5283 2073 5339 corpo-

419 5345 766 5416 ribus(Prov.
781 5353 1018 5424 1:11:39),
1034 5352 1091 5407 in
1115 5351 1224 5408 hoc
1247 5369 1424 5408 sensu
1450 5358 1639 5425 potest
1663 5355 2072 5412 convenienter

2183 4737 2312 4808 fecit
2337 4743 2400 4793 ut
2419 4739 2647 4792 timeant
2664 4754 2698 4792 a
2716 4737 2860 4809 facie
2882 4738 3017 4810 ejus,
3047 4736 3141 4793 hic
3160 4742 3250 4794 est
3271 4754 3500 4804 sensus,
3525 4739 3681 4795 Deus
3704 4741 3850 4798 fecit

2183 4824 2305 4880 haec
2335 4825 2535 4880 omnia
2564 4829 2628 4880 ut
2653 4825 2902 4881 timeant
2930 4825 3196 4882 homines
3229 4827 3300 4882 ab
3343 4842 3410 4883 eo
3451 4826 3606 4900 quod
3652 4831 3844 4887 semel

2183 4912 2337 4968 Deus
2353 4913 2647 4985 disposuit
2667 4913 2726 4968 in
2748 4912 2862 4969 alia
2881 4912 3196 4974 declinare.
3213 4913 3457 4972 Pulchre
3475 4919 3670 4972 autem
3692 4921 3848 4974 tem-

2182 5001 2402 5073 peravit
2427 5001 2647 5070 dicens,
2674 5011 2736 5058 ut
2763 5004 2988 5058 timeant
3006 5019 3042 5058 a
3068 5005 3214 5076 facie
3241 5003 3594 5076 ejus.Vultus
3615 5005 3846 5080 quippe

2181 5089 2412 5145 Domini
2447 5107 2624 5162 super
2653 5091 2928 5146 facientes
2973 5091 3146 5147 mala.
3176 5114 3204 5142 »
3225 5092 3296 5147 Et
3333 5091 3614 5149 Alcuinus
3643 5091 3705 5148 in
3737 5112 3842 5151 ex-

2180 5179 2514 5253 planatione
2545 5180 2808 5250 ejusdem
2841 5179 2994 5249 libri,
3024 5180 3096 5236 ad
3129 5179 3336 5236 Oniam
3369 5181 3757 5253 sacerdotem,
3781 5191 3845 5240 et

2179 5267 2504 5323 Candidum
2545 5269 2972 5341 presbyterum,
3005 5273 3062 5324 et
3102 5269 3477 5326 Natanaelem
3515 5271 3838 5330 diaconum

2179 5355 2501 5428 discipulos
2533 5373 2671 5412 suos
2698 5373 2748 5411 τι(
2769 5357 2950 5412 Didici
2978 5358 3118 5429 quod
3145 5361 3332 5415 omnia
3361 5375 3526 5432 opera
3557 5376 3676 5432 qua)
3703 5365 3844 5432 fecit

418 5430 664 5506 intelligi
698 5437 978 5507 positum,
1003 5456 1117 5511 quo
1161 5439 1374 5513 posuit,
1403 5458 1631 5512 pmnam
1674 5458 1814 5496 sane
1845 5442 2065 5516 malum
2176 5446 2316 5500 Deus
2355 5453 2692 5516 perseverent
2746 5447 2807 5499 in
2861 5454 3202 5517 perpetuum.
3235 5448 3352 5504 Non
3392 5430 3711 5520 possumus
3751 5455 3840 5507 eis

419 5523 697 5579 meritum
730 5540 932 5580 eorum
963 5535 1396 5600 exsequentem,
1423 5531 1505 5584 uti
1533 5531 1715 5585 Deum
1739 5531 1838 5602 qui
1870 5534 2067 5590 omnia
2173 5534 2370 5590 addere
2411 5535 2733 5606 quidquam,
2755 5551 2854 5590 nec
2901 5538 3122 5607 auferre
3151 5552 3276 5608 quw
3301 5539 3429 5608 fecit
3457 5539 3596 5593 Deus
3646 5547 3710 5594 ut
3753 5543 3836 5596 ti-

419 5611 718 5684 prospieit,
743 5615 1124 5686 praescivisse,
1143 5624 1198 5672 et
1227 5618 1673 5690 prmdestinasse
1705 5621 1841 5692 quia
1863 5623 2066 5691 justus
2174 5631 2394 5699 meatur
2419 5624 2611 5688 (Ercle.
2647 5639 2731 5687 ιιι,
2766 5625 2873 5682 14).
2908 5624 3061 5679 Nihil
3105 5631 3196 5681 est
3233 5626 3293 5680 in
3333 5627 3576 5694 mundo,
3607 5626 3832 5700 inquit,

418 5702 642 5756 est.Sed
667 5701 738 5756 ad
755 5700 892 5774 quid
913 5701 1054 5760 illud
1079 5707 1338 5777 posuerit
1353 5723 1467 5762 non
1484 5707 2062 5780 ignoramusztamen
2174 5712 2329 5783 quod
2384 5724 2598 5768 novum
2631 5711 2730 5768 sit.
2763 5711 2915 5771 Solis
2960 5729 3190 5781 cursus,
3223 5719 3280 5771 et
3338 5716 3508 5772 Lunze
3560 5716 3738 5784 vices,
3771 5725 3830 5776 et
