4002 6448
155 439 270 506 H7

875 441 975 504 DE
1016 441 1774 506 PREDESTINATIONE
1819 441 2331 510 DISSERTATIO
2375 439 2836 512 POSTERIOR.

3442 450 3560 517 H8

150 577 319 632 terra
350 571 750 647 ubertimque
781 572 1016 632 siccitas
1044 575 1135 632 vel
1157 575 1471 642 viror,cum
1493 575 1621 650 ipso
1642 593 1810 632 mun-
1835 576 1892 645 Α
1917 576 2118 650 vitque
2146 583 2211 636 ut
2239 595 2525 637 essemus.
2553 581 2712 639 Fecit
2736 585 2932 638 autem
2961 581 3071 640 hoc
3095 585 3420 643 secundum
3441 585 3563 660 pla-

151 663 226 721 do
257 667 400 720 nata
429 667 572 719 sunt
599 666 779 736 atque
809 664 1098 720 creata.Et
1117 663 1333 720 idcirco
1355 665 1511 721 Deus
1534 670 1690 721 certa
1711 682 1807 721 ra-

153 752 310 809 tione
331 756 548 809 cuncta
569 751 908 808 moderatus
927 752 1284 824 est,etjussit
1299 753 1579 810 humanis
1601 754 1808 810 usibus

152 840 445 899 elementa
472 839 709 908 servire,
741 847 806 896 ut
834 839 1106 897 homines
1131 841 1396 899 videntes
1439 841 1562 898 haec
1592 841 1807 898 intelli-

149 935 294 1005 gant
323 946 454 987 esse
486 927 913 1003 providentiam
943 929 1068 996 Dei,
1099 933 1158 986 et
1179 929 1424 994 timeant
1452 947 1488 986 a
1507 930 1653 987 facie
1683 931 1805 998 Dei,

151 1020 296 1076 dum
348 1035 421 1076 ex
478 1033 676 1075 rerum
735 1016 1090 1090 equalitate,
1143 1035 1342 1090 cursu,
1376 1019 1599 1086 ordine,
1633 1023 1808 1092 atque

123 1107 510 1174 .constantia,
542 1104 884 1180 intelligunt
909 1110 1262 1164 Creatorem.
1298 1130 1326 1158 »

217 1197 292 1254 Et
324 1195 609 1270 quoniam
637 1195 748 1252 hoc
777 1195 847 1252 de
867 1194 1216 1252 Ecclesiaste
1235 1197 1638 1254 testimonium
1663 1215 1805 1271 qua-

151 1285 286 1344 liter
315 1303 440 1342 suae
473 1283 881 1358 astipulationi
911 1283 1230 1352 conveniat,
1256 1284 1536 1342 vedelicet
1556 1287 1694 1359 quia
1714 1304 1809 1343 nc-

150 1390 454 1449 quaquam
471 1372 1110 1441 conveniat,doctorum
1128 1373 1434 1431 sententiis
1448 1375 1808 1432 demonstra-

151 1464 446 1530 vimus,ex
471 1461 582 1518 hoc
611 1461 770 1534 quod
801 1462 1189 1534 praemisit,De
1219 1462 1662 1536 hac,inquiens,
1695 1463 1805 1520 im-

149 1551 485 1610 mobilitate
513 1549 890 1623 praescientize
920 1553 977 1606 et
1003 1550 1530 1622 prmdcstinationis
1560 1553 1682 1620 Dei,
1705 1570 1808 1626 per

149 1658 334 1716 quam
363 1639 524 1714 apud
554 1656 691 1696 eum
721 1637 920 1695 futura
939 1639 1068 1710 jam
1099 1639 1253 1695 tacta
1281 1640 1694 1713 sunt,Prosper
1721 1641 1807 1697 illi

149 1749 216 1790 ex
245 1730 401 1788 libro
452 1727 712 1786 secundo
761 1729 900 1800 (cap.
933 1729 1049 1796 33),
1082 1727 1153 1784 de
1181 1727 1493 1785 Vocatione
1542 1729 1805 1803 gentium

150 1817 508 1893 respondeat
540 1833 555 1872 :
588 1839 616 1866 α
649 1816 776 1872 Non
807 1820 918 1883 est,
943 1814 1239 1888 inquiens,
1271 1815 1332 1872 in
1361 1816 1479 1874 Deo
1511 1818 1803 1888 accidens,

151 1912 374 1976 motus,
398 1910 674 2007 aut-nova
700 1903 990 1974 voluntas,
1005 1908 1108 1962 aut
1129 1903 1448 2011 temporale
1467 1907 1802 2011 consilium,
1833 1946 1883 2011 Β

150 2015 254 2056 nec
283 1995 568 2070 ϐοείωϋο
589 1994 719 2066 ejus
741 2010 876 2050 cum
897 2011 1092 2050 rerum
1114 1994 1488 2050 mutabilium
1511 1995 1808 2069 inaequali-

151 2091 264 2144 tate
295 2085 598 2153 variatur;
627 2082 730 2140 sed
762 2086 974 2140 cuncta
995 2082 1214 2155 pariter
1235 2087 1496 2155 tempora
1514 2089 1572 2141 et
1593 2093 1808 2158 tempo-

150 2175 294 2234 ralia
312 2172 680 2247 sempiterno
701 2187 768 2227 ac
787 2169 982 2228 stabili
1005 2171 1484 2244 comprenhendit
1505 2173 1807 2242 intuitu,et

149 2263 431 2322 omnibus
445 2258 648 2318 omnia
659 2259 780 2332 iam
791 2258 1060 2315 retribuit
1071 2258 1171 2332 qui
1182 2277 1310 2332 quae
1324 2264 1464 2317 sunt
1474 2261 1674 2318 futura
1675 2263 1700 2335 j
1708 2280 1804 2318 am

149 2351 466 2410 fecit.Hinc
493 2354 585 2406 est
603 2347 748 2404 illud
772 2348 924 2405 beati
947 2347 1108 2405 Pauli
1126 2348 1376 2422 apostoli
1396 2349 1708 2408 scribentis
1729 2353 1803 2408 ad

149 2439 467 2515 Ephesios:
483 2435 805 2500 Benedictus
833 2436 973 2493 Deus
1002 2443 1055 2492 et
1071 2437 1234 2493 Pater
1251 2437 1470 2493 Domini
1487 2440 1663 2494 nostri
1677 2439 1806 2496 Jesu

149 2529 484 2601 Christi,qui
514 2525 793 2583 benedixit
812 2542 910 2583 nos
931 2527 991 2581 in
1009 2527 1162 2582 omni
1180 2525 1546 2583 benedictione
1563 2529 1807 2600 spiritali

151 2622 206 2676 in
229 2616 548 2676 aetatibus
577 2617 638 2672 in
658 2614 894 2673 Christo.
917 2614 1071 2671 Sicut
1096 2615 1257 2686 elegit
1281 2631 1380 2671 nos
1428 2617 1489 2672 in
1535 2617 1652 2688 ipso
1681 2625 1806 2673 ante

149 2706 346 2766 mundi
371 2705 906 2772 constitutionemmt
921 2719 1158 2760 essemus
1186 2704 1362 2760 sancti
1388 2711 1440 2760 et
1465 2705 1806 2763 immaculati

151 2799 206 2854 in
235 2803 532 2870 conspectu
558 2795 676 2868 ejus
709 2795 770 2849 in
797 2792 1079 2849 charitate.
1115 2793 1221 2862 Qui
1249 2792 1662 2864 prcedestinavit
1706 2811 1805 2852 nos

152 2890 208 2944 ἡ.
233 2885 592 2958 adoptionem
617 2882 866 2955 ﬁliorum
886 2897 987 2954 per
1019 2881 1204 2938 Iesum
1253 2880 1530 2938 Christum
1574 2884 1636 2938 in
1665 2884 1801 2956 ipso,

149 2973 454 3033 secundum
476 2973 820 3046 prepositum
856 2970 1150 3026 voluntatis
1176 2985 1315 3038 sum,
1349 2971 1411 3026 in
1439 2969 1656 3028 laudem
1682 2972 1803 3043 glo-

147 3067 251 3124 riae
277 3065 488 3137 gratia
515 3077 635 3118 suae
664 3059 927 3133 (Ephesi,
958 3059 1033 3131 3),
1067 3062 1124 3115 et
1151 3063 1359 3115 caetera
1387 3057 1565 3128 (sicut
1585 3059 1803 3117 ibidem

149 3154 330 3211 lector
357 3151 617 3225 quisque
635 3149 882 3205 devotus
899 3147 987 3203 vel
1009 3147 1278 3204 curiosus
1299 3146 1530 3220 plenius
1550 3153 1607 3204 et
1625 3147 1803 3206 latius

151 3242 362 3317 poterit
392 3236 837 3310 invenire,)quaa
867 3236 978 3292 sub
1007 3236 1272 3308 ejusdem
1293 3253 1504 3294 sensus
1525 3238 1802 3310 praedica-

1917 667 2101 723 citum
2129 667 2446 725 voluntatis
2477 687 2616 738 sum,
2652 675 2718 726 ut
2747 689 2916 728 nemo
2948 673 3019 727 dc
3049 675 3282 740 sua,sed
3305 675 3377 732 de
3401 675 3560 734 illius

1917 772 2055 828 erga
2067 757 2452 825 se,voluntate
2472 759 2935 832 glorietunFecit
2950 761 3057 816 hoc
3080 765 3400 820 secundum
3421 765 3563 822 divi-

1915 842 2234 917 tiasglorize
2257 849 2730 911 suae,secundum
2755 851 2966 904 bonam
2988 850 3557 922 voluntatem-suam,

1917 949 2094 1004 quam
2125 933 2430 1006 proposuit
2459 936 2516 990 in
2549 935 2758 992 dilecto
2792 937 2934 993 Filio
2964 955 3092 1006 suo,
3117 938 3177 994 in
3199 957 3314 1012 quo
3345 947 3559 999 sortem

1915 1022 2212 1078 consecuti
2246 1039 2476 1090 sumus,
2508 1025 2901 1096 praadestinati
2935 1027 3259 1084 secundum
3299 1030 3558 1102 proposi-

1915 1112 2193 1177 tum,non
2226 1115 2511 1178 nostrum,
2537 1114 2636 1168 sed
2669 1114 2799 1183 ejus
2830 1114 2929 1186 qui
2963 1117 3234 1172 universa
3263 1123 3557 1190 operatur,

1915 1214 2103 1270 usque
2133 1198 2276 1254 adeo
2309 1203 2373 1254 ut
2395 1199 2519 1272 ipso
2545 1200 2603 1255 in
2626 1203 2794 1257 nobis
2815 1209 3084 1274 operetur
3103 1209 3159 1261 et
3177 1205 3560 1279 velle.0pera-

1914 1290 2012 1342 tur
2041 1291 2241 1342 autem
2271 1290 2598 1344 secundum
2631 1291 2943 1347 consilium
2976 1293 3294 1350 voluntatis
3325 1313 3466 1364 suas,
3497 1300 3564 1352 ut

1915 1373 2104 1431 simus
2133 1375 2192 1431 in
2221 1375 2456 1432 laudem
2486 1378 2682 1449 gloriae
2704 1380 2888 1450 ejus.»
2915 1382 2984 1436 Et
3005 1382 3368 1455 item,cap.17
3391 1401 3404 1441 :
3430 1408 3459 1436 «
3482 1386 3563 1441 Ex

1913 1462 2024 1518 hoc
2054 1463 2350 1535 proposito
2383 1465 2510 1536 ejus
2543 1470 2631 1521 est
2662 1467 2762 1522 illa
2791 1468 3111 1525 electorum
3143 1473 3376 1544 propria
3403 1491 3566 1530 voca-

1913 1549 2016 1622 tio,
2040 1552 2256 1624 quibus
2276 1552 2474 1608 omnia
2495 1561 2879 1627 cooperantur
2899 1557 2956 1612 in
2982 1559 3333 1633 bonum,qui
3359 1579 3564 1626 secun-

1915 1640 2056 1694 dum
2086 1641 2449 1712 propositum
2496 1645 2684 1699 vocati
2735 1650 2908 1714 sunt;
2941 1651 2999 1701 et
3035 1635 3170 1704 lsine
3223 1650 3562 1721 poenitentia

1914 1734 2055 1784 sunt
2083 1729 2236 1785 dona
2262 1734 2320 1785 et
2347 1731 2570 1786 vocatio
2610 1730 2734 1786 Dei.
2771 1756 2798 1780 ››
2831 1735 2898 1788 Et
2929 1734 3064 1790 item
3100 1753 3112 1790 :
3151 1758 3179 1786 α
3210 1737 3395 1808 Elegit
3423 1755 3559 1810 ergo

1915 1834 2012 1873 eos
2044 1819 2114 1872 de
2162 1819 2382 1873 mundo
2425 1835 2559 1873 cum
2608 1819 2702 1874 hic
2755 1827 2952 1892 ageret
3000 1840 3255 1892 carnem,
3287 1826 3386 1881 sed
3429 1827 3557 1897 jam

1913 1906 2129 1962 electos
2153 1906 2211 1961 in
2244 1906 2436 1977 seipse
2467 1911 2602 1962 ante
2633 1909 2840 1964 mundi
2870 1911 3366 1968 constitutionem.
3401 1936 3432 1963 ››

1983 1993 2141 2050 Talis
2166 1998 2255 2049 est
2283 1995 2428 2050 ﬁdes
2458 1995 2911 2052 orthodoxorum
2942 1999 3012 2054 de
3052 2001 3558 2070 prmdestinatione

1912 2087 2272 2140 sanctorum.
2306 2083 2551 2139 Studeat
2579 2088 2636 2139 et
2665 2085 2821 2140 dicat
2867 2086 3256 2158 capitulorum
3307 2089 3558 2146 istorum

1911 2171 2426 2243 compilator,quia
2456 2171 2694 2228 relictos
2727 2175 3024 2246 reprobos,
3053 2176 3266 2248 impios
3291 2183 3347 2233 et
3370 2177 3558 2250 injus-

1912 2265 2023 2326 tos,
2059 2276 2124 2315 ac
2157 2261 2468 2332 perituros,
2503 2266 2636 2316 ante
2666 2263 2871 2317 mundi
2901 2265 3378 2322 constitutionem
3413 2285 3556 2340 prte-

1911 2348 2227 2406 destinavit
2279 2349 2432 2404 Deus
2483 2351 2554 2404 ad
2605 2350 2926 2418 interitum,
2961 2358 3019 2408 et
3067 2354 3470 2426 perditionem,
3501 2359 3560 2413 et

1911 2455 2165 2511 poenam.
2199 2437 2314 2494 Nos
2345 2437 2536 2494 dicere
2567 2455 2682 2494 non
2728 2441 3015 2496 audemus
3063 2442 3202 2513 quia
3249 2461 3364 2499 non
3414 2444 3561 2502 dixit

1909 2526 2242 2600 Apostolus,
2277 2544 2383 2582 nec
2428 2544 2530 2599 per
2575 2545 2708 2584 eum
2760 2527 3006 2600 loquens
3053 2531 3337 2588 Dominus
3384 2533 3558 2590 Jesus

1912 2615 2200 2672 Christus.
2236 2616 2350 2670 Nec
2381 2615 2775 2673 emendatiorc
2803 2617 2950 2689 style
2981 2623 3037 2674 et
3069 2637 3262 2691 ungue
3293 2621 3554 2679 censorio

1912 2703 2208 2776 corrigens
2239 2721 2348 2760 sua
2379 2703 2595 2776 scripta
2621 2705 2824 2760 beatus
2844 2707 3208 2778 Augustinus
3230 2709 3413 2780 jussit
3439 2709 3552 2766 eis-

1911 2793 2044 2848 dem
2067 2792 2300 2864 scriptis
2323 2809 2426 2847 nos
2449 2791 2642 2847 taliter
2663 2794 3153 2864 pra-dicareDicit
3169 2795 3324 2852 idem
3347 2798 3552 2856 beatus

1911 2880 2272 2953 Augustinus
2301 2879 2360 2935 in
2390 2881 2591 2936 eodem
2623 2880 2770 2936 libro
2802 2883 3090 2954 (cap.eod.)
3115 2901 3126 2940 :
3153 2909 3180 2934 ‹‹
3205 2885 3382 2941 Electi
3414 2890 3554 2942 sunt

1912 2970 2130 3042 itaque,
2155 2969 2296 3041 quin
2330 2970 2745 3041 prmdestinati,
2778 2975 2910 3026 ante
2942 2973 3146 3028 mundi
3177 2973 3550 3050 constitutio-

1913 3075 2046 3114 nem
2059 3057 2642 3130 eaprazdestinatioue
2665 3059 2720 3113 in
2746 3076 2861 3130 qua
2885 3060 3033 3115 Deus
3055 3077 3164 3116 sua
3183 3062 3380 3118 futura
3401 3063 3554 3119 facta

1912 3146 2231 3220 przescivit:
2255 3145 2424 3202 electi
2454 3149 2650 3202 autem
2678 3148 2746 3202 de
2778 3149 2996 3203 mundo
3021 3165 3090 3204 ea
3117 3151 3414 3207 vocatione
3435 3169 3555 3224 qua

1913 3235 2067 3292 Deus
2116 3235 2174 3290 id
2220 3235 2372 3306 quod
2425 3235 2854 3306 praedestinavit
2901 3236 3180 3309 implevit.
3215 3240 3369 3305 Quos
3395 3239 3553 3296 enim

151 3310 303 3389 tione
335 3327 660 3392 connectit,
681 3326 898 3382 docens
917 3325 1139 3381 donum
1163 3329 1335 3397 atque
1356 3342 1504 3398 opus
1525 3325 1722 3399 gratia:
1744 3328 1804 3384 in
1835 3310 1878 3377 (ἶ
1917 3323 2348 3397 praedestinavit
2379 3321 2508 3378 illos
2537 3329 2593 3378 et
2625 3324 2971 3392 vocavit,illa
3001 3325 3223 3383 scilicet
3259 3328 3557 3386 vocatione

151 3428 366 3478 aeterno
416 3417 522 3474 Dei
572 3431 806 3488 semper
853 3415 1144 3470 mansisse
1191 3414 1454 3484 consilio,
1490 3431 1811 3488 omnesque

153 3506 490 3584 adoptionis
523 3503 700 3570 ﬁlios,
733 3519 850 3559 non
883 3501 1075 3559 solum
1097 3501 1157 3558 in
1180 3519 1248 3558 eo
1267 3506 1528 3575 tempore
1551 3521 1667 3576 quo
1681 3505 1808 3576 jam

151 3597 471 3656 existentes
491 3592 679 3650 vocati
701 3591 971 3660 sunt,sed
985 3590 1158 3648 etiam
1182 3591 1526 3664 priusquam
1549 3595 1808 3650 mundus

153 3679 880 3751 constitueretur,electos.
906 3678 969 3734 In
1002 3694 1118 3750 qua
1147 3677 1424 3734 electione
1445 3679 1693 3752 quisque
1714 3680 1812 3736 ho-

155 3773 384 3830 minum
415 3771 478 3827 in
509 3768 743 3826 Christo
774 3767 1166 3841 precognitus
1187 3783 1304 3822 non
1323 3770 1413 3823 est
1435 3767 1596 3824 nulla
1617 3767 1807 3825 eidem

156 3863 378 3920 ratione
407 3857 756 3917 sociabitur.
789 3856 1004 3913 Omnes
1032 3856 1190 3912 enim
1221 3855 1320 3928 qui
1343 3857 1415 3912 ad
1439 3873 1684 3930 regnum
1707 3857 1811 3914 Dei

156 3952 224 4008 de
248 3947 578 4024 cujuslibet
605 3945 888 4018 temporis
931 3944 1230 4000 vocatione
1275 3945 1500 4000 venturi
1553 3950 1714 4015 sunt,
1749 3947 1807 4002 in

157 4039 266 4097 ista
294 4054 432 4113 quae
463 4034 680 4094 secula
707 4038 923 4091 cuncta
949 4033 1247 4107 prmcessit
1266 4034 1574 4106 adoptione
1595 4034 1807 4107 signati

156 4128 388 4185 ωειλ-Ἃ
419 4125 579 4184 sicut
605 4123 808 4180 nullus
837 4121 1162 4178 infidelium
1195 4123 1253 4176 in
1281 4121 1389 4177 hac
1419 4125 1573 4178 sorte
1605 4140 1806 4180 nume-

157 4217 428 4285 ratus,ita
459 4211 665 4271 nullus
693 4211 923 4284 piorum
955 4211 1026 4268 ab
1052 4211 1160 4267 hac
1183 4210 1581 4268 benedictione
1599 4212 1811 4268 discre-

156 4310 247 4363 tus
274 4305 478 4366 est.Dc
508 4300 875 4376 plenitudine
896 4299 1110 4372 quippe
1133 4301 1530 4356 membrorum
1553 4301 1810 4374 corporis

157 4393 254 4452 ⁸4
281 4390 506 4450 Christi
539 4387 908 4464 prmsoientia
937 4387 1058 4456 Dei,
1093 4405 1220 4460 qua:
1270 4387 1390 4444 falli
1437 4407 1551 4445 non
1600 4394 1806 4462 potest,

159 4482 294 4540 nihil
315 4479 582 4556 perditet
597 4477 762 4535 nullo
778 4477 1126 4534 detrimento
1146 4475 1330 4532 minui
1349 4479 1812 4549 potest.Summa

159 4570 511 4644 praecognita
542 4573 720 4641 atque
771 4566 832 4623 in
879 4565 1109 4622 Christo
1154 4571 1290 4622 ante
1338 4565 1550 4622 saecula
1597 4572 1812 4624 aeterna

1918 3413 2243 3470 secundum
2282 3411 2668 3484 propositum.
2702 3413 2825 3467 Non
2875 3431 3010 3486 ergo
3060 3415 3225 3482 alios,
3259 3418 3360 3473 sed
3408 3434 3556 3490 quos

1918 3501 2350 3576 praedestinavit
2378 3500 2536 3573 ipsos
2563 3506 2618 3554 et
2649 3502 2888 3570 vocavit,
2926 3521 3026 3558 nec
3059 3503 3241 3560 alios:
3276 3507 3377 3560 sed
3408 3523 3557 3578 quos

1919 3591 2001 3647 ita
2029 3589 2252 3647 vocavit
2282 3589 2441 3662 ipsos
2472 3595 2527 3646 et
2549 3588 3026 3660 justificavit,nec
3059 3592 3238 3660 alios;
3268 3595 3370 3649 sed
3409 3611 3558 3666 quos

1919 3679 2372 3753 praedestinavit,
2405 3679 2646 3746 vocavit,
2672 3680 3036 3751 justiticavit,
3070 3682 3227 3752 ipsos
3256 3687 3312 3737 et
3340 3683 3558 3755 gloriﬁ-

1918 3769 2070 3824 cavit
2101 3784 2114 3824 :
2150 3767 2248 3824 illo
2283 3767 2482 3839 utique
2514 3769 2626 3822 line
2666 3767 2766 3838 qui
2815 3786 2929 3823 non
2978 3769 3155 3825 habet
3205 3772 3402 3826 linem.
3435 3795 3462 3821 n
3490 3773 3560 3828 Et

1917 3858 2053 3914 item
2077 3860 2216 3929 (cup.
2228 3858 2314 3924 18)
2339 3873 2352 3911 :
2379 3879 2405 3906 ‹‹
2432 3855 2614 3928 Elegit
2635 3856 3172 3928 Deus,inquicns,in
3185 3858 3412 3915 Christo
3425 3864 3559 3916 ante

1919 3947 2121 4003 mundi
2155 3945 2630 4003 constitulionmu
2675 3945 2936 3999 membra
2983 3946 3132 4014 ejus.
3167 3943 3556 4019 Et'quomodo

1918 4036 2157 4109 eligeret
2186 4051 2284 4089 eos
2315 4033 2415 4105 qui
2449 4033 2707 4087 nondum
2731 4038 2896 4088 erant
2915 4033 3025 4088 nisi
3050 4035 3559 4105 prmdestinando?

1919 4123 2103 4196 Elegit
2132 4140 2268 4196 ergo
2301 4121 2721 4194 prmdestinans
2752 4139 2878 4176 nos.
2903 4122 3175 4194 Nunquid
3199 4123 3436 4196 eligeret
3457 4125 3562 4182 im-

1919 4212 2046 4286 pios
2075 4216 2133 4268 et
2163 4211 2544 4266 immundos?
2574 4210 2718 4265 Nam
2746 4212 2794 4266 si
2818 4212 3060 4281 qumstiu
3084 4220 3560 4285 proponatur,ut-

1919 4319 2048 4358 rum
2062 4301 2167 4356 hos
2179 4299 2248 4356 eli
2257 4304 2454 4372 gat,an
2471 4299 2662 4371 potius
2675 4305 2908 4355 sanctos
2921 4305 2976 4355 et
2988 4301 3064 4354 im
3075 4320 3198 4357 mae
3208 4301 3563 4378 ulatos,quid

1920 4389 2128 4446 horum
2153 4389 2648 4462 respondeatquis
2671 4391 2962 4461 requirat?
2977 4408 3043 4446 ac
3066 4409 3178 4446 non
3198 4393 3396 4449 statim
3416 4396 3566 4451 ferat

1923 4478 2019 4536 55
2053 4496 2154 4551 pro
2186 4479 2406 4534 sanctis
2449 4477 2960 4549 immaculatisque
3012 4482 3406 4538 sententiam?
3437 4507 3465 4533 ››
3496 4485 3566 4540 Et

1920 4565 2379 4624 iteminlibrode
2403 4567 2908 4622 Praulcstinatiouc
2933 4574 3268 4624 sanctorum
3289 4571 3523 4644 (cap.15)
3547 4589 3560 4627 :

159 4658 479 4732 praelecta.
513 4657 682 4714 Sicut
712 4655 786 4712 ad
818 4654 1192 4712 Timotheum
1218 4654 1478 4712 scribens
1498 4655 1810 4728 Apostolus
1842 4679 1888 4742 υ
1921 4679 1947 4704 ‹‹
1980 4657 2080 4710 Est
2110 4654 2308 4721 etiam,
2342 4654 2636 4726 inquiens,
2673 4654 3186 4726 praeclarissimum
3211 4657 3406 4714 lumen
3429 4677 3566 4732 prae-

160 4748 342 4806 dicit:
375 4745 668 4804 Collubora
711 4744 1004 4816 Evangelia
1049 4743 1348 4800 secundum
1396 4746 1652 4802 virtutem
1692 4746 1809 4815 Dei,

162 4841 254 4911 qui
278 4855 378 4895 nos
408 4837 669 4894 liberavit
695 4843 748 4891 et
774 4835 982 4890 vocavit
1015 4834 1290 4890 vocatione
1334 4849 1438 4889 sua
1465 4841 1672 4898 sancta.
1702 4851 1814 4892 non

163 4927 458 4985 secundum
485 4942 654 4999 opera
678 4931 891 4992 nostra,
920 4922 1013 4980 sed
1038 4922 1336 4979 secundum
1364 4939 1528 4978 suum
1560 4927 1812 4996 proposi-

167 5025 298 5085 tam,
327 5025 380 5074 et
405 5016 650 5089 gratiam
669 5028 797 5087 quae
817 5011 943 5068 data
969 5019 1050 5069 est
1075 5011 1232 5068 nobis
1261 5019 1386 5067 ante
1405 5019 1644 5084 tempora
1661 5021 1817 5070 aeter-

171 5123 242 5161 na
261 5105 330 5179 (11
352 5107 490 5162 Tim.
512 5121 554 5177 ι,
576 5105 658 5173 8).
687 5125 716 5152 n
739 5102 808 5156 Et
827 5104 1067 5158 sanctus
1093 5099 1460 5173 Augustinus
1489 5100 1548 5156 in
1575 5100 1723 5158 libro
1746 5103 1817 5158 de

173 5192 686 5252 Predestinatione
716 5193 1055 5248 sanctorum
1078 5189 1313 5262 (cap.18)
1337 5205 1350 5244 :
1376 5213 1404 5240 α
1427 5193 1559 5245 Haec
1589 5195 1678 5247 est
1707 5190 1817 5246 im-

173 5281 401 5339 mobilis
443 5279 665 5338 veritas
715 5276 1244 5352 praedestinationis
1300 5282 1356 5334 et
1412 5278 1632 5350 gratiae,
1664 5279 1822 5334 velut

172 5369 476 5444 Apostolus
507 5369 593 5426 ait
626 5387 641 5425 :
675 5369 831 5424 Sicut
855 5367 1016 5438 elegit
1041 5382 1139 5423 nos
1188 5367 1243 5422 in
1295 5367 1410 5438 ipso
1456 5375 1582 5423 ante
1625 5367 1822 5423 mundi

172 5461 602 5517 constitutionem
634 5456 854 5530 (Ephes.
877 5473 916 5524 ι,
952 5457 1026 5524 Ii).
1060 5453 1247 5528 Elegit
1275 5472 1410 5526 ergo
1443 5472 1548 5510 nos
1577 5456 1730 5512 Deus
1760 5455 1820 5510 in

173 5547 395 5606 Christo
419 5553 556 5608 ante
605 5544 819 5604 mundi
867 5543 1366 5615 constitutionem,
1397 5544 1821 5616 praedestinans

173 5653 278 5694 nos
307 5635 364 5694 in
383 5636 767 5711 adoptionem
791 5631 1198 5690 ﬁliorum.Non
1221 5632 1361 5704 quia
1381 5650 1484 5705 per
1505 5649 1611 5688 nos
1633 5632 1823 5690 sancti

177 5730 232 5784 et
257 5725 616 5786 immaculati
651 5722 838 5782 futuri
869 5721 1233 5792 eramus,sed
1255 5720 1428 5792 elegit
1457 5721 1824 5794 praedestina-

1923 4742 2332 4800 destinationis
2363 4748 2419 4798 et
2448 4743 2644 4816 gratio:
2679 4744 2801 4814 ipse
2833 4743 3113 4813 Salvator,
3139 4747 3262 4818 ipse
3286 4748 3567 4804 Mediator

1922 4833 2021 4890 Dei
2053 4837 2109 4889 et
2147 4831 2455 4888 hominum
2505 4832 2680 4887 homo
2727 4832 2991 4888 Christus
3040 4834 3233 4890 Jesus.
3266 4859 3292 4886 η
3329 4837 3397 4892 Et
3427 4837 3563 4892 item

1923 4921 2104 4995 (ibid.)
2133 4939 2146 4976 :
2173 4943 2202 4972 ‹‹
2231 4921 2361 4993 Ipsa
2389 4925 2478 4976 est
2508 4921 2684 4992 igitur
2733 4918 3162 4992 praedestinatio
3206 4930 3563 4992 sanctorum,

1924 5029 2051 5084 qua:
2085 5010 2143 5064 in
2174 5014 2373 5064 sancto
2405 5013 2740 5064 sanctorum
2767 5009 3016 5065 maxime
3039 5011 3450 5081 claruit,quam
3473 5028 3566 5066 ne-

1925 5115 2062 5173 gare
2093 5098 2227 5170 quis
2259 5101 2448 5169 potest
2470 5101 2620 5153 recte
2643 5097 2985 5169 intelligenti
2997 5117 3090 5152 um
3116 5097 3345 5168 eloquia
3362 5099 3568 5156 verita-

1929 5188 2049 5244 tis?
2080 5188 2226 5242 Nam
2257 5190 2314 5242 et
2343 5186 2536 5258 ipsum
2571 5186 2882 5241 Dominum
2927 5186 3146 5259 gloria},
3177 5185 3236 5239 in
3279 5192 3566 5257 quantum

1929 5277 2103 5332 homo
2135 5276 2324 5331 factus
2355 5278 2444 5329 est
2476 5275 2573 5329 Dei
2609 5275 2808 5341 Filius,
2839 5273 3310 5345 prunlestinatum
3333 5292 3461 5330 esse
3481 5277 3568 5331 di-

1931 5365 2204 5421 dicimus.
2225 5363 2449 5419 Clamat
2471 5363 2682 5418 Doctor
2707 5362 2967 5432 gnutium
2994 5361 3046 5413 in
3076 5361 3261 5433 rapite
3287 5365 3568 5435 Epistola-

1931 5472 2062 5510 rum
2118 5470 2355 5507 suurum
2392 5469 2406 5506 :
2441 5453 2645 5506 Paulus
2701 5468 2884 5504 servus
2941 5450 3142 5506 Christi
3186 5453 3312 5508 Iesu
3360 5463 3570 5510 vocatus

1931 5544 2208 5616 Apostolus
2241 5542 2412 5613 (Rom.
2449 5558 2482 5607 ι,
2524 5541 2594 5607 1),
2629 5544 2685 5593 et
2724 5543 2930 5592 Caetera
2977 5558 3162 5612 usque
3206 5543 3348 5597 dum
3379 5544 3522 5598 dicit
3555 5560 3568 5598 :

1932 5635 2049 5706 Qui
2072 5631 2489 5704 przmlestirmtus
2518 5636 2595 5682 est
2623 5629 2795 5682 Filius
2826 5629 2924 5683 Dei
2955 5631 3011 5684 in
3045 5632 3258 5687 virtute.
3295 5655 3320 5680 ››
3342 5632 3410 5686 Et
3433 5631 3570 5687 item

1932 5724 1991 5778 in
2022 5721 2224 5777 eodem
2257 5719 2402 5773 libro
2437 5732 2449 5770 :
2485 5740 2510 5764 ‹‹
2549 5715 2709 5772 Sicut
2738 5735 2873 5789 ergo
2907 5719 3348 5790 prwdestinatus
3368 5724 3456 5775 est
3478 5719 3571 5774 ille
