  <div class='ocr_page' id='page_1' title='image "/cluster/home/n/w/nwhite01/storage/ocr_20150623/125/umn.31951002477418t/065.png"; bbox 0 0 4002 6470; ppageno 0'>
   <div class='ocr_carea' id='block_1_1' title="bbox 415 415 3819 488">
    <p class='ocr_par' dir='ltr' id='par_1_1' title="bbox 415 415 3819 488">
     <span class='ocr_line' id='line_1_1' title="bbox 415 415 3819 488; baseline -0.003 -1"><span class='ocrx_word' id='word_1_1' title='bbox 415 423 486 488; x_wconf 81' lang='grc'>91</span> <span class='ocrx_word' id='word_1_2' title='bbox 1342 421 1721 486; x_wconf 78' lang='lat' dir='ltr'><strong><em>HINCMABI</em></strong></span> <span class='ocrx_word' id='word_1_3' title='bbox 1764 419 2206 484; x_wconf 80' lang='lat' dir='ltr'><strong><em>RHENENSIS</em></strong></span> <span class='ocrx_word' id='word_1_4' title='bbox 2249 417 2870 483; x_wconf 81' lang='lat' dir='ltr'><strong><em>ARCHIEPISCOPI.</em></strong></span> <span class='ocrx_word' id='word_1_5' title='bbox 3740 415 3819 478; x_wconf 75' lang='lat'><strong>92</strong></span> 
     </span>
    </p>
   </div>
   <div class='ocr_carea' id='block_1_2' title="bbox 415 546 3821 628">
    <p class='ocr_par' dir='ltr' id='par_1_2' title="bbox 415 546 3821 628">
     <span class='ocr_line' id='line_1_2' title="bbox 415 546 3821 628; baseline -0.003 -12"><span class='ocrx_word' id='word_1_6' title='bbox 415 555 550 616; x_wconf 83' lang='lat' dir='ltr'><strong><em>alibi</em></strong></span> <span class='ocrx_word' id='word_1_7' title='bbox 587 575 598 612; x_wconf 92' lang='lat'><strong>:</strong></span> <span class='ocrx_word' id='word_1_8' title='bbox 625 555 690 613; x_wconf 84' lang='lat' dir='ltr'><strong><em>In</em></strong></span> <span class='ocrx_word' id='word_1_9' title='bbox 718 554 1065 623; x_wconf 76' lang='lat' dir='ltr'><strong><em>reuelatione,</em></strong></span> <span class='ocrx_word' id='word_1_10' title='bbox 1098 551 1308 628; x_wconf 84' lang='lat' dir='ltr'><strong><em>inquit,</em></strong></span> <span class='ocrx_word' id='word_1_11' title='bbox 1342 555 1561 611; x_wconf 86' lang='lat' dir='ltr'><strong><em>Domini</em></strong></span> <span class='ocrx_word' id='word_1_12' title='bbox 1607 556 1781 611; x_wconf 77' lang='lat' dir='ltr'><strong><em>nostri</em></strong></span> <span class='ocrx_word' id='word_1_13' title='bbox 1827 553 1893 610; x_wconf 90' lang='lat' dir='ltr'><strong><em>de</em></strong></span> <span class='ocrx_word' id='word_1_14' title='bbox 1920 554 2048 611; x_wconf 69' lang='lat' dir='ltr'><strong><em>caelo</em></strong></span> <span class='ocrx_word' id='word_1_15' title='bbox 2076 552 2131 620; x_wconf 82' lang='grc' dir='ltr'><strong>Α</strong></span> <span class='ocrx_word' id='word_1_16' title='bbox 2156 551 2706 626; x_wconf 87' lang='lat' dir='ltr'><strong><em>tionemimpiorum</em></strong></span> <span class='ocrx_word' id='word_1_17' title='bbox 2730 552 2801 608; x_wconf 89' lang='lat' dir='ltr'><strong><em>ad</em></strong></span> <span class='ocrx_word' id='word_1_18' title='bbox 2826 553 3176 608; x_wconf 83' lang='lat' dir='ltr'><strong><em>mortemzet</em></strong></span> <span class='ocrx_word' id='word_1_19' title='bbox 3197 546 3821 624; x_wconf 87' lang='lat' dir='ltr'><strong><em>quomodohocpossit</em></strong></span> 
     </span>
    </p>
   </div>
   <div class='ocr_carea' id='block_1_3' title="bbox 411 643 2056 718">
    <p class='ocr_par' dir='ltr' id='par_1_3' title="bbox 411 643 2056 718">
     <span class='ocr_line' id='line_1_3' title="bbox 411 643 2056 718; baseline -0.003 -15"><span class='ocrx_word' id='word_1_20' title='bbox 411 665 534 704; x_wconf 87' lang='lat' dir='ltr'><strong><em>cum</em></strong></span> <span class='ocrx_word' id='word_1_21' title='bbox 560 647 770 718; x_wconf 79' lang='lat' dir='ltr'><strong><em>angelis</em></strong></span> <span class='ocrx_word' id='word_1_22' title='bbox 799 647 1019 701; x_wconf 85' lang='lat' dir='ltr'><strong><em>virtutis</em></strong></span> <span class='ocrx_word' id='word_1_23' title='bbox 1049 646 1186 718; x_wconf 87' lang='lat' dir='ltr'><strong><em>ejus,</em></strong></span> <span class='ocrx_word' id='word_1_24' title='bbox 1207 647 1266 700; x_wconf 87' lang='lat' dir='ltr'><strong><em>in</em></strong></span> <span class='ocrx_word' id='word_1_25' title='bbox 1293 646 1516 716; x_wconf 82' lang='lat' dir='ltr'><strong><em>ﬂamma</em></strong></span> <span class='ocrx_word' id='word_1_26' title='bbox 1545 646 1688 716; x_wconf 81' lang='lat' dir='ltr'><em>ignis</em></span> <span class='ocrx_word' id='word_1_27' title='bbox 1717 643 1898 699; x_wconf 75' lang='lat' dir='ltr'><strong><em>dan-tis</em></strong></span> <span class='ocrx_word' id='word_1_28' title='bbox 1929 646 2056 699; x_wconf 82' lang='lat' dir='ltr'><strong><em>vin-</em></strong></span> 
     </span>
    </p>
   </div>
   <div class='ocr_carea' id='block_1_4' title="bbox 409 733 2056 808">
    <p class='ocr_par' dir='ltr' id='par_1_4' title="bbox 409 733 2056 808">
     <span class='ocr_line' id='line_1_4' title="bbox 409 733 2056 808; baseline -0.002 -16"><span class='ocrx_word' id='word_1_29' title='bbox 409 737 610 792; x_wconf 86' lang='lat' dir='ltr'><strong><em>dictam</em></strong></span> <span class='ocrx_word' id='word_1_30' title='bbox 636 736 722 792; x_wconf 79' lang='lat' dir='ltr'><strong><em>his</em></strong></span> <span class='ocrx_word' id='word_1_31' title='bbox 753 737 852 808; x_wconf 86' lang='lat' dir='ltr'><strong><em>qui</em></strong></span> <span class='ocrx_word' id='word_1_32' title='bbox 879 751 991 790; x_wconf 89' lang='lat' dir='ltr'><strong><em>non</em></strong></span> <span class='ocrx_word' id='word_1_33' title='bbox 1019 742 1286 791; x_wconf 85' lang='lat' dir='ltr'><strong><em>noverunt</em></strong></span> <span class='ocrx_word' id='word_1_34' title='bbox 1315 735 1502 800; x_wconf 87' lang='lat' dir='ltr'><strong><em>Deum,</em></strong></span> <span class='ocrx_word' id='word_1_35' title='bbox 1534 741 1586 789; x_wconf 88' lang='lat' dir='ltr'><strong><em>et</em></strong></span> <span class='ocrx_word' id='word_1_36' title='bbox 1634 737 1730 806; x_wconf 84' lang='lat' dir='ltr'><strong><em>qui</em></strong></span> <span class='ocrx_word' id='word_1_37' title='bbox 1777 751 1887 788; x_wconf 87' lang='lat' dir='ltr'><strong><em>non</em></strong></span> <span class='ocrx_word' id='word_1_38' title='bbox 1929 733 2056 789; x_wconf 88' lang='lat' dir='ltr'><strong><em>obe-</em></strong></span> 
     </span>
    </p>
   </div>
   <div class='ocr_carea' id='block_1_5' title="bbox 409 823 2055 896">
    <p class='ocr_par' dir='ltr' id='par_1_5' title="bbox 409 823 2055 896">
     <span class='ocr_line' id='line_1_5' title="bbox 409 823 2055 896; baseline -0.002 -15"><span class='ocrx_word' id='word_1_39' title='bbox 409 825 574 882; x_wconf 88' lang='lat' dir='ltr'><strong><em>diunt</em></strong></span> <span class='ocrx_word' id='word_1_40' title='bbox 599 824 893 895; x_wconf 82' lang='lat' dir='ltr'><strong><em>Evangelia</em></strong></span> <span class='ocrx_word' id='word_1_41' title='bbox 921 825 1019 879; x_wconf 87' lang='lat' dir='ltr'><strong><em>Dei</em></strong></span> <span class='ocrx_word' id='word_1_42' title='bbox 1045 825 1238 889; x_wconf 79' lang='lat' dir='ltr'><strong><em>nostri,</em></strong></span> <span class='ocrx_word' id='word_1_43' title='bbox 1273 825 1372 896; x_wconf 85' lang='lat' dir='ltr'><strong><em>qui</em></strong></span> <span class='ocrx_word' id='word_1_44' title='bbox 1397 839 1582 894; x_wconf 69' lang='lat' dir='ltr'><strong><em>poenas</em></strong></span> <span class='ocrx_word' id='word_1_45' title='bbox 1627 823 1836 878; x_wconf 87' lang='lat' dir='ltr'><strong><em>dabunt</em></strong></span> <span class='ocrx_word' id='word_1_46' title='bbox 1877 824 1936 878; x_wconf 89' lang='lat' dir='ltr'><strong><em>in</em></strong></span> <span class='ocrx_word' id='word_1_47' title='bbox 1968 825 2055 878; x_wconf 90' lang='lat' dir='ltr'><strong><em>in-</em></strong></span> 
     </span>
    </p>
   </div>
   <div class='ocr_carea' id='block_1_6' title="bbox 411 913 2053 984">
    <p class='ocr_par' dir='ltr' id='par_1_6' title="bbox 411 913 2053 984">
     <span class='ocr_line' id='line_1_6' title="bbox 411 913 2053 984; baseline -0.002 -13"><span class='ocrx_word' id='word_1_48' title='bbox 411 917 580 972; x_wconf 82' lang='lat' dir='ltr'><strong><em>teritu</em></strong></span> <span class='ocrx_word' id='word_1_49' title='bbox 610 921 846 970; x_wconf 66' lang='lat' dir='ltr'><strong><em>aeternas</em></strong></span> <span class='ocrx_word' id='word_1_50' title='bbox 877 929 1001 968; x_wconf 86' lang='lat' dir='ltr'><strong><em>cum</em></strong></span> <span class='ocrx_word' id='word_1_51' title='bbox 1029 915 1236 968; x_wconf 78' lang='lat' dir='ltr'><strong><em>venerit</em></strong></span> <span class='ocrx_word' id='word_1_52' title='bbox 1263 913 1562 984; x_wconf 82' lang='lat' dir='ltr'><strong><em>gloriﬁoari</em></strong></span> <span class='ocrx_word' id='word_1_53' title='bbox 1590 915 1649 968; x_wconf 84' lang='lat' dir='ltr'><strong><em>in</em></strong></span> <span class='ocrx_word' id='word_1_54' title='bbox 1685 913 1888 968; x_wconf 80' lang='lat' dir='ltr'><strong><em>sanctis</em></strong></span> <span class='ocrx_word' id='word_1_55' title='bbox 1916 914 2053 978; x_wconf 82' lang='lat' dir='ltr'><strong><em>suis,</em></strong></span> 
     </span>
    </p>
   </div>
   <div class='ocr_carea' id='block_1_7' title="bbox 409 1001 2057 1074">
    <p class='ocr_par' dir='ltr' id='par_1_7' title="bbox 409 1001 2057 1074">
     <span class='ocr_line' id='line_1_7' title="bbox 409 1001 2057 1074; baseline -0.003 -14"><span class='ocrx_word' id='word_1_56' title='bbox 409 1013 462 1060; x_wconf 90' lang='lat' dir='ltr'><strong><em>et</em></strong></span> <span class='ocrx_word' id='word_1_57' title='bbox 499 1003 849 1059; x_wconf 79' lang='lat' dir='ltr'><strong><em>admirabilis</em></strong></span> <span class='ocrx_word' id='word_1_58' title='bbox 895 1003 1019 1074; x_wconf 80' lang='lat' dir='ltr'><strong><em>ﬁeri</em></strong></span> <span class='ocrx_word' id='word_1_59' title='bbox 1066 1003 1127 1058; x_wconf 88' lang='lat' dir='ltr'><strong><em>in</em></strong></span> <span class='ocrx_word' id='word_1_60' title='bbox 1173 1002 1423 1057; x_wconf 87' lang='lat' dir='ltr'><strong><em>omnibus</em></strong></span> <span class='ocrx_word' id='word_1_61' title='bbox 1471 1003 1568 1074; x_wconf 85' lang='lat' dir='ltr'><strong><em>qui</em></strong></span> <span class='ocrx_word' id='word_1_62' title='bbox 1613 1001 1959 1056; x_wconf 82' lang='lat' dir='ltr'><strong><em>crediderunt</em></strong></span> <span class='ocrx_word' id='word_1_63' title='bbox 1986 1001 2057 1068; x_wconf 89' lang='grc' dir='ltr'><strong><em>(ιι</em></strong></span> 
     </span>
    </p>
   </div>
   <div class='ocr_carea' id='block_1_8' title="bbox 417 1089 2054 1163">
    <p class='ocr_par' dir='ltr' id='par_1_8' title="bbox 417 1089 2054 1163">
     <span class='ocr_line' id='line_1_8' title="bbox 417 1089 2054 1163; baseline -0.003 -14"><span class='ocrx_word' id='word_1_64' title='bbox 417 1092 810 1162; x_wconf 80' lang='lat' dir='ltr'><strong><em>Thess.i,7-iO).</em></strong></span> <span class='ocrx_word' id='word_1_65' title='bbox 832 1092 947 1146; x_wconf 88' lang='lat' dir='ltr'><strong><em>Nec</em></strong></span> <span class='ocrx_word' id='word_1_66' title='bbox 960 1107 1200 1163; x_wconf 79' lang='lat' dir='ltr'><strong><em>prorsus</em></strong></span> <span class='ocrx_word' id='word_1_67' title='bbox 1216 1089 1316 1144; x_wconf 88' lang='lat' dir='ltr'><strong><em>ulli</em></strong></span> <span class='ocrx_word' id='word_1_68' title='bbox 1337 1089 1490 1145; x_wconf 89' lang='lat' dir='ltr'><strong><em>malo</em></strong></span> <span class='ocrx_word' id='word_1_69' title='bbox 1505 1089 1928 1162; x_wconf 63' lang='lat' dir='ltr'><strong><em>praascientiam</em></strong></span> <span class='ocrx_word' id='word_1_70' title='bbox 1954 1090 2054 1145; x_wconf 87' lang='lat' dir='ltr'><strong><em>Dei</em></strong></span> 
     </span>
    </p>
   </div>
   <div class='ocr_carea' id='block_1_9' title="bbox 410 1179 2055 1254">
    <p class='ocr_par' dir='ltr' id='par_1_9' title="bbox 410 1179 2055 1254">
     <span class='ocr_line' id='line_1_9' title="bbox 410 1179 2055 1254; baseline -0.002 -16"><span class='ocrx_word' id='word_1_71' title='bbox 410 1180 763 1254; x_wconf 85' lang='lat' dir='ltr'><strong><em>imposuisse</em></strong></span> <span class='ocrx_word' id='word_1_72' title='bbox 779 1179 1280 1247; x_wconf 85' lang='lat' dir='ltr'><strong><em>uecessitatem,ut</em></strong></span> <span class='ocrx_word' id='word_1_73' title='bbox 1293 1179 1448 1235; x_wconf 86' lang='lat' dir='ltr'><strong><em>aliud</em></strong></span> <span class='ocrx_word' id='word_1_74' title='bbox 1462 1196 1590 1234; x_wconf 82' lang='lat' dir='ltr'><strong><em>esse</em></strong></span> <span class='ocrx_word' id='word_1_75' title='bbox 1603 1195 1718 1233; x_wconf 89' lang='lat' dir='ltr'><strong><em>non</em></strong></span> <span class='ocrx_word' id='word_1_76' title='bbox 1731 1179 2055 1250; x_wconf 79' lang='lat' dir='ltr'><strong><em>possetzsed</em></strong></span> 
     </span>
    </p>
   </div>
   <div class='ocr_carea' id='block_1_10' title="bbox 411 1268 2059 1344">
    <p class='ocr_par' dir='ltr' id='par_1_10' title="bbox 411 1268 2059 1344">
     <span class='ocr_line' id='line_1_10' title="bbox 411 1268 2059 1344; baseline -0.004 -16"><span class='ocrx_word' id='word_1_77' title='bbox 411 1272 568 1344; x_wconf 90' lang='lat' dir='ltr'><strong><em>quod</em></strong></span> <span class='ocrx_word' id='word_1_78' title='bbox 593 1270 690 1327; x_wconf 91' lang='lat' dir='ltr'><strong><em>ille</em></strong></span> <span class='ocrx_word' id='word_1_79' title='bbox 719 1271 952 1326; x_wconf 88' lang='lat' dir='ltr'><strong><em>futurus</em></strong></span> <span class='ocrx_word' id='word_1_80' title='bbox 982 1273 1108 1325; x_wconf 87' lang='lat' dir='ltr'><strong><em>erat</em></strong></span> <span class='ocrx_word' id='word_1_81' title='bbox 1134 1287 1201 1324; x_wconf 84' lang='lat' dir='ltr'><strong><em>ex</em></strong></span> <span class='ocrx_word' id='word_1_82' title='bbox 1214 1268 1450 1342; x_wconf 88' lang='lat' dir='ltr'><strong><em>propria</em></strong></span> <span class='ocrx_word' id='word_1_83' title='bbox 1469 1269 1892 1336; x_wconf 88' lang='lat' dir='ltr'><strong><em>voluntatc,ille</em></strong></span> <span class='ocrx_word' id='word_1_84' title='bbox 1905 1268 2059 1324; x_wconf 90' lang='lat' dir='ltr'><strong><em>sicut</em></strong></span> 
     </span>
    </p>
   </div>
   <div class='ocr_carea' id='block_1_11' title="bbox 411 1357 2057 1432">
    <p class='ocr_par' dir='ltr' id='par_1_11' title="bbox 411 1357 2057 1432">
     <span class='ocr_line' id='line_1_11' title="bbox 411 1357 2057 1432; baseline -0.002 -16"><span class='ocrx_word' id='word_1_85' title='bbox 411 1360 587 1428; x_wconf 91' lang='lat' dir='ltr'><strong><em>Deus,</em></strong></span> <span class='ocrx_word' id='word_1_86' title='bbox 623 1359 722 1432; x_wconf 89' lang='lat' dir='ltr'><strong><em>qui</em></strong></span> <span class='ocrx_word' id='word_1_87' title='bbox 755 1359 914 1414; x_wconf 88' lang='lat' dir='ltr'><strong><em>novit</em></strong></span> <span class='ocrx_word' id='word_1_88' title='bbox 943 1357 1141 1414; x_wconf 85' lang='lat' dir='ltr'><strong><em>omnia</em></strong></span> <span class='ocrx_word' id='word_1_89' title='bbox 1171 1361 1489 1430; x_wconf 81' lang='lat' dir='ltr'><strong><em>antequam</em></strong></span> <span class='ocrx_word' id='word_1_90' title='bbox 1521 1358 1683 1427; x_wconf 80' lang='lat' dir='ltr'><strong><em>fiant,</em></strong></span> <span class='ocrx_word' id='word_1_91' title='bbox 1716 1357 2057 1429; x_wconf 67' lang='lat' dir='ltr'><strong><em>praesciitex</em></strong></span> 
     </span>
    </p>
   </div>
   <div class='ocr_carea' id='block_1_12' title="bbox 411 1445 2057 1520">
    <p class='ocr_par' dir='ltr' id='par_1_12' title="bbox 411 1445 2057 1520">
     <span class='ocr_line' id='line_1_12' title="bbox 411 1445 2057 1520; baseline -0.004 -14"><span class='ocrx_word' id='word_1_92' title='bbox 411 1466 520 1506; x_wconf 88' lang='lat' dir='ltr'><strong><em>sua</em></strong></span> <span class='ocrx_word' id='word_1_93' title='bbox 549 1447 977 1520; x_wconf 79' lang='lat' dir='ltr'><strong><em>omnipotentis</em></strong></span> <span class='ocrx_word' id='word_1_94' title='bbox 1007 1451 1064 1502; x_wconf 89' lang='lat' dir='ltr'><strong><em>et</em></strong></span> <span class='ocrx_word' id='word_1_95' title='bbox 1097 1445 1568 1508; x_wconf 83' lang='lat' dir='ltr'><strong><em>incommutabili</em></strong></span> <span class='ocrx_word' id='word_1_96' title='bbox 1601 1447 2057 1517; x_wconf 82' lang='lat' dir='ltr'><strong><em>majestateznec</em></strong></span> 
     </span>
    </p>
   </div>
   <div class='ocr_carea' id='block_1_13' title="bbox 409 1533 2055 1610">
    <p class='ocr_par' dir='ltr' id='par_1_13' title="bbox 409 1533 2055 1610">
     <span class='ocr_line' id='line_1_13' title="bbox 409 1533 2055 1610; baseline -0.004 -16"><span class='ocrx_word' id='word_1_97' title='bbox 409 1553 480 1594; x_wconf 77' lang='lat' dir='ltr'><strong><em>ex</em></strong></span> <span class='ocrx_word' id='word_1_98' title='bbox 509 1536 846 1610; x_wconf 70' lang='lat' dir='ltr'><strong><em>praajudicio</em></strong></span> <span class='ocrx_word' id='word_1_99' title='bbox 879 1537 1008 1607; x_wconf 88' lang='lat' dir='ltr'><strong><em>ejus</em></strong></span> <span class='ocrx_word' id='word_1_100' title='bbox 1038 1535 1314 1608; x_wconf 82' lang='lat' dir='ltr'><strong><em>aliquem,</em></strong></span> <span class='ocrx_word' id='word_1_101' title='bbox 1344 1536 1446 1592; x_wconf 90' lang='lat' dir='ltr'><strong><em>sed</em></strong></span> <span class='ocrx_word' id='word_1_102' title='bbox 1478 1552 1544 1590; x_wconf 86' lang='lat' dir='ltr'><strong><em>ex</em></strong></span> <span class='ocrx_word' id='word_1_103' title='bbox 1577 1533 1782 1590; x_wconf 90' lang='lat' dir='ltr'><strong><em>merito</em></strong></span> <span class='ocrx_word' id='word_1_104' title='bbox 1812 1534 2055 1606; x_wconf 71' lang='lat' dir='ltr'><strong><em>propriae</em></strong></span> 
     </span>
    </p>
   </div>
   <div class='ocr_carea' id='block_1_14' title="bbox 410 1622 2056 1700">
    <p class='ocr_par' dir='ltr' id='par_1_14' title="bbox 410 1622 2056 1700">
     <span class='ocr_line' id='line_1_14' title="bbox 410 1622 2056 1700; baseline -0.002 -18"><span class='ocrx_word' id='word_1_105' title='bbox 410 1625 740 1700; x_wconf 81' lang='lat' dir='ltr'><strong><em>iniquitatis</em></strong></span> <span class='ocrx_word' id='word_1_106' title='bbox 770 1625 1066 1682; x_wconf 85' lang='lat' dir='ltr'><strong><em>credimus</em></strong></span> <span class='ocrx_word' id='word_1_107' title='bbox 1095 1623 1469 1680; x_wconf 89' lang='lat' dir='ltr'><strong><em>condemnari</em></strong></span> <span class='ocrx_word' id='word_1_108' title='bbox 1495 1641 1508 1679; x_wconf 91' lang='lat'><strong>:</strong></span> <span class='ocrx_word' id='word_1_109' title='bbox 1543 1641 1648 1680; x_wconf 90' lang='lat' dir='ltr'><strong><em>nec</em></strong></span> <span class='ocrx_word' id='word_1_110' title='bbox 1678 1623 1837 1696; x_wconf 89' lang='lat' dir='ltr'><strong><em>ipsos</em></strong></span> <span class='ocrx_word' id='word_1_111' title='bbox 1867 1622 2056 1678; x_wconf 88' lang='lat' dir='ltr'><strong><em>malos</em></strong></span> 
     </span>
    </p>
   </div>
   <div class='ocr_carea' id='block_1_15' title="bbox 409 1712 2057 1790">
    <p class='ocr_par' dir='ltr' id='par_1_15' title="bbox 409 1712 2057 1790">
     <span class='ocr_line' id='line_1_15' title="bbox 409 1712 2057 1790; baseline -0.003 -17"><span class='ocrx_word' id='word_1_112' title='bbox 409 1716 538 1774; x_wconf 91' lang='lat' dir='ltr'><strong><em>ideo</em></strong></span> <span class='ocrx_word' id='word_1_113' title='bbox 569 1717 757 1790; x_wconf 89' lang='lat' dir='ltr'><strong><em>perire</em></strong></span> <span class='ocrx_word' id='word_1_114' title='bbox 787 1715 928 1788; x_wconf 83' lang='lat' dir='ltr'><strong><em>quia</em></strong></span> <span class='ocrx_word' id='word_1_115' title='bbox 947 1715 1081 1771; x_wconf 89' lang='lat' dir='ltr'><strong><em>boni</em></strong></span> <span class='ocrx_word' id='word_1_116' title='bbox 1115 1732 1241 1770; x_wconf 89' lang='lat' dir='ltr'><strong><em>esse</em></strong></span> <span class='ocrx_word' id='word_1_117' title='bbox 1267 1731 1383 1769; x_wconf 92' lang='lat' dir='ltr'><strong><em>non</em></strong></span> <span class='ocrx_word' id='word_1_118' title='bbox 1415 1717 1750 1786; x_wconf 87' lang='lat' dir='ltr'><strong><em>potuerunt,</em></strong></span> <span class='ocrx_word' id='word_1_119' title='bbox 1787 1713 1886 1768; x_wconf 87' lang='lat' dir='ltr'><strong><em>sed</em></strong></span> <span class='ocrx_word' id='word_1_120' title='bbox 1917 1712 2057 1784; x_wconf 84' lang='lat' dir='ltr'><strong><em>quia</em></strong></span> 
     </span>
    </p>
   </div>
   <div class='ocr_carea' id='block_1_16' title="bbox 408 1801 2052 1873">
    <p class='ocr_par' dir='ltr' id='par_1_16' title="bbox 408 1801 2052 1873">
     <span class='ocr_line' id='line_1_16' title="bbox 408 1801 2052 1873; baseline -0.004 -12"><span class='ocrx_word' id='word_1_121' title='bbox 408 1803 544 1861; x_wconf 91' lang='lat' dir='ltr'><strong><em>boni</em></strong></span> <span class='ocrx_word' id='word_1_122' title='bbox 573 1821 700 1861; x_wconf 89' lang='lat' dir='ltr'><strong><em>esse</em></strong></span> <span class='ocrx_word' id='word_1_123' title='bbox 722 1804 1054 1870; x_wconf 87' lang='lat' dir='ltr'><strong><em>noluerunt,</em></strong></span> <span class='ocrx_word' id='word_1_124' title='bbox 1078 1819 1302 1873; x_wconf 89' lang='lat' dir='ltr'><strong><em>suoque</em></strong></span> <span class='ocrx_word' id='word_1_125' title='bbox 1330 1802 1470 1857; x_wconf 90' lang='lat' dir='ltr'><strong><em>vitio</em></strong></span> <span class='ocrx_word' id='word_1_126' title='bbox 1500 1801 1558 1856; x_wconf 91' lang='lat' dir='ltr'><strong><em>in</em></strong></span> <span class='ocrx_word' id='word_1_127' title='bbox 1591 1819 1789 1857; x_wconf 84' lang='lat' dir='ltr'><strong><em>massa</em></strong></span> <span class='ocrx_word' id='word_1_128' title='bbox 1811 1803 2052 1856; x_wconf 88' lang='lat' dir='ltr'><strong><em>damna-</em></strong></span> 
     </span>
    </p>
   </div>
   <div class='ocr_carea' id='block_1_17' title="bbox 407 1889 2134 1987">
    <p class='ocr_par' dir='ltr' id='par_1_17' title="bbox 407 1889 2134 1987">
     <span class='ocr_line' id='line_1_17' title="bbox 407 1889 2134 1987; baseline -0.005 -37"><span class='ocrx_word' id='word_1_129' title='bbox 407 1892 696 1961; x_wconf 89' lang='lat' dir='ltr'><strong><em>tionis,vel</em></strong></span> <span class='ocrx_word' id='word_1_130' title='bbox 715 1893 922 1948; x_wconf 88' lang='lat' dir='ltr'><strong><em>merito</em></strong></span> <span class='ocrx_word' id='word_1_131' title='bbox 952 1889 1336 1965; x_wconf 90' lang='lat' dir='ltr'><strong><em>originali,vel</em></strong></span> <span class='ocrx_word' id='word_1_132' title='bbox 1353 1890 1527 1946; x_wconf 85' lang='lat' dir='ltr'><strong><em>etiam</em></strong></span> <span class='ocrx_word' id='word_1_133' title='bbox 1555 1889 1768 1946; x_wconf 85' lang='lat' dir='ltr'><strong><em>actuali</em></strong></span> <span class='ocrx_word' id='word_1_134' title='bbox 1790 1907 2054 1962; x_wconf 87' lang='lat' dir='ltr'><strong><em>perman-</em></strong></span> <span class='ocrx_word' id='word_1_135' title='bbox 2083 1919 2134 1987; x_wconf 81' lang='grc' dir='ltr'>Β</span> 
     </span>
    </p>
   </div>
   <div class='ocr_carea' id='block_1_18' title="bbox 408 1979 2053 2054">
    <p class='ocr_par' dir='ltr' id='par_1_18' title="bbox 408 1979 2053 2054">
     <span class='ocr_line' id='line_1_18' title="bbox 408 1979 2053 2054; baseline -0.003 -15"><span class='ocrx_word' id='word_1_136' title='bbox 408 1987 669 2039; x_wconf 85' lang='lat' dir='ltr'><strong><em>serunt.»</em></strong></span> <span class='ocrx_word' id='word_1_137' title='bbox 699 1982 818 2037; x_wconf 90' lang='lat' dir='ltr'><strong><em>Hoc</em></strong></span> <span class='ocrx_word' id='word_1_138' title='bbox 847 1979 1350 2054; x_wconf 89' lang='lat' dir='ltr'><strong><em>capitulum,sicut</em></strong></span> <span class='ocrx_word' id='word_1_139' title='bbox 1370 1981 1730 2036; x_wconf 77' lang='lat' dir='ltr'><strong><em>conferentes</em></strong></span> <span class='ocrx_word' id='word_1_140' title='bbox 1748 1995 1816 2035; x_wconf 87' lang='lat' dir='ltr'><strong><em>ex</em></strong></span> <span class='ocrx_word' id='word_1_141' title='bbox 1836 1979 2053 2052; x_wconf 90' lang='lat' dir='ltr'><strong><em>scripto</em></strong></span> 
     </span>
    </p>
   </div>
   <div class='ocr_carea' id='block_1_19' title="bbox 409 2067 2052 2142">
    <p class='ocr_par' dir='ltr' id='par_1_19' title="bbox 409 2067 2052 2142">
     <span class='ocr_line' id='line_1_19' title="bbox 409 2067 2052 2142; baseline -0.004 -14"><span class='ocrx_word' id='word_1_142' title='bbox 409 2071 562 2128; x_wconf 88' lang='lat' dir='ltr'><strong><em>Flori</em></strong></span> <span class='ocrx_word' id='word_1_143' title='bbox 590 2069 858 2126; x_wconf 78' lang='lat' dir='ltr'><strong><em>Ecclesiae</em></strong></span> <span class='ocrx_word' id='word_1_144' title='bbox 888 2068 1298 2142; x_wconf 87' lang='lat' dir='ltr'><strong><em>Lugdunensis</em></strong></span> <span class='ocrx_word' id='word_1_145' title='bbox 1328 2067 1603 2134; x_wconf 85' lang='lat' dir='ltr'><strong><em>ministri,</em></strong></span> <span class='ocrx_word' id='word_1_146' title='bbox 1637 2068 1791 2140; x_wconf 90' lang='lat' dir='ltr'><strong><em>quod</em></strong></span> <span class='ocrx_word' id='word_1_147' title='bbox 1821 2067 1960 2123; x_wconf 90' lang='lat' dir='ltr'><strong><em>olim</em></strong></span> <span class='ocrx_word' id='word_1_148' title='bbox 1993 2067 2052 2122; x_wconf 91' lang='lat' dir='ltr'><strong><em>in</em></strong></span> 
     </span>
    </p>
   </div>
   <div class='ocr_carea' id='block_1_20' title="bbox 410 2156 2051 2228">
    <p class='ocr_par' dir='ltr' id='par_1_20' title="bbox 410 2156 2051 2228">
     <span class='ocr_line' id='line_1_20' title="bbox 410 2156 2051 2228; baseline -0.004 -9"><span class='ocrx_word' id='word_1_149' title='bbox 410 2158 647 2219; x_wconf 89' lang='lat' dir='ltr'><strong><em>Bcnoilo</em></strong></span> <span class='ocrx_word' id='word_1_150' title='bbox 677 2176 712 2215; x_wconf 88' lang='lat' dir='ltr'><strong><em>a</em></strong></span> <span class='ocrx_word' id='word_1_151' title='bbox 739 2159 1078 2214; x_wconf 65' lang='lat' dir='ltr'><strong><em>venerandae</em></strong></span> <span class='ocrx_word' id='word_1_152' title='bbox 1107 2157 1400 2213; x_wconf 67' lang='lat' dir='ltr'><strong><em>memoriae</em></strong></span> <span class='ocrx_word' id='word_1_153' title='bbox 1433 2156 1740 2213; x_wconf 82' lang='lat' dir='ltr'><strong><em>Heriboldo</em></strong></span> <span class='ocrx_word' id='word_1_154' title='bbox 1780 2157 2051 2228; x_wconf 90' lang='lat' dir='ltr'><strong><em>episcopo</em></strong></span> 
     </span>
    </p>
   </div>
   <div class='ocr_carea' id='block_1_21' title="bbox 404 2246 2054 2318">
    <p class='ocr_par' dir='ltr' id='par_1_21' title="bbox 404 2246 2054 2318">
     <span class='ocr_line' id='line_1_21' title="bbox 404 2246 2054 2318; baseline -0.003 -12"><span class='ocrx_word' id='word_1_155' title='bbox 404 2248 880 2306; x_wconf 82' lang='lat' dir='ltr'><strong><em>Antisiodorense</em></strong></span> <span class='ocrx_word' id='word_1_156' title='bbox 907 2246 1264 2318; x_wconf 87' lang='lat' dir='ltr'><strong><em>accepimus,</em></strong></span> <span class='ocrx_word' id='word_1_157' title='bbox 1295 2250 1629 2318; x_wconf 83' lang='lat' dir='ltr'><strong><em>excerptum</em></strong></span> <span class='ocrx_word' id='word_1_158' title='bbox 1679 2263 1749 2302; x_wconf 88' lang='lat' dir='ltr'><strong><em>ex</em></strong></span> <span class='ocrx_word' id='word_1_159' title='bbox 1797 2246 2054 2304; x_wconf 83' lang='lat' dir='ltr'><strong><em>maxima</em></strong></span> 
     </span>
    </p>
   </div>
   <div class='ocr_carea' id='block_1_22' title="bbox 408 2333 2050 2412">
    <p class='ocr_par' dir='ltr' id='par_1_22' title="bbox 408 2333 2050 2412">
     <span class='ocr_line' id='line_1_22' title="bbox 408 2333 2050 2412; baseline -0.004 -16"><span class='ocrx_word' id='word_1_160' title='bbox 408 2341 572 2412; x_wconf 85' lang='lat' dir='ltr'><strong><em>parte</em></strong></span> <span class='ocrx_word' id='word_1_161' title='bbox 594 2336 1308 2408; x_wconf 80' lang='lat' dir='ltr'><strong><em>invenimuszquaproptcr</em></strong></span> <span class='ocrx_word' id='word_1_162' title='bbox 1326 2339 1625 2408; x_wconf 83' lang='lat' dir='ltr'><strong><em>utcunque</em></strong></span> <span class='ocrx_word' id='word_1_163' title='bbox 1647 2352 1681 2390; x_wconf 90' lang='lat' dir='ltr'><strong><em>a</em></strong></span> <span class='ocrx_word' id='word_1_164' title='bbox 1695 2333 1917 2391; x_wconf 80' lang='lat' dir='ltr'><strong><em>ratione</em></strong></span> <span class='ocrx_word' id='word_1_165' title='bbox 1934 2351 2050 2390; x_wconf 91' lang='lat' dir='ltr'><strong><em>non</em></strong></span> 
     </span>
    </p>
   </div>
   <div class='ocr_carea' id='block_1_23' title="bbox 407 2423 2050 2498">
    <p class='ocr_par' dir='ltr' id='par_1_23' title="bbox 407 2423 2050 2498">
     <span class='ocr_line' id='line_1_23' title="bbox 407 2423 2050 2498; baseline -0.003 -15"><span class='ocrx_word' id='word_1_166' title='bbox 407 2425 702 2483; x_wconf 86' lang='lat' dir='ltr'><strong><em>invenitur</em></strong></span> <span class='ocrx_word' id='word_1_167' title='bbox 727 2423 960 2498; x_wconf 81' lang='lat' dir='ltr'><strong><em>penitus</em></strong></span> <span class='ocrx_word' id='word_1_168' title='bbox 993 2423 1238 2480; x_wconf 91' lang='lat' dir='ltr'><strong><em>alienus.</em></strong></span> <span class='ocrx_word' id='word_1_169' title='bbox 1256 2424 1336 2480; x_wconf 91' lang='lat' dir='ltr'><strong><em>De</em></strong></span> <span class='ocrx_word' id='word_1_170' title='bbox 1368 2424 1732 2496; x_wconf 63' lang='lat' dir='ltr'><strong><em>praescientia</em></strong></span> <span class='ocrx_word' id='word_1_171' title='bbox 1761 2423 1917 2480; x_wconf 90' lang='lat' dir='ltr'><strong><em>enim</em></strong></span> <span class='ocrx_word' id='word_1_172' title='bbox 1949 2423 2050 2479; x_wconf 88' lang='lat' dir='ltr'><strong><em>Dei</em></strong></span> 
     </span>
    </p>
   </div>
   <div class='ocr_carea' id='block_1_24' title="bbox 406 2509 2048 2584">
    <p class='ocr_par' dir='ltr' id='par_1_24' title="bbox 406 2509 2048 2584">
     <span class='ocr_line' id='line_1_24' title="bbox 406 2509 2048 2584; baseline -0.002 -15"><span class='ocrx_word' id='word_1_173' title='bbox 406 2511 704 2570; x_wconf 62' lang='lat' dir='ltr'><strong><em>catholica;</em></strong></span> <span class='ocrx_word' id='word_1_174' title='bbox 737 2509 868 2568; x_wconf 82' lang='lat' dir='ltr'><strong><em>fidei</em></strong></span> <span class='ocrx_word' id='word_1_175' title='bbox 899 2511 1142 2567; x_wconf 88' lang='lat' dir='ltr'><strong><em>adversa</em></strong></span> <span class='ocrx_word' id='word_1_176' title='bbox 1169 2529 1284 2566; x_wconf 90' lang='lat' dir='ltr'><strong><em>non</em></strong></span> <span class='ocrx_word' id='word_1_177' title='bbox 1309 2509 1588 2583; x_wconf 90' lang='lat' dir='ltr'><strong><em>loquitur.</em></strong></span> <span class='ocrx_word' id='word_1_178' title='bbox 1605 2511 1716 2567; x_wconf 89' lang='lat' dir='ltr'><strong><em>Sed</em></strong></span> <span class='ocrx_word' id='word_1_179' title='bbox 1732 2511 2048 2584; x_wconf 76' lang='lat' dir='ltr'><strong><em>praetermi-</em></strong></span> 
     </span>
    </p>
   </div>
   <div class='ocr_carea' id='block_1_25' title="bbox 406 2599 2050 2672">
    <p class='ocr_par' dir='ltr' id='par_1_25' title="bbox 406 2599 2050 2672">
     <span class='ocr_line' id='line_1_25' title="bbox 406 2599 2050 2672; baseline -0.002 -14"><span class='ocrx_word' id='word_1_180' title='bbox 406 2601 485 2660; x_wconf 86' lang='lat' dir='ltr'><strong><em>sit</em></strong></span> <span class='ocrx_word' id='word_1_181' title='bbox 509 2599 772 2657; x_wconf 88' lang='lat' dir='ltr'><strong><em>insulsus</em></strong></span> <span class='ocrx_word' id='word_1_182' title='bbox 801 2603 1119 2672; x_wconf 88' lang='lat' dir='ltr'><strong><em>excerptor,</em></strong></span> <span class='ocrx_word' id='word_1_183' title='bbox 1152 2601 1306 2672; x_wconf 92' lang='lat' dir='ltr'><strong><em>quod</em></strong></span> <span class='ocrx_word' id='word_1_184' title='bbox 1338 2599 1553 2655; x_wconf 85' lang='lat' dir='ltr'><strong><em>ibidem</em></strong></span> <span class='ocrx_word' id='word_1_185' title='bbox 1583 2601 1881 2656; x_wconf 83' lang='lat' dir='ltr'><strong><em>invenerat</em></strong></span> <span class='ocrx_word' id='word_1_186' title='bbox 1911 2601 2050 2655; x_wconf 89' lang='lat' dir='ltr'><strong><em>dare</em></strong></span> 
     </span>
    </p>
   </div>
   <div class='ocr_carea' id='block_1_26' title="bbox 406 2687 2047 2762">
    <p class='ocr_par' dir='ltr' id='par_1_26' title="bbox 406 2687 2047 2762">
     <span class='ocr_line' id='line_1_26' title="bbox 406 2687 2047 2762; baseline -0.001 -16"><span class='ocrx_word' id='word_1_187' title='bbox 406 2689 740 2762; x_wconf 83' lang='lat' dir='ltr'><strong><em>exemplum</em></strong></span> <span class='ocrx_word' id='word_1_188' title='bbox 754 2689 824 2744; x_wconf 91' lang='lat' dir='ltr'><strong><em>de</em></strong></span> <span class='ocrx_word' id='word_1_189' title='bbox 840 2687 1038 2744; x_wconf 86' lang='lat' dir='ltr'><strong><em>electis</em></strong></span> <span class='ocrx_word' id='word_1_190' title='bbox 1059 2689 1212 2744; x_wconf 91' lang='lat' dir='ltr'><strong><em>dono</em></strong></span> <span class='ocrx_word' id='word_1_191' title='bbox 1237 2687 1435 2762; x_wconf 81' lang='lat' dir='ltr'><strong><em>gratias</em></strong></span> <span class='ocrx_word' id='word_1_192' title='bbox 1461 2689 1532 2744; x_wconf 88' lang='lat' dir='ltr'><strong><em>ad</em></strong></span> <span class='ocrx_word' id='word_1_193' title='bbox 1554 2689 1730 2743; x_wconf 86' lang='lat' dir='ltr'><strong><em>vitam</em></strong></span> <span class='ocrx_word' id='word_1_194' title='bbox 1750 2692 2047 2760; x_wconf 69' lang='lat' dir='ltr'><strong><em>aeternam,</em></strong></span> 
     </span>
    </p>
   </div>
   <div class='ocr_carea' id='block_1_27' title="bbox 402 2777 2046 2851">
    <p class='ocr_par' dir='ltr' id='par_1_27' title="bbox 402 2777 2046 2851">
     <span class='ocr_line' id='line_1_27' title="bbox 402 2777 2046 2851; baseline -0.001 -16"><span class='ocrx_word' id='word_1_195' title='bbox 402 2778 603 2835; x_wconf 90' lang='lat' dir='ltr'><strong><em>volens</em></strong></span> <span class='ocrx_word' id='word_1_196' title='bbox 625 2779 892 2851; x_wconf 81' lang='lat' dir='ltr'><strong><em>quaedam</em></strong></span> <span class='ocrx_word' id='word_1_197' title='bbox 909 2794 1014 2850; x_wconf 90' lang='lat' dir='ltr'><strong><em>per</em></strong></span> <span class='ocrx_word' id='word_1_198' title='bbox 1033 2792 1200 2832; x_wconf 89' lang='lat' dir='ltr'><strong><em>suam</em></strong></span> <span class='ocrx_word' id='word_1_199' title='bbox 1223 2777 1572 2850; x_wconf 86' lang='lat' dir='ltr'><strong><em>sapientiam</em></strong></span> <span class='ocrx_word' id='word_1_200' title='bbox 1595 2777 1904 2832; x_wconf 88' lang='lat' dir='ltr'><strong><em>addere.Et</em></strong></span> <span class='ocrx_word' id='word_1_201' title='bbox 1920 2777 2046 2834; x_wconf 90' lang='lat' dir='ltr'><strong><em>ideo</em></strong></span> 
     </span>
    </p>
   </div>
   <div class='ocr_carea' id='block_1_28' title="bbox 404 2865 2046 2942">
    <p class='ocr_par' dir='ltr' id='par_1_28' title="bbox 404 2865 2046 2942">
     <span class='ocr_line' id='line_1_28' title="bbox 404 2865 2046 2942; baseline -0.001 -19"><span class='ocrx_word' id='word_1_202' title='bbox 404 2883 767 2942; x_wconf 68' lang='lat' dir='ltr'><strong><em>quaecunque</em></strong></span> <span class='ocrx_word' id='word_1_203' title='bbox 784 2865 1004 2922; x_wconf 86' lang='lat' dir='ltr'><strong><em>invenit</em></strong></span> <span class='ocrx_word' id='word_1_204' title='bbox 1023 2883 1090 2920; x_wconf 83' lang='lat' dir='ltr'><strong><em>ex</em></strong></span> <span class='ocrx_word' id='word_1_205' title='bbox 1102 2865 1481 2922; x_wconf 88' lang='lat' dir='ltr'><strong><em>retributione</em></strong></span> <span class='ocrx_word' id='word_1_206' title='bbox 1493 2865 1737 2938; x_wconf 74' lang='lat' dir='ltr'><strong><em>justitize</em></strong></span> <span class='ocrx_word' id='word_1_207' title='bbox 1750 2866 2046 2922; x_wconf 89' lang='lat' dir='ltr'><strong><em>reddenda</em></strong></span> 
     </span>
    </p>
   </div>
   <div class='ocr_carea' id='block_1_29' title="bbox 401 2953 2044 3029">
    <p class='ocr_par' dir='ltr' id='par_1_29' title="bbox 401 2953 2044 3029">
     <span class='ocr_line' id='line_1_29' title="bbox 401 2953 2044 3029; baseline -0.001 -17"><span class='ocrx_word' id='word_1_208' title='bbox 401 2955 600 3029; x_wconf 87' lang='lat' dir='ltr'><strong><em>impiis</em></strong></span> <span class='ocrx_word' id='word_1_209' title='bbox 647 2971 984 3016; x_wconf 86' lang='lat' dir='ltr'><strong><em>coacervare</em></strong></span> <span class='ocrx_word' id='word_1_210' title='bbox 1032 2954 1298 3028; x_wconf 86' lang='lat' dir='ltr'><strong><em>exempla</em></strong></span> <span class='ocrx_word' id='word_1_211' title='bbox 1344 2954 1586 3012; x_wconf 87' lang='lat' dir='ltr'><strong><em>curavit.</em></strong></span> <span class='ocrx_word' id='word_1_212' title='bbox 1630 2953 1839 3011; x_wconf 89' lang='lat' dir='ltr'><strong><em>Dicens</em></strong></span> <span class='ocrx_word' id='word_1_213' title='bbox 1886 2955 2044 3011; x_wconf 89' lang='lat' dir='ltr'><strong><em>enim</em></strong></span> 
     </span>
    </p>
   </div>
   <div class='ocr_carea' id='block_1_30' title="bbox 399 3042 2044 3118">
    <p class='ocr_par' dir='ltr' id='par_1_30' title="bbox 399 3042 2044 3118">
     <span class='ocr_line' id='line_1_30' title="bbox 399 3042 2044 3118; baseline -0.001 -17"><span class='ocrx_word' id='word_1_214' title='bbox 399 3045 585 3102; x_wconf 86' lang='lat' dir='ltr'><strong><em>bonos</em></strong></span> <span class='ocrx_word' id='word_1_215' title='bbox 615 3043 918 3118; x_wconf 66' lang='lat' dir='ltr'><strong><em>praescisse</em></strong></span> <span class='ocrx_word' id='word_1_216' title='bbox 949 3042 1188 3099; x_wconf 88' lang='lat' dir='ltr'><strong><em>omnino</em></strong></span> <span class='ocrx_word' id='word_1_217' title='bbox 1219 3060 1322 3116; x_wconf 88' lang='lat' dir='ltr'><strong><em>per</em></strong></span> <span class='ocrx_word' id='word_1_218' title='bbox 1349 3043 1598 3117; x_wconf 85' lang='lat' dir='ltr'><strong><em>gratiam</em></strong></span> <span class='ocrx_word' id='word_1_219' title='bbox 1641 3061 1810 3100; x_wconf 89' lang='lat' dir='ltr'><strong><em>suam</em></strong></span> <span class='ocrx_word' id='word_1_220' title='bbox 1859 3043 2044 3100; x_wconf 89' lang='lat' dir='ltr'><strong><em>bonos</em></strong></span> 
     </span>
    </p>
   </div>
   <div class='ocr_carea' id='block_1_31' title="bbox 401 3131 2045 3205">
    <p class='ocr_par' dir='ltr' id='par_1_31' title="bbox 401 3131 2045 3205">
     <span class='ocr_line' id='line_1_31' title="bbox 401 3131 2045 3205; baseline -0.001 -17"><span class='ocrx_word' id='word_1_221' title='bbox 401 3133 650 3198; x_wconf 86' lang='lat' dir='ltr'><strong><em>futuros,</em></strong></span> <span class='ocrx_word' id='word_1_222' title='bbox 681 3136 740 3188; x_wconf 87' lang='lat' dir='ltr'><strong><em>et</em></strong></span> <span class='ocrx_word' id='word_1_223' title='bbox 784 3149 887 3204; x_wconf 85' lang='lat' dir='ltr'><strong><em>per</em></strong></span> <span class='ocrx_word' id='word_1_224' title='bbox 931 3133 1198 3188; x_wconf 86' lang='lat' dir='ltr'><strong><em>eamdem</em></strong></span> <span class='ocrx_word' id='word_1_225' title='bbox 1249 3131 1499 3205; x_wconf 84' lang='lat' dir='ltr'><strong><em>gratiam</em></strong></span> <span class='ocrx_word' id='word_1_226' title='bbox 1549 3136 1766 3188; x_wconf 84' lang='lat' dir='ltr'><strong><em>aeterna</em></strong></span> <span class='ocrx_word' id='word_1_227' title='bbox 1804 3131 2045 3204; x_wconf 73' lang='lat' dir='ltr'><strong><em>praemia</em></strong></span> 
     </span>
    </p>
   </div>
   <div class='ocr_carea' id='block_1_32' title="bbox 401 3218 2040 3293">
    <p class='ocr_par' dir='ltr' id='par_1_32' title="bbox 401 3218 2040 3293">
     <span class='ocr_line' id='line_1_32' title="bbox 401 3218 2040 3293; baseline -0.002 -16"><span class='ocrx_word' id='word_1_228' title='bbox 401 3224 765 3292; x_wconf 86' lang='lat' dir='ltr'><strong><em>accepturos,</em></strong></span> <span class='ocrx_word' id='word_1_229' title='bbox 798 3218 981 3274; x_wconf 86' lang='lat' dir='ltr'><strong><em>tacuit</em></strong></span> <span class='ocrx_word' id='word_1_230' title='bbox 1009 3219 1255 3291; x_wconf 63' lang='lat' dir='ltr'><strong><em>aequalia</em></strong></span> <span class='ocrx_word' id='word_1_231' title='bbox 1293 3221 1522 3286; x_wconf 86' lang='lat' dir='ltr'><strong><em>merita,</em></strong></span> <span class='ocrx_word' id='word_1_232' title='bbox 1555 3224 1612 3275; x_wconf 90' lang='lat' dir='ltr'><strong><em>et</em></strong></span> <span class='ocrx_word' id='word_1_233' title='bbox 1657 3221 1793 3276; x_wconf 90' lang='lat' dir='ltr'><strong><em>doni</em></strong></span> <span class='ocrx_word' id='word_1_234' title='bbox 1842 3221 2040 3293; x_wconf 66' lang='lat' dir='ltr'><strong><em>gratiae</em></strong></span> 
     </span>
    </p>
   </div>
   <div class='ocr_carea' id='block_1_33' title="bbox 2165 637 3824 714">
    <p class='ocr_par' dir='ltr' id='par_1_33' title="bbox 2165 637 3824 714">
     <span class='ocr_line' id='line_1_33' title="bbox 2165 637 3824 714; baseline 0 -18"><span class='ocrx_word' id='word_1_235' title='bbox 2165 646 2481 714; x_wconf 86' lang='lat' dir='ltr'><strong><em>utrumque</em></strong></span> <span class='ocrx_word' id='word_1_236' title='bbox 2515 641 2658 709; x_wconf 81' lang='lat' dir='ltr'><strong><em>fieri,</em></strong></span> <span class='ocrx_word' id='word_1_237' title='bbox 2689 641 2884 697; x_wconf 85' lang='lat' dir='ltr'><strong><em>videre</em></strong></span> <span class='ocrx_word' id='word_1_238' title='bbox 2913 658 3028 696; x_wconf 91' lang='lat' dir='ltr'><strong><em>non</em></strong></span> <span class='ocrx_word' id='word_1_239' title='bbox 3062 637 3633 712; x_wconf 87' lang='lat' dir='ltr'><strong><em>possumus,scilicet</em></strong></span> <span class='ocrx_word' id='word_1_240' title='bbox 3665 643 3735 694; x_wconf 89' lang='lat' dir='ltr'><strong><em>ut</em></strong></span> <span class='ocrx_word' id='word_1_241' title='bbox 3764 643 3824 696; x_wconf 84' lang='lat' dir='ltr'><strong><em>et</em></strong></span> 
     </span>
    </p>
   </div>
   <div class='ocr_carea' id='block_1_34' title="bbox 2163 727 3816 801">
    <p class='ocr_par' dir='ltr' id='par_1_34' title="bbox 2163 727 3816 801">
     <span class='ocr_line' id='line_1_34' title="bbox 2163 727 3816 801; baseline 0 -17"><span class='ocrx_word' id='word_1_242' title='bbox 2163 729 2220 785; x_wconf 91' lang='lat' dir='ltr'><strong><em>in</em></strong></span> <span class='ocrx_word' id='word_1_243' title='bbox 2257 747 2454 785; x_wconf 86' lang='lat' dir='ltr'><strong><em>massa</em></strong></span> <span class='ocrx_word' id='word_1_244' title='bbox 2484 729 2880 785; x_wconf 85' lang='lat' dir='ltr'><strong><em>damnationis</em></strong></span> <span class='ocrx_word' id='word_1_245' title='bbox 2911 727 3096 785; x_wconf 86' lang='lat' dir='ltr'><strong><em>relicti</em></strong></span> <span class='ocrx_word' id='word_1_246' title='bbox 3125 731 3527 801; x_wconf 83' lang='lat' dir='ltr'><strong><em>permaneant,</em></strong></span> <span class='ocrx_word' id='word_1_247' title='bbox 3561 729 3623 783; x_wconf 90' lang='lat' dir='ltr'><strong><em>et</em></strong></span> <span class='ocrx_word' id='word_1_248' title='bbox 3674 727 3816 784; x_wconf 89' lang='lat' dir='ltr'><strong><em>item</em></strong></span> 
     </span>
    </p>
   </div>
   <div class='ocr_carea' id='block_1_35' title="bbox 2164 815 3823 891">
    <p class='ocr_par' dir='ltr' id='par_1_35' title="bbox 2164 815 3823 891">
     <span class='ocr_line' id='line_1_35' title="bbox 2164 815 3823 891; baseline 0 -17"><span class='ocrx_word' id='word_1_249' title='bbox 2164 819 2341 875; x_wconf 88' lang='lat' dir='ltr'><strong><em>iidem</em></strong></span> <span class='ocrx_word' id='word_1_250' title='bbox 2373 819 2766 891; x_wconf 70' lang='lat' dir='ltr'><strong><em>praedestinati</em></strong></span> <span class='ocrx_word' id='word_1_251' title='bbox 2795 836 2828 874; x_wconf 91' lang='lat' dir='ltr'><strong><em>a</em></strong></span> <span class='ocrx_word' id='word_1_252' title='bbox 2857 819 2972 875; x_wconf 94' lang='lat' dir='ltr'><strong><em>Deo</em></strong></span> <span class='ocrx_word' id='word_1_253' title='bbox 3004 818 3192 890; x_wconf 89' lang='lat' dir='ltr'><strong><em>ipsius</em></strong></span> <span class='ocrx_word' id='word_1_254' title='bbox 3210 815 3729 890; x_wconf 74' lang='lat' dir='ltr'><strong><em>praedestinatione</em></strong></span> <span class='ocrx_word' id='word_1_255' title='bbox 3749 817 3823 874; x_wconf 87' lang='lat' dir='ltr'><strong><em>ad</em></strong></span> 
     </span>
    </p>
   </div>
   <div class='ocr_carea' id='block_1_36' title="bbox 2164 906 3827 978">
    <p class='ocr_par' dir='ltr' id='par_1_36' title="bbox 2164 906 3827 978">
     <span class='ocr_line' id='line_1_36' title="bbox 2164 906 3827 978; baseline -0.001 -14"><span class='ocrx_word' id='word_1_256' title='bbox 2164 914 2410 966; x_wconf 86' lang='lat' dir='ltr'><strong><em>mortem</em></strong></span> <span class='ocrx_word' id='word_1_257' title='bbox 2442 910 2674 964; x_wconf 86' lang='lat' dir='ltr'><strong><em>vadant.</em></strong></span> <span class='ocrx_word' id='word_1_258' title='bbox 2709 908 2768 964; x_wconf 90' lang='lat' dir='ltr'><strong><em>Si</em></strong></span> <span class='ocrx_word' id='word_1_259' title='bbox 2795 907 2952 964; x_wconf 89' lang='lat' dir='ltr'><strong><em>enim</em></strong></span> <span class='ocrx_word' id='word_1_260' title='bbox 2985 907 3067 962; x_wconf 88' lang='lat' dir='ltr'><strong><em>ita</em></strong></span> <span class='ocrx_word' id='word_1_261' title='bbox 3111 910 3477 964; x_wconf 86' lang='lat' dir='ltr'><strong><em>constantem</em></strong></span> <span class='ocrx_word' id='word_1_262' title='bbox 3523 906 3827 978; x_wconf 89' lang='lat' dir='ltr'><strong><em>posuisset</em></strong></span> 
     </span>
    </p>
   </div>
   <div class='ocr_carea' id='block_1_37' title="bbox 2165 995 3824 1068">
    <p class='ocr_par' dir='ltr' id='par_1_37' title="bbox 2165 995 3824 1068">
     <span class='ocr_line' id='line_1_37' title="bbox 2165 995 3824 1068; baseline -0.001 -15"><span class='ocrx_word' id='word_1_263' title='bbox 2165 996 2698 1066; x_wconf 89' lang='lat' dir='ltr'><strong><em>sententiam,sicut</em></strong></span> <span class='ocrx_word' id='word_1_264' title='bbox 2729 996 2935 1053; x_wconf 87' lang='lat' dir='ltr'><strong><em>Florus</em></strong></span> <span class='ocrx_word' id='word_1_265' title='bbox 2955 999 3084 1058; x_wconf 80' lang='lat' dir='ltr'><strong><em>eam</em></strong></span> <span class='ocrx_word' id='word_1_266' title='bbox 3107 996 3167 1051; x_wconf 92' lang='lat' dir='ltr'><strong><em>in</em></strong></span> <span class='ocrx_word' id='word_1_267' title='bbox 3186 1012 3456 1052; x_wconf 87' lang='lat' dir='ltr'><strong><em>sermone</em></strong></span> <span class='ocrx_word' id='word_1_268' title='bbox 3473 1011 3582 1050; x_wconf 90' lang='lat' dir='ltr'><strong><em>suo</em></strong></span> <span class='ocrx_word' id='word_1_269' title='bbox 3599 995 3824 1068; x_wconf 87' lang='lat' dir='ltr'><strong><em>posuit,</em></strong></span> 
     </span>
    </p>
   </div>
   <div class='ocr_carea' id='block_1_38' title="bbox 2168 1082 3824 1158">
    <p class='ocr_par' dir='ltr' id='par_1_38' title="bbox 2168 1082 3824 1158">
     <span class='ocr_line' id='line_1_38' title="bbox 2168 1082 3824 1158; baseline -0.002 -16"><span class='ocrx_word' id='word_1_270' title='bbox 2168 1087 2320 1142; x_wconf 91' lang='lat' dir='ltr'><strong><em>unde</em></strong></span> <span class='ocrx_word' id='word_1_271' title='bbox 2353 1085 2502 1142; x_wconf 88' lang='lat' dir='ltr'><strong><em>hanc</em></strong></span> <span class='ocrx_word' id='word_1_272' title='bbox 2533 1086 2644 1141; x_wconf 89' lang='lat' dir='ltr'><strong><em>iste</em></strong></span> <span class='ocrx_word' id='word_1_273' title='bbox 2673 1084 3183 1158; x_wconf 90' lang='lat' dir='ltr'><strong><em>compilavit,bene</em></strong></span> <span class='ocrx_word' id='word_1_274' title='bbox 3209 1101 3337 1140; x_wconf 90' lang='lat' dir='ltr'><strong><em>eam</em></strong></span> <span class='ocrx_word' id='word_1_275' title='bbox 3367 1083 3624 1156; x_wconf 89' lang='lat' dir='ltr'><strong><em>quisque</em></strong></span> <span class='ocrx_word' id='word_1_276' title='bbox 3645 1082 3824 1139; x_wconf 89' lang='lat' dir='ltr'><strong><em>intel-</em></strong></span> 
     </span>
    </p>
   </div>
   <div class='ocr_carea' id='block_1_39' title="bbox 2164 1171 3824 1249">
    <p class='ocr_par' dir='ltr' id='par_1_39' title="bbox 2164 1171 3824 1249">
     <span class='ocr_line' id='line_1_39' title="bbox 2164 1171 3824 1249; baseline -0.001 -19"><span class='ocrx_word' id='word_1_277' title='bbox 2164 1175 2534 1249; x_wconf 87' lang='lat' dir='ltr'><strong><em>ligeret,quia</em></strong></span> <span class='ocrx_word' id='word_1_278' title='bbox 2565 1180 2720 1231; x_wconf 90' lang='lat' dir='ltr'><strong><em>recte</em></strong></span> <span class='ocrx_word' id='word_1_279' title='bbox 2751 1174 3174 1231; x_wconf 88' lang='lat' dir='ltr'><strong><em>constaret.Ait</em></strong></span> <span class='ocrx_word' id='word_1_280' title='bbox 3203 1173 3381 1245; x_wconf 90' lang='lat' dir='ltr'><strong><em>enim,</em></strong></span> <span class='ocrx_word' id='word_1_281' title='bbox 3395 1177 3459 1229; x_wconf 92' lang='lat' dir='ltr'><strong><em>ut</em></strong></span> <span class='ocrx_word' id='word_1_282' title='bbox 3480 1171 3824 1229; x_wconf 86' lang='lat' dir='ltr'><strong><em>audivimus</em></strong></span> 
     </span>
    </p>
   </div>
   <div class='ocr_carea' id='block_1_40' title="bbox 2163 1260 3820 1337">
    <p class='ocr_par' dir='ltr' id='par_1_40' title="bbox 2163 1260 3820 1337">
     <span class='ocr_line' id='line_1_40' title="bbox 2163 1260 3820 1337; baseline -0.002 -17"><span class='ocrx_word' id='word_1_283' title='bbox 2163 1267 2221 1320; x_wconf 90' lang='lat' dir='ltr'><strong><em>et</em></strong></span> <span class='ocrx_word' id='word_1_284' title='bbox 2251 1268 2512 1337; x_wconf 88' lang='lat' dir='ltr'><strong><em>apparet,</em></strong></span> <span class='ocrx_word' id='word_1_285' title='bbox 2525 1263 2711 1320; x_wconf 87' lang='lat' dir='ltr'><strong><em>isdem</em></strong></span> <span class='ocrx_word' id='word_1_286' title='bbox 2729 1263 2816 1319; x_wconf 90' lang='lat' dir='ltr'><strong><em>vir</em></strong></span> <span class='ocrx_word' id='word_1_287' title='bbox 2833 1264 3040 1319; x_wconf 90' lang='lat' dir='ltr'><strong><em>doctus</em></strong></span> <span class='ocrx_word' id='word_1_288' title='bbox 3061 1279 3206 1336; x_wconf 90' lang='lat' dir='ltr'><strong><em>pene</em></strong></span> <span class='ocrx_word' id='word_1_289' title='bbox 3231 1261 3290 1317; x_wconf 91' lang='lat' dir='ltr'><strong><em>in</em></strong></span> <span class='ocrx_word' id='word_1_290' title='bbox 3303 1260 3595 1336; x_wconf 87' lang='lat' dir='ltr'><strong><em>principio</em></strong></span> <span class='ocrx_word' id='word_1_291' title='bbox 3607 1260 3820 1334; x_wconf 87' lang='lat' dir='ltr'><strong><em>scripti</em></strong></span> 
     </span>
    </p>
   </div>
   <div class='ocr_carea' id='block_1_41' title="bbox 2165 1351 3824 1427">
    <p class='ocr_par' dir='ltr' id='par_1_41' title="bbox 2165 1351 3824 1427">
     <span class='ocr_line' id='line_1_41' title="bbox 2165 1351 3824 1427; baseline -0.002 -18"><span class='ocrx_word' id='word_1_292' title='bbox 2165 1353 2286 1409; x_wconf 91' lang='lat' dir='ltr'><strong><em>sui:</em></strong></span> <span class='ocrx_word' id='word_1_293' title='bbox 2315 1376 2342 1404; x_wconf 87' lang='lat'>«</span> <span class='ocrx_word' id='word_1_294' title='bbox 2366 1353 2659 1409; x_wconf 82' lang='lat' dir='ltr'><strong><em>Praescivit</em></strong></span> <span class='ocrx_word' id='word_1_295' title='bbox 2687 1369 2822 1427; x_wconf 92' lang='lat' dir='ltr'><strong><em>ergo</em></strong></span> <span class='ocrx_word' id='word_1_296' title='bbox 2855 1352 2980 1410; x_wconf 90' lang='lat' dir='ltr'><strong><em>sine</em></strong></span> <span class='ocrx_word' id='word_1_297' title='bbox 3009 1351 3188 1408; x_wconf 92' lang='lat' dir='ltr'><strong><em>dubio</em></strong></span> <span class='ocrx_word' id='word_1_298' title='bbox 3222 1356 3390 1420; x_wconf 84' lang='lat' dir='ltr'><strong><em>Deus,</em></strong></span> <span class='ocrx_word' id='word_1_299' title='bbox 3415 1354 3473 1406; x_wconf 88' lang='lat' dir='ltr'><strong><em>et</em></strong></span> <span class='ocrx_word' id='word_1_300' title='bbox 3503 1351 3663 1406; x_wconf 88' lang='lat' dir='ltr'><strong><em>bona</em></strong></span> <span class='ocrx_word' id='word_1_301' title='bbox 3695 1367 3824 1422; x_wconf 63' lang='lat' dir='ltr'><strong><em>qua;</em></strong></span> 
     </span>
    </p>
   </div>
   <div class='ocr_carea' id='block_1_42' title="bbox 2167 1439 3822 1514">
    <p class='ocr_par' dir='ltr' id='par_1_42' title="bbox 2167 1439 3822 1514">
     <span class='ocr_line' id='line_1_42' title="bbox 2167 1439 3822 1514; baseline 0 -18"><span class='ocrx_word' id='word_1_302' title='bbox 2167 1441 2304 1497; x_wconf 91' lang='lat' dir='ltr'><strong><em>boni</em></strong></span> <span class='ocrx_word' id='word_1_303' title='bbox 2337 1447 2505 1498; x_wconf 89' lang='lat' dir='ltr'><strong><em>erant</em></strong></span> <span class='ocrx_word' id='word_1_304' title='bbox 2535 1441 2830 1510; x_wconf 89' lang='lat' dir='ltr'><strong><em>facturi,et</em></strong></span> <span class='ocrx_word' id='word_1_305' title='bbox 2861 1441 3016 1498; x_wconf 88' lang='lat' dir='ltr'><strong><em>mala</em></strong></span> <span class='ocrx_word' id='word_1_306' title='bbox 3045 1457 3173 1514; x_wconf 63' lang='lat' dir='ltr'><strong><em>qua:</em></strong></span> <span class='ocrx_word' id='word_1_307' title='bbox 3204 1439 3344 1496; x_wconf 91' lang='lat' dir='ltr'><strong><em>mali</em></strong></span> <span class='ocrx_word' id='word_1_308' title='bbox 3376 1443 3541 1495; x_wconf 90' lang='lat' dir='ltr'><strong><em>erant</em></strong></span> <span class='ocrx_word' id='word_1_309' title='bbox 3559 1439 3822 1512; x_wconf 88' lang='lat' dir='ltr'><strong><em>gesturi:</em></strong></span> 
     </span>
    </p>
   </div>
   <div class='ocr_carea' id='block_1_43' title="bbox 2166 1529 3826 1606">
    <p class='ocr_par' dir='ltr' id='par_1_43' title="bbox 2166 1529 3826 1606">
     <span class='ocr_line' id='line_1_43' title="bbox 2166 1529 3826 1606; baseline -0.002 -19"><span class='ocrx_word' id='word_1_310' title='bbox 2166 1533 2265 1587; x_wconf 91' lang='lat' dir='ltr'><strong><em>sed</em></strong></span> <span class='ocrx_word' id='word_1_311' title='bbox 2300 1532 2360 1587; x_wconf 88' lang='lat' dir='ltr'><strong><em>in</em></strong></span> <span class='ocrx_word' id='word_1_312' title='bbox 2391 1532 2563 1589; x_wconf 91' lang='lat' dir='ltr'><strong><em>bonis</em></strong></span> <span class='ocrx_word' id='word_1_313' title='bbox 2592 1533 2718 1606; x_wconf 89' lang='lat' dir='ltr'><strong><em>ipse</em></strong></span> <span class='ocrx_word' id='word_1_314' title='bbox 2749 1532 2886 1588; x_wconf 83' lang='lat' dir='ltr'><strong><em>fecit</em></strong></span> <span class='ocrx_word' id='word_1_315' title='bbox 2916 1549 3023 1588; x_wconf 90' lang='lat' dir='ltr'><strong><em>sua</em></strong></span> <span class='ocrx_word' id='word_1_316' title='bbox 3052 1531 3241 1606; x_wconf 89' lang='lat' dir='ltr'><strong><em>gratia</em></strong></span> <span class='ocrx_word' id='word_1_317' title='bbox 3269 1533 3333 1586; x_wconf 92' lang='lat' dir='ltr'><strong><em>ut</em></strong></span> <span class='ocrx_word' id='word_1_318' title='bbox 3362 1529 3500 1586; x_wconf 91' lang='lat' dir='ltr'><strong><em>boni</em></strong></span> <span class='ocrx_word' id='word_1_319' title='bbox 3531 1529 3826 1597; x_wconf 79' lang='lat' dir='ltr'><strong><em>essent,in</em></strong></span> 
     </span>
    </p>
   </div>
   <div class='ocr_carea' id='block_1_44' title="bbox 2164 1617 3824 1694">
    <p class='ocr_par' dir='ltr' id='par_1_44' title="bbox 2164 1617 3824 1694">
     <span class='ocr_line' id='line_1_44' title="bbox 2164 1617 3824 1694; baseline -0.001 -18"><span class='ocrx_word' id='word_1_320' title='bbox 2164 1621 2338 1677; x_wconf 89' lang='lat' dir='ltr'><strong><em>malis</em></strong></span> <span class='ocrx_word' id='word_1_321' title='bbox 2367 1638 2498 1677; x_wconf 88' lang='lat' dir='ltr'><strong><em>vero</em></strong></span> <span class='ocrx_word' id='word_1_322' title='bbox 2523 1638 2637 1678; x_wconf 90' lang='lat' dir='ltr'><strong><em>non</em></strong></span> <span class='ocrx_word' id='word_1_323' title='bbox 2661 1621 2786 1694; x_wconf 89' lang='lat' dir='ltr'><strong><em>ipse</em></strong></span> <span class='ocrx_word' id='word_1_324' title='bbox 2813 1621 2945 1677; x_wconf 88' lang='lat' dir='ltr'><strong><em>fecit</em></strong></span> <span class='ocrx_word' id='word_1_325' title='bbox 2974 1625 3038 1676; x_wconf 90' lang='lat' dir='ltr'><strong><em>ut</em></strong></span> <span class='ocrx_word' id='word_1_326' title='bbox 3067 1624 3267 1677; x_wconf 87' lang='lat' dir='ltr'><strong><em>essent</em></strong></span> <span class='ocrx_word' id='word_1_327' title='bbox 3297 1617 3626 1691; x_wconf 89' lang='lat' dir='ltr'><strong><em>mali,quod</em></strong></span> <span class='ocrx_word' id='word_1_328' title='bbox 3642 1617 3824 1688; x_wconf 88' lang='lat' dir='ltr'><strong><em>absit,</em></strong></span> 
     </span>
    </p>
   </div>
   <div class='ocr_carea' id='block_1_45' title="bbox 2164 1705 3819 1783">
    <p class='ocr_par' dir='ltr' id='par_1_45' title="bbox 2164 1705 3819 1783">
     <span class='ocr_line' id='line_1_45' title="bbox 2164 1705 3819 1783; baseline -0.001 -19"><span class='ocrx_word' id='word_1_329' title='bbox 2164 1711 2266 1766; x_wconf 86' lang='lat' dir='ltr'><strong><em>sed</em></strong></span> <span class='ocrx_word' id='word_1_330' title='bbox 2296 1713 2529 1766; x_wconf 87' lang='lat' dir='ltr'><strong><em>tantum</em></strong></span> <span class='ocrx_word' id='word_1_331' title='bbox 2552 1710 2842 1783; x_wconf 69' lang='lat' dir='ltr'><strong><em>praescivit</em></strong></span> <span class='ocrx_word' id='word_1_332' title='bbox 2869 1727 2967 1766; x_wconf 89' lang='lat' dir='ltr'><strong><em>eos</em></strong></span> <span class='ocrx_word' id='word_1_333' title='bbox 2985 1705 3370 1782; x_wconf 89' lang='lat' dir='ltr'><strong><em>propriovitio</em></strong></span> <span class='ocrx_word' id='word_1_334' title='bbox 3387 1705 3536 1764; x_wconf 88' lang='lat' dir='ltr'><strong><em>tales</em></strong></span> <span class='ocrx_word' id='word_1_335' title='bbox 3559 1707 3819 1776; x_wconf 87' lang='lat' dir='ltr'><strong><em>futuros,</em></strong></span> 
     </span>
    </p>
   </div>
   <div class='ocr_carea' id='block_1_46' title="bbox 2163 1795 3821 1872">
    <p class='ocr_par' dir='ltr' id='par_1_46' title="bbox 2163 1795 3821 1872">
     <span class='ocr_line' id='line_1_46' title="bbox 2163 1795 3821 1872; baseline -0.002 -17"><span class='ocrx_word' id='word_1_336' title='bbox 2163 1799 2362 1872; x_wconf 90' lang='lat' dir='ltr'><strong><em>Neque</em></strong></span> <span class='ocrx_word' id='word_1_337' title='bbox 2391 1799 2547 1856; x_wconf 90' lang='lat' dir='ltr'><strong><em>enim</em></strong></span> <span class='ocrx_word' id='word_1_338' title='bbox 2581 1799 2948 1872; x_wconf 64' lang='lat' dir='ltr'><strong><em>praescientia</em></strong></span> <span class='ocrx_word' id='word_1_339' title='bbox 2966 1798 3063 1855; x_wconf 88' lang='lat' dir='ltr'><strong><em>Dei</em></strong></span> <span class='ocrx_word' id='word_1_340' title='bbox 3085 1796 3368 1870; x_wconf 86' lang='lat' dir='ltr'><strong><em>imposuit</em></strong></span> <span class='ocrx_word' id='word_1_341' title='bbox 3389 1795 3474 1853; x_wconf 89' lang='lat' dir='ltr'><strong><em>eis</em></strong></span> <span class='ocrx_word' id='word_1_342' title='bbox 3495 1795 3821 1852; x_wconf 82' lang='lat' dir='ltr'><strong><em>necessita-</em></strong></span> 
     </span>
    </p>
   </div>
   <div class='ocr_carea' id='block_1_47' title="bbox 2165 1884 3826 1960">
    <p class='ocr_par' dir='ltr' id='par_1_47' title="bbox 2165 1884 3826 1960">
     <span class='ocr_line' id='line_1_47' title="bbox 2165 1884 3826 1960; baseline -0.002 -16"><span class='ocrx_word' id='word_1_343' title='bbox 2165 1892 2281 1944; x_wconf 85' lang='lat' dir='ltr'><strong><em>tem</em></strong></span> <span class='ocrx_word' id='word_1_344' title='bbox 2297 1892 2361 1944; x_wconf 89' lang='lat' dir='ltr'><strong><em>ut</em></strong></span> <span class='ocrx_word' id='word_1_345' title='bbox 2372 1887 2528 1944; x_wconf 82' lang='lat' dir='ltr'><strong><em>aliud</em></strong></span> <span class='ocrx_word' id='word_1_346' title='bbox 2543 1904 2670 1944; x_wconf 90' lang='lat' dir='ltr'><strong><em>esse</em></strong></span> <span class='ocrx_word' id='word_1_347' title='bbox 2682 1905 2796 1944; x_wconf 91' lang='lat' dir='ltr'><strong><em>non</em></strong></span> <span class='ocrx_word' id='word_1_348' title='bbox 2811 1891 3077 1960; x_wconf 86' lang='lat' dir='ltr'><strong><em>possent:</em></strong></span> <span class='ocrx_word' id='word_1_349' title='bbox 3093 1887 3194 1944; x_wconf 88' lang='lat' dir='ltr'><strong><em>sed</em></strong></span> <span class='ocrx_word' id='word_1_350' title='bbox 3209 1889 3441 1942; x_wconf 90' lang='lat' dir='ltr'><strong><em>tantum</em></strong></span> <span class='ocrx_word' id='word_1_351' title='bbox 3456 1885 3615 1959; x_wconf 89' lang='lat' dir='ltr'><strong><em>quod</em></strong></span> <span class='ocrx_word' id='word_1_352' title='bbox 3634 1884 3724 1941; x_wconf 91' lang='lat' dir='ltr'><strong><em>illi</em></strong></span> <span class='ocrx_word' id='word_1_353' title='bbox 3741 1885 3826 1941; x_wconf 85' lang='lat' dir='ltr'><strong><em>fu-</em></strong></span> 
     </span>
    </p>
   </div>
   <div class='ocr_carea' id='block_1_48' title="bbox 2163 1973 3824 2050">
    <p class='ocr_par' dir='ltr' id='par_1_48' title="bbox 2163 1973 3824 2050">
     <span class='ocr_line' id='line_1_48' title="bbox 2163 1973 3824 2050; baseline -0.001 -18"><span class='ocrx_word' id='word_1_354' title='bbox 2163 1976 2278 2032; x_wconf 84' lang='lat' dir='ltr'><strong><em>turi</em></strong></span> <span class='ocrx_word' id='word_1_355' title='bbox 2309 1980 2475 2032; x_wconf 90' lang='lat' dir='ltr'><strong><em>erant</em></strong></span> <span class='ocrx_word' id='word_1_356' title='bbox 2501 1993 2570 2032; x_wconf 85' lang='lat' dir='ltr'><strong><em>ex</em></strong></span> <span class='ocrx_word' id='word_1_357' title='bbox 2589 1976 2825 2050; x_wconf 88' lang='lat' dir='ltr'><strong><em>propria</em></strong></span> <span class='ocrx_word' id='word_1_358' title='bbox 2842 1975 3253 2045; x_wconf 89' lang='lat' dir='ltr'><strong><em>voluntate,illi</em></strong></span> <span class='ocrx_word' id='word_1_359' title='bbox 3283 1979 3348 2030; x_wconf 92' lang='lat' dir='ltr'><strong><em>ut</em></strong></span> <span class='ocrx_word' id='word_1_360' title='bbox 3371 1975 3528 2030; x_wconf 81' lang='lat' dir='ltr'><strong><em>Deus</em></strong></span> <span class='ocrx_word' id='word_1_361' title='bbox 3549 1973 3824 2048; x_wconf 68' lang='lat' dir='ltr'><strong><em>pravidit</em></strong></span> 
     </span>
    </p>
   </div>
   <div class='ocr_carea' id='block_1_49' title="bbox 2161 2061 3813 2145">
    <p class='ocr_par' dir='ltr' id='par_1_49' title="bbox 2161 2061 3813 2145">
     <span class='ocr_line' id='line_1_49' title="bbox 2161 2061 3813 2145; baseline 0 -25"><span class='ocrx_word' id='word_1_362' title='bbox 2161 2081 2231 2120; x_wconf 81' lang='lat' dir='ltr'><strong><em>ex</em></strong></span> <span class='ocrx_word' id='word_1_363' title='bbox 2261 2082 2368 2121; x_wconf 90' lang='lat' dir='ltr'><strong><em>sua</em></strong></span> <span class='ocrx_word' id='word_1_364' title='bbox 2395 2065 2776 2145; x_wconf 73' lang='lat' dir='ltr'><strong><em>omnipotenti</em></strong></span> <span class='ocrx_word' id='word_1_365' title='bbox 2808 2067 3134 2138; x_wconf 84' lang='lat' dir='ltr'><strong><em>majestate.</em></strong></span> <span class='ocrx_word' id='word_1_366' title='bbox 3165 2086 3193 2114; x_wconf 82' lang='lat'>»</span> <span class='ocrx_word' id='word_1_367' title='bbox 3224 2065 3294 2120; x_wconf 88' lang='lat' dir='ltr'><strong><em>Et</em></strong></span> <span class='ocrx_word' id='word_1_368' title='bbox 3337 2067 3470 2136; x_wconf 92' lang='lat' dir='ltr'><strong><em>post</em></strong></span> <span class='ocrx_word' id='word_1_369' title='bbox 3499 2061 3766 2136; x_wconf 89' lang='lat' dir='ltr'><strong><em>plurima</em></strong></span> <span class='ocrx_word' id='word_1_370' title='bbox 3798 2080 3813 2119; x_wconf 90' lang='lat'><strong>:</strong></span> 
     </span>
    </p>
   </div>
   <div class='ocr_carea' id='block_1_50' title="bbox 2163 2152 3818 2227">
    <p class='ocr_par' dir='ltr' id='par_1_50' title="bbox 2163 2152 3818 2227">
     <span class='ocr_line' id='line_1_50' title="bbox 2163 2152 3818 2227; baseline -0.001 -17"><span class='ocrx_word' id='word_1_371' title='bbox 2163 2177 2192 2205; x_wconf 88' lang='grc'><strong><em>‹‹</em></strong></span> <span class='ocrx_word' id='word_1_372' title='bbox 2225 2155 2406 2211; x_wconf 91' lang='lat' dir='ltr'><strong><em>Nemo</em></strong></span> <span class='ocrx_word' id='word_1_373' title='bbox 2436 2173 2504 2210; x_wconf 86' lang='lat' dir='ltr'><strong><em>ex</em></strong></span> <span class='ocrx_word' id='word_1_374' title='bbox 2537 2153 2636 2211; x_wconf 90' lang='lat' dir='ltr'><strong><em>Dei</em></strong></span> <span class='ocrx_word' id='word_1_375' title='bbox 2669 2154 3027 2227; x_wconf 66' lang='lat' dir='ltr'><strong><em>priejudicio,</em></strong></span> <span class='ocrx_word' id='word_1_376' title='bbox 3062 2154 3162 2210; x_wconf 90' lang='lat' dir='ltr'><strong><em>sed</em></strong></span> <span class='ocrx_word' id='word_1_377' title='bbox 3194 2170 3264 2210; x_wconf 83' lang='lat' dir='ltr'><strong><em>ex</em></strong></span> <span class='ocrx_word' id='word_1_378' title='bbox 3305 2153 3514 2209; x_wconf 83' lang='lat' dir='ltr'><strong><em>merito</em></strong></span> <span class='ocrx_word' id='word_1_379' title='bbox 3565 2152 3818 2225; x_wconf 73' lang='lat' dir='ltr'><strong><em>propria:</em></strong></span> 
     </span>
    </p>
   </div>
   <div class='ocr_carea' id='block_1_51' title="bbox 2160 2241 3820 2315">
    <p class='ocr_par' dir='ltr' id='par_1_51' title="bbox 2160 2241 3820 2315">
     <span class='ocr_line' id='line_1_51' title="bbox 2160 2241 3820 2315; baseline 0.001 -19"><span class='ocrx_word' id='word_1_380' title='bbox 2160 2241 2491 2315; x_wconf 87' lang='lat' dir='ltr'><strong><em>iniquitatis</em></strong></span> <span class='ocrx_word' id='word_1_381' title='bbox 2542 2243 2986 2300; x_wconf 85' lang='lat' dir='ltr'><strong><em>condemnatur.</em></strong></span> <span class='ocrx_word' id='word_1_382' title='bbox 3018 2265 3046 2292; x_wconf 88' lang='lat'>»</span> <span class='ocrx_word' id='word_1_383' title='bbox 3073 2243 3145 2298; x_wconf 88' lang='lat' dir='ltr'><strong><em>Et</em></strong></span> <span class='ocrx_word' id='word_1_384' title='bbox 3194 2241 3410 2298; x_wconf 86' lang='lat' dir='ltr'><strong><em>iterum</em></strong></span> <span class='ocrx_word' id='word_1_385' title='bbox 3458 2257 3642 2314; x_wconf 83' lang='lat' dir='ltr'><strong><em>supra</em></strong></span> <span class='ocrx_word' id='word_1_386' title='bbox 3681 2246 3820 2298; x_wconf 84' lang='lat' dir='ltr'><strong><em>ante</em></strong></span> 
     </span>
    </p>
   </div>
   <div class='ocr_carea' id='block_1_52' title="bbox 2162 2329 3821 2405">
    <p class='ocr_par' dir='ltr' id='par_1_52' title="bbox 2162 2329 3821 2405">
     <span class='ocr_line' id='line_1_52' title="bbox 2162 2329 3821 2405; baseline -0.001 -18"><span class='ocrx_word' id='word_1_387' title='bbox 2162 2330 2348 2388; x_wconf 89' lang='lat' dir='ltr'><strong><em>multa</em></strong></span> <span class='ocrx_word' id='word_1_388' title='bbox 2373 2349 2552 2405; x_wconf 89' lang='lat' dir='ltr'><strong><em>quam</em></strong></span> <span class='ocrx_word' id='word_1_389' title='bbox 2583 2333 2655 2388; x_wconf 91' lang='lat' dir='ltr'><strong><em>ad</em></strong></span> <span class='ocrx_word' id='word_1_390' title='bbox 2685 2331 2808 2388; x_wconf 59' lang='lat' dir='ltr'><strong><em>haec</em></strong></span> <span class='ocrx_word' id='word_1_391' title='bbox 2837 2331 3203 2405; x_wconf 88' lang='lat' dir='ltr'><strong><em>perveniaet:</em></strong></span> <span class='ocrx_word' id='word_1_392' title='bbox 3243 2352 3272 2381; x_wconf 86' lang='grc'><strong><em>‹‹</em></strong></span> <span class='ocrx_word' id='word_1_393' title='bbox 3294 2331 3358 2387; x_wconf 88' lang='lat' dir='ltr'><strong><em>In</em></strong></span> <span class='ocrx_word' id='word_1_394' title='bbox 3391 2329 3566 2386; x_wconf 88' lang='lat' dir='ltr'><strong><em>malis</em></strong></span> <span class='ocrx_word' id='word_1_395' title='bbox 3593 2347 3732 2386; x_wconf 87' lang='lat' dir='ltr'><strong><em>vero</em></strong></span> <span class='ocrx_word' id='word_1_396' title='bbox 3763 2333 3821 2386; x_wconf 84' lang='lat' dir='ltr'><strong><em>et</em></strong></span> 
     </span>
    </p>
   </div>
   <div class='ocr_carea' id='block_1_53' title="bbox 2164 2419 3814 2494">
    <p class='ocr_par' dir='ltr' id='par_1_53' title="bbox 2164 2419 3814 2494">
     <span class='ocr_line' id='line_1_53' title="bbox 2164 2419 3814 2494; baseline 0 -20"><span class='ocrx_word' id='word_1_397' title='bbox 2164 2419 2362 2492; x_wconf 89' lang='lat' dir='ltr'><strong><em>impiis</em></strong></span> <span class='ocrx_word' id='word_1_398' title='bbox 2374 2438 2488 2477; x_wconf 90' lang='lat' dir='ltr'><strong><em>non</em></strong></span> <span class='ocrx_word' id='word_1_399' title='bbox 2505 2421 2937 2494; x_wconf 65' lang='lat' dir='ltr'><strong><em>praedestinavit</em></strong></span> <span class='ocrx_word' id='word_1_400' title='bbox 2957 2421 3327 2493; x_wconf 89' lang='lat' dir='ltr'><strong><em>omnipotens</em></strong></span> <span class='ocrx_word' id='word_1_401' title='bbox 3347 2419 3503 2476; x_wconf 89' lang='lat' dir='ltr'><strong><em>Deus</em></strong></span> <span class='ocrx_word' id='word_1_402' title='bbox 3520 2419 3814 2476; x_wconf 83' lang='lat' dir='ltr'><strong><em>malitiam</em></strong></span> 
     </span>
    </p>
   </div>
   <div class='ocr_carea' id='block_1_54' title="bbox 2159 2507 3816 2582">
    <p class='ocr_par' dir='ltr' id='par_1_54' title="bbox 2159 2507 3816 2582">
     <span class='ocr_line' id='line_1_54' title="bbox 2159 2507 3816 2582; baseline 0 -18"><span class='ocrx_word' id='word_1_403' title='bbox 2159 2513 2216 2564; x_wconf 93' lang='lat' dir='ltr'><strong><em>et</em></strong></span> <span class='ocrx_word' id='word_1_404' title='bbox 2245 2510 2696 2582; x_wconf 88' lang='lat' dir='ltr'><strong><em>impietatem,id</em></strong></span> <span class='ocrx_word' id='word_1_405' title='bbox 2723 2515 2814 2567; x_wconf 90' lang='lat' dir='ltr'><strong><em>est</em></strong></span> <span class='ocrx_word' id='word_1_406' title='bbox 2830 2514 2896 2566; x_wconf 91' lang='lat' dir='ltr'><strong><em>ut</em></strong></span> <span class='ocrx_word' id='word_1_407' title='bbox 2924 2509 3064 2567; x_wconf 90' lang='lat' dir='ltr'><strong><em>mali</em></strong></span> <span class='ocrx_word' id='word_1_408' title='bbox 3095 2508 3335 2582; x_wconf 89' lang='lat' dir='ltr'><strong><em>etimpii</em></strong></span> <span class='ocrx_word' id='word_1_409' title='bbox 3353 2513 3638 2581; x_wconf 86' lang='lat' dir='ltr'><strong><em>essent,et</em></strong></span> <span class='ocrx_word' id='word_1_410' title='bbox 3654 2507 3816 2565; x_wconf 89' lang='lat' dir='ltr'><strong><em>aliud</em></strong></span> 
     </span>
    </p>
   </div>
   <div class='ocr_carea' id='block_1_55' title="bbox 2158 2596 3816 2672">
    <p class='ocr_par' dir='ltr' id='par_1_55' title="bbox 2158 2596 3816 2672">
     <span class='ocr_line' id='line_1_55' title="bbox 2158 2596 3816 2672; baseline -0.002 -18"><span class='ocrx_word' id='word_1_411' title='bbox 2158 2615 2286 2654; x_wconf 86' lang='lat' dir='ltr'><strong><em>esse</em></strong></span> <span class='ocrx_word' id='word_1_412' title='bbox 2314 2616 2431 2655; x_wconf 90' lang='lat' dir='ltr'><strong><em>non</em></strong></span> <span class='ocrx_word' id='word_1_413' title='bbox 2459 2602 2718 2672; x_wconf 89' lang='lat' dir='ltr'><strong><em>possent,</em></strong></span> <span class='ocrx_word' id='word_1_414' title='bbox 2751 2601 2854 2656; x_wconf 89' lang='lat' dir='ltr'><strong><em>sed</em></strong></span> <span class='ocrx_word' id='word_1_415' title='bbox 2903 2617 3052 2672; x_wconf 90' lang='lat' dir='ltr'><strong><em>quos</em></strong></span> <span class='ocrx_word' id='word_1_416' title='bbox 3102 2598 3396 2672; x_wconf 68' lang='lat' dir='ltr'><strong><em>praescivit</em></strong></span> <span class='ocrx_word' id='word_1_417' title='bbox 3438 2601 3497 2654; x_wconf 88' lang='lat' dir='ltr'><strong><em>et</em></strong></span> <span class='ocrx_word' id='word_1_418' title='bbox 3543 2596 3816 2670; x_wconf 71' lang='lat' dir='ltr'><strong><em>praavidit</em></strong></span> 
     </span>
    </p>
   </div>
   <div class='ocr_carea' id='block_1_56' title="bbox 2157 2685 3812 2762">
    <p class='ocr_par' dir='ltr' id='par_1_56' title="bbox 2157 2685 3812 2762">
     <span class='ocr_line' id='line_1_56' title="bbox 2157 2685 3812 2762; baseline 0.001 -20"><span class='ocrx_word' id='word_1_419' title='bbox 2157 2685 2344 2743; x_wconf 88' lang='lat' dir='ltr'><strong><em>malos</em></strong></span> <span class='ocrx_word' id='word_1_420' title='bbox 2371 2691 2546 2761; x_wconf 87' lang='lat' dir='ltr'><strong><em>atque</em></strong></span> <span class='ocrx_word' id='word_1_421' title='bbox 2575 2687 2789 2762; x_wconf 90' lang='lat' dir='ltr'><strong><em>impios</em></strong></span> <span class='ocrx_word' id='word_1_422' title='bbox 2822 2689 3050 2745; x_wconf 90' lang='lat' dir='ltr'><strong><em>futuros</em></strong></span> <span class='ocrx_word' id='word_1_423' title='bbox 3081 2685 3316 2761; x_wconf 90' lang='lat' dir='ltr'><strong><em>proprio</em></strong></span> <span class='ocrx_word' id='word_1_424' title='bbox 3355 2686 3515 2754; x_wconf 88' lang='lat' dir='ltr'><strong><em>vitio,</em></strong></span> <span class='ocrx_word' id='word_1_425' title='bbox 3547 2686 3812 2758; x_wconf 67' lang='lat' dir='ltr'><strong><em>prtedes-</em></strong></span> 
     </span>
    </p>
   </div>
   <div class='ocr_carea' id='block_1_57' title="bbox 2155 2774 3816 2850">
    <p class='ocr_par' dir='ltr' id='par_1_57' title="bbox 2155 2774 3816 2850">
     <span class='ocr_line' id='line_1_57' title="bbox 2155 2774 3816 2850; baseline 0 -20"><span class='ocrx_word' id='word_1_426' title='bbox 2155 2775 2363 2832; x_wconf 88' lang='lat' dir='ltr'><strong><em>tinavit</em></strong></span> <span class='ocrx_word' id='word_1_427' title='bbox 2393 2782 2669 2833; x_wconf 66' lang='lat' dir='ltr'><strong><em>aaternam</em></strong></span> <span class='ocrx_word' id='word_1_428' title='bbox 2705 2777 3143 2834; x_wconf 86' lang='lat' dir='ltr'><strong><em>damnationem</em></strong></span> <span class='ocrx_word' id='word_1_429' title='bbox 3163 2793 3280 2850; x_wconf 89' lang='lat' dir='ltr'><strong><em>qua</em></strong></span> <span class='ocrx_word' id='word_1_430' title='bbox 3310 2774 3424 2850; x_wconf 90' lang='lat' dir='ltr'><strong><em>ipsi</em></strong></span> <span class='ocrx_word' id='word_1_431' title='bbox 3453 2774 3816 2849; x_wconf 88' lang='lat' dir='ltr'><strong><em>punirentur</em></strong></span> 
     </span>
    </p>
   </div>
   <div class='ocr_carea' id='block_1_58' title="bbox 2147 2864 3810 2939">
    <p class='ocr_par' dir='ltr' id='par_1_58' title="bbox 2147 2864 3810 2939">
     <span class='ocr_line' id='line_1_58' title="bbox 2147 2864 3810 2939; baseline 0 -19"><span class='ocrx_word' id='word_1_432' title='bbox 2147 2865 2312 2937; x_wconf 90' lang='lat' dir='ltr'><strong><em>justo</em></strong></span> <span class='ocrx_word' id='word_1_433' title='bbox 2335 2866 2705 2938; x_wconf 85' lang='lat' dir='ltr'><strong><em>judicio,non</em></strong></span> <span class='ocrx_word' id='word_1_434' title='bbox 2729 2867 2870 2939; x_wconf 81' lang='lat' dir='ltr'><strong><em>quia</em></strong></span> <span class='ocrx_word' id='word_1_435' title='bbox 2897 2865 3055 2922; x_wconf 80' lang='lat' dir='ltr'><strong><em>aliud</em></strong></span> <span class='ocrx_word' id='word_1_436' title='bbox 3081 2882 3210 2922; x_wconf 84' lang='lat' dir='ltr'><strong><em>esse</em></strong></span> <span class='ocrx_word' id='word_1_437' title='bbox 3225 2881 3342 2921; x_wconf 90' lang='lat' dir='ltr'><strong><em>non</em></strong></span> <span class='ocrx_word' id='word_1_438' title='bbox 3359 2864 3810 2938; x_wconf 88' lang='lat' dir='ltr'><strong><em>potuerunt,sed</em></strong></span> 
     </span>
    </p>
   </div>
   <div class='ocr_carea' id='block_1_59' title="bbox 2155 2951 3810 3025">
    <p class='ocr_par' dir='ltr' id='par_1_59' title="bbox 2155 2951 3810 3025">
     <span class='ocr_line' id='line_1_59' title="bbox 2155 2951 3810 3025; baseline 0 -17"><span class='ocrx_word' id='word_1_439' title='bbox 2155 2953 2295 3025; x_wconf 83' lang='lat' dir='ltr'><strong><em>quia</em></strong></span> <span class='ocrx_word' id='word_1_440' title='bbox 2323 2953 2481 3010; x_wconf 89' lang='lat' dir='ltr'><strong><em>aliud</em></strong></span> <span class='ocrx_word' id='word_1_441' title='bbox 2513 2971 2644 3011; x_wconf 87' lang='lat' dir='ltr'><strong><em>esse</em></strong></span> <span class='ocrx_word' id='word_1_442' title='bbox 2673 2953 3008 3011; x_wconf 90' lang='lat' dir='ltr'><strong><em>noluerunt.</em></strong></span> <span class='ocrx_word' id='word_1_443' title='bbox 3041 2975 3070 3006; x_wconf 84' lang='lat'><strong>»</strong></span> <span class='ocrx_word' id='word_1_444' title='bbox 3105 2956 3290 3021; x_wconf 87' lang='lat' dir='ltr'><strong><em>Quam</em></strong></span> <span class='ocrx_word' id='word_1_445' title='bbox 3337 2953 3690 3010; x_wconf 86' lang='lat' dir='ltr'><strong><em>sententiam</em></strong></span> <span class='ocrx_word' id='word_1_446' title='bbox 3724 2951 3810 3008; x_wconf 89' lang='lat' dir='ltr'><strong><em>sic</em></strong></span> 
     </span>
    </p>
   </div>
   <div class='ocr_carea' id='block_1_60' title="bbox 2153 3040 3802 3116">
    <p class='ocr_par' dir='ltr' id='par_1_60' title="bbox 2153 3040 3802 3116">
     <span class='ocr_line' id='line_1_60' title="bbox 2153 3040 3802 3116; baseline -0.001 -18"><span class='ocrx_word' id='word_1_447' title='bbox 2153 3041 2353 3098; x_wconf 79' lang='lat' dir='ltr'><strong><em>haberi</em></strong></span> <span class='ocrx_word' id='word_1_448' title='bbox 2386 3043 2446 3098; x_wconf 91' lang='lat' dir='ltr'><strong><em>in</em></strong></span> <span class='ocrx_word' id='word_1_449' title='bbox 2476 3043 2678 3099; x_wconf 91' lang='lat' dir='ltr'><strong><em>notula</em></strong></span> <span class='ocrx_word' id='word_1_450' title='bbox 2706 3044 2778 3099; x_wconf 84' lang='lat' dir='ltr'><strong><em>ab</em></strong></span> <span class='ocrx_word' id='word_1_451' title='bbox 2809 3043 3120 3100; x_wconf 89' lang='lat' dir='ltr'><strong><em>Heriboldo</em></strong></span> <span class='ocrx_word' id='word_1_452' title='bbox 3161 3047 3397 3116; x_wconf 88' lang='lat' dir='ltr'><strong><em>accepta</em></strong></span> <span class='ocrx_word' id='word_1_453' title='bbox 3441 3040 3802 3116; x_wconf 85' lang='lat' dir='ltr'><strong><em>relegimus:</em></strong></span> 
     </span>
    </p>
   </div>
   <div class='ocr_carea' id='block_1_61' title="bbox 2153 3129 3814 3205">
    <p class='ocr_par' dir='ltr' id='par_1_61' title="bbox 2153 3129 3814 3205">
     <span class='ocr_line' id='line_1_61' title="bbox 2153 3129 3814 3205; baseline 0.001 -19"><span class='ocrx_word' id='word_1_454' title='bbox 2153 3132 2254 3187; x_wconf 88' lang='lat' dir='ltr'><strong><em>sed</em></strong></span> <span class='ocrx_word' id='word_1_455' title='bbox 2284 3131 2344 3186; x_wconf 91' lang='lat' dir='ltr'><strong><em>in</em></strong></span> <span class='ocrx_word' id='word_1_456' title='bbox 2367 3131 2670 3205; x_wconf 89' lang='lat' dir='ltr'><strong><em>illa,quam</em></strong></span> <span class='ocrx_word' id='word_1_457' title='bbox 2691 3149 2758 3188; x_wconf 89' lang='lat' dir='ltr'><strong><em>ex</em></strong></span> <span class='ocrx_word' id='word_1_458' title='bbox 2779 3131 2992 3189; x_wconf 88' lang='lat' dir='ltr'><strong><em>scrinio</em></strong></span> <span class='ocrx_word' id='word_1_459' title='bbox 3011 3129 3491 3204; x_wconf 88' lang='lat' dir='ltr'><strong><em>Ebonisepiscopi</em></strong></span> <span class='ocrx_word' id='word_1_460' title='bbox 3505 3129 3814 3188; x_wconf 86' lang='lat' dir='ltr'><strong><em>Gratiano-</em></strong></span> 
     </span>
    </p>
   </div>
   <div class='ocr_carea' id='block_1_62' title="bbox 2153 3219 3815 3294">
    <p class='ocr_par' dir='ltr' id='par_1_62' title="bbox 2153 3219 3815 3294">
     <span class='ocr_line' id='line_1_62' title="bbox 2153 3219 3815 3294; baseline 0.001 -19"><span class='ocrx_word' id='word_1_461' title='bbox 2153 3219 2399 3292; x_wconf 89' lang='lat' dir='ltr'><strong><em>politani</em></strong></span> <span class='ocrx_word' id='word_1_462' title='bbox 2426 3238 2528 3292; x_wconf 91' lang='lat' dir='ltr'><strong><em>per</em></strong></span> <span class='ocrx_word' id='word_1_463' title='bbox 2555 3223 2872 3293; x_wconf 88' lang='lat' dir='ltr'><strong><em>quemdam</em></strong></span> <span class='ocrx_word' id='word_1_464' title='bbox 2895 3219 3424 3294; x_wconf 87' lang='lat' dir='ltr'><strong><em>accepimus,aliter</em></strong></span> <span class='ocrx_word' id='word_1_465' title='bbox 3437 3236 3541 3276; x_wconf 91' lang='lat' dir='ltr'><strong><em>con</em></strong></span> <span class='ocrx_word' id='word_1_466' title='bbox 3551 3223 3710 3277; x_wconf 89' lang='lat' dir='ltr'><strong><em>stare</em></strong></span> <span class='ocrx_word' id='word_1_467' title='bbox 3723 3219 3815 3276; x_wconf 90' lang='lat' dir='ltr'><strong><em>in-</em></strong></span> 
     </span>
    </p>
   </div>
   <div class='ocr_carea' id='block_1_63' title="bbox 401 3287 3812 3384">
    <p class='ocr_par' dir='ltr' id='par_1_63' title="bbox 401 3287 3812 3384">
     <span class='ocr_line' id='line_1_63' title="bbox 401 3287 3812 3384; baseline -0 -18"><span class='ocrx_word' id='word_1_468' title='bbox 401 3287 775 3384; x_wconf 73' lang='lat' dir='ltr'><strong><em>praetermisit</em></strong></span> <span class='ocrx_word' id='word_1_469' title='bbox 803 3287 1093 3380; x_wconf 60' lang='lat' dir='ltr'><strong><em>example:</em></strong></span> <span class='ocrx_word' id='word_1_470' title='bbox 1117 3307 1327 3380; x_wconf 91' lang='lat' dir='ltr'><strong><em>Sicque</em></strong></span> <span class='ocrx_word' id='word_1_471' title='bbox 1371 3309 1722 3365; x_wconf 87' lang='lat' dir='ltr'><strong><em>subsecutus</em></strong></span> <span class='ocrx_word' id='word_1_472' title='bbox 1753 3287 2040 3380; x_wconf 68' lang='lat' dir='ltr'><strong><em>adjimxit,</em></strong></span> <span class='ocrx_word' id='word_1_473' title='bbox 2073 3287 2116 3354; x_wconf 66' lang='grc' dir='ltr'><strong><em>(ἶ</em></strong></span> <span class='ocrx_word' id='word_1_474' title='bbox 2151 3287 2648 3381; x_wconf 51' lang='lat' dir='ltr'><strong><em>venimus—mnam</em></strong></span> <span class='ocrx_word' id='word_1_475' title='bbox 2683 3309 2950 3366; x_wconf 77' lang='lat' dir='ltr'><strong><em>falsatum</em></strong></span> <span class='ocrx_word' id='word_1_476' title='bbox 2982 3287 3355 3382; x_wconf 76' lang='lat' dir='ltr'><strong><em>nequaquam</em></strong></span> <span class='ocrx_word' id='word_1_477' title='bbox 3387 3309 3812 3378; x_wconf 75' lang='lat' dir='ltr'><strong><em>discrodimus,</em></strong></span> 
     </span>
    </p>
   </div>
   <div class='ocr_carea' id='block_1_64' title="bbox 402 3395 2046 3470">
    <p class='ocr_par' dir='ltr' id='par_1_64' title="bbox 402 3395 2046 3470">
     <span class='ocr_line' id='line_1_64' title="bbox 402 3395 2046 3470; baseline -0.002 -15"><span class='ocrx_word' id='word_1_478' title='bbox 402 3397 591 3456; x_wconf 86' lang='lat' dir='ltr'><strong><em>malos</em></strong></span> <span class='ocrx_word' id='word_1_479' title='bbox 614 3395 916 3470; x_wconf 55' lang='lat' dir='ltr'><strong><em>praescisse</em></strong></span> <span class='ocrx_word' id='word_1_480' title='bbox 937 3412 1040 3468; x_wconf 91' lang='lat' dir='ltr'><strong><em>per</em></strong></span> <span class='ocrx_word' id='word_1_481' title='bbox 1059 3395 1356 3468; x_wconf 83' lang='lat' dir='ltr'><strong><em>propriam</em></strong></span> <span class='ocrx_word' id='word_1_482' title='bbox 1370 3396 1658 3452; x_wconf 88' lang='lat' dir='ltr'><strong><em>malitiam</em></strong></span> <span class='ocrx_word' id='word_1_483' title='bbox 1679 3397 1864 3454; x_wconf 90' lang='lat' dir='ltr'><strong><em>malos</em></strong></span> <span class='ocrx_word' id='word_1_484' title='bbox 1894 3397 2046 3452; x_wconf 88' lang='lat' dir='ltr'><strong><em>futu-</em></strong></span> 
     </span>
    </p>
   </div>
   <div class='ocr_carea' id='block_1_65' title="bbox 400 3484 2047 3558">
    <p class='ocr_par' dir='ltr' id='par_1_65' title="bbox 400 3484 2047 3558">
     <span class='ocr_line' id='line_1_65' title="bbox 400 3484 2047 3558; baseline -0.002 -15"><span class='ocrx_word' id='word_1_485' title='bbox 400 3504 516 3556; x_wconf 88' lang='lat' dir='ltr'><strong><em>ros,</em></strong></span> <span class='ocrx_word' id='word_1_486' title='bbox 549 3489 608 3542; x_wconf 90' lang='lat' dir='ltr'><strong><em>et</em></strong></span> <span class='ocrx_word' id='word_1_487' title='bbox 635 3501 740 3558; x_wconf 89' lang='lat' dir='ltr'><strong><em>per</em></strong></span> <span class='ocrx_word' id='word_1_488' title='bbox 767 3501 934 3541; x_wconf 89' lang='lat' dir='ltr'><strong><em>suam</em></strong></span> <span class='ocrx_word' id='word_1_489' title='bbox 959 3484 1254 3555; x_wconf 87' lang='lat' dir='ltr'><strong><em>justitiam</em></strong></span> <span class='ocrx_word' id='word_1_490' title='bbox 1285 3489 1498 3541; x_wconf 68' lang='lat' dir='ltr'><strong><em>interna</em></strong></span> <span class='ocrx_word' id='word_1_491' title='bbox 1528 3485 1746 3542; x_wconf 89' lang='lat' dir='ltr'><strong><em>ultione</em></strong></span> <span class='ocrx_word' id='word_1_492' title='bbox 1767 3487 2047 3541; x_wconf 85' lang='lat' dir='ltr'><strong><em>damnan-</em></strong></span> 
     </span>
    </p>
   </div>
   <div class='ocr_carea' id='block_1_66' title="bbox 399 3572 2042 3646">
    <p class='ocr_par' dir='ltr' id='par_1_66' title="bbox 399 3572 2042 3646">
     <span class='ocr_line' id='line_1_66' title="bbox 399 3572 2042 3646; baseline -0.002 -14"><span class='ocrx_word' id='word_1_493' title='bbox 399 3575 526 3632; x_wconf 91' lang='lat' dir='ltr'><strong><em>dos.</em></strong></span> <span class='ocrx_word' id='word_1_494' title='bbox 561 3575 723 3630; x_wconf 89' lang='lat' dir='ltr'><strong><em>Unde</em></strong></span> <span class='ocrx_word' id='word_1_495' title='bbox 753 3591 880 3646; x_wconf 74' lang='lat' dir='ltr'><strong><em>quze</em></strong></span> <span class='ocrx_word' id='word_1_496' title='bbox 909 3572 1098 3629; x_wconf 90' lang='lat' dir='ltr'><strong><em>alieno</em></strong></span> <span class='ocrx_word' id='word_1_497' title='bbox 1129 3573 1325 3629; x_wconf 89' lang='lat' dir='ltr'><strong><em>labore</em></strong></span> <span class='ocrx_word' id='word_1_498' title='bbox 1347 3573 1609 3646; x_wconf 81' lang='lat' dir='ltr'><strong><em>exempla</em></strong></span> <span class='ocrx_word' id='word_1_499' title='bbox 1630 3573 2042 3630; x_wconf 87' lang='lat' dir='ltr'><strong><em>collectainve-</em></strong></span> 
     </span>
    </p>
   </div>
   <div class='ocr_carea' id='block_1_67' title="bbox 399 3662 2044 3735">
    <p class='ocr_par' dir='ltr' id='par_1_67' title="bbox 399 3662 2044 3735">
     <span class='ocr_line' id='line_1_67' title="bbox 399 3662 2044 3735; baseline -0.002 -16"><span class='ocrx_word' id='word_1_500' title='bbox 399 3664 506 3733; x_wconf 91' lang='lat' dir='ltr'><strong><em>nit,</em></strong></span> <span class='ocrx_word' id='word_1_501' title='bbox 537 3663 866 3718; x_wconf 88' lang='lat' dir='ltr'><strong><em>inordinato</em></strong></span> <span class='ocrx_word' id='word_1_502' title='bbox 899 3662 1102 3718; x_wconf 90' lang='lat' dir='ltr'><strong><em>ordine</em></strong></span> <span class='ocrx_word' id='word_1_503' title='bbox 1123 3662 1339 3734; x_wconf 90' lang='lat' dir='ltr'><strong><em>posuit.</em></strong></span> <span class='ocrx_word' id='word_1_504' title='bbox 1372 3662 1589 3720; x_wconf 88' lang='lat' dir='ltr'><strong><em>Deinde</em></strong></span> <span class='ocrx_word' id='word_1_505' title='bbox 1619 3667 1929 3735; x_wconf 86' lang='lat' dir='ltr'><strong><em>postquam</em></strong></span> <span class='ocrx_word' id='word_1_506' title='bbox 1963 3663 2044 3717; x_wconf 91' lang='lat' dir='ltr'><strong><em>in-</em></strong></span> 
     </span>
    </p>
   </div>
   <div class='ocr_carea' id='block_1_68' title="bbox 398 3749 2039 3825">
    <p class='ocr_par' dir='ltr' id='par_1_68' title="bbox 398 3749 2039 3825">
     <span class='ocr_line' id='line_1_68' title="bbox 398 3749 2039 3825; baseline -0.002 -16"><span class='ocrx_word' id='word_1_507' title='bbox 398 3754 665 3809; x_wconf 86' lang='lat' dir='ltr'><strong><em>ordinate</em></strong></span> <span class='ocrx_word' id='word_1_508' title='bbox 693 3751 887 3825; x_wconf 87' lang='lat' dir='ltr'><strong><em>posuit</em></strong></span> <span class='ocrx_word' id='word_1_509' title='bbox 912 3753 1068 3824; x_wconf 92' lang='lat' dir='ltr'><strong><em>quod</em></strong></span> <span class='ocrx_word' id='word_1_510' title='bbox 1095 3752 1359 3808; x_wconf 85' lang='lat' dir='ltr'><strong><em>ordinate</em></strong></span> <span class='ocrx_word' id='word_1_511' title='bbox 1399 3749 1638 3806; x_wconf 87' lang='lat' dir='ltr'><strong><em>alterius</em></strong></span> <span class='ocrx_word' id='word_1_512' title='bbox 1670 3769 1767 3806; x_wconf 90' lang='lat' dir='ltr'><strong><em>ore</em></strong></span> <span class='ocrx_word' id='word_1_513' title='bbox 1800 3751 2039 3824; x_wconf 87' lang='lat' dir='ltr'><strong><em>accepit,</em></strong></span> 
     </span>
    </p>
   </div>
   <div class='ocr_carea' id='block_1_69' title="bbox 399 3840 2044 3915">
    <p class='ocr_par' dir='ltr' id='par_1_69' title="bbox 399 3840 2044 3915">
     <span class='ocr_line' id='line_1_69' title="bbox 399 3840 2044 3915; baseline -0.001 -17"><span class='ocrx_word' id='word_1_514' title='bbox 399 3859 504 3898; x_wconf 90' lang='lat' dir='ltr'><strong><em>nec</em></strong></span> <span class='ocrx_word' id='word_1_515' title='bbox 528 3841 688 3915; x_wconf 90' lang='lat' dir='ltr'><strong><em>ipsos</em></strong></span> <span class='ocrx_word' id='word_1_516' title='bbox 719 3840 906 3898; x_wconf 88' lang='lat' dir='ltr'><strong><em>malos</em></strong></span> <span class='ocrx_word' id='word_1_517' title='bbox 935 3841 1063 3897; x_wconf 91' lang='lat' dir='ltr'><strong><em>ideo</em></strong></span> <span class='ocrx_word' id='word_1_518' title='bbox 1093 3841 1282 3914; x_wconf 89' lang='lat' dir='ltr'><strong><em>perire</em></strong></span> <span class='ocrx_word' id='word_1_519' title='bbox 1314 3840 1453 3913; x_wconf 90' lang='lat' dir='ltr'><strong><em>quia</em></strong></span> <span class='ocrx_word' id='word_1_520' title='bbox 1481 3840 1616 3896; x_wconf 90' lang='lat' dir='ltr'><strong><em>boni</em></strong></span> <span class='ocrx_word' id='word_1_521' title='bbox 1646 3859 1774 3898; x_wconf 89' lang='lat' dir='ltr'><strong><em>esse</em></strong></span> <span class='ocrx_word' id='word_1_522' title='bbox 1807 3859 1922 3896; x_wconf 90' lang='lat' dir='ltr'><strong><em>non</em></strong></span> <span class='ocrx_word' id='word_1_523' title='bbox 1947 3857 2044 3914; x_wconf 84' lang='lat' dir='ltr'><strong><em>po-</em></strong></span> 
     </span>
    </p>
   </div>
   <div class='ocr_carea' id='block_1_70' title="bbox 395 3927 2041 4002">
    <p class='ocr_par' dir='ltr' id='par_1_70' title="bbox 395 3927 2041 4002">
     <span class='ocr_line' id='line_1_70' title="bbox 395 3927 2041 4002; baseline -0.001 -16"><span class='ocrx_word' id='word_1_524' title='bbox 395 3934 654 3999; x_wconf 89' lang='lat' dir='ltr'><strong><em>tuerunt,</em></strong></span> <span class='ocrx_word' id='word_1_525' title='bbox 689 3932 790 3986; x_wconf 88' lang='lat' dir='ltr'><strong><em>sed</em></strong></span> <span class='ocrx_word' id='word_1_526' title='bbox 821 3929 962 4002; x_wconf 87' lang='lat' dir='ltr'><strong><em>quia</em></strong></span> <span class='ocrx_word' id='word_1_527' title='bbox 987 3929 1124 3986; x_wconf 92' lang='lat' dir='ltr'><strong><em>boni</em></strong></span> <span class='ocrx_word' id='word_1_528' title='bbox 1155 3946 1285 3986; x_wconf 91' lang='lat' dir='ltr'><strong><em>esse</em></strong></span> <span class='ocrx_word' id='word_1_529' title='bbox 1315 3927 1880 4002; x_wconf 89' lang='lat' dir='ltr'><strong><em>noluerunt,suoque</em></strong></span> <span class='ocrx_word' id='word_1_530' title='bbox 1905 3929 2041 3985; x_wconf 89' lang='lat' dir='ltr'><strong><em>vitio</em></strong></span> 
     </span>
    </p>
   </div>
   <div class='ocr_carea' id='block_1_71' title="bbox 397 4018 2040 4091">
    <p class='ocr_par' dir='ltr' id='par_1_71' title="bbox 397 4018 2040 4091">
     <span class='ocr_line' id='line_1_71' title="bbox 397 4018 2040 4091; baseline -0.001 -15"><span class='ocrx_word' id='word_1_531' title='bbox 397 4019 457 4076; x_wconf 88' lang='lat' dir='ltr'><strong><em>in</em></strong></span> <span class='ocrx_word' id='word_1_532' title='bbox 488 4035 686 4076; x_wconf 88' lang='lat' dir='ltr'><strong><em>massa</em></strong></span> <span class='ocrx_word' id='word_1_533' title='bbox 705 4018 1098 4075; x_wconf 80' lang='lat' dir='ltr'><strong><em>damnationis</em></strong></span> <span class='ocrx_word' id='word_1_534' title='bbox 1121 4019 1209 4074; x_wconf 87' lang='lat' dir='ltr'><strong><em>vel</em></strong></span> <span class='ocrx_word' id='word_1_535' title='bbox 1233 4019 1441 4074; x_wconf 90' lang='lat' dir='ltr'><strong><em>merito</em></strong></span> <span class='ocrx_word' id='word_1_536' title='bbox 1465 4018 1733 4091; x_wconf 85' lang='lat' dir='ltr'><strong><em>originali</em></strong></span> <span class='ocrx_word' id='word_1_537' title='bbox 1754 4018 1840 4075; x_wconf 87' lang='lat' dir='ltr'><strong><em>vel</em></strong></span> <span class='ocrx_word' id='word_1_538' title='bbox 1865 4019 2040 4074; x_wconf 88' lang='lat' dir='ltr'><strong><em>etiam</em></strong></span> 
     </span>
    </p>
   </div>
   <div class='ocr_carea' id='block_1_72' title="bbox 397 4105 2039 4178">
    <p class='ocr_par' dir='ltr' id='par_1_72' title="bbox 397 4105 2039 4178">
     <span class='ocr_line' id='line_1_72' title="bbox 397 4105 2039 4178; baseline -0.001 -15"><span class='ocrx_word' id='word_1_539' title='bbox 397 4106 610 4163; x_wconf 86' lang='lat' dir='ltr'><strong><em>actuali</em></strong></span> <span class='ocrx_word' id='word_1_540' title='bbox 642 4110 1113 4178; x_wconf 89' lang='lat' dir='ltr'><strong><em>permanserunt,</em></strong></span> <span class='ocrx_word' id='word_1_541' title='bbox 1147 4107 1273 4160; x_wconf 89' lang='lat' dir='ltr'><strong><em>sine</em></strong></span> <span class='ocrx_word' id='word_1_542' title='bbox 1323 4107 1443 4161; x_wconf 90' lang='lat' dir='ltr'><strong><em>ulla</em></strong></span> <span class='ocrx_word' id='word_1_543' title='bbox 1489 4105 1931 4178; x_wconf 86' lang='lat' dir='ltr'><strong><em>interpositione</em></strong></span> <span class='ocrx_word' id='word_1_544' title='bbox 1980 4107 2039 4162; x_wconf 92' lang='lat' dir='ltr'><strong><em>in</em></strong></span> 
     </span>
    </p>
   </div>
   <div class='ocr_carea' id='block_1_73' title="bbox 391 4192 2042 4266">
    <p class='ocr_par' dir='ltr' id='par_1_73' title="bbox 391 4192 2042 4266">
     <span class='ocr_line' id='line_1_73' title="bbox 391 4192 2042 4266; baseline 0 -16"><span class='ocrx_word' id='word_1_545' title='bbox 391 4195 568 4250; x_wconf 78' lang='lat' dir='ltr'><strong><em>tertio</em></strong></span> <span class='ocrx_word' id='word_1_546' title='bbox 597 4193 852 4266; x_wconf 88' lang='lat' dir='ltr'><strong><em>capitulo</em></strong></span> <span class='ocrx_word' id='word_1_547' title='bbox 874 4192 1191 4249; x_wconf 55' lang='lat' dir='ltr'><strong><em>subdiditztc</em></strong></span> <span class='ocrx_word' id='word_1_548' title='bbox 1213 4195 1325 4248; x_wconf 91' lang='lat' dir='ltr'><strong><em>Sed</em></strong></span> <span class='ocrx_word' id='word_1_549' title='bbox 1355 4197 1412 4249; x_wconf 90' lang='lat' dir='ltr'><strong><em>et</em></strong></span> <span class='ocrx_word' id='word_1_550' title='bbox 1433 4194 1504 4249; x_wconf 91' lang='lat' dir='ltr'><strong><em>de</em></strong></span> <span class='ocrx_word' id='word_1_551' title='bbox 1535 4193 2042 4265; x_wconf 68' lang='lat' dir='ltr'><strong><em>praedestinationc</em></strong></span> 
     </span>
    </p>
   </div>
   <div class='ocr_carea' id='block_1_74' title="bbox 397 4281 2039 4353">
    <p class='ocr_par' dir='ltr' id='par_1_74' title="bbox 397 4281 2039 4353">
     <span class='ocr_line' id='line_1_74' title="bbox 397 4281 2039 4353; baseline 0 -14"><span class='ocrx_word' id='word_1_552' title='bbox 397 4282 498 4339; x_wconf 90' lang='lat' dir='ltr'><strong><em>Dei</em></strong></span> <span class='ocrx_word' id='word_1_553' title='bbox 526 4282 626 4338; x_wconf 72' lang='lat'><strong>28</strong></span> <span class='ocrx_word' id='word_1_554' title='bbox 657 4281 1224 4353; x_wconf 85' lang='lat' dir='ltr'><strong><em>placuit,etﬁdeliter</em></strong></span> <span class='ocrx_word' id='word_1_555' title='bbox 1243 4281 1434 4353; x_wconf 86' lang='lat' dir='ltr'><strong><em>placet</em></strong></span> <span class='ocrx_word' id='word_1_556' title='bbox 1445 4283 1618 4353; x_wconf 85' lang='lat' dir='ltr'><strong><em>juxta</em></strong></span> <span class='ocrx_word' id='word_1_557' title='bbox 1634 4283 2039 4339; x_wconf 86' lang='lat' dir='ltr'><strong><em>auctoritatem</em></strong></span> 
     </span>
    </p>
   </div>
   <div class='ocr_carea' id='block_1_75' title="bbox 399 4369 2038 4444">
    <p class='ocr_par' dir='ltr' id='par_1_75' title="bbox 399 4369 2038 4444">
     <span class='ocr_line' id='line_1_75' title="bbox 399 4369 2038 4444; baseline 0 -16"><span class='ocrx_word' id='word_1_558' title='bbox 399 4369 778 4444; x_wconf 88' lang='lat' dir='ltr'><strong><em>apostolicam</em></strong></span> <span class='ocrx_word' id='word_1_559' title='bbox 809 4387 935 4442; x_wconf 66' lang='lat' dir='ltr'><strong><em>quae</em></strong></span> <span class='ocrx_word' id='word_1_560' title='bbox 967 4370 1130 4438; x_wconf 86' lang='lat' dir='ltr'><strong><em>dicit,</em></strong></span> <span class='ocrx_word' id='word_1_561' title='bbox 1161 4371 1243 4424; x_wconf 85' lang='lat' dir='ltr'><strong><em>An</em></strong></span> <span class='ocrx_word' id='word_1_562' title='bbox 1272 4387 1383 4426; x_wconf 83' lang='lat' dir='ltr'><strong><em>non</em></strong></span> <span class='ocrx_word' id='word_1_563' title='bbox 1402 4370 1560 4426; x_wconf 80' lang='lat' dir='ltr'><strong><em>habet</em></strong></span> <span class='ocrx_word' id='word_1_564' title='bbox 1572 4379 1883 4442; x_wconf 82' lang='lat' dir='ltr'><strong><em>potestatem</em></strong></span> <span class='ocrx_word' id='word_1_565' title='bbox 1899 4373 2038 4444; x_wconf 81' lang='lat' dir='ltr'><strong><em>ﬁgu-</em></strong></span> 
     </span>
    </p>
   </div>
   <div class='ocr_carea' id='block_1_76' title="bbox 399 4458 2036 4530">
    <p class='ocr_par' dir='ltr' id='par_1_76' title="bbox 399 4458 2036 4530">
     <span class='ocr_line' id='line_1_76' title="bbox 399 4458 2036 4530; baseline 0 -14"><span class='ocrx_word' id='word_1_566' title='bbox 399 4460 484 4516; x_wconf 87' lang='lat' dir='ltr'><strong><em>lus</em></strong></span> <span class='ocrx_word' id='word_1_567' title='bbox 515 4460 620 4516; x_wconf 88' lang='lat' dir='ltr'><strong><em>luti</em></strong></span> <span class='ocrx_word' id='word_1_568' title='bbox 647 4475 716 4514; x_wconf 80' lang='lat' dir='ltr'><strong><em>ea:</em></strong></span> <span class='ocrx_word' id='word_1_569' title='bbox 743 4458 930 4515; x_wconf 86' lang='lat' dir='ltr'><strong><em>eadem</em></strong></span> <span class='ocrx_word' id='word_1_570' title='bbox 956 4475 1138 4514; x_wconf 85' lang='lat' dir='ltr'><strong><em>massa</em></strong></span> <span class='ocrx_word' id='word_1_571' title='bbox 1165 4460 1344 4530; x_wconf 81' lang='lat' dir='ltr'><strong><em>facere</em></strong></span> <span class='ocrx_word' id='word_1_572' title='bbox 1371 4459 1526 4514; x_wconf 85' lang='lat' dir='ltr'><strong><em>aliud</em></strong></span> <span class='ocrx_word' id='word_1_573' title='bbox 1546 4476 1639 4514; x_wconf 85' lang='lat' dir='ltr'><strong><em>vas</em></strong></span> <span class='ocrx_word' id='word_1_574' title='bbox 1670 4462 1731 4515; x_wconf 87' lang='lat' dir='ltr'><strong><em>in</em></strong></span> <span class='ocrx_word' id='word_1_575' title='bbox 1761 4460 2036 4529; x_wconf 83' lang='lat' dir='ltr'><strong><em>honorem,</em></strong></span> 
     </span>
    </p>
   </div>
   <div class='ocr_carea' id='block_1_77' title="bbox 396 4547 2040 4616">
    <p class='ocr_par' dir='ltr' id='par_1_77' title="bbox 396 4547 2040 4616">
     <span class='ocr_line' id='line_1_77' title="bbox 396 4547 2040 4616; baseline 0.001 -12"><span class='ocrx_word' id='word_1_576' title='bbox 396 4547 553 4604; x_wconf 85' lang='lat' dir='ltr'><strong><em>aliud</em></strong></span> <span class='ocrx_word' id='word_1_577' title='bbox 609 4564 732 4603; x_wconf 83' lang='lat' dir='ltr'><strong><em>vero</em></strong></span> <span class='ocrx_word' id='word_1_578' title='bbox 775 4549 837 4603; x_wconf 87' lang='lat' dir='ltr'><strong><em>in</em></strong></span> <span class='ocrx_word' id='word_1_579' title='bbox 881 4547 1266 4604; x_wconf 75' lang='lat' dir='ltr'><strong><em>contumeliam</em></strong></span> <span class='ocrx_word' id='word_1_580' title='bbox 1325 4548 1496 4615; x_wconf 79' lang='lat' dir='ltr'><strong><em>(Rom.</em></strong></span> <span class='ocrx_word' id='word_1_581' title='bbox 1546 4565 1623 4615; x_wconf 82' lang='lat' dir='ltr'><strong><em>1x,</em></strong></span> <span class='ocrx_word' id='word_1_582' title='bbox 1673 4549 1781 4616; x_wconf 77' lang='lat'><strong><em>21;</em></strong></span> <span class='ocrx_word' id='word_1_583' title='bbox 1833 4551 1930 4605; x_wconf 89' lang='lat' dir='ltr'><strong><em>ubi</em></strong></span> <span class='ocrx_word' id='word_1_584' title='bbox 1983 4554 2040 4607; x_wconf 91' lang='lat' dir='ltr'><strong><em>et</em></strong></span> 
     </span>
    </p>
   </div>
   <div class='ocr_carea' id='block_1_78' title="bbox 2153 3397 3817 3472">
    <p class='ocr_par' dir='ltr' id='par_1_78' title="bbox 2153 3397 3817 3472">
     <span class='ocr_line' id='line_1_78' title="bbox 2153 3397 3817 3472; baseline 0 -18"><span class='ocrx_word' id='word_1_585' title='bbox 2153 3415 2288 3454; x_wconf 91' lang='lat' dir='ltr'><strong><em>cum</em></strong></span> <span class='ocrx_word' id='word_1_586' title='bbox 2317 3398 2376 3454; x_wconf 91' lang='lat' dir='ltr'><strong><em>in</em></strong></span> <span class='ocrx_word' id='word_1_587' title='bbox 2409 3399 2502 3455; x_wconf 87' lang='lat' dir='ltr'><strong><em>his</em></strong></span> <span class='ocrx_word' id='word_1_588' title='bbox 2523 3399 2754 3454; x_wconf 88' lang='lat' dir='ltr'><strong><em>duobus</em></strong></span> <span class='ocrx_word' id='word_1_589' title='bbox 2775 3398 3263 3472; x_wconf 89' lang='lat' dir='ltr'><strong><em>capitulis,ipsius</em></strong></span> <span class='ocrx_word' id='word_1_590' title='bbox 3282 3397 3539 3472; x_wconf 83' lang='lat' dir='ltr'><strong><em>religiosi</em></strong></span> <span class='ocrx_word' id='word_1_591' title='bbox 3567 3401 3628 3454; x_wconf 86' lang='lat' dir='ltr'><strong><em>et</em></strong></span> <span class='ocrx_word' id='word_1_592' title='bbox 3649 3399 3817 3462; x_wconf 82' lang='lat' dir='ltr'><strong><em>docti</em></strong></span> 
     </span>
    </p>
   </div>
   <div class='ocr_carea' id='block_1_79' title="bbox 2150 3485 3814 3560">
    <p class='ocr_par' dir='ltr' id='par_1_79' title="bbox 2150 3485 3814 3560">
     <span class='ocr_line' id='line_1_79' title="bbox 2150 3485 3814 3560; baseline 0.002 -20"><span class='ocrx_word' id='word_1_593' title='bbox 2150 3485 2256 3540; x_wconf 88' lang='lat' dir='ltr'><strong><em>viri</em></strong></span> <span class='ocrx_word' id='word_1_594' title='bbox 2275 3485 2694 3558; x_wconf 84' lang='lat' dir='ltr'><strong><em>acompilatore</em></strong></span> <span class='ocrx_word' id='word_1_595' title='bbox 2711 3503 2914 3543; x_wconf 87' lang='lat' dir='ltr'><strong><em>eorum</em></strong></span> <span class='ocrx_word' id='word_1_596' title='bbox 2931 3486 3217 3559; x_wconf 86' lang='lat' dir='ltr'><strong><em>scriptum</em></strong></span> <span class='ocrx_word' id='word_1_597' title='bbox 3234 3485 3610 3542; x_wconf 90' lang='lat' dir='ltr'><strong><em>commistum</em></strong></span> <span class='ocrx_word' id='word_1_598' title='bbox 3627 3491 3814 3560; x_wconf 86' lang='lat' dir='ltr'><strong><em>atque</em></strong></span> 
     </span>
    </p>
   </div>
   <div class='ocr_carea' id='block_1_80' title="bbox 2153 3570 3807 3647">
    <p class='ocr_par' dir='ltr' id='par_1_80' title="bbox 2153 3570 3807 3647">
     <span class='ocr_line' id='line_1_80' title="bbox 2153 3570 3807 3647; baseline 0.001 -19"><span class='ocrx_word' id='word_1_599' title='bbox 2153 3574 2461 3630; x_wconf 82' lang='lat' dir='ltr'><strong><em>confusum</em></strong></span> <span class='ocrx_word' id='word_1_600' title='bbox 2475 3570 2540 3629; x_wconf 22' lang='lat' dir='ltr'><strong><em>et.</em></strong></span> <span class='ocrx_word' id='word_1_601' title='bbox 2553 3575 2962 3630; x_wconf 87' lang='lat' dir='ltr'><strong><em>detruncatum</em></strong></span> <span class='ocrx_word' id='word_1_602' title='bbox 2980 3573 3261 3647; x_wconf 88' lang='lat' dir='ltr'><strong><em>reperiam</em></strong></span> <span class='ocrx_word' id='word_1_603' title='bbox 3271 3575 3476 3630; x_wconf 86' lang='lat' dir='ltr'><strong><em>uus.ln</em></strong></span> <span class='ocrx_word' id='word_1_604' title='bbox 3499 3573 3807 3630; x_wconf 87' lang='lat' dir='ltr'><strong><em>Heriboldi</em></strong></span> 
     </span>
    </p>
   </div>
   <div class='ocr_carea' id='block_1_81' title="bbox 2152 3662 3809 3736">
    <p class='ocr_par' dir='ltr' id='par_1_81' title="bbox 2152 3662 3809 3736">
     <span class='ocr_line' id='line_1_81' title="bbox 2152 3662 3809 3736; baseline 0.001 -20"><span class='ocrx_word' id='word_1_605' title='bbox 2152 3679 2406 3735; x_wconf 89' lang='lat' dir='ltr'><strong><em>namque</em></strong></span> <span class='ocrx_word' id='word_1_606' title='bbox 2435 3663 2623 3718; x_wconf 88' lang='lat' dir='ltr'><strong><em>rotula</em></strong></span> <span class='ocrx_word' id='word_1_607' title='bbox 2649 3663 2802 3720; x_wconf 87' lang='lat' dir='ltr'><strong><em>sicut</em></strong></span> <span class='ocrx_word' id='word_1_608' title='bbox 2828 3663 3225 3736; x_wconf 63' lang='lat' dir='ltr'><strong><em>praemisimus</em></strong></span> <span class='ocrx_word' id='word_1_609' title='bbox 3268 3663 3552 3736; x_wconf 85' lang='lat' dir='ltr'><strong><em>scriptum</em></strong></span> <span class='ocrx_word' id='word_1_610' title='bbox 3595 3662 3809 3736; x_wconf 88' lang='lat' dir='ltr'><strong><em>relegi-</em></strong></span> 
     </span>
    </p>
   </div>
   <div class='ocr_carea' id='block_1_82' title="bbox 2151 3751 3808 3825">
    <p class='ocr_par' dir='ltr' id='par_1_82' title="bbox 2151 3751 3808 3825">
     <span class='ocr_line' id='line_1_82' title="bbox 2151 3751 3808 3825; baseline 0.002 -20"><span class='ocrx_word' id='word_1_611' title='bbox 2151 3767 2287 3806; x_wconf 91' lang='lat' dir='ltr'><strong><em>mus</em></strong></span> <span class='ocrx_word' id='word_1_612' title='bbox 2313 3767 2324 3805; x_wconf 94' lang='lat'><strong>:</strong></span> <span class='ocrx_word' id='word_1_613' title='bbox 2352 3754 2408 3807; x_wconf 89' lang='lat' dir='ltr'><strong><em>et</em></strong></span> <span class='ocrx_word' id='word_1_614' title='bbox 2435 3751 2494 3806; x_wconf 88' lang='lat' dir='ltr'><strong><em>in</em></strong></span> <span class='ocrx_word' id='word_1_615' title='bbox 2528 3751 2738 3821; x_wconf 90' lang='lat' dir='ltr'><strong><em>rotula,</em></strong></span> <span class='ocrx_word' id='word_1_616' title='bbox 2773 3769 2949 3825; x_wconf 90' lang='lat' dir='ltr'><strong><em>quam</em></strong></span> <span class='ocrx_word' id='word_1_617' title='bbox 2981 3751 3133 3808; x_wconf 89' lang='lat' dir='ltr'><strong><em>sicut</em></strong></span> <span class='ocrx_word' id='word_1_618' title='bbox 3161 3752 3385 3808; x_wconf 90' lang='lat' dir='ltr'><strong><em>dictum</em></strong></span> <span class='ocrx_word' id='word_1_619' title='bbox 3417 3756 3526 3820; x_wconf 88' lang='lat' dir='ltr'><strong><em>est,</em></strong></span> <span class='ocrx_word' id='word_1_620' title='bbox 3561 3769 3632 3808; x_wconf 82' lang='lat' dir='ltr'><strong><em>ex</em></strong></span> <span class='ocrx_word' id='word_1_621' title='bbox 3657 3752 3808 3809; x_wconf 91' lang='lat' dir='ltr'><strong><em>scri-</em></strong></span> 
     </span>
    </p>
   </div>
   <div class='ocr_carea' id='block_1_83' title="bbox 2151 3839 3808 3914">
    <p class='ocr_par' dir='ltr' id='par_1_83' title="bbox 2151 3839 3808 3914">
     <span class='ocr_line' id='line_1_83' title="bbox 2151 3839 3808 3914; baseline 0.003 -21"><span class='ocrx_word' id='word_1_622' title='bbox 2151 3839 2248 3895; x_wconf 91' lang='lat' dir='ltr'><strong><em>nio</em></strong></span> <span class='ocrx_word' id='word_1_623' title='bbox 2278 3840 2494 3898; x_wconf 88' lang='lat' dir='ltr'><strong><em>Ebonis</em></strong></span> <span class='ocrx_word' id='word_1_624' title='bbox 2525 3839 2856 3913; x_wconf 84' lang='lat' dir='ltr'><strong><em>accepimus</em></strong></span> <span class='ocrx_word' id='word_1_625' title='bbox 2890 3857 2903 3896; x_wconf 91' lang='lat'><strong>:</strong></span> <span class='ocrx_word' id='word_1_626' title='bbox 2937 3841 3067 3912; x_wconf 89' lang='lat' dir='ltr'><strong><em>Ipse</em></strong></span> <span class='ocrx_word' id='word_1_627' title='bbox 3113 3857 3212 3897; x_wconf 91' lang='lat' dir='ltr'><strong><em>eos</em></strong></span> <span class='ocrx_word' id='word_1_628' title='bbox 3259 3839 3700 3914; x_wconf 83' lang='lat' dir='ltr'><strong><em>praedestinavit</em></strong></span> <span class='ocrx_word' id='word_1_629' title='bbox 3730 3842 3808 3898; x_wconf 90' lang='lat' dir='ltr'><strong><em>ad</em></strong></span> 
     </span>
    </p>
   </div>
   <div class='ocr_carea' id='block_1_84' title="bbox 2151 3928 3808 4002">
    <p class='ocr_par' dir='ltr' id='par_1_84' title="bbox 2151 3928 3808 4002">
     <span class='ocr_line' id='line_1_84' title="bbox 2151 3928 3808 4002; baseline 0.002 -20"><span class='ocrx_word' id='word_1_630' title='bbox 2151 3931 2425 3991; x_wconf 60' lang='lat' dir='ltr'><strong><em>aeternam</em></strong></span> <span class='ocrx_word' id='word_1_631' title='bbox 2483 3928 2922 3985; x_wconf 88' lang='lat' dir='ltr'><strong><em>damnationem</em></strong></span> <span class='ocrx_word' id='word_1_632' title='bbox 2972 3931 3134 4002; x_wconf 90' lang='lat' dir='ltr'><strong><em>justo</em></strong></span> <span class='ocrx_word' id='word_1_633' title='bbox 3196 3930 3446 4001; x_wconf 91' lang='lat' dir='ltr'><strong><em>judicio,</em></strong></span> <span class='ocrx_word' id='word_1_634' title='bbox 3508 3929 3808 4002; x_wconf 88' lang='lat' dir='ltr'><strong><em>scriptum</em></strong></span> 
     </span>
    </p>
   </div>
   <div class='ocr_carea' id='block_1_85' title="bbox 2151 4017 3806 4092">
    <p class='ocr_par' dir='ltr' id='par_1_85' title="bbox 2151 4017 3806 4092">
     <span class='ocr_line' id='line_1_85' title="bbox 2151 4017 3806 4092; baseline 0.002 -20"><span class='ocrx_word' id='word_1_635' title='bbox 2151 4017 2516 4087; x_wconf 77' lang='lat' dir='ltr'><strong><em>invenimus,‘</em></strong></span> <span class='ocrx_word' id='word_1_636' title='bbox 2537 4019 2692 4090; x_wconf 91' lang='lat' dir='ltr'><strong><em>quod</em></strong></span> <span class='ocrx_word' id='word_1_637' title='bbox 2724 4018 2836 4074; x_wconf 86' lang='lat' dir='ltr'><strong><em>iste</em></strong></span> <span class='ocrx_word' id='word_1_638' title='bbox 2863 4017 2923 4073; x_wconf 91' lang='lat' dir='ltr'><strong><em>in</em></strong></span> <span class='ocrx_word' id='word_1_639' title='bbox 2955 4019 3070 4074; x_wconf 83' lang='lat' dir='ltr'><strong><em>ﬁne</em></strong></span> <span class='ocrx_word' id='word_1_640' title='bbox 3116 4019 3355 4092; x_wconf 89' lang='lat' dir='ltr'><strong><em>capituli</em></strong></span> <span class='ocrx_word' id='word_1_641' title='bbox 3404 4017 3622 4092; x_wconf 84' lang='lat' dir='ltr'><strong><em>posuit,</em></strong></span> <span class='ocrx_word' id='word_1_642' title='bbox 3657 4036 3806 4076; x_wconf 90' lang='lat' dir='ltr'><strong><em>suo-</em></strong></span> 
     </span>
    </p>
   </div>
   <div class='ocr_carea' id='block_1_86' title="bbox 2151 4106 3808 4182">
    <p class='ocr_par' dir='ltr' id='par_1_86' title="bbox 2151 4106 3808 4182">
     <span class='ocr_line' id='line_1_86' title="bbox 2151 4106 3808 4182; baseline 0.002 -22"><span class='ocrx_word' id='word_1_643' title='bbox 2151 4123 2264 4178; x_wconf 89' lang='lat' dir='ltr'><strong><em>que</em></strong></span> <span class='ocrx_word' id='word_1_644' title='bbox 2294 4107 2432 4162; x_wconf 88' lang='lat' dir='ltr'><strong><em>vitio</em></strong></span> <span class='ocrx_word' id='word_1_645' title='bbox 2464 4106 2523 4162; x_wconf 90' lang='lat' dir='ltr'><strong><em>in</em></strong></span> <span class='ocrx_word' id='word_1_646' title='bbox 2555 4124 2752 4163; x_wconf 86' lang='lat' dir='ltr'><strong><em>massa</em></strong></span> <span class='ocrx_word' id='word_1_647' title='bbox 2794 4107 3190 4164; x_wconf 88' lang='lat' dir='ltr'><strong><em>damnationis</em></strong></span> <span class='ocrx_word' id='word_1_648' title='bbox 3235 4107 3322 4164; x_wconf 89' lang='lat' dir='ltr'><strong><em>vel</em></strong></span> <span class='ocrx_word' id='word_1_649' title='bbox 3365 4106 3573 4164; x_wconf 88' lang='lat' dir='ltr'><strong><em>merito</em></strong></span> <span class='ocrx_word' id='word_1_650' title='bbox 3625 4107 3808 4182; x_wconf 86' lang='lat' dir='ltr'><strong><em>origi-</em></strong></span> 
     </span>
    </p>
   </div>
   <div class='ocr_carea' id='block_1_87' title="bbox 2151 4195 3806 4272">
    <p class='ocr_par' dir='ltr' id='par_1_87' title="bbox 2151 4195 3806 4272">
     <span class='ocr_line' id='line_1_87' title="bbox 2151 4195 3806 4272; baseline 0.002 -22"><span class='ocrx_word' id='word_1_651' title='bbox 2151 4195 2267 4250; x_wconf 87' lang='lat' dir='ltr'><strong><em>nali</em></strong></span> <span class='ocrx_word' id='word_1_652' title='bbox 2297 4196 2384 4252; x_wconf 91' lang='lat' dir='ltr'><strong><em>vel</em></strong></span> <span class='ocrx_word' id='word_1_653' title='bbox 2416 4195 2592 4252; x_wconf 87' lang='lat' dir='ltr'><strong><em>ctiam</em></strong></span> <span class='ocrx_word' id='word_1_654' title='bbox 2623 4197 2836 4254; x_wconf 88' lang='lat' dir='ltr'><strong><em>actuali</em></strong></span> <span class='ocrx_word' id='word_1_655' title='bbox 2887 4202 3356 4272; x_wconf 87' lang='lat' dir='ltr'><strong><em>permanserunt.</em></strong></span> <span class='ocrx_word' id='word_1_656' title='bbox 3393 4220 3420 4248; x_wconf 86' lang='grc'><strong>››</strong></span> <span class='ocrx_word' id='word_1_657' title='bbox 3452 4198 3554 4255; x_wconf 74' lang='lat'><strong>29</strong></span> <span class='ocrx_word' id='word_1_658' title='bbox 3585 4197 3806 4254; x_wconf 88' lang='lat' dir='ltr'><strong><em>Melius</em></strong></span> 
     </span>
    </p>
   </div>
   <div class='ocr_carea' id='block_1_88' title="bbox 2149 4284 3808 4360">
    <p class='ocr_par' dir='ltr' id='par_1_88' title="bbox 2149 4284 3808 4360">
     <span class='ocr_line' id='line_1_88' title="bbox 2149 4284 3808 4360; baseline 0.001 -20"><span class='ocrx_word' id='word_1_659' title='bbox 2149 4285 2247 4340; x_wconf 89' lang='lat' dir='ltr'><strong><em>ille</em></strong></span> <span class='ocrx_word' id='word_1_660' title='bbox 2276 4286 2492 4357; x_wconf 87' lang='lat' dir='ltr'><strong><em>posuit,</em></strong></span> <span class='ocrx_word' id='word_1_661' title='bbox 2526 4285 2643 4341; x_wconf 91' lang='lat' dir='ltr'><strong><em>imo</em></strong></span> <span class='ocrx_word' id='word_1_662' title='bbox 2675 4285 2771 4342; x_wconf 90' lang='lat' dir='ltr'><strong><em>ille</em></strong></span> <span class='ocrx_word' id='word_1_663' title='bbox 2802 4287 2968 4355; x_wconf 90' lang='lat' dir='ltr'><strong><em>bene,</em></strong></span> <span class='ocrx_word' id='word_1_664' title='bbox 3003 4285 3140 4360; x_wconf 89' lang='lat' dir='ltr'><strong><em>quia</em></strong></span> <span class='ocrx_word' id='word_1_665' title='bbox 3173 4287 3284 4343; x_wconf 88' lang='lat' dir='ltr'><strong><em>iste</em></strong></span> <span class='ocrx_word' id='word_1_666' title='bbox 3314 4285 3487 4342; x_wconf 88' lang='lat' dir='ltr'><strong><em>male.</em></strong></span> <span class='ocrx_word' id='word_1_667' title='bbox 3511 4284 3808 4342; x_wconf 83' lang='lat' dir='ltr'><strong><em>Videlicet</em></strong></span> 
     </span>
    </p>
   </div>
   <div class='ocr_carea' id='block_1_89' title="bbox 2148 4373 3806 4447">
    <p class='ocr_par' dir='ltr' id='par_1_89' title="bbox 2148 4373 3806 4447">
     <span class='ocr_line' id='line_1_89' title="bbox 2148 4373 3806 4447; baseline 0.002 -18"><span class='ocrx_word' id='word_1_668' title='bbox 2148 4373 2741 4447; x_wconf 87' lang='lat' dir='ltr'><strong><em>inquitFlorus,omni</em></strong></span> <span class='ocrx_word' id='word_1_669' title='bbox 2749 4377 3042 4446; x_wconf 88' lang='lat' dir='ltr'><strong><em>potentem</em></strong></span> <span class='ocrx_word' id='word_1_670' title='bbox 3064 4375 3320 4432; x_wconf 90' lang='lat' dir='ltr'><strong><em>Deumin</em></strong></span> <span class='ocrx_word' id='word_1_671' title='bbox 3343 4373 3514 4431; x_wconf 81' lang='lat' dir='ltr'><strong><em>malis</em></strong></span> <span class='ocrx_word' id='word_1_672' title='bbox 3530 4373 3806 4446; x_wconf 89' lang='lat' dir='ltr'><strong><em>ipsorum</em></strong></span> 
     </span>
    </p>
   </div>
   <div class='ocr_carea' id='block_1_90' title="bbox 2148 4462 3808 4536">
    <p class='ocr_par' dir='ltr' id='par_1_90' title="bbox 2148 4462 3808 4536">
     <span class='ocr_line' id='line_1_90' title="bbox 2148 4462 3808 4536; baseline 0.001 -18"><span class='ocrx_word' id='word_1_673' title='bbox 2148 4463 2435 4519; x_wconf 89' lang='lat' dir='ltr'><strong><em>malitiam</em></strong></span> <span class='ocrx_word' id='word_1_674' title='bbox 2467 4463 2768 4536; x_wconf 63' lang='lat' dir='ltr'><strong><em>praescisse</em></strong></span> <span class='ocrx_word' id='word_1_675' title='bbox 2799 4463 2938 4536; x_wconf 89' lang='lat' dir='ltr'><strong><em>quia</em></strong></span> <span class='ocrx_word' id='word_1_676' title='bbox 2964 4482 3032 4521; x_wconf 87' lang='lat' dir='ltr'><strong><em>ex</em></strong></span> <span class='ocrx_word' id='word_1_677' title='bbox 3063 4464 3210 4536; x_wconf 89' lang='lat' dir='ltr'><strong><em>ipsis</em></strong></span> <span class='ocrx_word' id='word_1_678' title='bbox 3239 4469 3470 4534; x_wconf 89' lang='lat' dir='ltr'><strong><em>est,non</em></strong></span> <span class='ocrx_word' id='word_1_679' title='bbox 3501 4462 3808 4536; x_wconf 66' lang='lat' dir='ltr'><strong><em>praedesti-</em></strong></span> 
     </span>
    </p>
   </div>
   <div class='ocr_carea' id='block_1_91' title="bbox 2148 4550 3808 4626">
    <p class='ocr_par' dir='ltr' id='par_1_91' title="bbox 2148 4550 3808 4626">
     <span class='ocr_line' id='line_1_91' title="bbox 2148 4550 3808 4626; baseline 0.002 -20"><span class='ocrx_word' id='word_1_680' title='bbox 2148 4569 2319 4608; x_wconf 89' lang='lat' dir='ltr'><strong><em>nasse</em></strong></span> <span class='ocrx_word' id='word_1_681' title='bbox 2349 4553 2489 4624; x_wconf 87' lang='lat' dir='ltr'><strong><em>quia</em></strong></span> <span class='ocrx_word' id='word_1_682' title='bbox 2516 4569 2584 4609; x_wconf 82' lang='lat' dir='ltr'><strong><em>ex</em></strong></span> <span class='ocrx_word' id='word_1_683' title='bbox 2605 4551 2705 4609; x_wconf 92' lang='lat' dir='ltr'><strong><em>illo</em></strong></span> <span class='ocrx_word' id='word_1_684' title='bbox 2737 4570 2852 4608; x_wconf 91' lang='lat' dir='ltr'><strong><em>non</em></strong></span> <span class='ocrx_word' id='word_1_685' title='bbox 2882 4558 2970 4609; x_wconf 91' lang='lat' dir='ltr'><strong><em>est</em></strong></span> <span class='ocrx_word' id='word_1_686' title='bbox 3003 4571 3016 4608; x_wconf 88' lang='lat'><strong>:</strong></span> <span class='ocrx_word' id='word_1_687' title='bbox 3051 4569 3284 4626; x_wconf 87' lang='lat' dir='ltr'><strong><em>pcenam</em></strong></span> <span class='ocrx_word' id='word_1_688' title='bbox 3313 4569 3446 4609; x_wconf 90' lang='lat' dir='ltr'><strong><em>vero</em></strong></span> <span class='ocrx_word' id='word_1_689' title='bbox 3471 4550 3712 4607; x_wconf 91' lang='lat' dir='ltr'><strong><em>illorum</em></strong></span> <span class='ocrx_word' id='word_1_690' title='bbox 3745 4555 3808 4610; x_wconf 88' lang='lat' dir='ltr'><strong><em>et</em></strong></span> 
     </span>
    </p>
   </div>
   <div class='ocr_carea' id='block_1_92' title="bbox 397 4635 3804 4726">
    <p class='ocr_par' dir='ltr' id='par_1_92' title="bbox 397 4635 3804 4726">
     <span class='ocr_line' id='line_1_92' title="bbox 397 4635 3804 4726; baseline 0.001 -32"><span class='ocrx_word' id='word_1_691' title='bbox 397 4635 596 4694; x_wconf 88' lang='lat' dir='ltr'><strong><em>statim</em></strong></span> <span class='ocrx_word' id='word_1_692' title='bbox 645 4635 951 4708; x_wconf 82' lang='lat' dir='ltr'><strong><em>subjunglt</em></strong></span> <span class='ocrx_word' id='word_1_693' title='bbox 984 4653 998 4690; x_wconf 90' lang='lat'>:</span> <span class='ocrx_word' id='word_1_694' title='bbox 1049 4635 1198 4703; x_wconf 85' lang='lat' dir='ltr'><strong><em>Quod</em></strong></span> <span class='ocrx_word' id='word_1_695' title='bbox 1251 4637 1304 4690; x_wconf 90' lang='lat' dir='ltr'><strong><em>si</em></strong></span> <span class='ocrx_word' id='word_1_696' title='bbox 1336 4636 1533 4726; x_wconf 71' lang='lat' dir='ltr'><strong><em>uolens</em></strong></span> <span class='ocrx_word' id='word_1_697' title='bbox 1581 4637 1719 4692; x_wconf 83' lang='lat' dir='ltr'><strong><em>Deus</em></strong></span> <span class='ocrx_word' id='word_1_698' title='bbox 1767 4639 2042 4695; x_wconf 80' lang='lat' dir='ltr'><strong><em>ostendere</em></strong></span> <span class='ocrx_word' id='word_1_699' title='bbox 2067 4660 2116 4726; x_wconf 75' lang='grc' dir='ltr'><strong><em>Ι)</em></strong></span> <span class='ocrx_word' id='word_1_700' title='bbox 2146 4639 2600 4713; x_wconf 70' lang='grc' dir='ltr'><strong><em>ρι’ωεοὶεεθῳιὶα</em></strong></span> <span class='ocrx_word' id='word_1_701' title='bbox 2614 4640 2770 4696; x_wconf 91' lang='lat' dir='ltr'><strong><em>Deus</em></strong></span> <span class='ocrx_word' id='word_1_702' title='bbox 2791 4645 2897 4710; x_wconf 88' lang='lat' dir='ltr'><strong><em>est,</em></strong></span> <span class='ocrx_word' id='word_1_703' title='bbox 2915 4647 2971 4698; x_wconf 88' lang='lat' dir='ltr'><strong><em>et</em></strong></span> <span class='ocrx_word' id='word_1_704' title='bbox 2990 4641 3438 4714; x_wconf 70' lang='lat' dir='ltr'><strong><em>praedestinasse</em></strong></span> <span class='ocrx_word' id='word_1_705' title='bbox 3451 4639 3804 4714; x_wconf 87' lang='lat' dir='ltr'><strong><em>quiajustus</em></strong></span> 
     </span>
    </p>
   </div>
   <div class='ocr_carea' id='block_1_93' title="bbox 399 4725 2041 4796">
    <p class='ocr_par' dir='ltr' id='par_1_93' title="bbox 399 4725 2041 4796">
     <span class='ocr_line' id='line_1_93' title="bbox 399 4725 2041 4796; baseline 0 -14"><span class='ocrx_word' id='word_1_706' title='bbox 399 4726 564 4792; x_wconf 82' lang='lat' dir='ltr'><strong><em>iram,</em></strong></span> <span class='ocrx_word' id='word_1_707' title='bbox 594 4732 646 4780; x_wconf 90' lang='lat' dir='ltr'><strong><em>et</em></strong></span> <span class='ocrx_word' id='word_1_708' title='bbox 687 4731 873 4781; x_wconf 88' lang='lat' dir='ltr'><strong><em>notam</em></strong></span> <span class='ocrx_word' id='word_1_709' title='bbox 915 4725 1096 4796; x_wconf 85' lang='lat' dir='ltr'><strong><em>facere</em></strong></span> <span class='ocrx_word' id='word_1_710' title='bbox 1140 4725 1436 4794; x_wconf 86' lang='lat' dir='ltr'><strong><em>potentiam</em></strong></span> <span class='ocrx_word' id='word_1_711' title='bbox 1480 4739 1659 4790; x_wconf 86' lang='lat' dir='ltr'><strong><em>suam,</em></strong></span> <span class='ocrx_word' id='word_1_712' title='bbox 1689 4727 1954 4782; x_wconf 84' lang='lat' dir='ltr'><strong><em>sustinuit</em></strong></span> <span class='ocrx_word' id='word_1_713' title='bbox 1981 4729 2041 4782; x_wconf 91' lang='lat' dir='ltr'><strong><em>in</em></strong></span> 
     </span>
    </p>
   </div>
   <div class='ocr_carea' id='block_1_94' title="bbox 395 4813 2039 4886">
    <p class='ocr_par' dir='ltr' id='par_1_94' title="bbox 395 4813 2039 4886">
     <span class='ocr_line' id='line_1_94' title="bbox 395 4813 2039 4886; baseline 0.001 -17"><span class='ocrx_word' id='word_1_714' title='bbox 395 4813 573 4870; x_wconf 88' lang='lat' dir='ltr'><strong><em>multa</em></strong></span> <span class='ocrx_word' id='word_1_715' title='bbox 615 4813 891 4884; x_wconf 83' lang='lat' dir='ltr'><strong><em>patientia</em></strong></span> <span class='ocrx_word' id='word_1_716' title='bbox 935 4829 1067 4868; x_wconf 87' lang='lat' dir='ltr'><strong><em>vasa</em></strong></span> <span class='ocrx_word' id='word_1_717' title='bbox 1113 4813 1218 4869; x_wconf 67' lang='lat' dir='ltr'><strong><em>ira:</em></strong></span> <span class='ocrx_word' id='word_1_718' title='bbox 1262 4819 1446 4884; x_wconf 88' lang='lat' dir='ltr'><strong><em>aptata</em></strong></span> <span class='ocrx_word' id='word_1_719' title='bbox 1497 4813 1612 4868; x_wconf 86' lang='lat' dir='ltr'><strong><em>sive</em></strong></span> <span class='ocrx_word' id='word_1_720' title='bbox 1637 4822 1949 4886; x_wconf 70' lang='lat' dir='ltr'><strong><em>przeparata</em></strong></span> <span class='ocrx_word' id='word_1_721' title='bbox 1977 4817 2039 4871; x_wconf 84' lang='lat' dir='ltr'><strong><em>in</em></strong></span> 
     </span>
    </p>
   </div>
   <div class='ocr_carea' id='block_1_95' title="bbox 396 4901 2040 4980">
    <p class='ocr_par' dir='ltr' id='par_1_95' title="bbox 396 4901 2040 4980">
     <span class='ocr_line' id='line_1_95' title="bbox 396 4901 2040 4980; baseline 0.001 -21"><span class='ocrx_word' id='word_1_722' title='bbox 396 4903 700 4972; x_wconf 86' lang='lat' dir='ltr'><strong><em>interitum,</em></strong></span> <span class='ocrx_word' id='word_1_723' title='bbox 733 4909 794 4958; x_wconf 85' lang='lat' dir='ltr'><strong><em>ut</em></strong></span> <span class='ocrx_word' id='word_1_724' title='bbox 820 4901 1120 4980; x_wconf 71' lang='lat' dir='ltr'><strong><em>ostenderet</em></strong></span> <span class='ocrx_word' id='word_1_725' title='bbox 1145 4901 1369 4956; x_wconf 85' lang='lat' dir='ltr'><strong><em>divitias</em></strong></span> <span class='ocrx_word' id='word_1_726' title='bbox 1417 4903 1615 4973; x_wconf 69' lang='lat' dir='ltr'><strong><em>gratia:</em></strong></span> <span class='ocrx_word' id='word_1_727' title='bbox 1642 4919 1762 4960; x_wconf 73' lang='lat' dir='ltr'><strong><em>suae</em></strong></span> <span class='ocrx_word' id='word_1_728' title='bbox 1801 4905 1862 4959; x_wconf 86' lang='lat' dir='ltr'><strong><em>in</em></strong></span> <span class='ocrx_word' id='word_1_729' title='bbox 1909 4922 2040 4961; x_wconf 86' lang='lat' dir='ltr'><strong><em>vasa</em></strong></span> 
     </span>
    </p>
   </div>
   <div class='ocr_carea' id='block_1_96' title="bbox 393 4991 2036 5064">
    <p class='ocr_par' dir='ltr' id='par_1_96' title="bbox 393 4991 2036 5064">
     <span class='ocr_line' id='line_1_96' title="bbox 393 4991 2036 5064; baseline 0 -16"><span class='ocrx_word' id='word_1_730' title='bbox 393 4991 792 5049; x_wconf 67' lang='lat' dir='ltr'><strong><em>misericordia?</em></strong></span> <span class='ocrx_word' id='word_1_731' title='bbox 822 5006 947 5064; x_wconf 68' lang='lat' dir='ltr'><strong><em>quae</em></strong></span> <span class='ocrx_word' id='word_1_732' title='bbox 975 4991 1315 5064; x_wconf 63' lang='lat' dir='ltr'><strong><em>prwparavit</em></strong></span> <span class='ocrx_word' id='word_1_733' title='bbox 1343 4991 1401 5045; x_wconf 84' lang='lat' dir='ltr'><strong><em>in</em></strong></span> <span class='ocrx_word' id='word_1_734' title='bbox 1429 4991 1664 5062; x_wconf 88' lang='lat' dir='ltr'><strong><em>gloriam</em></strong></span> <span class='ocrx_word' id='word_1_735' title='bbox 1710 4993 1890 5063; x_wconf 64' lang='lat' dir='ltr'><strong><em>(ibid,</em></strong></span> <span class='ocrx_word' id='word_1_736' title='bbox 1922 4997 2036 5064; x_wconf 85' lang='lat'><strong><em>22),</em></strong></span> 
     </span>
    </p>
   </div>
   <div class='ocr_carea' id='block_1_97' title="bbox 393 5077 2037 5153">
    <p class='ocr_par' dir='ltr' id='par_1_97' title="bbox 393 5077 2037 5153">
     <span class='ocr_line' id='line_1_97' title="bbox 393 5077 2037 5153; baseline 0.001 -17"><span class='ocrx_word' id='word_1_737' title='bbox 393 5081 640 5138; x_wconf 86' lang='lat' dir='ltr'><strong><em>ﬁdenter</em></strong></span> <span class='ocrx_word' id='word_1_738' title='bbox 686 5081 940 5138; x_wconf 86' lang='lat' dir='ltr'><strong><em>fatemur</em></strong></span> <span class='ocrx_word' id='word_1_739' title='bbox 986 5077 1558 5153; x_wconf 83' lang='lat' dir='ltr'><strong><em>praedestinationem</em></strong></span> <span class='ocrx_word' id='word_1_740' title='bbox 1609 5079 1924 5137; x_wconf 86' lang='lat' dir='ltr'><strong><em>electorum</em></strong></span> <span class='ocrx_word' id='word_1_741' title='bbox 1965 5083 2037 5138; x_wconf 89' lang='lat' dir='ltr'><strong><em>ad</em></strong></span> 
     </span>
    </p>
   </div>
   <div class='ocr_carea' id='block_1_98' title="bbox 395 5167 2038 5264">
    <p class='ocr_par' dir='ltr' id='par_1_98' title="bbox 395 5167 2038 5264">
     <span class='ocr_line' id='line_1_98' title="bbox 395 5167 2038 5264; baseline 0.001 -40"><span class='ocrx_word' id='word_1_742' title='bbox 395 5170 573 5225; x_wconf 88' lang='lat' dir='ltr'><strong><em>vitam</em></strong></span> <span class='ocrx_word' id='word_1_743' title='bbox 603 5175 658 5226; x_wconf 91' lang='lat' dir='ltr'><strong><em>et</em></strong></span> <span class='ocrx_word' id='word_1_744' title='bbox 687 5168 1258 5243; x_wconf 67' lang='lat' dir='ltr'><strong><em>praedestinationem</em></strong></span> <span class='ocrx_word' id='word_1_745' title='bbox 1282 5167 1596 5241; x_wconf 90' lang='lat' dir='ltr'><strong><em>impiorum</em></strong></span> <span class='ocrx_word' id='word_1_746' title='bbox 1629 5171 1699 5226; x_wconf 89' lang='lat' dir='ltr'><strong><em>ad</em></strong></span> <span class='ocrx_word' id='word_1_747' title='bbox 1723 5177 2038 5264; x_wconf 48' lang='lat' dir='ltr'><strong><em>mortem,»</em></strong></span> 
     </span>
    </p>
   </div>
   <div class='ocr_carea' id='block_1_99' title="bbox 398 5257 2036 5332">
    <p class='ocr_par' dir='ltr' id='par_1_99' title="bbox 398 5257 2036 5332">
     <span class='ocr_line' id='line_1_99' title="bbox 398 5257 2036 5332; baseline 0.002 -20"><span class='ocrx_word' id='word_1_748' title='bbox 398 5257 528 5324; x_wconf 88' lang='lat' dir='ltr'><strong><em>Dat,</em></strong></span> <span class='ocrx_word' id='word_1_749' title='bbox 561 5258 714 5314; x_wconf 89' lang='lat' dir='ltr'><strong><em>sicut</em></strong></span> <span class='ocrx_word' id='word_1_750' title='bbox 743 5259 914 5332; x_wconf 87' lang='lat' dir='ltr'><strong><em>longe</em></strong></span> <span class='ocrx_word' id='word_1_751' title='bbox 947 5261 1080 5314; x_wconf 87' lang='lat' dir='ltr'><strong><em>ante</em></strong></span> <span class='ocrx_word' id='word_1_752' title='bbox 1109 5274 1216 5313; x_wconf 90' lang='lat' dir='ltr'><strong><em>nos</em></strong></span> <span class='ocrx_word' id='word_1_753' title='bbox 1265 5257 1485 5312; x_wconf 90' lang='lat' dir='ltr'><strong><em>dictum</em></strong></span> <span class='ocrx_word' id='word_1_754' title='bbox 1533 5263 1640 5325; x_wconf 91' lang='lat' dir='ltr'><strong><em>est,</em></strong></span> <span class='ocrx_word' id='word_1_755' title='bbox 1672 5259 1797 5316; x_wconf 90' lang='lat' dir='ltr'><strong><em>sine</em></strong></span> <span class='ocrx_word' id='word_1_756' title='bbox 1844 5257 2036 5316; x_wconf 61' lang='lat' dir='ltr'><strong><em>men&#39;te</em></strong></span> 
     </span>
    </p>
   </div>
   <div class='ocr_carea' id='block_1_100' title="bbox 397 5345 2035 5420">
    <p class='ocr_par' dir='ltr' id='par_1_100' title="bbox 397 5345 2035 5420">
     <span class='ocr_line' id='line_1_100' title="bbox 397 5345 2035 5420; baseline 0.001 -18"><span class='ocrx_word' id='word_1_757' title='bbox 397 5362 631 5402; x_wconf 91' lang='lat' dir='ltr'><strong><em>sonum.</em></strong></span> <span class='ocrx_word' id='word_1_758' title='bbox 658 5347 964 5403; x_wconf 88' lang='lat' dir='ltr'><strong><em>Paululum</em></strong></span> <span class='ocrx_word' id='word_1_759' title='bbox 998 5345 1298 5420; x_wconf 67' lang='lat' dir='ltr'><strong><em>praemisit,</em></strong></span> <span class='ocrx_word' id='word_1_760' title='bbox 1334 5345 1470 5418; x_wconf 87' lang='lat' dir='ltr'><strong><em>quia</em></strong></span> <span class='ocrx_word' id='word_1_761' title='bbox 1501 5365 1606 5403; x_wconf 88' lang='lat' dir='ltr'><strong><em>suo</em></strong></span> <span class='ocrx_word' id='word_1_762' title='bbox 1637 5349 1776 5404; x_wconf 90' lang='lat' dir='ltr'><strong><em>vitio</em></strong></span> <span class='ocrx_word' id='word_1_763' title='bbox 1808 5349 1944 5404; x_wconf 86' lang='lat' dir='ltr'><strong><em>mali</em></strong></span> <span class='ocrx_word' id='word_1_764' title='bbox 1975 5350 2035 5404; x_wconf 88' lang='lat' dir='ltr'><strong><em>in</em></strong></span> 
     </span>
    </p>
   </div>
   <div class='ocr_carea' id='block_1_101' title="bbox 397 5434 2035 5510">
    <p class='ocr_par' dir='ltr' id='par_1_101' title="bbox 397 5434 2035 5510">
     <span class='ocr_line' id='line_1_101' title="bbox 397 5434 2035 5510; baseline 0.002 -20"><span class='ocrx_word' id='word_1_765' title='bbox 397 5451 596 5490; x_wconf 87' lang='lat' dir='ltr'><strong><em>massa</em></strong></span> <span class='ocrx_word' id='word_1_766' title='bbox 625 5435 1019 5492; x_wconf 85' lang='lat' dir='ltr'><strong><em>damnationis</em></strong></span> <span class='ocrx_word' id='word_1_767' title='bbox 1049 5435 1136 5491; x_wconf 84' lang='lat' dir='ltr'><strong><em>vel</em></strong></span> <span class='ocrx_word' id='word_1_768' title='bbox 1167 5434 1372 5490; x_wconf 88' lang='lat' dir='ltr'><strong><em>merito</em></strong></span> <span class='ocrx_word' id='word_1_769' title='bbox 1403 5435 1670 5510; x_wconf 84' lang='lat' dir='ltr'><strong><em>originali</em></strong></span> <span class='ocrx_word' id='word_1_770' title='bbox 1717 5437 1804 5493; x_wconf 82' lang='lat' dir='ltr'><strong><em>vel</em></strong></span> <span class='ocrx_word' id='word_1_771' title='bbox 1857 5439 2035 5493; x_wconf 88' lang='lat' dir='ltr'><strong><em>etiam</em></strong></span> 
     </span>
    </p>
   </div>
   <div class='ocr_carea' id='block_1_102' title="bbox 398 5521 2039 5599">
    <p class='ocr_par' dir='ltr' id='par_1_102' title="bbox 398 5521 2039 5599">
     <span class='ocr_line' id='line_1_102' title="bbox 398 5521 2039 5599; baseline 0.001 -18"><span class='ocrx_word' id='word_1_772' title='bbox 398 5521 614 5581; x_wconf 84' lang='lat' dir='ltr'><strong><em>actuali</em></strong></span> <span class='ocrx_word' id='word_1_773' title='bbox 671 5530 1068 5596; x_wconf 85' lang='lat' dir='ltr'><strong><em>permaneant,</em></strong></span> <span class='ocrx_word' id='word_1_774' title='bbox 1126 5529 1182 5580; x_wconf 92' lang='lat' dir='ltr'><strong><em>et</em></strong></span> <span class='ocrx_word' id='word_1_775' title='bbox 1250 5525 1446 5580; x_wconf 86' lang='lat' dir='ltr'><strong><em>statim</em></strong></span> <span class='ocrx_word' id='word_1_776' title='bbox 1515 5527 1838 5598; x_wconf 59' lang='lat' dir='ltr'><strong><em>subjunzgit,</em></strong></span> <span class='ocrx_word' id='word_1_777' title='bbox 1901 5527 2039 5599; x_wconf 87' lang='lat' dir='ltr'><strong><em>quia</em></strong></span> 
     </span>
    </p>
   </div>
   <div class='ocr_carea' id='block_1_103' title="bbox 399 5611 2036 5688">
    <p class='ocr_par' dir='ltr' id='par_1_103' title="bbox 399 5611 2036 5688">
     <span class='ocr_line' id='line_1_103' title="bbox 399 5611 2036 5688; baseline 0.002 -21"><span class='ocrx_word' id='word_1_778' title='bbox 399 5611 620 5686; x_wconf 89' lang='lat' dir='ltr'><strong><em>placuit</em></strong></span> <span class='ocrx_word' id='word_1_779' title='bbox 648 5618 705 5668; x_wconf 92' lang='lat' dir='ltr'><strong><em>et</em></strong></span> <span class='ocrx_word' id='word_1_780' title='bbox 733 5611 980 5669; x_wconf 80' lang='lat' dir='ltr'><strong><em>fideliter</em></strong></span> <span class='ocrx_word' id='word_1_781' title='bbox 1013 5612 1199 5686; x_wconf 88' lang='lat' dir='ltr'><strong><em>placet</em></strong></span> <span class='ocrx_word' id='word_1_782' title='bbox 1228 5613 1588 5687; x_wconf 88' lang='lat' dir='ltr'><strong><em>fidenterque</em></strong></span> <span class='ocrx_word' id='word_1_783' title='bbox 1621 5615 1852 5684; x_wconf 84' lang='lat' dir='ltr'><strong><em>fatetur,</em></strong></span> <span class='ocrx_word' id='word_1_784' title='bbox 1887 5634 2036 5688; x_wconf 67' lang='lat' dir='ltr'><strong><em>pree-</em></strong></span> 
     </span>
    </p>
   </div>
   <div class='ocr_carea' id='block_1_104' title="bbox 399 5701 2036 5777">
    <p class='ocr_par' dir='ltr' id='par_1_104' title="bbox 399 5701 2036 5777">
     <span class='ocr_line' id='line_1_104' title="bbox 399 5701 2036 5777; baseline 0.002 -19"><span class='ocrx_word' id='word_1_785' title='bbox 399 5701 850 5763; x_wconf 83' lang='lat' dir='ltr'><strong><em>destinationem</em></strong></span> <span class='ocrx_word' id='word_1_786' title='bbox 879 5701 1193 5760; x_wconf 88' lang='lat' dir='ltr'><strong><em>electorum</em></strong></span> <span class='ocrx_word' id='word_1_787' title='bbox 1223 5704 1294 5766; x_wconf 86' lang='lat' dir='ltr'><strong><em>ad</em></strong></span> <span class='ocrx_word' id='word_1_788' title='bbox 1340 5703 1521 5761; x_wconf 83' lang='lat' dir='ltr'><strong><em>vitam</em></strong></span> <span class='ocrx_word' id='word_1_789' title='bbox 1570 5708 1628 5760; x_wconf 90' lang='lat' dir='ltr'><strong><em>et</em></strong></span> <span class='ocrx_word' id='word_1_790' title='bbox 1667 5705 2036 5777; x_wconf 82' lang='lat' dir='ltr'><strong><em>praedestina-</em></strong></span> 
     </span>
    </p>
   </div>
   <div class='ocr_carea' id='block_1_105' title="bbox 2149 4727 3806 4802">
    <p class='ocr_par' dir='ltr' id='par_1_105' title="bbox 2149 4727 3806 4802">
     <span class='ocr_line' id='line_1_105' title="bbox 2149 4727 3806 4802; baseline -0.001 -15"><span class='ocrx_word' id='word_1_791' title='bbox 2149 4733 2255 4788; x_wconf 89' lang='lat' dir='ltr'><strong><em>est.</em></strong></span> <span class='ocrx_word' id='word_1_792' title='bbox 2291 4732 2476 4796; x_wconf 86' lang='lat' dir='ltr'><strong><em>Quam</em></strong></span> <span class='ocrx_word' id='word_1_793' title='bbox 2508 4729 2806 4784; x_wconf 84' lang='lat' dir='ltr'><strong><em>sententias</em></strong></span> <span class='ocrx_word' id='word_1_794' title='bbox 2833 4729 3181 4802; x_wconf 87' lang='lat' dir='ltr'><strong><em>particulam</em></strong></span> <span class='ocrx_word' id='word_1_795' title='bbox 3214 4731 3325 4786; x_wconf 90' lang='lat' dir='ltr'><strong><em>iste</em></strong></span> <span class='ocrx_word' id='word_1_796' title='bbox 3353 4727 3702 4802; x_wconf 86' lang='lat' dir='ltr'><strong><em>compilator</em></strong></span> <span class='ocrx_word' id='word_1_797' title='bbox 3728 4729 3806 4785; x_wconf 90' lang='lat' dir='ltr'><strong><em>de</em></strong></span> 
     </span>
    </p>
   </div>
   <div class='ocr_carea' id='block_1_106' title="bbox 2145 4815 3804 4890">
    <p class='ocr_par' dir='ltr' id='par_1_106' title="bbox 2145 4815 3804 4890">
     <span class='ocr_line' id='line_1_106' title="bbox 2145 4815 3804 4890; baseline -0.001 -16"><span class='ocrx_word' id='word_1_798' title='bbox 2145 4816 2562 4890; x_wconf 88' lang='lat' dir='ltr'><strong><em>consequentia</em></strong></span> <span class='ocrx_word' id='word_1_799' title='bbox 2583 4818 2966 4888; x_wconf 64' lang='lat' dir='ltr'><strong><em>praecedentis</em></strong></span> <span class='ocrx_word' id='word_1_800' title='bbox 2987 4819 3060 4874; x_wconf 89' lang='lat' dir='ltr'><strong><em>ad</em></strong></span> <span class='ocrx_word' id='word_1_801' title='bbox 3082 4818 3238 4874; x_wconf 89' lang='lat' dir='ltr'><strong><em>istud</em></strong></span> <span class='ocrx_word' id='word_1_802' title='bbox 3256 4815 3565 4875; x_wconf 86' lang='lat' dir='ltr'><strong><em>reservavit</em></strong></span> <span class='ocrx_word' id='word_1_803' title='bbox 3578 4815 3804 4888; x_wconf 89' lang='lat' dir='ltr'><strong><em>capitu-</em></strong></span> 
     </span>
    </p>
   </div>
   <div class='ocr_carea' id='block_1_107' title="bbox 2145 4903 3803 4978">
    <p class='ocr_par' dir='ltr' id='par_1_107' title="bbox 2145 4903 3803 4978">
     <span class='ocr_line' id='line_1_107' title="bbox 2145 4903 3803 4978; baseline -0.001 -16"><span class='ocrx_word' id='word_1_804' title='bbox 2145 4907 2270 4964; x_wconf 91' lang='lat' dir='ltr'><strong><em>lum</em></strong></span> <span class='ocrx_word' id='word_1_805' title='bbox 2307 4905 2411 4962; x_wconf 88' lang='lat' dir='ltr'><strong><em>Cui</em></strong></span> <span class='ocrx_word' id='word_1_806' title='bbox 2443 4906 2821 4978; x_wconf 90' lang='lat' dir='ltr'><strong><em>conjunctum</em></strong></span> <span class='ocrx_word' id='word_1_807' title='bbox 2855 4911 2944 4963; x_wconf 90' lang='lat' dir='ltr'><strong><em>est</em></strong></span> <span class='ocrx_word' id='word_1_808' title='bbox 2969 4907 3030 4962; x_wconf 91' lang='lat' dir='ltr'><strong><em>in</em></strong></span> <span class='ocrx_word' id='word_1_809' title='bbox 3062 4907 3214 4963; x_wconf 91' lang='lat' dir='ltr'><strong><em>Flori</em></strong></span> <span class='ocrx_word' id='word_1_810' title='bbox 3246 4905 3486 4978; x_wconf 88' lang='lat' dir='ltr'><strong><em>scripto,</em></strong></span> <span class='ocrx_word' id='word_1_811' title='bbox 3509 4908 3576 4961; x_wconf 88' lang='lat' dir='ltr'><strong><em>ut</em></strong></span> <span class='ocrx_word' id='word_1_812' title='bbox 3594 4908 3654 4960; x_wconf 88' lang='lat' dir='ltr'><strong><em>et</em></strong></span> <span class='ocrx_word' id='word_1_813' title='bbox 3677 4903 3803 4962; x_wconf 80' lang='lat' dir='ltr'><strong><em>illis</em></strong></span> 
     </span>
    </p>
   </div>
   <div class='ocr_carea' id='block_1_108' title="bbox 2147 4993 3803 5066">
    <p class='ocr_par' dir='ltr' id='par_1_108' title="bbox 2147 4993 3803 5066">
     <span class='ocr_line' id='line_1_108' title="bbox 2147 4993 3803 5066; baseline -0.001 -15"><span class='ocrx_word' id='word_1_814' title='bbox 2147 4995 2225 5052; x_wconf 92' lang='lat' dir='ltr'><strong><em>sit</em></strong></span> <span class='ocrx_word' id='word_1_815' title='bbox 2255 4993 2531 5050; x_wconf 90' lang='lat' dir='ltr'><strong><em>meritum</em></strong></span> <span class='ocrx_word' id='word_1_816' title='bbox 2562 5011 2681 5050; x_wconf 64' lang='lat' dir='ltr'><strong><em>suae</em></strong></span> <span class='ocrx_word' id='word_1_817' title='bbox 2715 4995 3130 5066; x_wconf 89' lang='lat' dir='ltr'><strong><em>damnationis,</em></strong></span> <span class='ocrx_word' id='word_1_818' title='bbox 3163 4999 3218 5052; x_wconf 89' lang='lat' dir='ltr'><strong><em>et</em></strong></span> <span class='ocrx_word' id='word_1_819' title='bbox 3239 4994 3299 5050; x_wconf 89' lang='lat' dir='ltr'><strong><em>in</em></strong></span> <span class='ocrx_word' id='word_1_820' title='bbox 3319 4993 3420 5050; x_wconf 91' lang='lat' dir='ltr'><strong><em>illo</em></strong></span> <span class='ocrx_word' id='word_1_821' title='bbox 3443 4995 3706 5066; x_wconf 87' lang='lat' dir='ltr'><strong><em>potestas</em></strong></span> <span class='ocrx_word' id='word_1_822' title='bbox 3738 4997 3803 5050; x_wconf 88' lang='lat' dir='ltr'><strong><em>et</em></strong></span> 
     </span>
    </p>
   </div>
   <div class='ocr_carea' id='block_1_109' title="bbox 2138 5081 3801 5156">
    <p class='ocr_par' dir='ltr' id='par_1_109' title="bbox 2138 5081 3801 5156">
     <span class='ocr_line' id='line_1_109' title="bbox 2138 5081 3801 5156; baseline 0 -18"><span class='ocrx_word' id='word_1_823' title='bbox 2138 5083 2433 5156; x_wconf 91' lang='lat' dir='ltr'><strong><em>judicium</em></strong></span> <span class='ocrx_word' id='word_1_824' title='bbox 2457 5083 2620 5154; x_wconf 88' lang='lat' dir='ltr'><strong><em>juste</em></strong></span> <span class='ocrx_word' id='word_1_825' title='bbox 2650 5084 3009 5142; x_wconf 87' lang='lat' dir='ltr'><strong><em>damnantis.</em></strong></span> <span class='ocrx_word' id='word_1_826' title='bbox 3041 5085 3167 5141; x_wconf 90' lang='lat' dir='ltr'><strong><em>Non</em></strong></span> <span class='ocrx_word' id='word_1_827' title='bbox 3207 5083 3362 5140; x_wconf 92' lang='lat' dir='ltr'><strong><em>enim</em></strong></span> <span class='ocrx_word' id='word_1_828' title='bbox 3413 5081 3801 5156; x_wconf 63' lang='lat' dir='ltr'><strong><em>praidestinat</em></strong></span> 
     </span>
    </p>
   </div>
   <div class='ocr_carea' id='block_1_110' title="bbox 2146 5169 3802 5246">
    <p class='ocr_par' dir='ltr' id='par_1_110' title="bbox 2146 5169 3802 5246">
     <span class='ocr_line' id='line_1_110' title="bbox 2146 5169 3802 5246; baseline -0.001 -17"><span class='ocrx_word' id='word_1_829' title='bbox 2146 5178 2317 5242; x_wconf 90' lang='lat' dir='ltr'><strong><em>Deus,</em></strong></span> <span class='ocrx_word' id='word_1_830' title='bbox 2344 5171 2453 5228; x_wconf 90' lang='lat' dir='ltr'><strong><em>nisi</em></strong></span> <span class='ocrx_word' id='word_1_831' title='bbox 2469 5189 2596 5244; x_wconf 66' lang='lat' dir='ltr'><strong><em>qua:</em></strong></span> <span class='ocrx_word' id='word_1_832' title='bbox 2610 5173 2734 5246; x_wconf 90' lang='lat' dir='ltr'><strong><em>ipse</em></strong></span> <span class='ocrx_word' id='word_1_833' title='bbox 2747 5178 2872 5229; x_wconf 87' lang='lat' dir='ltr'><strong><em>erat</em></strong></span> <span class='ocrx_word' id='word_1_834' title='bbox 2894 5175 3156 5230; x_wconf 87' lang='lat' dir='ltr'><strong><em>facturus</em></strong></span> <span class='ocrx_word' id='word_1_835' title='bbox 3177 5190 3190 5229; x_wconf 93' lang='lat'>:</span> <span class='ocrx_word' id='word_1_836' title='bbox 3215 5173 3590 5246; x_wconf 79' lang='lat' dir='ltr'><strong><em>praescitvero</em></strong></span> <span class='ocrx_word' id='word_1_837' title='bbox 3606 5169 3802 5228; x_wconf 86' lang='lat' dir='ltr'><strong><em>multa</em></strong></span> 
     </span>
    </p>
   </div>
   <div class='ocr_carea' id='block_1_111' title="bbox 2145 5259 3800 5336">
    <p class='ocr_par' dir='ltr' id='par_1_111' title="bbox 2145 5259 3800 5336">
     <span class='ocr_line' id='line_1_111' title="bbox 2145 5259 3800 5336; baseline -0.001 -19"><span class='ocrx_word' id='word_1_838' title='bbox 2145 5279 2274 5336; x_wconf 67' lang='lat' dir='ltr'><strong><em>quae</em></strong></span> <span class='ocrx_word' id='word_1_839' title='bbox 2303 5261 2427 5334; x_wconf 87' lang='lat' dir='ltr'><strong><em>ipse</em></strong></span> <span class='ocrx_word' id='word_1_840' title='bbox 2457 5261 2720 5318; x_wconf 88' lang='lat' dir='ltr'><strong><em>facturus</em></strong></span> <span class='ocrx_word' id='word_1_841' title='bbox 2755 5280 2866 5318; x_wconf 92' lang='lat' dir='ltr'><strong><em>non</em></strong></span> <span class='ocrx_word' id='word_1_842' title='bbox 2899 5268 3008 5336; x_wconf 88' lang='lat' dir='ltr'><strong><em>est,</em></strong></span> <span class='ocrx_word' id='word_1_843' title='bbox 3043 5263 3196 5320; x_wconf 91' lang='lat' dir='ltr'><strong><em>sicut</em></strong></span> <span class='ocrx_word' id='word_1_844' title='bbox 3227 5262 3428 5320; x_wconf 89' lang='lat' dir='ltr'><strong><em>omnia</em></strong></span> <span class='ocrx_word' id='word_1_845' title='bbox 3456 5259 3631 5328; x_wconf 89' lang='lat' dir='ltr'><strong><em>mala,</em></strong></span> <span class='ocrx_word' id='word_1_846' title='bbox 3665 5277 3800 5332; x_wconf 65' lang='lat' dir='ltr'><strong><em>qua:</em></strong></span> 
     </span>
    </p>
   </div>
   <div class='ocr_carea' id='block_1_112' title="bbox 2146 5349 3796 5425">
    <p class='ocr_par' dir='ltr' id='par_1_112' title="bbox 2146 5349 3796 5425">
     <span class='ocr_line' id='line_1_112' title="bbox 2146 5349 3796 5425; baseline -0.001 -18"><span class='ocrx_word' id='word_1_847' title='bbox 2146 5351 2350 5424; x_wconf 90' lang='lat' dir='ltr'><strong><em>utique</em></strong></span> <span class='ocrx_word' id='word_1_848' title='bbox 2378 5349 2516 5406; x_wconf 89' lang='lat' dir='ltr'><strong><em>mali</em></strong></span> <span class='ocrx_word' id='word_1_849' title='bbox 2549 5351 2793 5419; x_wconf 86' lang='lat' dir='ltr'><strong><em>faciunt,</em></strong></span> <span class='ocrx_word' id='word_1_850' title='bbox 2826 5371 2942 5410; x_wconf 90' lang='lat' dir='ltr'><strong><em>non</em></strong></span> <span class='ocrx_word' id='word_1_851' title='bbox 2977 5352 3072 5409; x_wconf 89' lang='lat' dir='ltr'><strong><em>ille</em></strong></span> <span class='ocrx_word' id='word_1_852' title='bbox 3105 5369 3118 5408; x_wconf 91' lang='lat'>:</span> <span class='ocrx_word' id='word_1_853' title='bbox 3151 5351 3431 5425; x_wconf 89' lang='lat' dir='ltr'><strong><em>ipsosque</em></strong></span> <span class='ocrx_word' id='word_1_854' title='bbox 3457 5349 3645 5406; x_wconf 87' lang='lat' dir='ltr'><strong><em>malos</em></strong></span> <span class='ocrx_word' id='word_1_855' title='bbox 3675 5367 3796 5405; x_wconf 89' lang='lat' dir='ltr'><strong><em>non</em></strong></span> 
     </span>
    </p>
   </div>
   <div class='ocr_carea' id='block_1_113' title="bbox 2145 5438 3799 5515">
    <p class='ocr_par' dir='ltr' id='par_1_113' title="bbox 2145 5438 3799 5515">
     <span class='ocr_line' id='line_1_113' title="bbox 2145 5438 3799 5515; baseline -0.001 -20"><span class='ocrx_word' id='word_1_856' title='bbox 2145 5441 2273 5496; x_wconf 88' lang='lat' dir='ltr'><strong><em>ideo</em></strong></span> <span class='ocrx_word' id='word_1_857' title='bbox 2305 5439 2494 5513; x_wconf 87' lang='lat' dir='ltr'><strong><em>perire</em></strong></span> <span class='ocrx_word' id='word_1_858' title='bbox 2526 5439 2663 5512; x_wconf 86' lang='lat' dir='ltr'><strong><em>quia</em></strong></span> <span class='ocrx_word' id='word_1_859' title='bbox 2693 5441 2828 5496; x_wconf 91' lang='lat' dir='ltr'><strong><em>boni</em></strong></span> <span class='ocrx_word' id='word_1_860' title='bbox 2859 5458 2986 5498; x_wconf 89' lang='lat' dir='ltr'><strong><em>esse</em></strong></span> <span class='ocrx_word' id='word_1_861' title='bbox 3017 5461 3132 5499; x_wconf 89' lang='lat' dir='ltr'><strong><em>non</em></strong></span> <span class='ocrx_word' id='word_1_862' title='bbox 3163 5444 3498 5515; x_wconf 88' lang='lat' dir='ltr'><strong><em>potuerunt,</em></strong></span> <span class='ocrx_word' id='word_1_863' title='bbox 3519 5439 3621 5494; x_wconf 90' lang='lat' dir='ltr'><strong><em>sed</em></strong></span> <span class='ocrx_word' id='word_1_864' title='bbox 3653 5438 3799 5510; x_wconf 88' lang='lat' dir='ltr'><strong><em>quia</em></strong></span> 
     </span>
    </p>
   </div>
   <div class='ocr_carea' id='block_1_114' title="bbox 2145 5528 3794 5600">
    <p class='ocr_par' dir='ltr' id='par_1_114' title="bbox 2145 5528 3794 5600">
     <span class='ocr_line' id='line_1_114' title="bbox 2145 5528 3794 5600; baseline -0.001 -14"><span class='ocrx_word' id='word_1_865' title='bbox 2145 5529 2282 5586; x_wconf 91' lang='lat' dir='ltr'><strong><em>boni</em></strong></span> <span class='ocrx_word' id='word_1_866' title='bbox 2315 5543 2443 5586; x_wconf 84' lang='lat' dir='ltr'><strong><em>esse</em></strong></span> <span class='ocrx_word' id='word_1_867' title='bbox 2474 5529 2806 5600; x_wconf 84' lang='lat' dir='ltr'><strong><em>noluerunt,</em></strong></span> <span class='ocrx_word' id='word_1_868' title='bbox 2822 5537 2880 5588; x_wconf 90' lang='lat' dir='ltr'><strong><em>et</em></strong></span> <span class='ocrx_word' id='word_1_869' title='bbox 2909 5549 3015 5590; x_wconf 90' lang='lat' dir='ltr'><strong><em>suo</em></strong></span> <span class='ocrx_word' id='word_1_870' title='bbox 3045 5531 3181 5588; x_wconf 90' lang='lat' dir='ltr'><strong><em>vitio</em></strong></span> <span class='ocrx_word' id='word_1_871' title='bbox 3210 5547 3352 5588; x_wconf 86' lang='lat' dir='ltr'><strong><em>vasa</em></strong></span> <span class='ocrx_word' id='word_1_872' title='bbox 3379 5529 3478 5586; x_wconf 68' lang='lat' dir='ltr'><strong><em>irai</em></strong></span> <span class='ocrx_word' id='word_1_873' title='bbox 3509 5531 3711 5600; x_wconf 85' lang='lat' dir='ltr'><strong><em>aptata</em></strong></span> <span class='ocrx_word' id='word_1_874' title='bbox 3731 5528 3794 5584; x_wconf 89' lang='lat' dir='ltr'><strong><em>in</em></strong></span> 
     </span>
    </p>
   </div>
   <div class='ocr_carea' id='block_1_115' title="bbox 2144 5615 3798 5691">
    <p class='ocr_par' dir='ltr' id='par_1_115' title="bbox 2144 5615 3798 5691">
     <span class='ocr_line' id='line_1_115' title="bbox 2144 5615 3798 5691; baseline -0.002 -16"><span class='ocrx_word' id='word_1_875' title='bbox 2144 5619 2445 5675; x_wconf 87' lang='lat' dir='ltr'><strong><em>interitum</em></strong></span> <span class='ocrx_word' id='word_1_876' title='bbox 2469 5627 3000 5691; x_wconf 85' lang='lat' dir='ltr'><strong><em>perseveraverunt.</em></strong></span> <span class='ocrx_word' id='word_1_877' title='bbox 3025 5622 3188 5689; x_wconf 91' lang='lat' dir='ltr'><strong><em>Quod</em></strong></span> <span class='ocrx_word' id='word_1_878' title='bbox 3213 5621 3440 5677; x_wconf 83' lang='lat' dir='ltr'><strong><em>furatus</em></strong></span> <span class='ocrx_word' id='word_1_879' title='bbox 3455 5618 3566 5674; x_wconf 87' lang='lat' dir='ltr'><strong><em>iste</em></strong></span> <span class='ocrx_word' id='word_1_880' title='bbox 3579 5615 3798 5690; x_wconf 88' lang='lat' dir='ltr'><strong><em>compi-</em></strong></span> 
     </span>
    </p>
   </div>
   <div class='ocr_carea' id='block_1_116' title="bbox 2143 5704 3794 5782">
    <p class='ocr_par' dir='ltr' id='par_1_116' title="bbox 2143 5704 3794 5782">
     <span class='ocr_line' id='line_1_116' title="bbox 2143 5704 3794 5782; baseline -0.002 -18"><span class='ocrx_word' id='word_1_881' title='bbox 2143 5708 2292 5776; x_wconf 78' lang='lat' dir='ltr'><strong><em>lator</em></strong></span> <span class='ocrx_word' id='word_1_882' title='bbox 2321 5711 2393 5765; x_wconf 84' lang='lat' dir='ltr'><strong><em>ds</em></strong></span> <span class='ocrx_word' id='word_1_883' title='bbox 2423 5707 2834 5777; x_wconf 88' lang='lat' dir='ltr'><strong><em>medio,sciens</em></strong></span> <span class='ocrx_word' id='word_1_884' title='bbox 2849 5728 2913 5769; x_wconf 88' lang='lat' dir='ltr'><strong><em>se</em></strong></span> <span class='ocrx_word' id='word_1_885' title='bbox 2925 5713 3201 5770; x_wconf 80' lang='lat' dir='ltr'><strong><em>daturum</em></strong></span> <span class='ocrx_word' id='word_1_886' title='bbox 3221 5709 3378 5768; x_wconf 89' lang='lat' dir='ltr'><strong><em>istud</em></strong></span> <span class='ocrx_word' id='word_1_887' title='bbox 3403 5704 3794 5782; x_wconf 88' lang='lat' dir='ltr'><strong><em>apostolicum</em></strong></span> 
     </span>
    </p>
   </div>
  </div>
