4002 6462
449 390 528 474 95
865 407 872 412 '
1183 435 1190 440 ι
1379 412 1770 474 HINGMABI
1817 410 2262 475 RHEMENSIS
2308 410 2926 476 ARCHIEPISCOPI.
3773 413 3855 478 96

451 544 703 620 patietur
715 547 1018 600 aeternum.
1034 541 1128 600 Sic
1139 543 1294 600 enim
1317 548 1521 618 pptata
1541 546 1611 600 ad
1633 545 1934 601 interitum
1953 561 2093 600 vasa
2119 543 2176 612 Α
2205 545 2276 600 ad
2299 549 2601 619 peccatum
2629 563 2641 603 :
2668 547 2838 619 cujus
2863 547 3039 616 dicta,
3065 545 3201 620 quia
3228 545 3353 620 ipse
3384 545 3555 605 celeri
3589 552 3854 623 praeven-

451 639 590 690 sunt
617 635 737 702 iraa,
771 635 926 690 sicut
955 638 1012 689 et
1030 633 1342 706 Apostolus
1364 634 1548 690 isdem
1573 633 1710 689 dicit
1730 636 1929 690 naiura
1949 635 2092 706 ﬁlios

450 726 556 781 irae
575 723 858 795 (Ephes.n,
892 723 978 794 3);
1013 740 1128 778 non
1161 740 1278 795 qua
1307 724 1532 796 primus
1563 723 1738 779 homo
1768 729 1855 779 est
1887 723 2090 778 condi-

448 818 566 881 tus,
588 813 688 868 sed
722 827 839 884 qua
866 815 1000 884 post
1029 816 1330 884 peccatum
1361 811 1548 884 ipsius
1581 830 1648 868 ex
1668 813 1978 868 maledicto
2001 829 2089 867 se-

449 902 609 958 mine
626 901 876 973 quisque
895 905 984 956 est
1004 904 1341 973 generatus:
1358 902 1513 956 unde
1536 901 1642 956 soli
1667 901 1968 956 salvantur
1987 901 2090 973 qui

451 991 766 1048 Salvatoris
795 990 986 1063 gratia
1013 989 1156 1046 salvi
1188 991 1422 1058 fiunt,et
1444 989 1710 1062 psalmus
1731 990 2093 1058 dicit,Factus

449 1097 573 1138 sum
627 1089 886 1154 tanquam
942 1097 1036 1136 uas
1088 1080 1362 1152 perditum
1407 1079 1577 1148 (Psal.
1608 1097 1738 1148 xxx,
1774 1081 1882 1148 13),
1934 1081 2090 1152 quod

451 1171 688 1245 exponit
716 1169 1122 1243 Hieronymus,
1147 1170 1320 1226 homo
1345 1169 1610 1242 perditus
1631 1186 1733 1242 per
1764 1173 2088 1240 peccatum.

1062 1295 1292 1351 CAPUT
1330 1295 1480 1350 VIII.

454 1385 600 1444 Uade
627 1385 1106 1441 Praedestinatiani
1131 1387 1520 1451 auetbritatem,
1549 1385 1836 1455 potiusque
1877 1385 2090 1454 opinio-

517 1474 643 1513 nem
697 1456 1068 1528 hujuscemodi
1117 1457 1469 1528 ewp'ositionis
1517 1455 1798 1528 apostolici
1840 1455 2088 1526 capituli,

518 1545 630 1585 non
677 1527 786 1585 sibi
827 1527 1195 1600 profuturam
1233 1529 1363 1600 quia
1409 1543 1478 1583 ex
1523 1527 1802 1584 mendacio
1849 1542 2090 1598 sumpse-

519 1603 652 1656 rint.

518 1707 800 1764 Caeterum
830 1724 941 1762 non
976 1706 1117 1762 latet
1139 1723 1244 1762 nos
1267 1707 1422 1761 unde
1447 1705 1794 1778 compilator
1812 1705 2091 1777 capitulo-

445 1814 577 1852 rum
601 1797 758 1852 hunc
780 1794 1082 1851 sententiae
1104 1794 1432 1867 apostolicae
1455 1811 1696 1851 sensum
1718 1812 1851 1850 cum
1875 1794 2090 1850 ﬁducia

2203 639 2299 691 tus
2329 639 2413 691 est
2445 635 2629 702 obitu,
2665 637 2910 708 Prosper
2939 637 3026 691 vir
3054 637 3318 694 eruditus
3349 642 3405 693 et
3427 642 3670 695 sanctus
3694 644 3856 696 recta

2202 724 2462 780 defendit
2509 725 2620 780 ﬁde
2651 727 2772 794 (aL,
2806 729 2960 780 recte
3008 726 3265 782 defendit
3313 727 3495 796 fideli)
3524 733 3582 784 et
3612 729 3852 801 copioso

2201 814 2577 869 sermone.Ex
2607 814 2820 886 quibus
2841 813 3140 869 Gallorum
3167 815 3441 888 capitulis
3467 821 3532 872 ut
3562 833 3682 873 non
3705 818 3856 874 mul-

2201 906 2262 958 ta
2284 919 2441 957 nunc
2463 919 2850 974 ponamus,ne
2869 901 3132 958 libellum
3151 903 3333 959 istum
3356 922 3531 977 quem
3553 905 3853 978 prolixum

2201 991 2385 1046 facere
2406 991 2744 1064 disputandi
2763 992 3078 1048 necessitas
3093 992 3247 1066 cogit
3263 993 3634 1066 prolixiorem
3651 995 3857 1051 volun-

2199 1084 2288 1135 tas
2322 1081 2509 1136 facere
2537 1080 2818 1148 videatur,
2843 1081 3094 1136 duarum
3126 1083 3573 1154 responsionum
3595 1083 3730 1140 loca
3750 1085 3854 1140 du-

2199 1170 2396 1226 ximus
2427 1169 2758 1225 inscrenda.
2793 1169 3030 1225 Decima
3061 1175 3269 1242 quarta
3299 1171 3514 1244 quippe
3545 1171 3852 1228 Gallorum

2199 1258 2447 1330 objectio
2479 1258 2564 1314 sic
2593 1258 2879 1316 habetur:
2905 1281 2933 1308 «
2954 1259 3116 1325 Quod
3139 1259 3239 1332 qui
3271 1259 3615 1334 evangelica
3647 1261 3856 1334 pradi-

2199 1346 2412 1402 cationi
2444 1363 2560 1402 non
2611 1347 2872 1414 credunt,
2905 1363 2973 1402 ex
3019 1346 3119 1402 Dei
3171 1347 3682 1419 praedestinatione
3735 1367 3852 1406 non

2199 1436 2470 1503 credant;
2501 1440 2562 1491 et
2590 1436 2745 1508 quod
2777 1437 2932 1492 Deus
2961 1435 3042 1490 ita
3073 1436 3379 1506 deﬁnierit,
3413 1442 3478 1493 ut
3509 1437 3854 1512 quicunque

2199 1541 2315 1578 non
2348 1525 2612 1595 credunt,
2637 1540 2704 1579 ex
2733 1523 2923 1597 ipsius
2953 1524 3370 1581 constitutione
3396 1542 3510 1581 non
3545 1527 3851 1582 credant.»

2199 1613 2344 1668 Huic
2375 1612 2570 1684 itaque
2602 1613 2899 1684 pravitati,
2931 1629 3058 1684 quae
3109 1613 3262 1668 beati
3313 1614 3630 1686 Augustini
3673 1615 3852 1672 dictis

2198 1719 2313 1758 non
2345 1718 2414 1758 ex
2440 1701 2808 1767 veritate,sed
2838 1718 2907 1757 ex
2935 1700 3111 1757 livore
3137 1702 3654 1773 objiciebatur,tali
3679 1705 3852 1762 Pros-

2198 1808 2300 1864 per
2329 1806 2596 1846 sermone
2624 1789 2928 1862 respondit
2961 1806 2974 1844 :
3009 1813 3038 1840 «
3073 1791 3390 1848 Infidelitas
3431 1809 3546 1848 non
3598 1793 3852 1849 creden-

443 1887 515 1942 ad
547 1901 723 1942 suum
757 1899 1116 1962 suorumque
1145 1883 1518 1956 complicium
1550 1900 1802 1940 errorem
1829 1881 2090 1938 astriien-
2115 1915 2167 1982 B
2201 1880 2350 1935 tium
2381 1879 2690 1953 Evangelio
2720 1896 3091 1952 nequaquam
3123 1897 3190 1935 ex
3212 1880 3311 1936 Dei
3335 1880 3852 1952 prsidestinatione

441 1975 583 2030 dum
607 1973 994 2045 assumpserit
1017 1988 1030 2027 :
1055 1971 1336 2027 nimirum
1358 1973 1430 2027 de
1453 1971 1644 2028 verbis
1670 1971 2086 2044 Fulgentli,qui

443 2063 596 2120 sicut
616 2079 796 2134 supra
813 2061 1218 2132 posuimus,ad
1233 2061 1447 2116 Monim
1457 2078 1556 2116 um
1573 2062 1644 2116 de
1661 2061 2088 2132 praedestinatis

443 2153 516 2208 ad
543 2150 844 2207 interitum
875 2150 992 2223 (lib.
1026 2167 1066 2217 ι,
1099 2167 1146 2216 e,
1173 2150 1248 2221 3),
1273 2150 1440 2222 quasi
1465 2150 1573 2204 sub
1599 2149 1935 2204 defensione
1953 2167 2086 2205 san-

443 2239 523 2296 cti
541 2239 872 2314 Augustini,
889 2239 1204 2311 scripserat
1223 2240 1560 2310 exponendo
1583 2239 1759 2294 verba
1779 2237 1938 2294 illius
1960 2255 2086 2312 quae

443 2328 666 2386 dixerat
688 2329 748 2384 in
779 2327 926 2384 libro
971 2329 1044 2383 de
1092 2327 1447 2384 Perfectione
1488 2327 1732 2399 justitiaa
1781 2327 2082 2383 hominis:

442 2438 472 2470 (ι
506 2420 758 2490 Legente
787 2434 898 2484 me,
925 2415 1364 2489 inquis,librum
1383 2418 1454 2470 de
1473 2417 1829 2471 Perfectione
1841 2416 2085 2488 justitim

441 2502 1127 2573 hominis,testimonium
1144 2503 1434 2574 propheta:
1449 2503 1506 2557 in
1521 2503 1784 2558 ordinem
1801 2503 2082 2575 relegens,

441 2595 646 2651 auditu
678 2596 848 2649 cauto
869 2590 1223 2664 pedetentim
1247 2591 1550 2662 paululum
1578 2593 1968 2657 retractavi,et
1986 2609 2088 2648 cae-

440 2687 777 2755 tera,usque
809 2681 951 2737 dum
981 2698 1016 2736 a
1043 2681 1209 2740 beato
1239 2680 1566 2752 Augustino
1603 2680 1818 2736 ibidem
1851 2680 2082 2748 dicitur,

442 2773 544 2829 sed
577 2771 636 2827 in
667 2788 734 2826 eo
755 2787 966 2844 genere
986 2768 1292 2824 hominum
1315 2770 1469 2842 quod
1494 2769 1974 2841 prmdcstinatum
1997 2773 2086 2826 est

441 2862 512 2918 ad
545 2859 878 2916 interitum;
903 2858 1006 2914 Hic
1036 2858 1192 2914 dicta
1222 2857 1409 2914 sancti
1442 2859 1758 2931 Augustini
1805 2858 2084 2914 determi-

438 2952 674 3018 r‘ians,et
702 2949 772 3025 ad
806 2965 899 3004 me
919 2948 1304 3004 intentionem
1324 2951 1563 3008 tuarum
1585 2947 1844 3021 dirigens
1864 2948 2084 3004 littera-

437 3039 748 3108 rum,dicis
779 3037 994 3094 sentire
1027 3055 1120 3094 me
1143 3040 1269 3110 jam
1302 3053 1407 3092 cur
1426 3036 1636 3093 iterum
1659 3037 1781 3093 haee
1803 3037 2080 3107 inculces,

438 3128 664 3184 scilicet
689 3127 848 3200 quod
881 3127 1096 3199 saepius
1127 3125 1437 3182 reluctanti
1461 3127 1604 3181 mihi
1632 3127 2086 3198 praedestinatio-

437 3233 573 3273 nem
601 3233 716 3271 non
747 3219 976 3271 tantum
1007 3215 1066 3268 in
1097 3214 1249 3270 bono
1281 3215 1415 3282 dici,
1448 3215 1549 3270 sed
1576 3215 1752 3270 etiam
1786 3215 1844 3270 in
1868 3214 2080 3270 male.»

2201 1973 2556 2042 generatur:
2590 1969 2876 2024 bonorum
2925 1968 3080 2031 enim
3134 1970 3284 2024 Deus
3335 1974 3539 2025 auctor
3585 1974 3696 2038 est,
3733 1987 3851 2027 non

2199 2058 2507 2114 malorum.
2536 2055 2970 2113 Praedestinatio
3000 2056 3180 2130 igitur
3208 2057 3308 2114 Dei
3342 2075 3572 2131 semper
3601 2058 3662 2114 in
3694 2060 3852 2117 bono

2198 2152 2304 2216 est,
2337 2151 2440 2203 aut
2469 2148 2539 2202 ad
2572 2146 3020 2202 retributionem
3042 2146 3312 2218 justitiae,
3338 2152 3440 2204 aut
3468 2148 3540 2204 ad
3573 2147 3853 2204 donatio-

2138 2256 2149 2268 ·
2198 2253 2332 2293 nem
2365 2237 2664 2310 pertinens
2691 2235 2914 2308 gratiae.
2953 2237 3232 2293 Universae
3275 2239 3427 2292 enim
3472 2238 3580 2294 viae
3625 2237 3868 2294 Domini

2194 2325 2570 2382 misericordia
2601 2333 2652 2381 et
2681 2325 2882 2381 veritas
2914 2325 3084 2396 (Psal.
3115 2342 3268 2394 xxw,
3305 2325 3679 2394 10).Proinde
3709 2327 3853 2382 inﬁ-

2197 2413 2406 2470 delitas
2433 2431 2547 2473 non
2579 2413 2941 2469 credentium
2972 2431 3087 2468 non
3119 2415 3193 2468 ad
3215 2413 3699 2471 constitutionem
3722 2416 3851 2484 Dei,

2197 2503 2296 2558 sed
2333 2503 2404 2557 ad
2431 2502 2856 2575 prmscientiam
2881 2503 3184 2558 referenda
3199 2505 3443 2576 est,quae
3460 2519 3576 2559 non
3597 2503 3732 2560 ideo
3756 2520 3854 2560 ne-

2196 2593 2526 2647 cessitatem
2561 2609 2674 2647 non
2697 2592 2968 2648 credendi
2992 2593 3211 2661 intulit,
3229 2593 3367 2666 quia
3390 2593 3511 2648 falli
3536 2595 3606 2650 de
3628 2611 3698 2650 ea
3719 2612 3853 2668 quae

2195 2682 2393 2737 futura
2421 2685 2546 2738 erat
2575 2681 2916 2738 infidelitate
2951 2699 3065 2738 non
3088 2682 3295 2755 potuit.
3329 2705 3356 2732 ››
3379 2681 3615 2739 Decima
3636 2684 3858 2756 quinta

2193 2769 2368 2825 etiam
2401 2769 2650 2841 objectio
2682 2769 2774 2826 his
2802 2771 2995 2826 verbis
3026 2771 3248 2826 inserta
3277 2776 3368 2827 est
3400 2788 3414 2826 :
3439 2795 3466 2822 «
3492 2773 3657 2838 Quod
3687 2772 3852 2831 idem

2194 2858 2272 2914 sit
2299 2859 2663 2931 przescientia
2702 2859 2857 2932 quod
2906 2860 3358 2932 praedestinatio.
3394 2883 3422 2911 n
3448 2859 3553 2916 Cui
3596 2862 3853 2936 Prosper

2193 2947 2278 3004 sic
2310 2949 2611 3020 respondit
2642 2964 2656 3002 :
2695 2970 2723 2998 «
2753 2948 2864 3015 Qui
2896 2949 3321 3022 praescientiam
3356 2949 3458 3006 Dei
3487 2949 3548 3006 in
3579 2951 3746 3008 nullo
3771 2954 3848 3010 ab

2193 3037 2380 3110 ipsius
2411 3035 2914 3109 praedestinatione
2946 3037 3244 3107 discernit,
3279 3041 3434 3111 quod
3455 3039 3844 3099 tribuendum

2191 3130 2282 3182 est
2311 3127 2426 3181 Deo
2458 3127 2528 3181 de
2559 3125 2750 3194 bonis,
2782 3125 2892 3182 hoc
2929 3125 2982 3182 ei
3029 3127 3206 3182 etiam
3252 3128 3323 3183 de
3373 3127 3546 3185 malis
3591 3135 3849 3188 conatur

2193 3214 2498 3270 ascribere.
2534 3214 2646 3270 Sed
2679 3230 2813 3270 cum
2844 3215 3000 3270 bona
3026 3215 3098 3271 ad
3127 3214 3463 3289 largitorem
3504 3224 3849 3290 cooperato-

438 3306 644 3362 Postea
659 3308 854 3359 autem
873 3303 1536 3359 assumittestimonium
1563 3303 1747 3358 sancti
1769 3303 2080 3376 Augustini
2110 3279 2154 3347 (ἶ
2194 3319 2434 3375 remque
2465 3319 2664 3358 eorum
2696 3303 2904 3370 Deum,
2937 3303 3093 3359 mala
3123 3310 3316 3360 autem
3347 3305 3419 3361 ad
3447 3307 3848 3366 voluntariam

437 3411 507 3449 ex
535 3393 691 3448 libre
716 3375 821 3450 δέ
851 3393 1106 3448 secundo
1137 3392 1206 3447 de
1251 3391 1548 3464 Baptismo
1601 3375 1976 3464 parvulorum
2009 3393 2081 3448 ad

439 3481 936 3548 Marcellinum,ut
951 3497 1120 3536 suam
1135 3480 1324 3536 valeat
1340 3481 1582 3536 eonfirm
1591 3497 1686 3536 are
1708 3481 2080 3549 sententiam,

438 3569 579 3644 quia
607 3573 745 3643 sunt
765 3570 1082 3625 damnandi
1107 3568 1500 3642 pracdestinati
1522 3569 1593 3624 ad
1617 3571 1940 3641 pcnnam.ln
1967 3586 2081 3642 quo

437 3659 588 3715 libro
616 3663 875 3715 tractans
905 3659 1014 3714 hoc
1046 3658 1433 3732 apostolicum
1465 3657 1868 3714 testimonium
1898 3660 1981 3714 ita
2001 3659 2084 3714 di-

436 3749 516 3806 cit
544 3749 730 3818 (Ibid.,
756 3765 804 3805 e.
836 3749 926 3822 26)
953 3765 966 3804 :
1003 3771 1031 3799 «
1064 3749 1209 3816 Quia
1237 3766 1475 3805 causam
1507 3749 1840 3822 iniquitatis
1866 3768 1982 3806 suae
2015 3767 2083 3806 ex

435 3839 670 3912 propria
698 3837 872 3894 homo
909 3838 1120 3895 habuit
1167 3837 1488 3905 voluntate,
1523 3843 1828 3912 propterea
1875 3840 2081 3896 beatus

435 3927 650 3984 Paulus
678 3929 1006 3984 sustinuisse
1035 3927 1246 3984 asserit
1282 3931 1458 3982 Deum
1491 3928 1553 3982 in
1597 3929 1774 3984 multa
1813 3931 2084 4002 patientia

432 4033 563 4073 vasa
587 4020 692 4075 inn
715 4024 898 4089 aptata
928 4019 982 4072 ia
1014 4018 1298 4072 interitum
1337 4016 1508 4088 (Rom.
1541 4034 1618 4082 Ix,
1642 4017 1752 4090 22).
1791 4039 1818 4067 n
1852 4019 1920 4072 Et
1951 4022 2082 4090 post

433 4105 740 4178 paululum
767 4122 781 4160 :
809 4127 836 4156 «
864 4104 928 4160 In
960 4105 1071 4160 hoc
1091 4104 1290 4176 itaque
1313 4105 1427 4160 ista
1445 4123 1585 4160 vasa
1606 4105 1760 4162 Deus
1783 4107 2002 4178 aptavit
2021 4107 2080 4162 in

432 4193 588 4265 quod
619 4191 1196 4266 praedestinavit,hoc
1218 4196 1308 4249 est
1327 4193 1386 4247 in
1410 4192 1712 4250 interitum
1739 4212 1752 4250 :
1776 4195 1942 4255 illum
1967 4196 2080 4252 uti-

433 4297 547 4354 que
571 4279 896 4351 interitum,
929 4297 1105 4354 quem
1139 4280 1354 4336 Paulus
1385 4281 1556 4338 malis
1596 4287 1830 4355 repente
1877 4302 2079 4357 super:

430 4373 746 4439 venturqm
784 4370 1150 4426 demonstrat
1181 4370 1381 4426 dicens
1416 4387 1429 4426 :
1465 4371 1599 4427 Cum
1645 4374 1792 4428 enim
1837 4372 2084 4430 dixerint

427 4475 542 4532 par
569 4466 620 4514 et
644 4460 927 4527 securitas,
961 4467 1090 4516 tunc
1118 4461 1432 4532 repentinus
1463 4463 1540 4516 eis
1569 4465 1909 4534 superveniet
1937 4465 2079 4519 inte-

432 4551 571 4605 ritus
599 4550 650 4618 (l
681 4549 858 4606 Thess.
885 4567 940 4618 v,
974 4551 1049 4622 3).
1078 4572 1104 4600 ››
1139 4549 1276 4606 Post
1308 4567 1435 4623 quae
1462 4551 1768 4623 subjunxit
1792 4553 1850 4608 in
1873 4555 2076 4610 eodem

2191 3391 2496 3448 rationalis
2527 3395 2804 3446 creaturae
2835 3393 3161 3464 nequitiam
3201 3395 3506 3450 referenda
3555 3396 3700 3465 sint,
3732 3399 3854 3454 du-

2191 3481 2355 3536 bium
2407 3496 2520 3535 non
2569 3484 2658 3534 est
2691 3478 2816 3536 sine
2846 3479 2967 3536 ulla
2997 3482 3098 3537 3‘8
3133 3483 3441 3555 temporali
3491 3484 3853 3556 differentia,

2191 3570 2375 3626 Deum
2396 3573 2454 3624 et
2476 3567 2777 3640 przcseisse
2799 3568 2976 3624 simul
3001 3573 3057 3625 et
3083 3571 3532 3642 praedestinasse
3563 3590 3692 3646 quae
3719 3575 3853 3650 ipso

2190 3661 2357 3714 erant
2384 3663 2619 3714 auctore
2648 3658 2933 3724 facienda,
2964 3658 3052 3714 vel
3086 3676 3211 3732 quae
3242 3659 3415 3716 malis
3437 3661 3664 3720 meritis
3679 3665 3852 3736 justo

2190 3752 2355 3804 erant
2395 3747 2621 3819 judicio
2669 3747 3045 3804 retribuenda
3077 3764 3090 3804 :
3123 3749 3426 3821 praescisse
3473 3755 3671 3808 autem
3713 3758 3851 3810 tan-

2191 3837 2517 3905 tummodo,
2550 3852 2667 3890 non
2716 3835 2892 3890 etiam
2943 3835 3411 3908 praedestinasse,
3447 3855 3574 3910 qua;
3623 3857 3742 3896 non
3778 3859 3852 3899 ex

2189 3925 2316 3998 ipso
2347 3927 2512 3981 erant
2532 3940 2770 3980 causam
2802 3923 3154 3996 operationis
3185 3925 3478 3982 habitura.
3514 3949 3542 3976 »
3575 3927 3694 3984 Nos
3725 3929 3849 3986 ita-

2190 4031 2323 4087 que,
2354 4013 2722 4082 charissime,
2753 4012 2877 4068 haec
2899 4013 3134 4069 interim
3157 4031 3344 4086 pauca
3365 4017 3435 4071 de
3456 4014 3622 4073 libris
3647 4021 3848 4077 sancti

2187 4102 2520 4176 Augustini,
2552 4107 2608 4158 et
2652 4103 2722 4157 de
2771 4102 3252 4174 responsionibus
3302 4103 3589 4178 Prosperi,
3622 4107 3698 4162 ob
3729 4107 3846 4167 hoc

2189 4191 2508 4247 maluimus
2538 4191 2675 4246 huic
2706 4190 2901 4246 libello
2934 4191 3208 4262 inserere,
3236 4195 3302 4248 ut
3329 4195 3526 4250 cuncti
3575 4199 3849 4256 noverint

2189 4280 2331 4354 quid
2365 4281 2613 4337 debeant
2643 4281 2712 4337 de
2742 4279 3250 4353 praedestinatione
3272 4287 3611 4340 sanctorum
3634 4285 3848 4360 impio-

2189 4387 2438 4444 rumque
2463 4369 2700 4426 sentire.
2735 4370 2866 4426 Haec
2909 4375 3147 4444 sumpta
3195 4375 3334 4428 sunt
3381 4373 3452 4430 de
3499 4373 3650 4432 libro
3704 4377 3844 4434 Ful-

2188 4459 2389 4534 gentii.

2827 4530 3060 4588 CAPUT
3101 4533 3188 4589 IX.

431 4637 580 4694 libro
609 4639 680 4694 de
707 4639 876 4694 beato
905 4619 1234 4713 Augustino
1266 4619 1467 4695 dicens
1505 4619 1646 4712 (cap.
1679 4639 1773 4709 29)
1805 4657 1818 4696 ε
1855 4666 1884 4692 α
1917 4643 1986 4698 Et
2016 4647 2079 4699 ut
2107 4653 2155 4720 ι)
2191 4619 3846 4720 ριεςεῑξιξιξηξηζξξιέρζξιζζξξάλξξεξτῖξωιξοηίξἪξιξιξιῖι,ξθζξεεητ

429 4726 848 4796 manifestiore,
880 4727 1098 4801 inquit,
1129 4728 1418 4784 dictorum
1453 4730 1583 4800 ejus
1634 4729 1846 4786 indicio
1877 4735 2079 4789 nostra

429 4815 706 4873 fulciatur
735 4816 999 4890 assertio,
1036 4817 1258 4890 aliquid
1304 4817 1473 4874 nobis
1523 4820 1859 4890 ponendum
1887 4825 1977 4876 est
2005 4823 2076 4878 de

429 4906 579 4962 libro
609 4921 787 4978 quem
820 4905 1058 4978 scripsit
1083 4907 1153 4962 de
1174 4907 1688 4964 Praedestinationc
1715 4913 2073 4980 sanctorum,

429 5013 544 5070 quo
563 4994 942 5058 manifestius
973 4995 1228 5052 ostendit
1259 4995 1385 5052 sine
1405 4997 1912 5070 prmdestinatione
1933 5017 2076 5072 pra:-

429 5084 733 5141 scientiam
777 5083 877 5140 Dei
929 5099 1058 5140 esse
1106 5100 1298 5156 posse,
1328 5085 1898 5156 praedestinationem
1944 5106 2078 5146 vero

429 5172 556 5228 sine
586 5172 956 5245 praescientia
1000 5189 1129 5228 esse
1177 5189 1293 5227 non
1341 5189 1533 5244 posse.
1569 5197 1596 5226 »
1629 5176 1700 5230 Et
1732 5181 1864 5248 post
1893 5195 2077 5250 pauca

433 5258 572 5331 (cap.
605 5260 694 5332 30)
729 5276 742 5315 :
780 5283 808 5311 ‹‹
841 5261 966 5316 Non
1016 5261 1212 5315 autem
1261 5258 1516 5332 ignoras,
1556 5261 1731 5320 etiam
1788 5265 2074 5334 praeterito

429 5350 692 5418 tempore
723 5347 809 5404 illi
837 5347 1310 5413 luculentissimo
1335 5353 1536 5405 sancto
1557 5351 1871 5424 Augustini
1892 5355 2072 5426 operi,

429 5434 587 5507 quod
619 5435 852 5507 scripsit
883 5438 954 5494 de
980 5436 1494 5494 Praedestinatione
1517 5442 1872 5510 sanctorum,
1899 5460 1932 5498 a
1954 5441 2078 5515 qui-

431 5523 684 5579 busdam
707 5523 888 5580 Gallis
910 5526 1204 5598 objectum
1229 5527 1384 5599 quod
1407 5527 1612 5583 beatus
1632 5530 1994 5603 Augustinus
2015 5531 2075 5587 in

431 5611 753 5668 assertione
783 5615 1315 5686 praedestinationis
1347 5617 1554 5672 divinae
1595 5624 1930 5690 peccatores
1959 5638 2075 5676 non

431 5701 504 5760 ad
535 5700 727 5759 solum
759 5702 1200 5776 praedestinatos
1222 5705 1876 5780 diceretjudicium,sed
1901 5709 2075 5766 etiam

2259 4693 2397 4768 tiam,
2423 4694 2481 4768 in
2510 4693 2878 4768 testimonium
2907 4692 3199 4768 deducunt,
3229 4692 3280 4751 et
3297 4697 3552 4768 quaedam
3579 4697 3646 4754 de
3679 4699 3846 4758 libris

2257 4764 2399 4841 beati
2424 4763 2716 4841 Augustini
2737 4765 3045 4841 proferunt,
3077 4765 3222 4822 unde
3250 4763 3366 4838 ipse
3384 4771 3472 4824 vir
3491 4770 3735 4841 insignis
3755 4789 3848 4830 eos

2253 4837 2504 4914 revincit,
2535 4843 2588 4890 et
2614 4836 2932 4914 Fulgentius
2979 4839 3092 4914 ipse
3137 4836 3514 4914 duetoritatem
3560 4836 3729 4914 quam
3775 4861 3848 4901 ex

2256 4909 2352 4968 illo
2381 4914 2667 4963 assumunt
2692 4908 2980 4978 manifeste
2998 4908 3264 4966 dissolvit.

2255 4997 2570 5052 Adducunt
2599 4996 2774 5051 etiam
2807 4995 2867 5050 in
2891 4996 3294 5053 testimonium
3319 4999 3612 5057 Isidorum
3635 5002 3847 5078 Hispa-

2186 5084 2408 5141 lensem
2441 5085 2802 5157 episcopum,
2835 5085 3027 5141 virum
3061 5087 3300 5142 doctum
3331 5093 3389 5144 et
3415 5089 3748 5164 legentibus
3779 5095 3843 5150 in

2187 5173 2388 5230 multis
2418 5175 2766 5246 proficuum,
2797 5175 2896 5246 qui
2923 5174 2982 5229 in
3013 5175 3160 5230 libro
3195 5176 3626 5235 Sententiarum
3654 5183 3846 5262 gemi-

2185 5280 2322 5320 nam
2357 5263 2496 5318 dicit
2526 5278 2654 5321 esse
2677 5263 3400 5336 praedestinationem,sive
3423 5267 3743 5330 electorum
3765 5271 3843 5328 ad

2185 5351 2593 5426 requiem,sive
2628 5353 3007 5426 reproborum
3031 5355 3100 5409 ad
3127 5357 3508 5423 mortem.Qui
3530 5357 3683 5414 hanc
3705 5379 3844 5416 sen-

2184 5441 2424 5498 tentiam
2459 5443 2517 5496 in
2551 5442 2806 5498 secundo
2859 5440 3028 5510 libro,
3065 5461 3192 5516 cap.
3223 5446 3278 5512 6,
3311 5445 3478 5517 quasi
3530 5464 3598 5502 ex
3645 5449 3844 5507 verbis

2185 5531 2370 5588 sancti
2403 5531 2664 5604 Gregorii
2686 5533 2757 5586 de
2776 5530 2923 5586 libro
2943 5531 3250 5592 Moralium
3269 5534 3552 5607 vigesimo
3570 5539 3846 5608 nono,vel

2184 5621 2466 5694 vigesimo
2498 5619 2724 5694 quinto,
2759 5621 2876 5677 sive
2907 5621 2978 5676 de
3011 5623 3198 5678 sancti
3229 5624 3544 5697 Augustini
3575 5625 3848 5698 dictis,ut

2189 5711 2419 5767 videtur
2447 5709 2800 5782 legentibus,
2818 5709 2902 5766 vel
2925 5713 3313 5786 undecunque
3335 5715 3846 5788 sumpserit,com-
