4002 6510
138 474 239 532 ωδ

137 623 235 662 non
261 610 343 661 est
372 603 655 677 iniquitas
684 606 837 677 apud
880 605 1085 661 Deum.
1121 607 1187 660 Et
1238 605 1371 660 hinc
1422 604 1753 677 intelligunt
1782 605 1836 673 Α

135 713 252 749 vasa
279 693 683 749 misericordia:
714 712 889 766 quam
922 696 1177 765 gratuita
1209 694 1324 748 illis
1358 693 1756 749 misericordia

134 783 451 854 praebeatur,
467 784 623 855 quod
648 782 743 838 ira:
773 782 948 845 vasis,
970 800 1101 837 cum
1128 783 1343 855 quibus
1387 784 1471 838 eis
1505 787 1591 836 est
1629 802 1752 854 μυλι-

132 869 345 926 ditionis
374 888 556 927 causa
600 875 659 926 et
705 887 904 926 massa
951 872 1306 936 communis,
1340 871 1425 927 ira
1468 871 1662 926 debita
1700 876 1756 926 et

122 961 267 1029 justa
290 958 682 1032 rependitur,»
706 961 775 1015 Et
794 959 936 1015 item
949 961 1313 1032 Augustinus
1334 960 1392 1014 in
1414 960 1659 1032 epistola
1681 961 1751 1015 ad

129 1050 379 1121 Optatum
427 1048 657 1104 dixerat
702 1051 882 1120 (epist.
914 1050 1005 1116 57)
1040 1066 1052 1103 :
1088 1072 1114 1097 ‹‹
1152 1050 1454 1120 Tanquam
1510 1049 1753 1119 tigulum

129 1137 318 1205 luti,ex
344 1136 548 1193 eadem
589 1153 787 1193 massa
810 1136 1190 1201 facere,uliud
1228 1154 1329 1191 vas
1362 1137 1417 1190 in
1450 1137 1749 1205 honorem,

127 1225 265 1280 aliud
294 1224 351 1279 in
382 1224 803 1281 contumeliam
832 1242 845 1281 :
873 1224 1079 1280 merito
1112 1229 1305 1281 autem
1335 1225 1627 1280 videretur
1665 1227 1751 1281 in-

117 1316 344 1384 justam,
369 1313 526 1386 quod
559 1314 709 1369 ﬁunt
735 1331 875 1370 vasa
904 1313 1000 1369 ira:
1032 1314 1103 1369 ad
1136 1314 1605 1385 perditionem,:—i
1637 1332 1753 1369 non

122 1410 258 1460 esset
276 1402 404 1475 ipsa
425 1402 698 1459 universa
724 1420 792 1458 ex
829 1403 1014 1458 Adam
1048 1420 1242 1458 massa
1272 1404 1565 1458 damnata.
1590 1404 1751 1469 Quod

121 1509 239 1563 ergo
260 1494 407 1548 fiunt
438 1490 573 1547 inde
608 1492 902 1548 nascendo
924 1509 1062 1567 vasa
1082 1491 1198 1557 ira,
1221 1491 1472 1563 pertinet
1493 1493 1564 1546 ad
1590 1492 1749 1547 debi-

123 1590 224 1637 tam
244 1597 477 1654 prunam
502 1597 516 1636 ε
543 1580 701 1653 quod
727 1585 922 1636 autem
948 1581 1095 1634 fiunt
1117 1581 1469 1636 renascendo
1491 1597 1627 1635 vasa
1649 1581 1753 1635 mi-

122 1669 444 1736 sericordiae,
463 1670 716 1741 pertinet
744 1669 819 1723 ad
851 1668 1172 1723 indebitam
1196 1668 1464 1741 gratiam.
1487 1669 1751 1724 Ostendit

120 1777 238 1831 ergo
266 1759 421 1815 Deus
452 1758 601 1812 iram
632 1774 825 1823 suam,
857 1774 972 1813 non
1007 1758 1207 1828 utique
1252 1758 1747 1829 perturbationem

120 1848 301 1917 animi,
323 1847 480 1903 sicut
507 1851 597 1902 est
627 1863 755 1919 quae
788 1846 872 1901 ira
899 1844 1154 1900 hominis
1205 1851 1613 1917 nuncupatur;
1647 1847 1747 1902 sed

110 1939 313 2007 justam
344 1938 644 2007 fixamque
673 1934 1010 1999 vindictam,
1046 1936 1198 2006 quod
1232 1935 1301 1989 de
1332 1935 1508 2007 stirpe
1549 1935 1745 1990 inobo-

116 2025 323 2080 dientia:
357 2023 601 2079 ducitur
630 2040 884 2097 prepago
914 2022 1135 2094 peccati
1168 2028 1340 2095 atque
1378 2022 1673 2095 supplicii,
1696 2029 1753 2079 et

112 2116 264 2169 homo
284 2118 459 2169 natus
481 2130 551 2169 ex
567 2112 833 2177 muliere,
853 2111 1003 2167 sicut
1028 2112 1085 2166 in
1126 2110 1275 2167 libro
1320 2112 1429 2167 Job
1463 2112 1750 2185 scriptum

108 2210 181 2258 ut
203 2208 466 2275 (cap.x1v,
490 2201 780 2273 t):brevis
804 2205 894 2256 est
924 2200 1058 2265 vita,
1082 2204 1139 2255 et
1179 2199 1385 2272 plenus
1413 2198 1745 2271 iracundia;

107 2294 216 2361 ejus
234 2292 388 2347 enim
414 2292 497 2346 rei
522 2307 623 2346 vas
655 2294 747 2345 est
777 2308 894 2362 qua
916 2289 1124 2362 plenus
1154 2294 1271 2357 est;
1298 2290 1452 2344 unde
1484 2290 1581 2345 ira:
1614 2308 1750 2346 vasa

106 2382 375 2436 dicuntur.
400 2379 679 2436 Ostendit
707 2384 765 2435 et
785 2378 1105 2451 potentiam
1130 2395 1321 2445 suam,
1341 2396 1460 2450 qua
1481 2379 1624 2433 bene
1643 2379 1751 2434 uti-

104 2476 185 2523 tur
209 2471 380 2525 etiam
410 2468 608 2535 malis,
627 2468 814 2524 multa
844 2468 959 2523 illis
994 2467 1285 2523 naturalia
1315 2472 1371 2521 et
1405 2468 1749 2539 temporalia

105 2562 236 2614 bona
258 2557 542 2631 largiens,
563 2573 886 2629 eorumque
917 2556 1203 2611 malitiam
1225 2557 1296 2611 ad
1318 2558 1667 2612 exercendos
1690 2562 1747 2613 et

103 2649 524 2722 Comparatione
546 2648 949 2704 admonendos
971 2647 1153 2702 bonos
1188 2647 1656 2713 accommodans,
1682 2650 1747 2700 ut

104 2738 151 2793 in
182 2738 261 2795 eis
281 2738 521 2794 discant
550 2752 722 2811 agere
769 2735 990 2808 gratias
1044 2736 1175 2804 Deo,
1210 2735 1363 2807 quod
1398 2734 1470 2789 ab
1513 2734 1597 2789 eis
1631 2752 1744 2789 non

104 2830 213 2883 suis
232 2826 622 2898 meritisque:
647 2824 709 2880 in
731 2825 932 2880 eadem
957 2840 1153 2878 massa
1172 2823 1335 2895 paria
1369 2823 1622 2887 fuerunt,
1643 2824 1742 2878 sed

103 2916 243 2972 illius
272 2913 651 2972 miseratione
683 2912 921 2969 discreti
940 2917 1096 2968 sunt.
1137 2935 1164 2961 »
1192 2912 1269 2967 De
1301 2911 1575 2983 qualibus
1606 2913 1743 2968 Gre-

105 3005 286 3075 gorius
318 3003 379 3059 in
409 3002 701 3076 vigesima
729 3002 919 3074 prima
949 3000 1263 3057 Ezechielis
1286 3000 1528 3056 homilia
1554 3000 1693 3056 dicit
1726 3018 1738 3056 :

108 3118 127 3143 ιι
158 3094 361 3150 Paulus
392 3110 531 3149 cum
557 3092 751 3147 adhuc
783 3090 947 3147 rudis
976 3095 1131 3146 esset
1162 3090 1220 3145 in
1257 3089 1391 3145 ﬁdei
1423 3090 1739 3159 vocatione,

104 3184 226 3254 quia
235 3184 361 3255 jam
385 3180 623 3238 Domini
641 3181 821 3245 _verba
853 3184 1204 3253 perceperat,
1226 3184 1281 3234 et
1306 3178 1522 3233 cmlesti
1555 3179 1743 3249 gratia

106 3274 291 3342 plenus
325 3275 474 3343 erat,
507 3287 613 3327 vas
642 3268 944 3326 electionis
970 3267 1465 3340 appellatur,cum
1488 3267 1736 3323 dicitur:

107 3341 189 3415 tu:
227 3341 510 3418 electionis
558 3359 702 3414 mihi
745 3367 825 3414 est
872 3359 1112 3429 (Act.1x,
1156 3359 1258 3425 15).
1300 3356 1438 3411 llinc
1480 3361 1741 3429 pastores
1773 3341 1816 3408 C

104 3458 147 3502 at
171 3468 262 3521 {ue
308 3451 582 3506 doctores
614 3447 897 3521 propheta
925 3448 1199 3502 admouet
1239 3446 1437 3501 dicens
1471 3463 1483 3501 :
1518 3446 1742 3501 Munda-

104 3542 228 3594 mzni
252 3541 349 3612 qui
376 3540 538 3609 fertis
572 3555 699 3592 vasa
734 3538 952 3591 Domini
974 3536 1098 3604 (lsa.
1135 3553 1228 3601 ιιι,
1258 3534 1496 3607 ll).Ipsi
1527 3535 1743 3590 etenim

106 3629 251 3699 quasi
283 3630 388 3685 42
420 3644 640 3682 mensa:
693 3625 922 3681 Domini
973 3642 1111 3679 vasa
1151 3629 1402 3697 portant,
1437 3624 1537 3695 qui
1567 3624 1744 3679 vitam

108 3718 350 3772 intelium
404 3714 729 3772 erudiendo
778 3713 1049 3779 tolerant,
1088 3719 1150 3767 ut
1199 3714 1549 3785 quandoque
1596 3712 1746 3768 hanc

108 3804 335 3861 Domino
368 3806 441 3860 ad
476 3804 889 3860 holocaustum
912 3807 969 3858 et
989 3801 1342 3858 sacriticium
1368 3802 1742 3873 perducant.»

106 3902 247 3958 Quas
277 3911 538 3966 sequens
569 3891 891 3948 sententias
942 3891 1165 3951 Florus,
1199 3907 1266 3944 ex
1314 3892 1483 3960 cujus
1531 3890 1747 3961 scripto

110 3983 203 4039 iste
232 3985 577 4056 quicunque
595 3981 673 4036 sit
703 3979 1050 4052 compilator
1091 3978 1392 4033 falsidicus
1436 3978 1556 4033 hazc
1587 3979 1748 4050 capi-

110 4072 215 4126 tula
242 4072 708 4129 commasticans
741 4069 959 4142 expuit,
994 4067 1209 4123 ibidem
1244 4067 1479 4139 scripsit
1525 4068 1746 4122 dicens.

122 4188 131 4203 -
167 4160 319 4216 Unde
364 4160 706 4234 Apostolus,
739 4158 951 4230 inquit,
979 4174 1119 4211 vasa
1166 4156 1575 4210 misericordia)
1625 4156 1752 4225 ejus

110 4250 349 4321 appellat
380 4252 563 4319 (Rom.
596 4266 674 4317 ιχ,
706 4250 823 4318 20),
854 4250 916 4302 ut
943 4246 1275 4301 ostenderet
1304 4244 1534 4299 divitias
1556 4245 1752 4317 gratia:

110 4358 213 4394 sua
240 4357 372 4413 quae
402 4337 753 4412 praeparavit
775 4336 833 4390 in
861 4334 1128 4407 gloriam.
1156 4336 1223 4389 Et
1245 4334 1536 4389 contrario
1557 4338 1753 4387 autem

108 4428 279 4485 malos
308 4427 609 4501 prcscivit
639 4442 742 4497 per
770 4423 1067 4497 propriam
1090 4420 1374 4477 malitiam
1400 4419 1584 4477 malos
1608 4422 1758 4476 futu-

106 4524 285 4581 ms,et
319 4513 615 4590 praescivit
645 4531 749 4585 per
778 4528 947 4569 suam
970 4510 1268 4583 justitiam
1301 4514 1516 4565 aitet-na
1539 4508 1758 4566 ultione

106 4604 484 4663 damdandos.
517 4604 687 4660 Sicut
744 4600 1086 4673 prmsciebat
1134 4601 1205 4655 de
1259 4598 1415 4653 Juda
1463 4598 1759 4669 proditore

826 474 927 534 DE
971 473 1724 533 Pli/EDESTINATIONE
1768 471 2284 534 DlSSER’I‘ATlO
2330 476 2793 536 POSTEltIOlt.

3397 479 3512 538 106

2513 606 2744 662 CAPUT
2783 607 2848 662 Χ.

1864 716 1935 768 De
1974 716 2295 768 testimoniis
2344 714 2774 784 Srriptararum,
2808 714 3003 785 quibus
3048 715 3413 771 Gothesrah‘us
3463 723 3516 772 et

1934 790 2023 839 sui
2052 804 2186 856 non;
2207 788 2223 839 Ι
2234 788 2257 837 ν’.
2271 804 2334 839 1's
2373 788 2551 839 utinm
2580 803 2743 839 sensu
2772 804 2805 840 (ι
2827 785 2931 855 [ide
2958 786 3222 840 catholica
3248 796 3300 842 et
3339 788 3512 843 ortho-

1933 857 2197 911 doreram
2227 858 2471 911 doctrina
2506 859 2986 912 irreverentissime
3014 856 3331 911 abutuntur.

1937 962 2251 1018 Sciendum
2283 967 2371 1018 est
2408 962 2606 1033 etiam,
2641 964 2793 1035 quod
2844 964 2953 1018 sub
3006 963 3116 1019 hoc
3165 980 3360 1029 sensu,
3395 982 3509 1036 quo

1866 1050 1976 1104 isto
2009 1051 2352 1122 compilator
2384 1069 2526 1106 usus
2557 1051 2921 1122 estApostoli
2958 1050 3310 1117 testimonio,
3330 1052 3507 1107 etiam

1862 1139 1994 1195 aliis
2018 1140 2367 1195 testimoniis
2391 1140 2445 1193 in
2480 1141 2792 1195 asset-endo
2826 1156 2999 1194 suum
3030 1157 3279 1195 errorem
3307 1141 3512 1198 Gothe-

1863 1229 2091 1283 scalcus
2114 1245 2246 1283 cum
2266 1229 2390 1283 suis
2413 1228 2778 1284 scholasticis
2804 1229 3079 1301 ul.itur,ut
3103 1230 3358 1285 Univerm
3376 1246 3509 1301 pro-

1856 1326 1978 1389 μιν·
2004 1320 2347 1389 semetipsum
2380 1326 2625 1389 operatus
2654 1326 2733 1372 est
2779 1319 3061 1383 Dominus,
3098 1318 3330 1389 impium
3377 1334 3505 1389 quo-

1862 1424 1962 1478 que
1990 1407 2059 1462 ad
2090 1407 2231 1462 diem
2257 1409 2466 1462 malum
2506 1409 2686 1475 (Prov.
2718 1424 2831 1474 xw,
2869 1408 2952 1475 4),-
2984 1410 3040 1461 et
3083 1406 3153 1461 de
3201 1406 3511 1462 Ecclesias-

1858 1497 1994 1561 tico,
2029 1498 2143 1567 Qui
2173 1496 2571 1567 transgreditur
2598 1514 2632 1551 α
2648 1497 2869 1568 justitia
2888 1495 2957 1550 ad
2981 1497 3508 1567 peccatum,partwii

1858 1601 1983 1640 cum
2010 1585 2150 1639 Deus
2179 1585 2248 1639 ad
2278 1585 2611 1656 romphaea»:
2641 1586 2827 1652 (Eccli.
2859 1601 3017 1655 XXVI,
3041 1586 3153 1651 27).
3178 1584 3258 1639 De
3290 1584 3506 1656 quibus

1860 1674 1940 1730 ita
1968 1673 2236 1728 catholici
2271 1674 2560 1729 sentiunt:
2583 1674 2721 1746 quia
2744 1673 2988 1746 impium
3010 1675 3081 1728 ad
3107 1672 3258 1727 diem
3283 1672 3502 1728 malum

1857 1767 2129 1833 cperatus
2160 1767 2247 1817 est
2278 1762 2652 1830 Dominus,et
2677 1763 3199 1833 transgredientem
3222 1761 3505 1831 ajustitia

1858 1851 1927 1905 ad
1952 1856 2254 1922 peccatum
2289 1851 2509 1921 paravit
2530 1852 2598 1905 ad
2625 1851 3003 1922 romphmam,
3034 1850 3173 1921 quia
3196 1866 3367 1920 quem
3400 1849 3506 1905 im-

1863 1940 2022 2012 pium
2065 1944 2124 1995 et
2172 1940 2694 2011 transgredientem
2745 1940 3007 1993 futurum
3051 1936 3354 2009 prmscivit,
3386 1954 3501 1993 non

1862 2028 2379 2100 pi-zedestinavitut
2415 2028 2486 2082 ad
2521 2027 2675 2083 diem
2723 2026 2835 2082 sibi
2884 2025 3201 2094 malum,et
3229 2026 3301 2081 ad
3347 2042 3501 2081 rom-

1859 2117 2107 2190 phasam,
2136 2117 2194 2171 id
2228 2121 2317 2171 est
2346 2116 2599 2171 debitam
2633 2114 2873 2171 ultionis
2901 2114 3219 2170 vindictam
3250 2114 3508 2185 perveni-

1861 2210 2081 2271 ret,sed
2102 2205 2728 2279 permisit,l‘actumque
2748 2202 2976 2275 proprio
3000 2202 3135 2258 vitio
3158 2202 3428 2274 impium,
3449 2206 3506 2258 et
3544 2206 3549 2209 ’

1860 2295 2096 2350 arbitrio
2111 2314 2216 2350 suo
2232 2299 2720 2366 transgressorem
2733 2295 2767 2364 ,j
2778 2298 2907 2347 usto
2923 2291 3146 2363 judicio
3159 2292 3504 2348 condemna-

1857 2384 1957 2438 vit.
1978 2384 2081 2451 Qui
2108 2402 2221 2439 non
2247 2384 2371 2439 ideo
2396 2389 2484 2439 est
2506 2384 2724 2455 impius
2749 2384 3154 2453 t'actus,neque
3178 2385 3268 2436 est
3290 2380 3504 2436 idcirco

1859 2477 2280 2543 transgressus,
2305 2474 2581 2545 quoniam
2603 2472 2822 2544 impius
2848 2473 3078 2526 futurus
3100 2474 3155 2526 et
3183 2473 3506 2542 transgres-

1856 2579 1952 2615 sor
1972 2566 2061 2617 est
2082 2562 2240 2617 aDeo
2264 2562 2567 2633 prmscitus
2592 2578 2604 2615 :
2629 2562 2727 2615 sed
2749 2560 2874 2615 ideo
2890 2564 2979 2615 est
3002 2558 3219 2631 impius
3240 2564 3298 2614 et
3324 2563 3506 2613 trans-

1854 2667 2087 2722 gressor
2108 2668 2142 2705 a
2165 2652 2278 2705 Deo
2303 2650 2622 2723 prmscitus,
2641 2649 2777 2721 quia
2798 2648 3013 2720 impius
3035 2652 3092 2703 et
3110 2651 3507 2719 transgressor

1851 2740 1991 2795 vitio
2023 2757 2127 2795 suo
2159 2744 2281 2794 erat
2313 2739 2563 2794 futurus.
2599 2738 2902 2809 Propterea
2936 2736 3271 2809 quicunque
3304 2735 3507 2807 legerit

1854 2828 1962 2883 hoc
1991 2828 2249 2899 Apostoli
2283 2826 2683 2881 testimonium
2722 2827 2778 2880 in
2811 2824 2994 2896 hujus
3018 2825 3188 2879 tertio
3225 2824 3505 2895 compila-

1852 2916 1995 2972 toris
2022 2917 2277 2987 capitulo
2313 2915 2585 2986 positum,
2611 2915 2813 2970 sanius
2842 2914 3164 2969 secundum
3196 2912 3505 2969 catholico-

1852 3024 1982 3060 rum
1996 3005 2230 3059 Patrum
2245 3004 2570 3059 doctrinam
2594 3002 2914 3073 intelligere
2928 3002 3097 3056 debet
3108 3001 3262 3072 quod
3278 3000 3502 3057 dictum

1851 3099 1939 3150 est
1959 3094 2030 3148 ab
2051 3092 2324 3165 Apostolo
2348 3109 2361 3147 :
2391 3094 2522 3147 Vasa
2544 3093 2645 3147 ira:
2662 3092 2897 3162 perfecta
2918 3090 2998 3145 vel
3019 3096 3200 3161 aptata
3226 3088 3296 3143 ad
3319 3089 3506 3145 interi-

1850 3193 1964 3240 tum
1986 3183 2157 3255 (Rom.
2182 3200 2256 3245 1x,
2280 3184 2395 3249 22),
2411 3186 2643 3252 peccato
2668 3179 2864 3251 primm
2888 3177 3380 3250 praevaricationis
3404 3195 3417 3233 :
3442 3183 3500 3233 et

1853 3272 2008 3344 quod
2032 3271 2192 3325 dicit.
2220 3269 2377 3325 Facit
2400 3270 2551 3324 Deus
2575 3286 2664 3324 ras
2698 3269 2755 3322 in
2774 3268 3050 3335 honorem,
3076 3265 3299 3322 scilicet
3318 3266 3507 3339 gratia

1853 3366 1910 3416 et
1934 3358 2476 3432 prredestinatione:
2505 3356 2641 3412 facit
2672 3360 2865 3412 autem
2888 3373 2981 3411 vas
3009 3356 3067 3410 in
3097 3356 3502 3420 contumeliam,

1854 3468 1968 3504 non
1993 3448 2305 3520 operando,
2328 3446 2425 3501 sed
2445 3445 2776 3517 justissima
2798 3444 3137 3509 deserendo,
3160 3443 3311 3499 sicut
3334 3442 3506 3514 plena

1854 3544 1993 3594 sunt
2022 3537 2480 3593 orthodoxorum
2512 3533 2811 3590 volumina
2842 3533 2940 3588 tali
2971 3531 3349 3604 expositione.
3383 3530 3505 3586 Sci-

1854 3626 1987 3683 licet
2013 3627 2115 3682 48
2138 3642 2254 3696 qua
2274 3642 2372 3679 cor
2396 3622 2708 3679 Pharaonis
2749 3622 2901 3691 iusto
2934 3621 3158 3692 judicio
3188 3619 3502 3685 induravit,

1857 3717 2009 3788 quod
2036 3733 2137 3787 per
2170 3714 2417 3786 gratiam
2450 3730 2563 3767 non
2609 3710 2888 3766 emollivit
2916 3727 2928 3764 :
2956 3710 3014 3764 in
3037 3710 3346 3781 reprobum
3379 3725 3508 3763 sen-

1858 3822 1989 3860 sum
2022 3821 2091 3859 ex
2122 3801 2503 3858 retributione
2527 3798 2795 3869 justitim,
2829 3798 2967 3869 quia
2997 3802 3085 3851 est
3116 3801 3416 3869 peccatum
3449 3800 3506 3852 et

1858 3911 2029 3966 poma
2061 3891 2302 3963 peccati.
2342 3890 2402 3944 in
2435 3888 2591 3943 aliud
2626 3904 2775 3957 smpc
2824 3889 3123 3957 peccatum
3175 3889 3508 3956 peccatores

1858 3981 2115 4047 tradidit,
2143 3978 2280 4050 quia
2309 3976 2497 4050 gratia
2533 3993 2644 4030 non
2675 3974 2943 4029 liberavit
2967 3972 3233 4049 :justitia
3265 3988 3504 4027 excaeca-

1858 4072 1960 4135 vit,
1977 4069 2116 4141 quia
2135 4067 2323 4137 gratia
2345 4083 2457 4121 non
2482 4063 2834 4119 illuminavit
2857 4079 2869 4116 :
2889 4080 2990 4118 vas
3014 4062 3071 4117 in
3094 4060 3506 4117 contumeliam

1862 4156 2171 4229 l'ecit,quia
2193 4157 2355 4227 justo
2387 4155 2443 4209 in
2468 4172 2664 4209 massa
2688 4150 3029 4224 perditionis
3071 4155 3245 4222 atque
3266 4151 3508 4206 damna-

1861 4247 2037 4304 tionis
2064 4244 2382 4316 reliquit,et
2403 4261 2516 4299 non
2542 4260 2643 4315 per
2663 4240 2909 4314 gratiam
2934 4238 3517 4312 praedestinandovas

1865 4334 2201 4391 honorabile
2233 4332 2386 4388 fecit.
2421 4332 2515 4387 Sic
2546 4335 2603 4386 et
2632 4328 2870 4385 inclusit
2901 4328 3180 4400 quoniam
3214 4344 3328 4383 non
3375 4343 3510 4400 ape—

1864 4425 2002 4495 ruit,
2036 4422 2322 4478 destruxit
2353 4420 2490 4492 quia
2520 4437 2635 4474 non
2666 4417 2993 4484 aedificavit,
3030 4416 3298 4490 dexpexit
3336 4432 3511 4488 quem

1867 4531 1981 4569 non
2008 4510 2285 4583 respexit;
2311 4515 2367 4565 et
2397 4526 2530 4564 eum
2559 4506 2659 4579 qui
2687 4505 3117 4578 transgreditur
3137 4504 3420 4577 ajustitia
3439 4504 3512 4560 ad

1869 4601 2259 4673 iniquitatem,
2280 4602 2337 4653 et
2365 4593 2999 4666 retributionejustitize
3021 4594 3173 4648 Deus
3198 4591 3512 4665 paravitad

108 4693 248 4763 quod
276 4710 407 4751 eum
434 4700 576 4749 esset
605 4689 930 4756 traditurus,
964 4688 1119 4744 sicut
1164 4686 1539 4758 Evangelium
1591 4686 1755 4754 dicit,
1790 4708 1832 4772 Β
1867 4689 2253 4762 romphmum;
2286 4692 2342 4741 et
2363 4684 2632 4758 permisit
2653 4688 2857 4756 gentes
2888 4682 3112 4772 ingredi
3132 4680 3435 4772 viasAsu-as,
3458 4684 3516 4735 et

105 4798 215 4836 rum
240 4791 382 4839 esset
408 4798 558 4837 unus
599 4796 672 4836 ex
717 4778 1000 4834 duodecim
1026 4777 1074 4846 (I
1100 4780 1263 4833 Joan.
1297 4793 1374 4842 v1,
1406 4778 1500 4843 72)
1535 4791 1547 4829 :
1583 4792 1757 4847 prais-

109 4870 285 4927 cicbat
312 4871 495 4928 etiam
528 4874 809 4925 aeternam
832 4867 961 4937 ejus
982 4864 1415 4922 damnationem
1446 4880 1580 4918 cum
1602 4863 1755 4917 diee-

111 4965 221 5014 mt:
256 4962 345 5019 νει
374 4969 560 5018 autem
593 4959 809 5015 homini
839 4957 929 5012 illi
969 4972 1067 5028 per
1113 4972 1270 5028 quem
1320 4955 1472 5025 ﬁlius
1519 4954 1757 5009 hominis

112 5051 347 5106 tradetur
376 5070 395 5105 :
419 5052 625 5107 bonum
652 5055 770 5103 erat
792 5049 847 5103 ei
873 5047 926 5101 si
952 5054 1113 5101 nauis
1142 5062 1251 5100 non
1270 5046 1464 5116 fuisset
1483 5043 1638 5097 homo
1666 5043 1759 5097 ille

134 5137 310 5195 Matth.
343 5156 497 5204 xxvr,
545 5139 664 5207 74).
700 5138 767 5192 Et
811 5135 948 5191 item
1000 5134 1185 5189 malos
1228 5151 1342 5187 non
1390 5132 1518 5186 ideo
1574 5130 1758 5203 perire

115 5230 247 5296 qnia
267 5229 408 5286 boui
435 5245 565 5285 esse
598 5244 716 5282 non
766 5229 1101 5298 potuerunt,
1137 5223 1238 5278 sed
1283 5220 1420 5293 quia
1462 5220 1595 5274 mali
1632 5237 1758 5273 esse

114 5317 433 5384 \oluerunt,
456 5323 513 5375 et
543 5334 654 5373 suo
686 5315 825 5371 vitio
854 5331 993 5370 vasa
1015 5314 1110 5368 ira:
1141 5316 1337 5383 aptata
1369 5310 1425 5363 iu
1461 5309 1758 5363 interitum

116 5410 644 5472 tvmveraverunt,
661 5404 797 5461 etin
816 5414 1012 5460 maSsa
1028 5400 1369 5474 perditionis
1386 5398 1467 5454 vel
1492 5396 1761 5470 originali

118 5493 199 5548 νει
226 5497 441 5555 actuali
468 5496 681 5555 merito
710 5496 1181 5568 permanserunt.
1220 5514 1246 5541 ››

444 5892 722 5956 Parnm.
767 5887 998 5955 CXXV.

1868 4777 2165 4834 hominem
2211 4774 2435 4830 dimisit
2489 4772 2547 4828 in
2601 4789 2779 4827 manu
2824 4769 3051 4827 consilii
3100 4769 3221 4839 sui;
3255 4769 3513 4825 balteum

1868 4883 2069 4939 regum
2082 4866 2310 4935 justum
2334 4861 2653 4917 deserendo
2676 4858 2958 4927 dissolvit,
2976 4860 3111 4915 fune
3127 4874 3292 4914 rencs
3312 4873 3513 4914 eorum

1869 4955 2256 5028 permittendo
2287 4951 2616 5023 przecingit;
2650 4966 2717 5003 ex
2747 4946 3129 5004 retributione
3163 4945 3408 5019 justitim
3453 4944 3514 4998 in

1869 5044 2245 5099 tentationem
2264 5038 2792 5110 inducit,quoniam
2808 5038 2969 5109 justo
2992 5036 3190 5092 induci
3209 5031 3511 5107 permittit.

1868 5136 1937 5189 Et
1968 5134 2023 5187 in
2056 5133 2185 5201 Job,
2219 5132 2468 5185 Privazvit
2518 5130 2657 5183 Deus
2705 5128 2975 5197 sapientia
3009 5126 3147 5193 (Job.
3184 5138 3371 5185 xxxxx,
3402 5121 3511 5191 17),

1871 5222 1961 5275 cui
1988 5222 2147 5291 justo
2182 5238 2291 5273 non
2326 5217 2483 5271 dedit
2519 5234 2530 5272 :
2566 5222 2621 5271 et
2646 5217 2714 5270 de
2746 5214 2836 5269 his
2868 5215 2937 5268 de
2970 5212 3182 5284 quibus
3229 5206 3514 5280 scriptum

1872 5310 2133 5381 cst,quia
2164 5326 2269 5363 non
2299 5314 2586 5377 potuerunt
2616 5304 2807 5359 (molire
2856 5303 3112 5373 quoniam
3152 5297 3331 5352 valuit
3374 5297 3516 5354 Deus

1871 5418 1958 5455 eos
2003 5398 2240 5453 arridere
2266 5397 2313 5464 (1
2345 5397 2466 5464 Heg.
2504 5412 2562 5455 ιι,
2596 5395 2707 5459 25),
2734 5390 2954 5443 scilicet
3002 5386 3156 5457 quod
3208 5386 3517 5443 mereban-

1872 5495 1968 5543 tur
2006 5505 2017 5542 :
2058 5492 2119 5540 ut
2154 5482 2616 5553 rcddatjustitia
2648 5479 2801 5551 quod
2848 5492 2961 5530 non
3013 5473 3277 5547 indulget
3306 5476 3514 5548 gratia.

1874 5577 2033 5632 Unde
2056 5580 2111 5629 et
2132 5575 2391 5643 Prosper,
2409 5590 2476 5625 ex
2508 5570 2694 5625 verbis
2726 5564 2910 5621 sancti
2941 5563 3272 5636 Augustini,
3307 5564 3363 5620 in
3397 5581 3517 5621 res-

1873 5664 2153 5737 ponsione
2186 5659 2528 5734 objectiouis
2580 5675 2650 5714 xv
2690 5653 3234 5726 Vineentianarum,
3264 5652 3520 5712 ostendit

1871 5753 2011 5832 quia
2033 5753 2187 5813 sicut
2207 5752 2361 5810 Deus
2382 5747 2601 5807 nemini
2625 5742 2999 5805 correctionis
3022 5744 3231 5805 adimit
3249 5743 3425 5819 viam,
3438 5743 3519 5805 ita

3160 5872 3201 5938 4
