4002 6448
471 418 586 478 107

1403 415 1701 478 HINCMA
1714 417 1789 478 BI
1838 413 2280 478 RHEMENSIS
2323 413 2938 476 ARCHIEPISCOPI.

3759 409 3882 474 108

466 569 572 607 nec
584 567 939 622 quemquam
965 550 1098 605 boni
1121 550 1508 621 possibilitate
1525 548 1800 621 dispoliat
1823 566 1836 604 :
1862 549 2000 620 quia
2012 548 2108 620 qui
2139 552 2194 618 Α
2221 555 2366 615 nent,
2389 547 2656 620 protinus
2685 546 3091 617 addendo,Sed
3123 546 3295 604 libera
3322 561 3421 603 nos
3448 563 3482 603 a
3504 545 3652 602 malo
3667 545 3879 614 (illaali-

465 657 527 695 se
557 656 590 694 a
619 639 734 694 Deo
783 638 1008 706 avertit,
1053 638 1176 710 ipse
1207 643 1261 693 et
1298 638 1442 694 velle
1489 640 1641 710 quod
1691 639 1908 693 bonum
1941 642 2028 693 est
2059 641 2116 692 et

465 745 634 800 posse
689 717 799 782 sibi
857 727 1117 782 sustulit.
1153 728 1276 782 Non
1317 733 1406 783 est
1448 745 1582 800 ergo
1634 744 2023 800 consequens,
2053 730 2118 781 ut

464 817 621 872 Deus
644 815 859 889 quibus
882 815 1283 888 pcenitentiam
1307 833 1420 872 non
1440 816 1664 872 dederit
1704 815 2115 888 respicentiam

469 905 796 973 abstulerit,
811 909 870 960 et
891 921 1038 976 quos
1061 908 1171 960 non
1195 903 1734 972 levaverit,aJliscrit
1757 921 1770 959 :
1799 920 1933 959 cum
1956 903 2114 958 aliud

471 993 550 1048 sit
579 993 870 1049 insontem
903 993 960 1047 in
994 994 1212 1049 crimen
1245 993 1454 1066 egisse,
1489 995 1641 1066 quod
1678 992 1932 1048 alienum
1965 997 2054 1048 est
2083 1008 2118 1048 a

471 1082 590 1138 Deo
623 1081 780 1138 aliud
812 1082 1129 1138 criminose
1161 1084 1387 1139 veniam
1420 1100 1534 1138 non
1583 1081 1833 1147 dedisse,
1857 1081 2011 1153 quod
2047 1081 2116 1136 de

472 1171 793 1244 peccatoris
821 1177 910 1228 est
941 1174 1165 1227 merito.
1204 1174 1328 1228 Istae
1361 1177 1498 1228 sunt
1529 1172 1656 1238 duae
1698 1174 1976 1236 sortes,et
1999 1171 2115 1224 duo

471 1259 716 1316 funiculi
747 1260 1019 1328 dimensi,
1045 1279 1198 1316 unus
1231 1262 1302 1316 ad
1338 1260 1744 1326 occidendum,
1768 1264 1826 1314 et
1858 1277 2011 1314 unus
2041 1259 2113 1314 ad

467 1349 904 1418 viviﬁcandnm,
929 1350 1362 1406 commemorati
1397 1351 1467 1405 de
1495 1349 1801 1421 scripturis
1823 1348 1881 1404 in
1920 1347 2114 1403 libello

471 1439 669 1494 domni
694 1437 1086 1505 Prudentii,ad
1112 1439 1574 1494 conﬁrmandam
1607 1437 1956 1493 sententiam
1978 1436 2117 1508 quia

468 1532 608 1584 sunt
638 1526 865 1598 reprobi
916 1544 949 1581 a
982 1527 1094 1582 Deo
1127 1527 1520 1598 praedestinati
1553 1527 1620 1581 ad
1657 1531 1929 1592 mortem,
1965 1526 2118 1581 sicut

469 1615 634 1672 electi
667 1616 740 1671 ad
770 1614 963 1674 vitam.
1002 1616 1111 1670 Sed
1164 1614 1394 1680 melius,
1421 1615 1559 1686 quia
1605 1615 1818 1679 verius,
1847 1615 2114 1686 Prosper,

468 1708 535 1760 ut
555 1704 828 1771 diximus,
846 1722 912 1758 ex
937 1703 1126 1759 verbis
1158 1705 1342 1759 sancti
1384 1703 1714 1776 Augustini,
1741 1703 1990 1774 qualiter
2020 1720 2113 1758 ca-

464 1792 675 1848 tholice
705 1791 1028 1864 intelligere
1059 1793 1376 1846 debeamus
1420 1793 1761 1864 hujusmodi
1803 1793 2113 1864 Scriptura:

464 1897 640 1936 sacrae
670 1879 992 1935 locutiones
1024 1880 1569 1952 aperuit.Videlicet
1605 1881 1740 1953 quia
1769 1885 1870 1936 aut
1901 1883 1972 1936 ad
2006 1883 2114 1936 do-

469 1985 612 2024 num
631 1969 881 2042 pertinet
900 1969 1118 2041 gratiae,
1135 1974 1236 2023 aut
1267 1970 1337 2023 ad
1382 1970 2114 2042 retributionem'justitize,

471 2057 758 2130 quidquid
818 2057 971 2112 Deus
1012 2057 1462 2112 misericorditer
1498 2059 1775 2130 justeque
1825 2059 1985 2126 facit,
2019 2059 2119 2131 qui

474 2146 609 2202 fecit
638 2163 765 2218 qua:
798 2146 994 2200 futura
1015 2151 1172 2212 sunt,
1189 2145 1324 2217 quia
1357 2151 1419 2200 ut
1439 2148 1496 2201 S.
1521 2148 1885 2220 Augustinus
1903 2147 2042 2202 dicit
2059 2147 2118 2203 iu

474 2233 622 2290 libro
643 2234 713 2289 de
731 2235 886 2289 Bono
909 2235 1526 2306 perseverantize,nibil
1558 2241 1647 2305 est
1679 2235 1790 2291 nisi
1832 2237 1983 2308 quod
2018 2239 2122 2292 aut

473 2323 598 2396 ipse
620 2322 888 2388 fecit,aut
911 2323 1032 2378 fieri
1067 2323 1190 2396 ipse
1214 2323 1517 2396 permittit,
1534 2329 1590 2379 et
1617 2323 1674 2378 in
1709 2324 1855 2380 libro
1877 2325 1948 2380 de
1978 2325 2119 2380 Gra-

472 2411 555 2468 tia
584 2416 641 2467 et
669 2411 850 2468 libero
869 2411 1122 2467 Arbitrio
1143 2413 1214 2466 ad
1237 2412 1610 2467 Valentinum
1646 2417 1702 2468 et
1730 2429 1863 2468 cum
1897 2430 1962 2468 eo
1995 2430 2117 2468 mo-

472 2501 691 2557 nachos
714 2502 851 2574 (cap.
877 2503 966 2572 21)
993 2517 1006 2556 :
1033 2524 1058 2549 «
1085 2501 1288 2555 Fixum
1323 2501 1475 2555 enim
1492 2503 1661 2557 debet
1680 2518 1807 2556 esse
1825 2506 1882 2558 et
1904 2501 2116 2556 immo—

470 2589 585 2645 bile
609 2589 669 2644 in
700 2589 872 2646 corde
901 2593 1111 2655 vestro,
1147 2589 1284 2660 quia
1332 2607 1447 2644 non
1495 2595 1585 2645 est
1632 2589 1916 2662 iniquitas
1963 2590 2120 2662 apud

470 2682 678 2746 Deum;
711 2695 777 2734 ac
797 2695 899 2750 per
919 2677 1028 2732 hoc
1052 2679 1285 2748 quando
1306 2677 1500 2751 legitis
1523 2679 1580 2734 in
1602 2679 1813 2734 litteris
1833 2678 2116 2748 veritatis,

468 2785 504 2823 a
521 2771 634 2823 Deo
655 2766 854 2823 seduci
877 2765 1165 2834 homines,
1183 2771 1283 2821 aut
1312 2768 1554 2823 obtundi
1579 2768 1665 2823 vel
1689 2768 1966 2824 obdurari
1993 2785 2119 2824 cor-

467 2856 541 2912 da
569 2854 985 2924 eorum,nolite
1028 2855 1295 2910 dubitare
1324 2856 1693 2927 praecessisse
1724 2857 1880 2912 mala
1911 2858 2120 2914 merita

467 2960 688 3013 eorum,
706 2946 770 2999 ut
780 2944 942 3014 juste
959 2941 1071 2998 ista
1093 2946 1530 3014 paterentur,ne
1553 2943 1866 3000 incurratis
1889 2944 1946 2998 in
1968 2942 2116 2999 illud

465 3033 835 3106 proverbium
885 3031 1214 3088 Salomonis
1247 3049 1260 3087 :
1295 3034 1622 3105 [nsipientia
1651 3035 1763 3088 viri
1791 3034 1961 3089 violat
2001 3034 2120 3088 vias

466 3125 602 3195 ejus,
629 3127 805 3178 Deum
824 3129 1004 3177 autem
1024 3129 1282 3176 causatur
1303 3122 1361 3176 in
1381 3121 1538 3177 corde
1557 3138 1654 3178 suo
1673 3123 1854 3191 (Prov.
1882 3122 2117 3194 xxx,3).»

466 3211 538 3266 Et
556 3209 615 3266 in
637 3211 839 3266 eodem
865 3213 995 3280 post
1018 3207 1318 3280 aliquanta
1345 3211 1488 3282 (cap.
1510 3212 1602 3278 23)
1629 3228 1640 3266 :
1667 3234 1694 3260 «
1717 3211 1958 3276 Quando
1979 3226 2116 3282 ergo

2223 656 2302 703 vr,
2339 638 2445 706 13),
2481 637 2787 693 manifeste
2818 637 3262 708 docemus,ejus
3291 635 3569 692 inducere
3600 635 3662 690 in
3695 638 3885 690 tenta-

2224 725 2442 782 tionem
2474 743 2590 782 non
2621 741 2750 782 esse
2778 723 2937 781 aliud
2969 742 3146 798 quam
3179 741 3294 780 non
3325 723 3572 780 liberare
3611 740 3646 779 a
3690 721 3881 792 malo;

2226 815 2354 886 ejus
2377 815 2615 888 perdere
2637 814 2896 871 animam
2929 831 3058 870 esse
3088 832 3122 870 a
3150 813 3474 886 perditione
3504 811 3731 870 salvam
3762 829 3882 868 non

2225 905 2433 960 facere.
2471 927 2500 953 »
2531 905 2600 959 Et
2649 907 2887 959 sanctus
2937 901 3251 976 Gregorius
3301 902 3360 957 in
3405 900 3554 958 libro
3595 901 3884 975 vigesimo

2226 1010 2380 1049 nono
2429 993 2568 1066 (cap.
2623 993 2710 1062 15)
2741 991 3052 1048 Moralium
3085 1007 3099 1046 :
3131 1014 3158 1042 «
3212 990 3633 1064 Semetipsum,
3665 988 3884 1062 inquit,

2226 1082 2511 1138 Dominus
2543 1081 2652 1137 hoc
2681 1080 2812 1154 gelu
2830 1080 3072 1154 gignere
3092 1079 3383 1153 perhibet;
3407 1096 3522 1136 non
3547 1096 3665 1152 quo
3686 1095 3890 1152 pravo-

2227 1186 2358 1224 rum
2381 1173 2610 1225 mentes
2631 1168 2754 1240 ipse
2777 1169 2848 1224 ad
2872 1167 3105 1240 culpam
3137 1168 3370 1239 format,
3394 1167 3494 1224 sed
3517 1183 3636 1240 quo
3658 1184 3695 1222 a
3713 1166 3890 1240 culpa

2226 1274 2343 1314 non
2392 1257 2631 1324 liberat;
2663 1256 2818 1313 sicut
2859 1257 3143 1328 scriptum
3175 1259 3281 1325 est,
3314 1257 3421 1328 Ego
3471 1255 3754 1312 obdurabo
3793 1272 3889 1312 cor

2224 1347 2530 1403 Pharaonis
2561 1346 2753 1415 (Exod.
2786 1363 2843 1402 ιν
2863 1349 2918 1401 et
2936 1345 3058 1418 v11),
3081 1346 3232 1418 quod
3256 1343 3394 1418 quia
3422 1343 3885 1401 misericorditer

2227 1435 2454 1492 mollire
2483 1435 2690 1504 noluit,
2723 1435 2977 1508 profecto
3006 1433 3266 1491 districts
3314 1451 3376 1490 se
3405 1433 3698 1491 obdurare
3728 1451 3880 1489 nun-

2226 1523 2408 1580 tiavit.
2429 1547 2456 1573 »
2488 1524 2634 1580 Hinc
2665 1527 2902 1580 sanctus
2933 1523 3297 1596 Augustinus
3327 1521 3386 1578 in
3427 1521 3658 1596 psalmo
3687 1540 3839 1578 xxxv
3867 1539 3881 1579 :

2225 1613 2391 1670 Dedit
2442 1614 2573 1670 illos
2620 1613 2761 1669 Deus
2809 1615 2868 1668 in
2915 1611 3603 1684 cmicupiscentiascordis
3636 1610 3886 1679 illorum,

2223 1708 2405 1774 facere
2435 1717 2560 1774 quae
2588 1717 2698 1757 non
2727 1701 3055 1756 conveniunt
3083 1700 3256 1769 (Rom.
3291 1713 3331 1766 ι,
3363 1698 3474 1771 28).
3499 1697 3557 1754 Si
3595 1703 3751 1754 Deus
3781 1697 3890 1755 hoc

2227 1791 2368 1846 facit
2391 1795 2457 1846 ut
2476 1791 2693 1846 faciant
2713 1807 2840 1862 quae
2861 1806 2976 1844 non
3017 1787 3389 1858 conveniunt,
3409 1787 3550 1859 quid
3594 1787 3711 1860 ipsi
3747 1787 3890 1844 fece-

2229 1883 2404 1935 runt?
2422 1881 2570 1952 Ergo
2594 1879 2700 1936 fuit
2724 1877 3214 1951 concupiscentia,
3239 1893 3414 1950 quam
3436 1879 3670 1933 vtncere
3688 1875 3889 1934 nolue—

2233 1973 2390 2036 runt,
2406 1969 2496 2023 cui
2522 1969 2890 2024 traderentur
2915 1966 3142 2037 judicio
3164 1965 3349 2035 Dei,si
3381 1969 3485 2020 aut
3513 1963 3676 2039 digni
3709 1965 3888 2022 habe-

2232 2062 2433 2113 rentur
2452 2057 2552 2129 qui
2583 2057 2975 2112 traderentur.
2997 2078 3024 2107 »
3049 2056 3119 2111 Et
3147 2055 3206 2110 in
3230 2053 3456 2128 psalmo
3485 2071 3660 2112 xxvm
3685 2071 3699 2110 :
3723 2078 3753 2105 ‹‹
3776 2053 3888 2110 Alii

2231 2147 2504 2201 dicebant
2523 2147 2714 2200 Bonus
2745 2149 2854 2211 est,
2876 2143 2972 2200 alii
3003 2143 3239 2200 Non.Ut
3266 2142 3411 2199 alios
3443 2142 3502 2198 in
3534 2142 3890 2200 charitatem

2230 2253 2400 2292 suam
2423 2235 2732 2307 trajiceret,
2747 2233 2892 2290 alios
2913 2233 2973 2288 in
3005 2232 3229 2289 malitia
3247 2249 3446 2288 eorum
3470 2231 3890 2305 relinqueret.»

2230 2325 2300 2380 Et
2331 2325 2390 2378 in
2421 2323 2646 2396 psalmo
2673 2340 2726 2378 v1
2753 2340 2764 2378 :
2788 2323 2944 2379 Dedit
2971 2323 3094 2378 illos
3123 2324 3264 2378 Deus
3313 2323 3374 2378 in
3421 2321 3718 2394 reprobum
3766 2337 3892 2378 sen-

2228 2430 2371 2468 sum.
2405 2414 2552 2468 Nam
2584 2430 2651 2468 ca
2681 2416 2772 2468 est
2810 2411 3040 2468 caecitas
3079 2411 3282 2467 menti.
3317 2411 3380 2466 In
3430 2427 3560 2466 eam
3609 2409 3892 2484 quisquis

2230 2502 2404 2557 datus
2455 2501 2629 2557 fuerit
2673 2502 2745 2558 ab
2790 2501 3063 2558 interiore
3094 2501 3195 2557 Dei
3238 2499 3367 2556 luce
3397 2498 3748 2568 secludiiur;
3783 2499 3890 2557 sed

2229 2591 2492 2646 nondum
2523 2589 2756 2664 penitus
2778 2608 2912 2647 cum
2945 2590 3004 2645 in
3025 2590 3135 2646 hac
3151 2589 3270 2645 vita
3289 2591 3378 2645 est
3402 2605 3415 2644 :
3449 2591 3588 2646 sunt
3608 2587 3770 2644 enim
3801 2591 3890 2644 te-

2230 2679 2420 2736 nebrae
2460 2679 2935 2752 exteriores,qua3
2958 2679 3148 2752 magis
3179 2677 3253 2735 ad
3282 2677 3436 2734 diem
3461 2676 3672 2750 judicii
3703 2677 3892 2750 perti-

2229 2785 2365 2824 nere
2394 2767 2823 2840 intelliguntur,
2847 2772 2912 2824 ut
2944 2766 3178 2840 penitus
3204 2770 3365 2823 extra
3393 2766 3579 2822 Deum
3616 2765 3694 2822 sit
3722 2765 3893 2838 quis-

2229 2859 2362 2931 quis
2385 2859 2525 2914 dum
2543 2862 2775 2932 tempus
2802 2861 2891 2914 est
2917 2857 3129 2931 corrigi
3155 2855 3466 2914 noluerit.»
3485 2856 3556 2912 Et
3573 2854 3631 2912 ia
3650 2854 3891 2928 psalmo

2226 2964 2263 3003 v
2295 2964 2308 3003 :
2346 2968 2375 2998 «
2395 2947 2540 3002 Cum
2571 2946 2742 3020 punit
2765 2951 2914 3003 Deus
2944 2950 3296 3020 peccatores,
3321 2963 3438 3002 non
3460 2943 3683 3002 malum
3704 2961 3892 3002 suum

2228 3036 2314 3093 eis
2361 3036 2556 3104 infert,
2589 3037 2690 3093 sed
2741 3035 2912 3093 malis
2961 3052 3163 3091 eorum
3213 3052 3311 3092 eos
3359 3033 3676 3090 dimittit.»
3713 3034 3788 3090 Et
3829 3034 3891 3090 in

2229 3123 2454 3198 psalmo
2479 3142 2558 3181 vn
2591 3142 2604 3181 :
2639 3148 2667 3175 «
2702 3125 2842 3181 Esse
2873 3124 2945 3180 ad
2967 3123 3158 3180 lucem
3189 3122 3459 3196 pertinet,
3483 3139 3597 3179 non
3635 3138 3770 3179 esse
3812 3122 3892 3179 ad

2228 3214 2520 3270 tenebras.
2541 3213 2650 3283 Qui
2679 3231 2814 3287 ergo
2847 3213 3062 3270 deserit
3090 3230 3225 3270 eum
3255 3229 3290 3270 a
3315 3228 3431 3285 quo
3461 3211 3652 3268 factus
3682 3214 3796 3278 est,
3833 3217 3894 3268 et

469 3299 690 3355 auditis
730 3298 1018 3354 dicentem
1066 3297 1376 3353 Dominum
1411 3315 1422 3353 :
1459 3300 1565 3370 Ego
1614 3302 1876 3356 Domiuus
1918 3300 2116 3356 seduxi
2144 3291 2188 3358 C
2226 3302 2472 3359 inclinat
2491 3302 2549 3358 in
2581 3301 2638 3358 id
2672 3303 2825 3358 unde
2857 3303 3046 3360 factus
3075 3300 3255 3369 est,id
3286 3300 3462 3358 estin
3507 3299 3789 3369 nihilum,
3825 3299 3890 3357 in

465 3388 782 3461 prophetam
811 3389 974 3443 illum
999 3387 1208 3459 (Ezech.
1242 3405 1354 3456 xxv,
1386 3389 1440 3457 9)
1473 3405 1486 3442 :
1519 3393 1576 3444 et
1606 3389 1762 3460 quod
1816 3389 1898 3444 ait
1933 3391 2116 3461 Apos-

466 3476 621 3533 tolus
653 3494 666 3532 :
703 3477 868 3551 Cujus
917 3479 1030 3534 vult
1073 3479 1380 3544 miseretur,
1415 3485 1466 3534 et
1513 3494 1668 3550 quem
1719 3478 1836 3534 vult
1890 3478 2120 3534 obdurat

465 3567 641 3636 (Rom.
674 3585 750 3635 Ix,
779 3567 885 3634 i8),
921 3567 978 3620 in
1010 3583 1074 3622 eo
1108 3583 1282 3638 quem
1316 3566 1514 3621 seduci
1548 3570 1653 3622 44
1696 3567 1983 3638 permittit
2027 3567 2116 3622 vel

467 3655 764 3722 obdurari,
799 3655 951 3710 mala
981 3657 1108 3726 ejus
1140 3655 1368 3721 merita,
1405 3655 1463 3708 in
1497 3672 1563 3709 ea
1593 3672 1726 3710 vero
1756 3655 1926 3725 cujus
1949 3655 2118 3710 mise-

467 3749 646 3812 retur,
677 3745 924 3818 gratiam
959 3745 1056 3800 Dei
1105 3761 1220 3800 non
1273 3743 1570 3798 reddentis
1602 3743 1755 3798 mala
1784 3761 1886 3816 pro
1920 3742 2113 3814 malis,

465 3835 567 3890 scd
598 3835 750 3890 bona
777 3852 879 3906 pro
914 3833 1104 3900 malis,
1141 3831 1389 3888 fideliter
1417 3837 1474 3887 et
1504 3832 1908 3888 indubitanter
1933 3849 2116 3904 agno-

465 3923 629 3980 scite.
653 3924 768 3979 Nec
799 3924 926 3978 ideo
955 3923 1234 3978 auferetis
1265 3940 1298 3976 a
1346 3922 1643 3977 Pharaone
1683 3921 1930 3978 liberum
1963 3921 2116 3977 arbi-

465 4011 666 4079 trium,
702 4012 840 4084 quia
871 4011 1076 4066 multis
1107 4010 1248 4066 locis
1293 4010 1432 4066 dicit
1481 4011 1635 4068 Deus
1669 4027 1681 4066 :
1713 4014 1829 4083 Ego
1860 4011 2119 4067 induravi

467 4100 831 4167 Pheraeum,
853 4100 944 4155 vel
971 4099 1230 4155 induravi
1249 4103 1350 4154 aut
1381 4099 1648 4156 indurabo
1677 4116 1768 4156 cor
1811 4101 2118 4156 Pharaonis

471 4189 596 4245 Non
629 4187 785 4244 enim
818 4193 1124 4260 propterea
1152 4188 1275 4260 ipse
1307 4188 1528 4243 Pharao
1561 4206 1674 4244 non
1706 4188 2001 4244 induravit
2021 4205 2120 4246 cor

2225 3391 2336 3449 hoc
2365 3397 2602 3465 peccato
2631 3392 2989 3460 tenebratur,
3004 3395 3061 3448 et
3091 3395 3287 3448 tamen
3309 3407 3425 3447 non
3447 3388 3682 3462 penitus
3701 3389 3888 3462 perit,

2227 3482 2327 3539 sed
2361 3481 2420 3537 in
2454 3481 2674 3538 infimis
2700 3481 3024 3538 ordinatur.
3053 3503 3082 3532 »
3117 3480 3218 3538 His
3249 3477 3668 3536 catholicorum
3702 3478 3891 3536 docu-

2231 3570 2449 3626 mentis
2481 3574 2758 3644 agnoscat
2786 3569 3179 3644 capitulorum
3229 3567 3595 3642 compilator,
3629 3566 3779 3624 nihil
3825 3585 3893 3625 se

2227 3659 2488 3732 adjuvari
2511 3675 2680 3732 posse
2701 3677 2734 3714 a
2757 3659 3061 3733 Fulgentio
3085 3659 3144 3715 in
3167 3657 3528 3732 expositione
3549 3657 3892 3714 secundum

2228 3765 2404 3804 suum
2437 3765 2674 3804 sensum
2710 3747 2890 3820 hujus
2921 3747 3021 3804 45
3053 3746 3355 3821 apostolici
3379 3745 3895 3814 testimonii.0ua—

2227 3840 2465 3909 propter
2494 3837 2564 3891 ad
2597 3836 3020 3909 perscrutanda
3048 3835 3288 3910 capituli
3341 3834 3566 3908 reliqua
3616 3838 3892 3892 transea-

2227 3942 2384 3982 mus.

2876 4041 3106 4098 CAPUT
3143 4033 3256 4098 XI.

2326 4167 2402 4222 De
2423 4166 2828 4238 perscrutandis
2847 4167 3076 4240 capituli
3103 4166 3474 4240 subsequentis
3505 4165 3782 4240 reliquiis.

471 4294 678 4345 suum;
717 4293 852 4332 nam
884 4282 942 4332 et
971 4277 1079 4334 hoc
1125 4277 1197 4332 de
1245 4275 1344 4332 illo
1394 4276 1626 4348 legitur,
1660 4278 1894 4350 quando
1925 4276 2119 4333 ablata
2299 4281 2560 4354 Denique
2580 4281 2662 4338 ait
2681 4285 2897 4349 noster,
2916 4280 3055 4354 quia
3073 4281 3334 4338 veritatis
3356 4281 3684 4338 secundum
3706 4298 3890 4340 suam

476 4365 666 4421 estab
711 4363 992 4436 Egyptiis
1051 4364 1355 4436 cynomyia
1402 4364 1629 4420 dicente
1677 4365 1978 4438 Scriptura
2011 4382 2022 4421 :
2056 4367 2124 4422 Et
2227 4369 3891 4444 intelligentiaminfestissimusperseeutor,«lnelectione

476 4453 794 4523 aggravavit
820 4451 1036 4509 Pharao
1083 4469 1175 4508 cor
1215 4469 1378 4508 suum
1420 4461 1471 4509 et
1517 4455 1579 4509 in
1627 4455 1725 4510 isto
1775 4463 2028 4527 tempore,
2071 4462 2123 4511 et
2226 4461 2422 4514 tamen
2447 4458 2860 4516 salvandorum
2893 4459 3352 4516 misericordiam
3403 4457 3504 4514 Dei
3551 4459 3892 4530 praecedere

472 4542 654 4598 noluit
680 4541 950 4598 dimittere
974 4543 1236 4614 populum
1259 4543 1447 4614 (Exod.
1481 4543 1632 4616 VIII);
1667 4561 1732 4599 ac
1777 4561 1879 4616 per
1924 4543 2034 4600 hoc
2063 4548 2120 4600 et
2227 4549 2499 4605 meritum
2518 4547 2738 4606 bonum
2763 4566 2776 4606 :
2802 4548 2861 4604 in
2883 4548 3254 4606 damnatione
3271 4551 3464 4604 autem
3479 4547 3890 4620 periturorum

473 4629 949 4730 Deus-induravit
1091 4631 1720 4730 justu'mjludicium,et
1751 4633 1874 4730 ipse
1897 4633 2118 4730 Pharao
2150 4664 2196 4730 Ι)
2227 4637 2449 4694 malum
2480 4639 2755 4694 meritum
2778 4637 3098 4710 praecedere
3127 4638 3359 4710 justum
3381 4635 3478 4692 Dei
3500 4636 3825 4708 judicium.
3856 4661 3890 4690 ››

473 4718 845 4792 perliberum
868 4719 1233 4774 arbitrium.»
1257 4721 1443 4792 Hujus
1472 4721 1647 4776 etiam
1669 4721 1982 4778 locutionis
2004 4739 2123 4778 mo—
2150 4718 2193 4730 “’
2230 4727 2428 4783 Noluit
2456 4727 2576 4782 haec
2623 4726 2734 4783 iste
2783 4725 3128 4799 compilator
3173 4725 3258 4783 sic
3314 4741 3548 4799 ponere,
3581 4724 3737 4782 sicut
3778 4727 3891 4786 illa

474 4809 615 4864 dum
637 4813 694 4864 et
714 4809 867 4864 Beda
888 4809 944 4863 in
967 4809 1224 4865 secundo
1253 4809 1400 4866 libro
1421 4811 1733 4865 commenti
1759 4811 1924 4866 Lucae
1946 4829 2117 4867 evan-
2229 4815 2435 4872 Florus
2481 4816 2543 4871 in
2593 4833 2699 4874 suo
2747 4817 2962 4889 scripto
3011 4817 3159 4873 bene
3205 4815 3438 4872 studuit
3462 4831 3698 4888 ponere,
3729 4820 3790 4872 et
3818 4817 3887 4875 in

471 4895 691 4971 gelistaa
729 4897 1419 4969 demonstrat,exponens
1454 4898 1802 4955 sententiam
1833 4899 1970 4955 dicti
2013 4901 2121 4956 Do-
2226 4910 2680 4978 quantocunque
2709 4905 2812 4962 illa
2838 4905 3030 4962 verbis
3059 4903 3434 4974 convertit,in
3465 4909 3627 4960 tanto
3665 4921 3702 4961 θ.
3721 4911 3888 4963 recto

469 4985 692 5054 minici,
716 4985 972 5042 animam
1005 4987 1223 5042 salvam
1256 4989 1439 5044 facere
1471 5005 1544 5042 an
1590 4988 1847 5059 perdere,
1873 4988 1980 5044 hoc
2027 4993 2117 5046 est
2225 5011 2400 5050 sensu
2432 4994 2723 5066 pervertit.
2748 4995 2901 5050 Dixit
2929 5011 3184 5068 namque
3213 4993 3328 5064 ille,
3357 4992 3538 5050 «Sive
3584 4997 3786 5051 autem
3817 4995 3886 5053 in

470 5074 769 5132 hominem
793 5093 993 5131 curare
1007 5093 1080 5131 an
1106 5093 1249 5131 non:
1267 5101 1292 5126 «
1310 5077 1467 5132 Idem
1485 5077 1737 5148 estquod
1755 5077 2115 5150 praemiserat
2223 5081 2339 5137 illis
2362 5082 2461 5155 qui
2493 5082 2794 5138 salvantur
2822 5083 2940 5139 sive
2960 5083 3020 5139 in
3049 5083 3164 5140 illis
3185 5082 3284 5156 qui
3314 5086 3579 5156 pereunt,
3599 5083 3886 5142 voluntas

469 5165 615 5220 bene
642 5166 828 5222 facere
854 5184 925 5221 an
951 5165 1103 5220 male
1129 5182 1142 5222 :
1167 5183 1281 5220 non
1313 5166 1465 5238 quod
1503 5167 1652 5221 Deus
1673 5183 1901 5223 summe
1922 5168 2111 5225 bonus
2223 5170 2457 5244 propria
2487 5175 2914 5240 remuneratur,
2945 5172 3213 5229 voluntas
3251 5171 3488 5245 propria
3531 5172 3882 5232 damnatur.

469 5258 673 5310 auctor
701 5255 840 5312 mali
871 5255 1040 5311 nobis
1068 5260 1170 5310 aut
1200 5254 1544 5326 perditionis
1586 5271 1714 5311 esse
1763 5257 1976 5329 possit;
2011 5257 2112 5314 sed
2223 5261 2334 5316 Sed
2365 5260 2424 5314 in
2447 5259 2738 5334 illis,quia
2767 5278 2871 5334 per
2906 5261 3154 5334 gratiam
3189 5260 3418 5317 Domini
3451 5260 3762 5318 salvatoris
3790 5266 3890 5320 est

469 5343 625 5414 quod
657 5345 783 5415 ejus
814 5363 929 5400 non
950 5343 1171 5401 salvare
1194 5343 1502 5415 Scriptum
1533 5347 1952 5402 consuetudine
1982 5365 2110 5419 per-
2222 5353 2448 5418 sanata,
2466 5354 2532 5406 ut
2561 5367 2630 5406 ex
2658 5349 2817 5406 mala
2843 5354 2899 5406 et
2935 5367 3112 5423 prava
3147 5351 3310 5407 ﬁeret
3329 5350 3484 5408 bona
3499 5355 3558 5406 et
3576 5355 3758 5419 recta,
3791 5357 3889 5410 est

469 5431 604 5488 dere
626 5432 870 5501 dicatur,
888 5434 1040 5490 sicut
1063 5432 1276 5489 dicitur
1305 5433 1610 5490 indurasse
1641 5452 1740 5499 cor
1769 5435 2109 5508 Pharaonis,
2221 5437 2604 5512 proculdubio
2650 5437 2996 5512 dignissime
3037 5444 3331 5497 coronata.
3367 5440 3433 5497 In
3474 5439 3607 5496 istis
3650 5444 3882 5515 autem,

467 5537 583 5577 non
616 5522 770 5593 quod
794 5522 967 5578 molle
987 5520 1491 5587 obduraverit,sed
1516 5525 1670 5596 quod
1703 5525 1929 5580 meritis
1961 5542 2112 5598 prae-
2221 5527 2360 5600 quia
2388 5545 2503 5584 non
2526 5527 2844 5601 acquiescit
2864 5545 2968 5602 per
2987 5529 3343 5587 Salvatorem
3364 5530 3619 5604 recipere
3650 5530 3885 5588 sanita-

467 5611 808 5668 cedentibus
839 5613 1191 5669 obduratum
1220 5611 1674 5669 misericorditer
1709 5613 1972 5670 emollire
2001 5631 2109 5670 no-
2217 5617 2696 5690 tem,justissime
2725 5635 2828 5690 per
2854 5621 3125 5676 eumdem
3149 5619 3412 5692 judicem
3443 5619 3656 5678 sentiet
3675 5637 3889 5696 perpe-

461 5699 742 5764 luerit.Et
780 5719 913 5762 cum
953 5718 1248 5779 rogamus,
1281 5703 1356 5760 Nc
1382 5719 1478 5761 nos
1509 5704 1736 5761 inducas
1767 5706 1828 5762 in
1857 5706 2110 5765 tentatio-
2216 5709 2382 5765 tuam
2414 5706 2908 5767 domnationem.»
2938 5710 3008 5768 Et
3027 5724 3206 5788 supra
3235 5727 3250 5767 :
3285 5734 3314 5764 «
3347 5711 3496 5790 Ergo
3518 5710 3708 5772 bonos
3729 5727 3884 5790 pra-

3884 5985 3916 6016 ,.
