4002 6476
147 465 258 528 109

765 438 776 448 ’
829 467 934 529 DE
975 467 1738 530 PIUEDESTINATIONE
1783 467 2300 533 DlSSElt'l‘ATIO
2345 473 2808 536 pos'rsmon.

3423 456 3540 536 mi

143 597 308 653 scivit
335 596 578 654 omnino
597 603 658 654 et
686 614 790 670 per
806 599 1054 672 gratiam
1078 617 1246 656 suam
1273 601 1456 656 bonos
1478 588 1792 668 futuros,et
1817 602 1866 668 Α
1899 600 2126 658 vivendi
2150 604 2369 662 donum
2397 606 2695 678 pervenire
2715 611 3068 674 mereantur,
3091 607 3242 664 sicut
3259 607 3542 665 Dominus

143 703 242 759 per
268 687 540 742 eamdem
579 687 829 759 gratiam
867 693 1083 744 aeterna
1125 689 1361 758 praemia
1401 694 1742 760 accepturos
1775 705 1790 744 :

143 775 197 830 id
227 779 316 831 est
347 774 409 830 in
441 775 717 848 presenti
761 768 976 832 saeculo
1021 777 1168 832 bene
1196 777 1450 834 victuros
1479 781 1538 834 et
1586 776 1646 832 in
1697 777 1793 834 fu-

141 867 268 920 turo
311 861 562 920 feliciter
598 865 1061 921 remunerandos
1095 881 1108 919 :
1144 871 1458 938 utrumque
1498 870 1694 922 tamen
1725 883 1795 922 ex

141 951 290 1008 dono
319 949 741 1007 misericordiae
769 951 895 1008 Dei.
919 951 1083 1009 Unde
1111 953 1426 1026 Apostolus
1448 971 1588 1009 vasa
1615 952 1790 1009 mise-

141 1039 398 1095 ricordiae
428 1039 560 1111 ejus
589 1039 848 1113 appellat
879 1040 1082 1097 dicens
1107 1057 1120 1095 :
1154 1043 1218 1099 Ut
1244 1041 1543 1098 ostenderet
1568 1041 1793 1097 divitias

142 1129 336 1199 gron}:
363 1143 490 1184 sua:
517 1129 579 1184 in
607 1144 738 1184 vasa
764 1129 1180 1196 misericOrdim,
1212 1145 1339 1202 quae
1371 1131 1706 1202 praeparavit
1733 1131 1794 1185 in

139 1217 372 1288 gloriam
399 1216 576 1284 (Rom.
614 1232 695 1281 ιι,
722 1217 836 1284 23).
870 1216 1208 1272 Econtrario
1256 1222 1452 1274 autem
1503 1216 1690 1273 malos
1735 1221 1794 1273 et

141 1304 426 1378 prescivit
455 1320 561 1377 per
588 1303 884 1376 propriam
916 1303 1203 1360 malitiam
1236 1305 1423 1362 malos
1455 1306 1704 1372 futuros,
1733 1309 1794 1361 et

141 1391 426 1466 prcscivit
455 1409 560 1465 per
597 1409 770 1448 suam
801 1391 1098 1465 justitiam
1131 1397 1347 1450 (eterna
1374 1392 1596 1450 ultione
1625 1394 1790 1449 dam-

139 1482 384 1539 nandos.
407 1504 437 1531 ι»
461 1480 802 1538 lmmutavit
831 1480 1180 1554 compitalor
1208 1482 1592 1554 incomposite
1617 1482 1794 1538 verba

137 1569 481 1644 composita,
513 1573 572 1626 et
603 1573 828 1626 rectum
868 1585 1100 1626 secsum
1141 1570 1443 1628 transtulit
1471 1571 1530 1626 in
1563 1586 1791 1643 perver-

137 1675 289 1716 sum.
323 1658 386 1715 Si
447 1657 608 1714 enim
668 1655 933 1725 dixisset,
976 1657 1038 1714 in
1097 1657 1418 1715 salvatione
1472 1658 1792 1715 electorum

137 1745 602 1803 misericordiam
661 1745 764 1802 Dei
822 1747 1148 1819 praecedere
1210 1747 1430 1804 bonum
1488 1747 1791 1815 meritum,

137 1842 436 1908 utcunque
482 1838 756 1891 constare
810 1833 1240 1908 intelligeretur
1285 1835 1592 1892 sententia.
1624 1836 1792 1892 Nunc

137 1931 351 1991 autem,
366 1923 510 1997 quia
531 1923 724 1980 dicere
747 1923 974 1992 maluit,
991 1923 1050 1978 in
1075 1924 1356 2000 electione
1377 1924 1789 1981 salvandorum
1819 1965 1868 2032 B

140 2014 210 2032 κίε
257 2012 593 2032 _,9__,j34_._.
640 2010 740 2032 “-2
782 2012 1100 2032 ____-__'I_,,_
1156 2013 1374 2032 l._a,,,_l
1428 2011 1690 2032 ___,,!a,,A_
1761 2029 1782 2032 _

137 2012 601 2070 misericordiam
640 2010 745 2068 Dei
782 2012 1107 2084 precedere
1156 2013 1375 2069 bonum
1426 2011 1722 2079 meritum,
1757 2029 1794 2069 a

135 2101 556 2176 consequentia
584 2100 726 2157 recti
759 2116 972 2157 sensus
1001 2101 1261 2158 recessit.
1287 2101 1432 2156 Nam
1461 2101 1532 2157 de
1561 2100 1790 2157 salvan-

135 2193 340 2247 dorum
369 2189 658 2247 electione
701 2188 992 2262 scriptum
1031 2194 1122 2245 est
1151 2207 1166 2245 :
1199 2190 1375 2262 Elegit
1418 2191 1558 2246 Deus
1597 2206 1699 2246 nos
1729 2191 1792 2246 in

141 2283 270 2352 ipso,
301 2278 364 2335 id
403 2283 498 2335 est
543 2279 602 2333 in
633 2277 882 2347 Christo,
912 2285 1039 2334 ante
1086 2278 1283 2334 mundi
1333 2279 1787 2346 constitutionem,

136 2368 536 2440 praedestinous
563 2382 663 2422 nos
689 2367 751 2422 in
779 2366 1120 2438 adoptionem
1146 2367 1391 2438 filiorum
1407 2367 1622 2438 (Ephcs.
1647 2385 1688 2434 ι,
1711 2369 1788 2436 4).

137 2458 294 2514 Unde
321 2456 697 2529 Augustinus
727 2453 787 2509 in
819 2453 970 2510 libro
1001 2454 1074 2510 de
1119 2454 1628 2511 Praedestinatione
1655 2472 1791 2510 san-

135 2555 359 2603 ctorum
391 2545 540 2601 dicit
557 2545 700 2617 (cap.
727 2545 818 2613 10)
842 2561 892 2599 :«
925 2543 984 2599 Si
1013 2548 1308 2616 quaeratur
1348 2544 1502 2599 unde
1542 2543 1792 2616 quisque

137 2637 208 2692 sit
226 2634 472 2709 dignus,
487 2649 603 2689 non
623 2632 839 2689 desunt
855 2631 956 2704 qui
972 2631 1172 2687 dicant
1183 2630 1478 2687 voluntate
1496 2630 1788 2688 humana:

139 2741 244 2782 nos
275 2723 560 2790 dicimus,
592 2720 786 2794 gratia
827 2719 918 2776 vel
967 2719 1476 2794 pmdestinatione
1521 2719 1737 2776 divina.
1765 2743 1793 2771 »

141 2813 210 2870 Bt
237 2811 705 2886 predestinatio,
740 2826 868 2882 quo
915 2808 1042 2866 sine
1089 2809 1456 2881 prescientia
1499 2825 1627 2866 esse
1676 2825 1793 2864 non

141 2904 351 2975 potest,
381 2899 516 2972 ipsa
541 2903 634 2956 est
663 2896 1060 2966 electio,sicut
1087 2899 1255 2954 docet
1279 2897 1593 2970 Apostolus
1617 2913 1630 2952 :
1655 2897 1796 2966 Quos

137 2990 420 3063 praesciuit
463 2995 518 3045 et
558 2987 973 3061 praedestinavit
998 2988 1300 3058 conformes
1355 2987 1480 3057 ﬁeri
1534 2987 1796 3057 imaginis

143 3081 273 3136 Filii
289 3079 386 3135 sui
403 3078 584 3147 (Rom.
597 3093 722 3141 vm,
743 3075 865 3143 29).
884 3075 956 3132 Et
973 3074 1184 3131 iterum
1207 3091 1221 3130 :
1242 3075 1381 3144 Quos
1401 3075 1683 3146 prmscivit
1700 3075 1796 3130 hos

142 3177 193 3225 ct
215 3167 655 3240 praedestinavit,
675 3165 904 3228 vocavit.
921 3165 1262 3237 justiﬁcavlt,
1283 3163 1609 3235 gloriﬁcavit
1636 3161 1793 3234 (Ibid.

1903 690 1958 744 in
1983 691 2293 763 Evangelio
2315 692 2492 748 dicit:
2517 695 2672 750 Multi
2698 703 2827 750 sunt
2854 697 3044 762 vocati,
3065 698 3230 767 pauci
3246 713 3369 753 vero
3387 699 3544 752 electi

1900 779 2106 847 (Matth.
2136 798 2274 846 xxn,
2318 783 2426 849 14),
2479 782 2614 838 hinc
2669 782 2961 856 intelligat
3015 783 3184 856 quale
3238 782 3332 852 sit,
3382 785 3540 857 quod

1899 869 2103 922 contra
2131 868 2230 923 Dei
2261 869 2510 941 gratiam
2537 871 2840 927 defensare
2869 869 3112 927 molitur
3131 871 3229 944 qui
3259 872 3331 928 de
3359 871 3540 929 libero

1899 955 2008 1010 sibi
2035 955 2336 1012 blanditur
2363 957 2623 1014 arbitrio.
2649 959 2993 1031 Quicunque
3014 958 3194 1027 enim,
3214 959 3420 1015 divinae
3448 977 3541 1017 vo-

1898 1043 2146 1099 cationis
2183 1062 2424 1102 munere
2468 1046 2764 1112 derelicto,
2791 1047 2864 1103 ad
2911 1046 3154 1120 impiam
3200 1065 3406 1104 rursus
3435 1048 3544 1104 de-

1899 1130 2113 1186 fluxere
2135 1132 2459 1202 perﬁdiam,
2483 1131 2630 1204 ipsis
2653 1133 2750 1190 Dei
2773 1133 3023 1206 gratiam
3045 1134 3448 1190 deserentibus
3467 1133 3541 1190 ad

1897 1215 2263 1290 implendum
2294 1221 2448 1292 quod
2479 1220 2779 1277 voluerant
2811 1221 3032 1276 sufﬁcit
3075 1220 3406 1290 arbitrium,
3429 1245 3451 1272 ι
3486 1224 3546 1278 et

1897 1305 2276 1380 reliqua,quae
2299 1307 2476 1364 latius
2512 1313 2570 1364 et
2598 1309 2986 1366 disertissime
3006 1309 3222 1367 ibidem
3244 1312 3548 1382 prosequi-

1898 1399 1997 1451 tur
2023 1395 2222 1468 gratiaa
2252 1396 2504 1454 coalestis
2533 1404 2746 1454 orator.
2772 1398 2918 1454 Hinc
2947 1401 3006 1454 et
3033 1398 3279 1472 Prosper
3305 1397 3364 1454 in
3395 1398 3545 1456 libro

1899 1485 2335 1540 Sententiarum
2357 1485 2872 1558 epigrammatum,
2887 1503 3036 1558 quas
3059 1502 3127 1542 ex
3147 1487 3333 1543 sancti
3354 1489 3548 1560 Augu-

1898 1571 2038 1626 stini
2069 1573 2242 1628 dictis
2272 1573 2520 1630 breviter
2545 1575 2846 1630 adnotavit
2865 1574 3002 1647 (cap.
3025 1576 3212 1646 1130)::
3236 1574 3398 1632 Sicut
3425 1576 3544 1632 duo

1897 1663 2058 1727 sunt,
2077 1660 2498 1733 inquit,ofﬁcia
2517 1661 2840 1730 medicinae,
2856 1679 3039 1719 unum
3063 1679 3177 1736 quo
3197 1668 3444 1720 sanatur
3460 1663 3547 1720 in-

1899 1747 2148 1804 ﬁrmitas
2177 1748 2339 1805 aliud
2363 1765 2478 1822 quo
2508 1750 2842 1806 custoditur
2866 1751 3128 1808 sanitas:
3151 1750 3232 1807 ita
3251 1751 3369 1807 duo
3388 1752 3543 1809 dona

1897 1840 2038 1891 sunt
2067 1837 2288 1908 gratim,
2315 1853 2496 1893 unum
2519 1839 2673 1910 quod
2705 1840 2896 1894 aufert
2919 1839 3114 1894 carnis
3137 1839 3538 1912 cupiditatem,

1898 1923 2059 1980 aliud
2089 1925 2246 1998 quod
2277 1925 2416 1981 facit
2458 1925 2639 1981 animi
2680 1943 3044 1999 perseverare
3080 1927 3415 1984 virtutem.»
3443 1928 3540 1985 llis

1898 2015 2205 2070 doctorum
2235 2013 2543 2070 sententiis
2562 2014 2751 2070 discat
2769 2018 2828 2071 et
2855 2013 3142 2088 intelligat
3160 2032 3222 2072 se
3251 2033 3367 2072 non
3396 2017 3543 2073 bene

1898 2103 2136 2169 dixisse,
2151 2103 2210 2158 in
2231 2102 2510 2158 electiOne
2531 2102 2941 2158 salvandorum
2961 2103 3419 2160 misericordiam
3441 2103 3543 2160 Dei

1899 2191 2222 2264 prsicedere
2270 2190 2543 2246 meritum
2595 2191 2845 2259 bonum;
2896 2191 3175 2263 quoniam
3225 2191 3416 2264 prima
3453 2196 3544 2248 est

1899 2295 2076 2351 quam
2095 2277 2276 2335 altera
2297 2296 2411 2334 non
2437 2277 2709 2350 prmcedit
2724 2279 2914 2351 gratia
2935 2278 2995 2334 in
3012 2279 3292 2336 electione
3311 2283 3370 2336 et
3383 2296 3546 2337 voca-

1899 2369 2056 2424 tione
2076 2367 2510 2435 salvandorum,
2525 2383 2653 2439 quas
2673 2384 2847 2422 omne
2879 2367 3148 2440 praecedit
3175 2368 3396 2424 bonum
3419 2384 3544 2425 me-

1900 2457 2078 2512 ritum
2104 2473 2117 2512 :
2144 2455 2287 2528 quin
2307 2459 2365 2512 et
2393 2455 2648 2528 cogitare
2672 2459 2730 2510 et
2748 2454 2894 2512 velle
2919 2457 3161 2526 bonum,
3183 2460 3240 2512 et
3261 2455 3436 2512 ﬁdem
3457 2462 3544 2513 to-

1899 2545 2020 2601 tius
2039 2545 2232 2617 operis
2253 2543 2390 2600 boni
2409 2542 2807 2616 initium,quae
2830 2561 2933 2616 per
2951 2543 3320 2601 dilectionem
3341 2561 3546 2618 opera-

1901 2637 2018 2699 tur,
2041 2632 2166 2688 sine
2194 2649 2312 2704 qua
2343 2631 2705 2705 impossibile
2743 2637 2834 2690 est
2871 2631 3098 2705 placere
3135 2633 3272 2702 Deo,
3298 2638 3364 2689 ut
3390 2633 3546 2691 Scri-

1902 2726 2075 2794 ptura
2093 2725 2344 2777 testatur
2357 2720 2558 2776 dicens
2577 2737 2590 2776 :
2609 2720 2726 2776 Non
2750 2724 2909 2793 quasi
2925 2722 3254 2792 sufﬁcientes
3271 2722 3446 2778 simus
3464 2737 3546 2779 co—

1900 2812 2078 2880 gitare
2104 2807 2319 2880 aliquid
2344 2825 2378 2862 α
2405 2807 2582 2876 nobis,
2597 2810 2759 2880 quasi
2783 2825 2854 2864 ea:
2878 2809 3034 2865 nobis
3055 2827 3074 2863 :
3091 2808 3186 2865 sed
3213 2811 3545 2882 sufﬁcientia

1900 2905 2083 2954 nostra
2102 2913 2173 2952 ea:
2187 2897 2294 2953 Deo
2313 2904 2392 2952 est
2410 2897 2482 2968 (II
2499 2895 2620 2952 Cor.
2639 2913 2724 2969 III,
2739 2897 2796 2969 5)
2819 2913 2833 2952 ε
2863 2897 2970 2965 Qui
2985 2897 3134 2953 dedit
3150 2897 3306 2954 nobis
3330 2907 3383 2954 et
3409 2899 3550 2956 velle

1900 2992 1954 3041 et
1973 2985 2232 3056 perﬁcere
2254 3000 2356 3056 pro
2386 2983 2526 3040 bona
2551 2984 2824 3041 voluntate
2851 2985 3080 3058 (Philip.
3104 3003 3166 3054 ιι,
3195 2985 3304 3058 13),
3325 2989 3384 3041 et
3414 3003 3428 3042 :
3461 2985 3548 3042 At-

1903 3075 2006 3130 teri
2034 3072 2196 3129 datur
2227 3071 2359 3144 ﬁdes
2389 3075 2451 3128 in
2477 3071 2660 3130 eodem
2695 3075 2896 3146 spiritu
2924 3074 2970 3143 (Ι
2999 3075 3120 3130 Cor.
3148 3090 3248 3143 xu,
3279 3077 3356 3143 8).
3383 3073 3547 3130 Unde

1901 3162 2266 3235 Augustinus
2295 3161 2356 3216 in
2387 3159 2535 3218 libro
2566 3161 2636 3218 de
2668 3161 3177 3220 Praedestinatione
3210 3167 3546 3219 sanctorum

145 3275 194 3312 ν.
222 3258 346 3330 ﬁ);
379 3253 602 3328 quibus
630 3251 885 3326 singulis
927 3251 1078 3308 hanc
1106 3267 1406 3325 opponens
1444 3251 1793 3308 sententiam
1840 3325 1870 3330 ᾧ
1904 3249 2047 3307 dicit
2073 3255 2214 3322 (cap.
2240 3251 2326 3322 18)
2351 3266 2365 3305 :
2390 3272 2412 3299 ι
2439 3249 2624 3322 Elegit
2651 3249 2808 3307 Deus
2835 3250 2894 3306 in
2918 3250 3148 3308 Christo
3177 3255 3310 3308 ante
3341 3251 3548 3308 mundi

145 3325 418 3402 sanctus
445 3325 815 3416 Augustinus
871 3339 1180 3413 subjungit
1221 3340 1360 3412 (cap.
1395 3342 1484 3409 17)
1507 3363 1533 3390 α
1567 3344 1625 3395 et
1683 3357 1796 3396 non
1827 3325 1872 3394 C
1905 3338 2384 3396 constitutionem
2416 3338 2682 3395 membra
2709 3339 2876 3410 ejus:
2904 3345 2962 3396 et
2989 3340 3281 3413 quomodo
3311 3339 3552 3413 eligeret

147 3435 318 3503 alios;
343 3456 372 3484 η
396 3437 458 3490 et
475 3431 684 3489 electio
707 3430 909 3504 gratia:
930 3430 1059 3503 ipsa
1077 3433 1168 3485 est
1189 3428 1610 3485 misericordia.
1632 3428 1801 3484 Dicat

146 3539 450 3596 ergo,quo
469 3519 878 3577 misericordia
897 3524 989 3575 est
1009 3517 1265 3591 aliaque
1288 3516 1560 3590 praecedit
1579 3517 1798 3573 bonum

148 3611 422 3668 meritum
455 3610 516 3665 in
557 3607 843 3665 electione
880 3606 1315 3673 salvandorum,
1350 3605 1398 3661 si
1431 3605 1490 3662 in
1520 3604 1800 3662 electione

148 3699 568 3757 salvandorum
599 3695 875 3770 praecedit
906 3694 1328 3752 misericordia.
1361 3693 1547 3768 Igitur
1575 3693 1802 3750 miseri-

149 3788 408 3844 cordiam
451 3786 558 3842 40
597 3783 874 3858 praecedit
918 3783 1340 3850 misericordia,
1371 3787 1429 3839 et
1455 3786 1628 3838 erunt
1671 3782 1801 3837 dum

151 3875 568 3934 misericordia:
585 3873 804 3948 quibus
823 3872 1124 3946 eliguntur
1141 3871 1403 3928 salvandi
1419 3888 1431 3926 :
1447 3888 1584 3928 cum
1605 3889 1718 3928 non
1739 3871 1802 3926 in

152 3967 428 4023 electione
453 3962 896 4031 salvandorum,
921 3961 1022 4018 sed
1059 3961 1114 4018 in
1140 3960 1460 4018 salvutione
1487 3960 1803 4016 electorum

153 4055 380 4112 duobus
397 4052 596 4110 modis
611 4052 691 4108 sit
711 4050 1090 4125 intelligenda
1107 4049 1205 4106 Dei
1231 4048 1804 4130 misericordia,vide-

153 4143 280 4201 licet
297 4144 435 4217 ejus
455 4140 720 4215 gratuita
745 4139 953 4213 gratia.
978 4139 1141 4195 Unde
1165 4138 1214 4194 si
1235 4137 1359 4194 vult
1380 4139 1530 4194 inter
1553 4138 1805 4211 primam

153 4239 206 4289 et
231 4231 564 4290 secundam
595 4228 1078 4296 misericordiam,
1103 4226 1419 4300 gratuitam
1440 4227 1664 4283 scilicet
1683 4243 1810 4300 gra-

151 4321 678 4394 tiam,cognoscere
695 4315 1104 4384 dilferentiam,
1120 4316 1272 4388 legat
1292 4315 1483 4372 sancti
1495 4313 1808 4388 Augustini

151 4408 365 4466 librum
386 4408 466 4465 de
494 4405 698 4482 gratia:
725 4403 1256 4479 praedestinatione,
1281 4404 1338 4460 in
1363 4420 1480 4476 quo
1510 4404 1583 4460 ad
1614 4403 1808 4460 locum

151 4497 290 4555 dicit
312 4498 460 4571 (cap.
487 4495 576 4566 10)
600 4511 649 4549 ει
675 4493 933 4551 lisereor
958 4494 1051 4550 cui
1077 4493 1392 4561 miserebor,
1424 4499 1477 4548 et
1499 4494 1810 4549 misericor-

152 4585 300 4643 diam
323 4583 599 4658 prastobo
628 4584 722 4640 cui
747 4583 1060 4639 misericors
1081 4582 1238 4653 fuero
1263 4580 1456 4654 (Exod.
1477 4597 1675 4646 mm,
1700 4581 1810 4654 19),

153 4679 218 4731 ut
234 4674 500 4749 primum
517 4689 556 4730 a
570 4671 688 4729 Deo
710 4669 1172 4762 misericordiam
1187 4669 1486 4762 vocatione
1501 4668 1810 4762 credamus
1838 4689 1891 4762 Β

155 4762 498 4820 hominibus
528 4758 846 4848 prerogari
868 4774 884 4816 :
908 4775 1036 4848 quae
1066 4758 1190 4848 sola
1214 4759 1286 4848 ad
1303 4763 1473 4848 recte
1501 4757 1814 4848 vivendum
1839 4757 1879 4762 ⁷
1927 4789 2000 4848 οἱ

157 4869 270 4910 non
289 4847 596 4920 sufﬂcit,si
617 4849 853 4905 deserat
873 4846 978 4920 qui
994 4847 1240 4904 vocavit.
1259 4846 1508 4918 Ideoque
1526 4847 1815 4915 additum,

158 4949 209 4997 st
707 4936 978 5010 praestabo
1017 4939 1112 4992 cui
1146 4937 1458 4992 misericors
1484 4936 1660 5007 fuero,
1690 4941 1757 4992 ut
1784 4953 1821 4993 a

161 5029 274 5087 Deo
299 5027 490 5103 accipi
523 5026 912 5084 manifestum
932 5024 1012 5083 sit
1041 5024 1220 5082 etiam
1251 5024 1380 5096 ipsa
1406 5023 1817 5081 misericordiae

164 5135 356 5191 opera,
375 5134 508 5191 quc
541 5132 684 5173 cum
703 5113 973 5171 videmur
995 5113 1340 5186 impendere
1367 5113 1464 5168 Dei
1499 5113 1822 5170 misericor-

167 5207 318 5264 diam
345 5220 780 5281 promeremur.
804 5202 900 5260 Sic
920 5202 1077 5259 enim
1108 5201 1170 5258 in
1197 5199 1510 5273 Evangelio
1537 5201 1820 5259 Dominus

167 5295 302 5354 dicit
342 5313 359 5352 :
397 5295 561 5352 Beati
614 5291 1019 5358 misericordes,
1074 5291 1336 5364 quoniam
1389 5291 1824 5348 misericordiam

167 5391 558 5458 Mucium-
587 5380 796 5451 (latth.
821 5397 875 5448 v,
896 5381 1154 5452 7).Quod
1186 5379 1302 5434 nisi
1331 5376 1415 5434 sic
1439 5377 1826 5458 intellexisset

167 5456 496 5544 Apostolus,
511 5485 826 5543 nunquam
845 5467 1208 5542 probationis
1229 5465 1422 5541 gratia
1437 5456 1825 5541 disputationi

171 5575 284 5616 sua
311 5561 422 5618 hoc
449 5557 866 5618 testimonium
917 5560 1183 5614 curasset
1229 5556 1506 5612 inserere.
1541 5556 1602 5614 Si
1649 5575 1823 5631 quem

169 5663 298 5707 vero
325 5655 524 5710 movet
546 5648 712 5724 quod
739 5663 859 5708 non
891 5661 1118 5714 omnes,
1142 5645 1319 5702 etiam
1351 5643 1422 5701 de
1450 5644 1544 5702 bis
1575 5647 1674 5720 qui
1696 5648 1823 5722 jam

170 5738 352 5802 vocati
377 5743 544 5816 sunt,
577 5737 656 5802 ad
685 5736 1008 5800 secundum
1039 5735 1315 5817 gratiam,
1344 5733 1406 5794 id
1447 5739 1539 5798 est
1568 5737 1641 5796 ad
1673 5747 1826 5802 recte

1907 3444 2006 3484 eos
2035 3427 2137 3500 qui
2183 3427 2452 3483 nundum
2499 3431 2685 3496 erant,
2719 3427 2832 3483 nisi
2884 3428 3353 3502 prmdestinando
3373 3430 3400 3485 ?
3421 3450 3450 3480 »
3483 3429 3553 3484 Et.

1907 3521 2040 3589 post
2067 3515 2370 3588 aliquanta
2401 3531 2415 3570 :
2444 3536 2471 3566 ‹‹
2492 3515 2680 3588 Elegit
2720 3531 2857 3589 ergo
2895 3533 3001 3572 nos
3048 3517 3202 3574 Deus
3233 3516 3291 3572 in
3322 3515 3552 3573 Christo

1909 3610 2043 3662 ante
2093 3603 2298 3660 mundi
2341 3603 2839 3671 constitutionem,
2871 3605 3290 3678 praedestinans
3335 3622 3444 3661 nos
3490 3604 3550 3660 in
3608 3601 3619 3610 ’

1909 3694 2280 3766 adoptionem
2305 3692 2556 3748 filiorum
2576 3709 2591 3748 :
2615 3710 2729 3749 non
2752 3693 2892 3765 quia
2911 3711 3015 3766 per
3035 3711 3141 3750 nos
3160 3694 3345 3751 sancti
3368 3699 3427 3750 et
3449 3695 3555 3750 im-

1910 3782 2189 3840 maculati
2241 3781 2420 3836 futuri
2469 3797 2728 3851 eramus,
2751 3782 2850 3837 sed
2898 3781 3091 3855 elegit,
3124 3781 3555 3854 praedestinavit

1911 3889 2024 3946 que
2046 3877 2112 3927 ut
2139 3887 2463 3936 essemus,»
2484 3869 2744 3942 alioquin
2775 3869 2962 3943 gratia
2997 3871 3125 3941 jam
3177 3873 3271 3926 47
3317 3888 3434 3926 non
3465 3874 3556 3926 est

1911 3961 2119 4038 gratia,
2144 3960 2192 4016 si
2217 3975 2330 4015 non
2364 3958 2538 4014 fuerit
2566 3958 2750 4030 gratis
2769 3959 2924 4013 data.
2949 3958 3217 4015 Secunda
3240 3962 3437 4015 autem
3465 3962 3558 4015 est

1914 4048 2312 4108 misericordia
2333 4046 2451 4103 sive
2471 4046 2659 4120 gratia
2678 4050 2830 4102 recte
2849 4045 3098 4115 vivendi,
3123 4047 3195 4103 ad
3217 4063 3396 4121 quam
3419 4065 3558 4120 prte-

1914 4139 2043 4198 sciti
2064 4142 2122 4195 et
2150 4135 2564 4210 praedestinati,
2585 4135 2752 4192 electi
2783 4141 2957 4209 atque
2976 4136 3161 4193 vocati
3183 4137 3383 4210 gratiis
3403 4136 3556 4194 dono

1913 4227 2212 4304 pervenire
2233 4228 2531 4282 merentur
2551 4241 2565 4280 :
2590 4241 2708 4296 qua
2725 4225 2915 4297 gratia
2933 4225 3245 4297 justiﬁcati
3273 4225 3333 4281 in
3361 4227 3562 4308 futuro

1916 4315 2416 4392 glorificabuntur,
2451 4313 2802 4386 accipientes
2838 4314 3087 4386 gratiam
3123 4330 3228 4388 pro
3259 4313 3466 4388 gratia,
3497 4313 3558 4370 id

1915 4412 2006 4464 est
2033 4404 2282 4479 gratiam
2339 4403 2520 4459 beatae
2577 4401 2978 4459 retributionis
3009 4420 3112 4476 pro
3153 4402 3341 4476 gratia
3393 4403 3562 4475 boqp

1917 4492 2293 4568 operationis,
2325 4491 2479 4547 sicut
2525 4494 2766 4547 sanctus
2793 4491 3156 4564 Augustinus
3199 4491 3262 4548 in
3311 4489 3460 4547 libro
3489 4491 3563 4548 de

1919 4585 2076 4641 Bono
2108 4579 2544 4655 perseverantia:
2576 4579 2830 4652 scripsit.

2545 4693 2778 4751 CAPUT
2814 4693 2934 4750 XII.

1998 4785 2202 4862 [ﬁnitio
2235 4783 2426 4862 sancti
2451 4783 2774 4862 Augustini,
2790 4783 2929 4856 quid
2955 4783 3032 4862 sit
3059 4793 3566 4862 sanctorum‘prae-

1994 4855 2320 4930 destinatio,
2339 4871 2514 4930 aqua
2535 4855 2922 4930 capitulorum
2946 4858 3193 4914 istorum
3220 4857 3566 4927 compilator

1993 4929 2336 4988 oninimodis
2356 4927 2694 5000 discordare
2708 4929 3091 5000 cognoscitur,
3105 4937 3161 4985 et
3177 4943 3285 5000 per
3297 4931 3566 4996 ambages

1993 5003 2162 5074 fidem
2180 5001 2388 5074 dieitur
2409 4998 2939 5074 praedestinqtionis
2953 4998 3316 5074 extenuando
3339 5012 3566 5068 perver-

1999 5070 2088 5144 tit,
2111 5081 2165 5128 et
2195 5073 2369 5126 verba
2397 5070 2656 5144 ueritatis
2674 5070 2751 5125 ad
2769 5071 3068 5144 mendacia
3087 5081 3360 5144 quantum
3382 5075 3569 5139 potest

1999 5089 2088 5144 ιιι,
2111 5089 2165 5128 οι
2195 5089 2369 5126 verba
2397 5089 2656 5125 veritatis
2674 5089 2750 5125 aa
2769 5089 3068 5128 mcnaacta
3125 5089 3360 5128 uamum
3382 5089 3568 5139 pate."

1999 5144 2273 5217 inﬂectit:
2299 5141 2447 5217 unde
2474 5157 2604 5197 eum
2625 5143 3041 5217 catholicorum
3068 5089 3331 5217 «Zictrina
3359 5145 3571 5210 aperta

1999 5214 2262 5284 veritate,
2291 5221 2347 5269 ct
2390 5214 2441 5268 si
2479 5229 2590 5268 non
2619 5230 2751 5269 eum
2804 5214 3142 5283 pertinaciae
3196 5215 3572 5269 iuuentutem

2001 5289 2078 5344 ad
2101 5289 2397 5370 tramitem
2415 5287 2677 5370 vocitetis
2697 5286 2962 5370 reﬂectit,
2974 5300 3172 5341 verum
3185 5286 3257 5342 de
3274 5284 3578 5342 mendacio

2003 5359 2362 5416 contrarium
2391 5356 2628 5413 veritati
2655 5356 2916 5413 revincit.

2004 5498 2031 5525 α
2066 5475 2196 5530 Haec
2243 5477 2351 5541 est,
2397 5472 2691 5544 inquiens,
2738 5471 3169 5543 praedestinatio
3216 5475 3576 5539 sanctorum,

1935 5565 2081 5620 nihil
2113 5562 2296 5628 aliud,
2322 5561 2686 5634 praescientia
2705 5559 2927 5616 scilicet
2953 5565 3012 5617 et
3045 5561 3385 5636 praeparatio
3406 5561 3580 5616 bene-

1933 5654 2203 5711 ﬁciorum
2236 5650 2354 5718 Dei,
2379 5649 2596 5723 quibus
2621 5647 2946 5706 certissime
2974 5649 3301 5709 liberantur
3328 5649 3581 5723 quicun-

1934 5761 2048 5824 que
2087 5741 2435 5801 liberantur.
2451 5760 2481 5790 ››
2502 5738 2572 5798 Et
2615 5737 2758 5798 item
2787 5739 2850 5799 in
2877 5741 3082 5803 eodem
3103 5742 3242 5820 (cap.
3261 5741 3318 5817 7)
3343 5755 3357 5802 :
3381 5761 3410 5793 «
3445 5737 3587 5800 Post
