4002 6456
462 424 571 486 111

1377 425 1675 487 IIINCilA
1690 425 1767 487 ΠΙ
1816 425 2266 489 liilEMENSlS
2310 425 2928 489 AllCIlIEPISCOPI.

3740 422 3862 485 112

457 574 659 617 casum
690 562 888 614 autem
928 557 1205 628 hominis,
1239 576 1353 614 non
1385 559 1497 614 nisi
1537 560 1609 615 ad
1652 559 1900 632 gratiam
1929 575 2097 616 suam
2129 559 2182 631 Α
2214 558 2462 616 ricordia
2490 559 2688 616 miseri
2724 558 3040 632 eliguntur,
3073 561 3137 614 ut
3176 555 3312 614 boni
3343 556 3416 613 de
3452 553 3630 612 malis
3658 553 3811 611 ﬂant
3842 570 3863 611 :

456 646 612 704 Deus
638 645 823 703 voluit
850 647 1139 720 pertinere
1161 652 1226 703 ut
1255 647 1429 704 homo
1458 649 1695 704 accedat
1715 649 1787 704 ad
1817 665 1973 715 cum,
2001 664 2101 703 ne-

455 751 572 809 que
601 733 714 791 nisi
746 735 817 791 ad
848 735 1096 809 gratiam
1120 753 1288 793 suam
1308 737 1491 793 voluit
1514 735 1906 810 pertinere,ut
1926 736 2101 792 homo

455 839 574 883 non
610 823 843 881 recedat
869 825 945 881 ab
974 841 1063 881 eo.
1086 825 1246 882 Hanc
1284 825 1531 899 gratiam
1582 825 1777 899 posuit
1806 825 1865 881 in
1895 824 1994 882 illo
2040 824 2102 881 in

455 928 572 986 quo
613 915 828 970 sortem
855 915 1149 972 consecuti
1201 931 1429 983 sumus,
1450 913 1845 988 prmdcstinati
1893 930 2101 971 secun-

457 1001 602 1062 dum
629 1002 993 1075 propositum
1016 1005 1144 1076 ejus
1175 1005 1272 1077 qui
1303 1004 1575 1061 universa
1603 1007 1876 1077 operatur
1906 1020 1968 1059 ac
2002 1020 2104 1076 per

455 1089 568 1149 hoc
582 1088 737 1147 sicut
754 1096 1028 1165 operatur
1046 1096 1112 1148 ut
1132 1094 1498 1162 accedamus,
1522 1092 1608 1148 sic
1627 1096 1902 1166 operatur
1922 1109 1993 1148 ne
2014 1091 2101 1147 di-

457 1179 824 1239 scedamus.»
847 1181 918 1237 Et
939 1179 998 1237 in
1022 1180 1190 1251 libro,
1215 1181 1369 1239 sicut
1388 1199 1567 1254 supra
1587 1180 1940 1248 diximus,clc
1964 1181 2104 1236 Prse-

457 1266 846 1326 destinatione
875 1273 1213 1327 sanctorum
1244 1274 1384 1348 (cap.
1420 1272 1507 1341 10)
1538 1287 1553 1326 :
1583 1293 1605 1320 ι
1640 1268 1701 1326 Si
1731 1270 2100 1339 discutiatur,

456 1355 669 1429 inquit,
700 1360 758 1414 et
787 1362 1082 1431 quaeratur
1119 1361 1274 1416 unde
1304 1360 1553 1433 quisque
1594 1359 1672 1416 sit
1717 1359 1953 1432 dignus,
1987 1375 2103 1415 non

458 1445 672 1503 desunt
700 1446 801 1520 qui
847 1447 1045 1504 dicant
1073 1448 1370 1507 voluntate
1417 1449 1677 1506 humana
1708 1466 1721 1504 ε
1757 1466 1864 1505 nos
1908 1452 2103 1504 autem

457 1531 736 1604 dicimus,
774 1534 962 1608 gratia
1005 1535 1094 1593 vel
1145 1537 1653 1609 prmdestinatione
1699 1537 1916 1594 divina.
1950 1537 2106 1593 Inter

457 1621 708 1696 gratiam
741 1640 913 1696 porro
937 1628 994 1682 et
1023 1625 1589 1698 praedestinationem
1623 1627 1732 1682 hoc
1762 1631 1991 1682 tantum
2022 1625 2108 1681 in-

457 1714 657 1785 terest,
680 1713 837 1785 quod
870 1713 1306 1786 praedestinatio
1355 1718 1444 1771 est
1491 1715 1688 1788 gratia:
1737 1714 2102 1788 prmparatio,

455 1798 649 1874 gratia
702 1817 837 1859 vero
887 1803 1013 1873 jam
1075 1803 1204 1876 ipsa
1261 1803 1518 1860 donatio.
1551 1804 1714 1872 Quod
1768 1804 1967 1877 itaque
2023 1803 2107 1860 ait

453 1887 770 1961 Apostolus
803 1905 817 1946 :
849 1890 963 1948 Non
993 1907 1064 1948 ex
1105 1893 1377 1964 operibus,
1408 1909 1481 1949 ne
1519 1895 1659 1965 forte
1705 1895 1826 1966 quis
1875 1893 2103 1950 extolla-

454 1982 566 2043 tur,
594 1978 771 2050 ipsius
798 1980 947 2035 enim
985 1996 1176 2036 sumus
1223 1982 1558 2053 ﬁgmentum,
1591 1985 1759 2038 creati
1804 1984 1865 2038 in
1894 1981 2106 2039 Christo

452 2068 589 2130 .lesu
616 2067 678 2123 in
706 2067 957 2140 operibus
987 2068 1140 2125 bonis
1165 2069 1380 2142 (Ephes.
1404 2087 1466 2139 ιι,
1487 2070 1564 2140 9),
1590 2070 1777 2144 gratia
1797 2075 1887 2127 est
1910 2087 1922 2126 :
1947 2070 2102 2144 quod

456 2157 652 2213 autem
676 2155 982 2228 sequitur:
1009 2157 1140 2226 Quir
1161 2161 1500 2230 praeparavit
1525 2161 1666 2216 Deus
1687 2167 1747 2216 ut
1771 2162 1832 2216 in
1856 2160 1972 2216 illis
1991 2177 2105 2216 am-

457 2241 724 2312 bulemus,
765 2244 1198 2318 praedestinatio
1245 2251 1354 2317 est,
1389 2264 1517 2321 qua:
1566 2248 1693 2305 sine
1739 2248 2105 2322 prmscientia

457 2346 588 2389 esse
613 2346 731 2390 non
761 2337 969 2407 potest.
995 2357 1020 2389 ι

467 2462 475 2469 ο
527 2420 641 2479 Sed
672 2421 785 2480 iste
812 2427 1222 2495 commutator,
1250 2425 1575 2484 immutans
1602 2427 1776 2483 verba
1805 2431 1862 2484 ct
1889 2444 2103 2484 sensus

456 2509 608 2568 Flori
639 2511 742 2585 qui
771 2516 1009 2570 secutus
1056 2514 1247 2572 fuerat
1292 2531 1531 2572 sensum
1578 2516 1911 2590 Augustini,
1945 2517 2101 2574 sicut

454 2599 674 2658 dicitur
702 2616 718 2658 :

576 2741 758 2794 Catius
784 2742 841 2794 in
869 2744 1111 2796 obscuris
1140 2747 1280 2811 cepit
1307 2761 1404 2811 pro
1435 2748 1602 2799 soriee
1631 2750 1822 2814 picem,

450 2867 731 2941 putamus
758 2869 915 2942 quod
946 2871 1183 2944 quando
1217 2872 1362 2928 dixit
1390 2873 1449 2929 in
1480 2873 1762 2931 electione
1791 2875 2096 2932 salvando-

450 2972 589 3013 rum
605 2955 1066 3016 misericordiam
1084 2959 1183 3017 Dei
1209 2962 1531 3034 praecedere
1554 2964 1827 3020 meritum
1850 2965 2093 3036 bonum,

451 3044 514 3102 in
532 3045 908 3104 damnatione
939 3052 1134 3104 autem
1155 3051 1547 3122 periturorum
1573 3051 1797 3109 malum
1818 3053 2095 3110 meritum

451 3134 773 3207 praecedere
793 3137 1028 3208 justum
1063 3137 1164 3193 Dei
1194 3139 1511 3210 judicium,
1541 3141 1652 3197 hoc
1680 3142 1871 3198 dicere
1899 3141 2096 3200 volue~

453 3220 550 3291 rit,
573 3223 728 3296 quod
762 3227 1002 3282 sanctus
1030 3226 1396 3300 Augustinus
1426 3229 1750 3287 rectissime
1774 3236 1831 3287 et
1849 3232 2095 3304 apertis-

2210 647 2427 721 quibus
2465 666 2569 721 per
2615 649 2880 704 eamdem
2926 644 3386 704 misericordiam
3434 642 3636 701 electis
3684 643 3867 700 datur

2210 737 2376 801 ﬁdes,
2408 741 2693 811 parantur
2737 753 2912 810 opera
2971 736 3143 804 bona,
3189 735 3249 790 in
3294 733 3512 807 quibus
3556 731 3866 807 praeventi,

2211 826 2422 898 adjuti,
2445 824 2836 893 ambulantes,
2859 828 2917 882 et
2945 828 3007 881 ut
3038 826 3406 896 perseverent
3434 821 3763 891 subsecuti,
3786 821 3865 878 ad

2209 913 2412 985 vitam,
2438 914 2498 971 id
2526 919 2616 971 est
2645 915 2717 971 ad
2747 914 2996 988 gratiam
3038 912 3377 986 perveniant
3413 911 3865 984 sempiternam.

2284 1004 2446 1070 Quod
2473 1021 2608 1060 vero
2639 1002 2968 1075 subjunxit,
2997 1022 3019 1053 ι
3043 1002 3103 1058 in
3134 999 3509 1058 damnatione
3537 1004 3739 1057 autem
3770 1016 3869 1074 pe-

2212 1093 2531 1150 riturorum
2560 1091 2785 1149 malum
2828 1091 3103 1148 meritum
3133 1090 3457 1164 praecedere
3491 1090 3730 1161 justum
3759 1088 3868 1147 Dei

2204 1181 2518 1254 judicium,
2530 1203 2558 1231 ››
2570 1180 2620 1238 si
2639 1180 2766 1237 vult
2784 1180 2974 1254 ipsam
2996 1177 3570 1253 praedestinationem
3593 1177 3872 1252 reprobo-

2213 1288 2343 1328 rum
2367 1270 2645 1344 appellari
2658 1269 2954 1344 judicium
2978 1268 3259 1341 Dei,quod
3279 1265 3869 1340 videlicetjudieinm

2213 1360 2335 1428 Dei,
2359 1360 2418 1416 id
2440 1364 2531 1417 est
2548 1357 3138 1434 praedestinationem,
3162 1355 3448 1430 praecedat
3478 1353 3709 1413 malum
3741 1371 3869 1412 me-

2213 1450 2391 1506 ritum
2415 1449 2936 1522 reproborum,pro
2948 1464 3063 1522 quo
3084 1445 3405 1504 secundum
3430 1443 3870 1518 prmseientiam

2213 1538 2647 1611 praedestinavit
2673 1537 2949 1610 reprobos
2996 1537 3069 1593 ad
3117 1534 3444 1602 interitum,
3464 1534 3607 1606 quia
3635 1532 3869 1590 malum

2215 1627 2490 1684 meritum
2523 1626 2755 1683 illorum
2781 1625 3093 1699 prmsciens
3122 1624 3278 1681 Deus
3299 1623 3372 1681 ad
3400 1622 3708 1680 interitum
3734 1621 3871 1680 illos

2215 1715 2664 1788 praadestinavit,
2681 1731 2859 1788 quam
2882 1712 3035 1771 male
3055 1713 3211 1770 dicat
3230 1710 3538 1786 intelligat.
3554 1710 3871 1768 Neminem

2213 1803 2367 1861 enim
2390 1804 2545 1860 Deus
2566 1805 2811 1860 damnat
2837 1806 3152 1875 antequam
3184 1804 3383 1874 peccet
3398 1799 3542 1875 quia
3566 1798 3870 1856 neminem

2215 1893 2432 1949 deserit
2460 1896 2777 1965 antequam
2817 1893 3138 1959 deseratur,
3170 1890 3326 1946 sicut
3353 1887 3625 1946 catholici
3658 1889 3873 1946 dicunt

2213 1982 2497 2038 doctores.
2531 1981 2601 2037 Et
2629 1985 2870 2037 sanctus
2906 1979 3273 2053 Augustinus
3315 1978 3375 2034 in
3423 1977 3572 2034 libro
3603 1976 3679 2034 de
3710 1976 3870 2033 Prsa—

2213 2071 2605 2127 destinatione
2634 2074 2994 2137 sanctorum,
3017 2072 3077 2125 et
3104 2068 3176 2124 de
3206 2067 3363 2124 Bono
3392 2065 3867 2140 perseverantis,

2213 2159 2498 2216 latissime
2545 2163 2602 2216 et
2648 2157 3122 2232 frequentissime
3167 2160 3341 2229 atque
3398 2153 3867 2212 catholicissime

2212 2248 2350 2305 hinc
2389 2250 2677 2322 repugnat
2722 2248 2829 2314 eis,
2880 2245 3193 2320 Scriptura:
3241 2261 3421 2302 sacrm
3467 2241 3778 2318 exemplis,
3810 2245 3874 2301 et

2209 2334 2603 2392 veracissimis
2623 2332 3195 2401 ratiocinationibus,
3211 2347 3464 2406 quorum
3481 2331 3661 2389 verba
3680 2330 3870 2388 talem

2209 2423 2564 2498 imperitiam
2594 2423 2967 2492 resonabant,
2999 2425 3058 2478 et
3084 2419 3422 2494 insipieutia
3450 2419 3630 2478 talem
3661 2419 3869 2477 stulti-

2207 2513 2352 2570 tiam
2374 2512 2833 2570 demonstrabat.
2856 2511 2917 2569 Si
2937 2514 3135 2568 autem
3153 2507 3402 2583 intelligi
3421 2507 3546 2565 vult
3563 2508 3734 2581 justo
3753 2508 3863 2566 Dei

2199 2601 2446 2675 judicio,
2471 2601 2625 2675 quod
2672 2599 2947 2674 praecedit
2976 2599 3366 2674 periturorum
3405 2597 3628 2656 malum
3674 2599 3861 2656 meri-

2205 2695 2358 2761 tum,
2389 2707 2622 2764 pmnam
2651 2690 2736 2746 eis
2765 2706 2835 2746 ex
2862 2687 3245 2745 retributione
3270 2686 3521 2760 justitits
3550 2687 3865 2761 prodesti-

2208 2785 2430 2849 natam,
2462 2780 2588 2853 ipse
2627 2795 2797 2836 suam
2841 2776 3215 2844 sententiam,
3245 2791 3364 2850 qua
3408 2774 3867 2850 praedestinatos

2206 2869 2280 2927 ad
2310 2868 2614 2925 interitum
2655 2866 2817 2937 dicit,
2851 2882 2986 2923 eum
3025 2868 3272 2922 conatur
3309 2867 3591 2934 astruere,
3621 2863 3869 2923 videtur

2205 2974 2310 3032 pro
2331 2962 2488 3015 certo
2508 2957 2806 3014 destruere
2825 2972 2839 3010 :
2863 2954 3006 3028 quia
3024 2958 3363 3027 utrumque,
3376 2957 3436 3012 et
3452 2953 3865 3028 praedestinati

2205 3052 2263 3106 et
2292 3047 2498 3117 relicti,
2524 3046 2586 3103 id
2611 3050 2699 3104 est
2727 3050 2786 3102 et
2803 3045 2994 3118 gratia
3020 3042 3350 3118 praeparati,
3376 3047 3435 3100 et
3463 3042 3865 3102 retributione

2196 3135 2444 3210 justitiaa
2464 3135 2524 3192 in
2552 3151 2750 3192 massa
2768 3133 3113 3208 perditionis
3129 3132 3224 3190 cui
3245 3135 3336 3189 est
3358 3148 3530 3205 pmna
3549 3131 3861 3206 praedesti-

2206 3229 2345 3282 nata
2371 3223 2576 3294 relicti,
2600 3239 2729 3280 esse
2775 3239 2890 3279 non
2929 3225 3178 3296 possunt
3210 3237 3224 3278 :
3257 3219 3536 3294 quoniam
3579 3220 3863 3279 catholici

451 3310 604 3369 sime
627 3310 689 3367 in
719 3311 869 3368 libro
891 3313 960 3369 de
986 3297 1149 3372 Bono
1174 3319 1611 3388 perseverantia:
1637 3318 1777 3375 dicit
1794 3297 1936 3393 (cap.
1963 3323 2051 3391 11)
2077 3337 2092 3378 :

2207 3313 2471 3388 magistri
2517 3311 2704 3369 nostri
2751 3310 3054 3368 sentiendo
3101 3310 3473 3381 conﬁrmant,
3504 3308 3645 3382 quia
3692 3308 3861 3368 Deus

449 3422 481 3452 (ί
511 3401 595 3457 Ex
624 3415 743 3471 ore,
773 3400 1068 3474 inquiens,
1099 3403 1413 3462 infantium
1455 3412 1513 3464 ct
1551 3407 1893 3464 laetantium
1941 3409 2096 3466 Deus

449 3504 623 3546 suam
654 3488 894 3562 perfecit
933 3489 1170 3549 laudem
1201 3494 1515 3567 (Psal.v1n,
1539 3497 1614 3570 3),
1637 3499 1703 3552 ut
1730 3495 1790 3553 in
1822 3496 1914 3554 his
1945 3515 2093 3573 quo-

445 3593 579 3634 rum
605 3576 1029 3647 liberationem,
1051 3581 1111 3637 id
1132 3587 1224 3640 est
1245 3583 1606 3652 electionem,
1628 3585 1916 3657 videmus,
1941 3588 2095 3644 bona

443 3679 646 3724 eorum
694 3667 907 3726 merita
935 3669 1097 3726 nulla
1127 3671 1227 3728 48
1258 3674 1607 3744 praecedant,
1627 3678 1686 3729 et
1715 3675 1774 3730 in
1803 3675 1897 3732 his
1943 3693 2094 3749 quo-

442 3770 575 3815 rum
605 3757 1042 3816 damnationem
1088 3759 1378 3829 videmus,
1421 3780 1536 3818 non
1587 3769 1932 3821 cunctamur
1977 3766 2091 3822 nisi

441 3844 568 3904 suis
590 3846 817 3904 meritis
837 3864 1133 3921 quemque
1154 3849 1372 3921 puniri,
1395 3850 1515 3907 sive
1536 3868 1704 3924 pares
1723 3852 1823 3925 qui
1846 3853 2095 3910 liberan-

441 3937 539 3991 tur
561 3938 620 3991 et
648 3933 748 4008 qui
778 3936 1126 4008 puniuntur,
1154 3937 1275 3994 sive
1304 3939 1568 4013 dispares
1600 3942 1852 3999 habeant
1880 3960 2093 4002 causas

441 4022 652 4079 malas.
678 4046 701 4076 ι
729 4023 877 4080 Nam
919 4023 1049 4081 ideo
1074 4025 1355 4084 dicuntur
1388 4029 1574 4100 electi,
1607 4031 1747 4103 quia
1784 4033 1855 4088 de
1894 4049 2092 4090 massa

444 4109 792 4183 perditionis
821 4116 962 4168 sunt
985 4114 1173 4186 gratia
1201 4115 1368 4172 electi
1398 4118 1627 4175 nullum
1657 4119 1940 4177 habentes
1968 4138 2089 4179 me-

444 4195 626 4253 ritum
657 4202 975 4272 antequam
998 4201 1309 4278 eligantur,
1332 4223 1582 4279 quorum
1611 4207 1815 4266 electio
1844 4209 1974 4282 ipsa
2001 4215 2092 4268 est

439 4284 542 4344 Dei
563 4284 986 4361 misericordia,
1011 4290 1166 4349 sicut
1185 4291 1245 4349 in
1265 4294 1547 4353 Asausica
1571 4298 1812 4370 synodo,
1837 4297 1931 4355 cui
1952 4298 2088 4357 bea-

446 4377 546 4451 tus
576 4374 864 4436 Caesarius
891 4395 960 4435 ex
1002 4379 1362 4455 delegatione
1391 4384 1547 4442 sedis
1585 4386 1914 4460 apostolica:
1944 4406 2087 4462 prse-

435 4463 609 4535 sedit,
640 4470 700 4523 et
726 4467 984 4541 capitula
1009 4469 1081 4526 ab
1113 4473 1432 4545 apostolica
1481 4475 1619 4533 sede
1668 4477 1906 4547 directa,
1940 4479 2087 4535 sub-

434 4551 744 4640 scribenda
772 4560 831 4613 et
860 4559 1112 4617 tenenda
1160 4561 1436 4620 omnibus
1484 4564 1750 4638 protulit,
1782 4566 1970 4640 capite
1989 4586 2086 4626 xxv

2203 3403 2504 3460 hominem
2542 3401 2777 3467 creavit,
2801 3416 2974 3473 quem
3004 3399 3321 3456 consistere
3355 3399 3429 3455 ad
3465 3396 3859 3457 aeternitatem

2201 3491 2405 3563 voluit,
2437 3495 2497 3547 et
2525 3506 2640 3547 non
2669 3494 2737 3546 ut
2766 3488 2981 3562 periret
3022 3486 3481 3562 praedestinavit;
3513 3484 3858 3560 periturum

2202 3585 2397 3638 autem
2428 3579 2595 3637 illum
2627 3577 2934 3653 praescivit,
2960 3578 3060 3650 qui
3092 3577 3281 3634 factus
3309 3579 3400 3632 est
3427 3590 3627 3638 massa
3654 3575 3859 3649 perdi-

2198 3670 2375 3727 tionis
2403 3670 2584 3726 totius
2614 3667 2857 3725 humani
2897 3666 3147 3741 generis,
3171 3683 3241 3724 ex
3268 3681 3390 3739 qua
3418 3680 3617 3722 massa
3644 3663 3857 3738 perdi-

2202 3759 2380 3816 tionis
2409 3760 2510 3816 40
2532 3757 2818 3831 praescivlt
2837 3760 2897 3813 et
2914 3753 3347 3830 praedestinavit
3368 3758 3505 3811 ante
3523 3752 3725 3811 omnia
3742 3770 3858 3812 ste-

2200 3846 2333 3903 cula
2353 3846 2638 3920 quosdam
2661 3845 2734 3902 ad
2756 3843 2957 3913 vitam,
2979 3847 3038 3900 et
3053 3844 3236 3904 vitam
3267 3841 3383 3898 illis
3411 3840 3861 3916 praedestinavit

2200 3940 2496 4005 aeternam,
2520 3938 2586 3991 ut
2612 3933 2753 3991 dicit
2780 3930 3094 4006 Apostolus
3125 3949 3139 3989 :
3175 3932 3361 3990 Gratia
3386 3939 3569 3989 autem
3604 3931 3707 3988 Dei
3732 3933 3858 3991 vita

2197 4034 2406 4083 artemo
2436 4025 2607 4094 (Rom.
2628 4039 2708 4096 v1,
2738 4023 2852 4093 23),
2876 4038 3004 4095 quae
3052 4021 3114 4078 in
3159 4020 3470 4095 Evangelio
3516 4019 3861 4094 appellatur

2199 4130 2446 4188 regnum
2477 4115 2768 4186 paratum,
2790 4110 2850 4166 id
2876 4114 2968 4168 est
2994 4109 3493 4184 praedestinatum,
3515 4106 3718 4166 electis
3739 4110 3859 4168 sei-

2197 4203 2332 4261 licet
2361 4199 2787 4276 prmdestinatis
2818 4199 2892 4256 ab
2921 4197 3145 4273 origine
3173 4197 3405 4255 mundi.

2267 4291 2487 4350 Deinde
2516 4286 2824 4361 subjungit
2866 4290 3043 4360 atque
3071 4285 3215 4343 dicit
3241 4302 3255 4343 :
3279 4308 3306 4337 ι(
3330 4283 3853 4351 Pradestinatione

2196 4385 2393 4439 autem
2418 4381 2597 4436 Deum
2627 4381 2861 4434 tantum
2891 4375 3169 4432 statuisse
3186 4390 3313 4448 quae
3333 4374 3459 4447 ipse
3473 4373 3562 4430 vel
3583 4375 3855 4448 gratuita

2196 4467 2597 4528 misericordia
2622 4465 2708 4524 vel
2735 4467 2900 4540 justo
2921 4463 3149 4538 judicio
3168 4464 3432 4521 facturus
3458 4468 3605 4534 erat,
3631 4480 3850 4523 secun-

2196 4560 2337 4617 dum
2377 4556 2741 4630 Scripturam
2792 4554 3083 4612 dicentem
3116 4568 3131 4609 :
3161 4552 3268 4623 Qui
3303 4553 3435 4624 fecit
3478 4566 3604 4626 quae
3647 4555 3851 4626 fumra

427 4639 648 4738 dicitur
680 4659 694 4699 :
726 4643 938 4703 Nullus
966 4647 1146 4704 miser
1175 4650 1245 4706 de
1274 4656 1728 4727 quantacunque
1755 4639 1991 4714 miseria
2010 4655 2078 4713 li-
2107 4666 2169 4738 Di
2191 4657 2321 4706 sunt
2346 4650 2472 4718 (Isa.
2498 4662 2624 4713 va,
2645 4661 2752 4702 sec.
2786 4644 2943 4700 LXX:
2966 4643 3027 4700 in
3054 4641 3228 4701 malis
3253 4657 3388 4701 vero
3417 4641 3685 4717 ipsorum
3716 4658 3849 4702 ma-

406 4728 688 4802 -beratur,
710 4732 825 4790 nisi
848 4735 948 4808 qui
974 4736 1076 4794 Dei
1111 4739 1512 4798 misericordia
1529 4743 1893 4814 praevenitur,
1927 4745 2080 4804 sicut
2107 4728 2110 4735 ί

2207 4737 2375 4794 itiam
2407 4734 2732 4810 praescisse,
2763 4732 2905 4806 quia
2951 4748 3022 4789 cx
3066 4731 3214 4806 ipsis
3241 4735 3352 4802 est,
3392 4746 3510 4789 non
3537 4731 3848 4805 praedesti-

428 4817 575 4877 dicit
602 4819 949 4880 Psalmista:
979 4825 1098 4884 Cito
1135 4831 1397 4902 anticipet
1427 4846 1527 4888 uos
1554 4833 1933 4892 misericordia
1961 4843 2075 4906 tua,

426 4907 655 4966 Domine
683 4910 852 4984 (Psal.
887 4930 1117 4986 Lxxvm,
1148 4918 1234 4986 8);
1268 4923 1326 4974 et
1356 4918 1502 4975 illud
1535 4937 1549 4977 :
1582 4922 1723 4978 Deus
1766 4939 1938 4993 meus,
1968 4927 2076 4982 mi-

426 4998 724 5087 sericordia
753 5001 874 5074 ejus
896 5007 1192 5076 prwveniet
1213 5023 1300 5064 me
1324 5008 1492 5080 (Psat.
1519 5026 1674 5081 Lvm,
1701 5013 1810 5087 11).
1840 5033 1862 5063 ι
1887 5014 1957 5070 Et
1980 5031 2074 5070 ca-

427 5085 546 5160 pite
572 5106 712 5147 xvm
737 5107 750 5146 :
777 5091 1030 5150 Debetur
1057 5110 1278 5152 merces
1322 5096 1492 5155 bonis
1523 5085 1798 5172 operibus
1827 5102 1878 5158 si
1907 5103 2072 5173 ﬁant,

426 5176 531 5232 sed
566 5179 755 5251 gratia
805 5199 935 5255 quae
991 5200 1108 5240 non
1148 5185 1392 5244 debetur
1428 5190 1703 5261 praecedit
1741 5197 1806 5248 ut
1852 5192 2016 5249 ﬁant.
2044 5215 2074 5244 »

425 5262 558 5354 llaec
586 5271 677 5323 est
703 5272 959 5342 gratuita
982 5272 1206 5342 electio,
1231 5293 1356 5348 quae
1387 5279 1660 5351 praecedit
1686 5297 1864 5354 Opera
1892 5281 2064 5352 bona,

423 5350 549 5409 hmc
565 5359 655 5412 est
677 5358 1096 5431 misericordia,
1113 5380 1230 5437 qua
1250 5365 1448 5423 miseri
1469 5350 1810 5439 liberantur,
1825 5388 1981 5442 cum,
1995 5350 2081 5429 de'

423 5456 624 5534 massa
651 5447 998 5518 perditionis
1048 5451 1366 5526 eliguntur,
1399 5456 1455 5513 id
1488 5463 1578 5516 est
1621 5460 1807 5533 gratis
1855 5459 2067 5534 legun-

562 5532 1252 5632 Quam_m_isericordiam,
1275 5544 1334 5600 id
1355 5550 1443 5603 est
1462 5532 1937 5606 antcsazcularem
1958 5549 2069 5607 elc-

2189 4843 2381 4894 nasse,
2415 4823 2556 4896 quia
2583 4839 2653 4880 ex
2696 4821 2797 4878 illo
2827 4838 2943 4879 non
2971 4827 3088 4890 est;
3122 4836 3356 4894 poenam
3413 4836 3555 4878 sane
3610 4821 3845 4882 malum

2187 4913 2462 4971 meritum
2491 4926 2693 4967 eorum
2722 4913 3154 4982 exsequentem,
3178 4909 3267 4966 uti
3296 4908 3481 4966 Deum
3504 4907 3604 4982 qui
3636 4910 3849 4968 omnia

2186 5001 2469 5078 prospicit
2496 4997 2876 5073 praescii-isse,
2902 5001 2960 5054 et
2986 4997 3437 5071 prsedestinasse
3466 4997 3608 5072 quia
3627 4999 3843 5071 justus

2185 5095 2294 5150 est.
2322 5111 2352 5143 »
2383 5086 2784 5146 Ordinabilius
2839 5086 3044 5144 Florus
3101 5086 3162 5142 in
3218 5103 3326 5144 suo
3382 5087 3624 5160 scripto,
3677 5090 3843 5148 unde

2184 5181 2281 5239 hic
2308 5175 2765 5237 commisculans
2794 5175 2911 5233 ista
2947 5175 3258 5250 decerpsit,
3288 5175 3502 5250 legitur
3537 5176 3838 5250 posuisse.

2174 5268 2479 5336 Videlicet,
2514 5265 2786 5340 inquiens
2818 5288 2846 5316 ‹‹
2879 5264 3350 5338 Omnipotentem
3388 5270 3573 5322 Deum
3601 5266 3665 5323 in
3707 5284 3840 5327 ma-

2177 5359 2251 5417 lis
2279 5359 2543 5432 ipsorum
2575 5354 2860 5411 malitiam
2893 5354 3219 5427 thDSOiSSB,
3249 5354 3388 5429 quia
3424 5371 3495 5412 ex
3535 5354 3686 5429 ipsis
3717 5364 3834 5426 est,

2176 5466 2293 5508 non
2322 5443 2792 5522 prmdestinasse,
2828 5443 2969 5516 quia
3013 5461 3083 5501 ex
3127 5442 3228 5501 illo
3279 5460 3395 5501 non
3442 5449 3836 5519 estzpmnam

2172 5555 2306 5598 vero
2334 5537 2574 5594 illorum
2603 5536 2663 5590 et
2691 5531 2995 5606 praescisse
3017 5533 3160 5607 quia
3181 5537 3331 5590 Deus
3358 5539 3469 5604 est,
3492 5539 3552 5592 et
3572 5537 3835 5609 prmdes-

2170 5630 2393 5689 tinasse
2420 5622 2563 5698 quia
2593 5622 2795 5694 justus
2824 5626 2942 5694 est;
2978 5626 3046 5680 ut
3081 5626 3138 5680 et
3177 5623 3239 5680 in
3276 5622 3394 5681 illis
3430 5625 3510 5682 sit
3546 5627 3834 5686 meritum

2172 5682 2737 5785 suseﬁdamnationis,
2770 5716 2829 5772 et
2857 5682 2940 5771 in,
2967 5712 3068 5774 illo
3114 5718 3379 5792 potestas
3426 5719 3489 5775 et
3527 5682 3830 5791 judicium
