4002 6454
157 463 276 538 H3

877 467 980 530 DE
1025 468 1788 532 I’R/EDESTINATI'ONE
1831 471 2351 538 DlSSEll'l‘A'l‘IO
2397 477 2859 542 POSTERIOR.

3449 471 3566 545 lll

141 599 309 673 justo
333 598 699 658 damnantis.
731 599 856 657 Non
900 600 1058 658 enim
1105 600 1476 674 praedestinat
1505 601 1659 658 Deus
1691 602 1804 659 nisi
1834 603 1891 672 Α
1923 604 2042 661 falli
2075 623 2189 663 non
2221 613 2409 681 potest
2439 611 2845 683 przesciuntur.
2873 633 2901 662 ››
2934 612 3076 669 Ecce
3113 611 3170 669 in
3210 610 3306 671 his
3335 612 3566 673 duobus

150 706 284 764 qua
309 688 440 762 ipse
473 690 737 746 facturus
758 693 848 746 est
870 707 884 744 :
909 689 1140 762 priescit
1160 707 1290 746 vero
1322 690 1508 746 multa
1526 708 1653 762 qua:
1685 691 1809 764 ipse

147 779 418 838 facturus
441 796 558 835 non
580 783 692 850 est,
711 779 864 835 sicut
883 779 1084 835 omnia
1105 779 1277 846 mala,
1295 797 1421 850 qua:
1445 779 1646 852 utique
1668 780 1806 835 mali

146 868 394 936 faciunt,
423 885 542 925 non
573 867 690 924 ille.
719 890 747 916 ››
769 867 933 923 Unde
963 873 1020 922 et
1050 867 1297 939 Prosper
1327 867 1385 922 in
1430 867 1805 940 responsione

143 957 380 1014 decima
397 956 606 1030 quinta
635 960 841 1012 contra
870 955 1067 1012 Gallos
1100 955 1243 1012 dicit
1266 973 1315 1011 :«
1352 955 1461 1023 Qui
1493 957 1804 1028 praescien-

141 1047 289 1104 tiam
321 1047 425 1103 Dei
456 1046 518 1102 in
547 1044 711 1102 nullo
731 1046 804 1101 ab
837 1045 1025 1118 ipsius
1056 1045 1567 1118 praedestinatione
1593 1046 1804 1101 discer-

143 1135 254 1202 nit,
278 1135 439 1209 quod
469 1135 854 1191 tribuendum
884 1136 973 1190 est
1002 1133 1118 1190 Deo
1162 1134 1234 1188 de
1272 1133 1463 1202 bonis,
1486 1133 1594 1189 hoc
1624 1133 1801 1190 etiam

141 1223 217 1281 de
247 1223 428 1281 malis
453 1226 704 1280 conatur
729 1223 1041 1279 ascribere.
1067 1223 1179 1278 Sed
1202 1238 1336 1277 cum
1368 1222 1522 1278 bona
1541 1222 1612 1277 ad
1635 1221 1802 1294 largi-

142 1316 335 1370 torem
357 1315 913 1386 coeperatoremque
942 1327 1143 1367 eorum
1178 1311 1387 1377 Deum,
1420 1309 1575 1367 mala
1604 1315 1798 1367 autem

139 1402 214 1460 ad
243 1400 641 1459 voluntariam
673 1399 977 1457 rationalis
998 1404 1274 1456 creatura:
1305 1399 1624 1472 nequitiam
1645 1401 1796 1472 refe-

139 1491 326 1548 renda
356 1490 496 1558 sint,
532 1489 784 1547 dubium
841 1505 956 1544 non
1011 1493 1120 1556 cst,
1155 1489 1283 1544 sine
1325 1487 1444 1544 ulla
1489 1489 1797 1560 temporali

137 1579 497 1649 differentia,
527 1579 714 1636 Deum
753 1582 811 1634 et
860 1577 1160 1650 praescisse
1206 1575 1382 1632 simul
1413 1581 1470 1632 et
1499 1578 1795 1649 praedesti-

138 1685 320 1725 nasse
339 1685 473 1742 quae
504 1668 632 1741 ipso
662 1671 830 1724 erant
849 1671 1085 1723 auctore
1115 1665 1492 1730 facienda,ch
1514 1684 1640 1738 quae
1673 1684 1795 1723 ma-

135 1757 462 1816 lismeritis
473 1759 640 1831 justo
655 1761 822 1814 erant
836 1755 1061 1828 judicio
1079 1755 1479 1812 retribuenda:
1497 1756 1796 1830 praescisse

137 1851 337 1904 autem
367 1845 803 1918 tantummodo,
825 1861 941 1901 non
965 1843 1142 1901 etiam
1174 1843 1641 1917 praedestinasse,
1668 1863 1794 1918 quae

137 1954 256 1994 non
298 1953 370 1993 ex
409 1936 539 2010 ipso
585 1941 754 1993 erant
800 1950 1041 1991 causam
1091 1933 1447 2006 operationis
1497 1933 1790 1990 habitura.

137 2026 337 2083 Potest
361 2024 568 2098 itaque
596 2024 724 2083 sine
768 2022 1276 2098 predcstinatione
1306 2040 1433 2079 esse
1486 2022 1794 2095 praescion-

135 2115 236 2184 tia,
269 2112 715 2188 pmdestinatio
743 2117 940 2170 autem
967 2111 1094 2168 sine
1123 2111 1486 2185 praescientia
1518 2128 1646 2168 esse
1677 2129 1793 2168 non

137 2209 349 2280 potest.
377 2227 402 2254 ι
438 2205 662 2261 Tamen
693 2201 1182 2276 qualitercumque
1221 2201 1331 2256 iste
1371 2201 1646 2257 confusor
1683 2200 1797 2256 ista

139 2293 429 2368 posuerit,
449 2293 694 2360 videtur
739 2292 910 2348 nobis
938 2291 1078 2364 quia
1107 2289 1432 2362 intelligere
1479 2306 1794 2362 possumus

139 2399 264 2456 que
296 2382 464 2452 dicit,
489 2405 520 2431 ιι
556 2380 1069 2438 Ρτωάθειὶηαιίοηθ
1099 2383 1294 2435 autem
1335 2378 1518 2434 Deum
1562 2382 1794 2435 tantum

133 2473 420 2530 statuisse
439 2488 570 2545 quae
595 2471 720 2544 ipse
730 2469 816 2526 vel
840 2467 1096 2543 gratuita
1117 2467 1612 2524 misericordiavel
1627 2468 1793 2539 justo

124 2562 352 2635 judicio
381 2560 652 2618 facturus
680 2564 822 2626 erat,
845 2557 1170 2614 secundum
1203 2556 1564 2628 Scripturam
1597 2556 1792 2612 dicen-

133 2657 272 2720 tem,
296 2653 403 2725 qui
429 2651 562 2722 fecit
589 2664 716 2723 qua:
737 2651 929 2720 futura
951 2654 1081 2704 sunt
1111 2664 1128 2702 :
1161 2647 1221 2702 in
1268 2645 1439 2701 malis
1468 2662 1601 2701 vero
1633 2645 1794 2718 ipso—

136 2755 264 2796 rum
312 2736 611 2795 malitiam
670 2736 994 2810 praescisse,
1027 2735 1168 2808 quia
1221 2751 1291 2790 ex
1345 2733 1490 2806 ipsis
1545 2737 1653 2799 est,
1679 2751 1794 2789 non

137 2828 612 2904 predestinasse,
637 2826 778 2900 quia
807 2843 876 2882 ex
917 2825 1018 2882 illo
1061 2842 1174 2881 non
1208 2828 1296 2880 est
1328 2841 1342 2880 :
1377 2840 1605 2897 poenam
1654 2840 1794 2879 sane

135 2920 358 2978 malum
387 2919 672 2976 meritum
693 2933 896 2974 eorum
916 2920 1353 2988 exsequentem,
1378 2914 1463 2970 uti
1487 2914 1669 2969 Deum
1694 2914 1794 2985 qui

138 3010 335 3068 omnia
365 3006 656 3082 prospicit
685 3005 1065 3080 priescivisse,
1093 3008 1150 3059 et
1180 3002 1627 3075 praedestinasse
1657 3002 1798 3074 quia

132 3102 331 3173 justus
360 3102 476 3155 est.
501 3121 534 3147 ιι
577 3098 791 3153 Beatus
841 3110 1094 3166 namque
1139 3091 1502 3164 Augustinus
1547 3089 1707 3156 dicit,
1742 3095 1799 3146 et

141 3189 386 3263 Prosper
415 3203 488 3243 ex
517 3184 711 3242 verbis
743 3181 902 3238 illius
925 3179 1249 3237 clarissime
1281 3177 1638 3247 manifestat,
1661 3194 1800 3249 quo-

1918 696 2192 767 capitulis
2225 698 2646 772 incompositus
2675 699 2784 757 iste
2815 701 3171 774 compositor
3199 701 3343 760 dixit
3377 718 3568 777 repro-

1919 784 2022 839 bos
2057 785 2112 840 in
2145 804 2341 842 massa
2388 789 2731 861 perditionis
2772 789 3024 858 relictos,
3061 793 3117 845 et
3146 791 3218 845 ad
3263 790 3564 850 interitum

1916 873 2130 930 iterum
2177 877 2618 948 prteriestinatos
2652 897 2664 935 :
2699 885 2755 933 ct
2785 879 3068 950 post’hzec
3118 879 3353 936 eosdem
3401 880 3564 954 prius

1916 963 2166 1030 relictos,
2191 970 2248 1020 et
2276 971 2408 1037 post
2431 967 2503 1021 ad
2531 967 2832 1022 interitum
2867 967 3330 1040 praedestinatos,
3353 967 3412 1024 in
3446 985 3565 1027 ma-

1913 1051 1986 1108 lis
2019 1053 2143 1112 suis
2184 1056 2480 1127 przescitos
2530 1073 2644 1112 non
2695 1057 3160 1128 przedestinatos,
3195 1073 3426 1130 poenam
3458 1073 3561 1114 au-

1911 1145 2028 1196 tem
2069 1143 2154 1198 eis
2205 1144 2699 1215 praedestinatum.
2736 1145 3111 1201 Monstruosa
3159 1145 3460 1214 confectio,
3496 1149 3564 1203 ut

1913 1231 1983 1287 de
2014 1235 2209 1287 monte
2233 1233 2415 1304 Lyciae
2442 1249 2544 1306 per
2567 1233 3143 1289 transformationem
3167 1234 3556 1307 confingitur:

2004 1373 2178 1424 Prima
2206 1375 2310 1434 leo,
2341 1378 2609 1439 postrema
2639 1375 2818 1436 draco,
2852 1374 3027 1426 media
3055 1376 3170 1439 ipsa
3198 1375 3448 1427 cbimera.

1981 1498 2128 1565 Quid
2161 1498 2368 1570 quaerit
2398 1497 2680 1556 latibula?
2701 1500 2931 1555 Veritas
2951 1499 3199 1572 angulos
3222 1517 3337 1556 non
3358 1499 3553 1559 habet.

1908 1585 2055 1652 Quid
2081 1587 2512 1658 tergiversando
2537 1589 2609 1642 ad
2631 1587 2828 1643 omnia
2849 1604 2910 1643 se
2933 1587 3274 1660 componit?
3303 1589 3438 1654 Quae
3468 1605 3559 1645 oa-

1907 1673 2105 1730 tholici
2138 1675 2342 1730 dicunt
2371 1675 2532 1744 dicit,
2554 1676 2642 1732 vel
2676 1676 2871 1749 potius
2905 1676 2974 1731 ad
3009 1675 3108 1731 illa
3140 1692 3202 1731 se
3232 1677 3555 1734 affectando

1905 1763 2222 1836 componit,
2251 1768 2307 1819 et
2336 1782 2464 1836 quae
2496 1765 2749 1820 hazretici
2779 1765 2986 1820 dicunt
3017 1782 3119 1836 pro
3149 1764 3373 1821 viribus
3402 1780 3555 1822 asse-

1906 1852 2001 1908 rit.
2036 1852 2199 1908 Sicut
2229 1853 2300 1908 de
2331 1853 2744 1909 chamaeleonte
2795 1855 3060 1921 refertur,
3094 1853 3192 1924 qui
3242 1852 3301 1907 in
3350 1869 3556 1910 omnes

1905 1958 2052 2013 quos
2082 1941 2290 1996 viderit
2323 1959 2455 1996 mox
2485 1958 2546 1996 se
2577 1940 2798 1996 colores
2835 1940 3138 2007 convertit,
3171 1944 3230 1996 et
3258 1939 3328 1995 de
3359 1939 3554 2014 IEsopl

1904 2030 2087 2085 barba
2115 2029 2378 2085 fabulose
2405 2030 2671 2096 refertur,
2697 2029 2835 2100 quia
2857 2028 3142 2101 quidquid
3167 2029 3237 2083 de
3267 2045 3336 2084 ea
3363 2029 3551 2085 domi-

1904 2136 2016 2174 nus
2043 2118 2191 2174 servi
2222 2118 2406 2174 dolosi
2443 2117 2674 2186 dixerit,
2708 2118 2930 2173 dictum
2973 2135 3148 2173 suum
3176 2117 3236 2174 in
3266 2116 3365 2174 illa
3396 2117 3553 2175 inve-

1904 2206 2029 2263 nire
2057 2206 2272 2263 valebit
2296 2223 2308 2262 :
2335 2207 2418 2262 sic
2449 2211 2506 2263 et
2531 2207 2642 2262 iste
2664 2224 2832 2262 suam
2861 2206 3213 2262 sententiam
3243 2210 3552 2279 temperat,

1904 2300 1969 2352 ut
1997 2300 2053 2352 et
2081 2294 2382 2351 catholicis
2431 2299 2487 2350 et
2539 2295 2795 2368 dyscolis
2852 2313 2914 2351 se
2969 2295 3376 2362 accomodans,
3417 2309 3553 2351 cum

1904 2385 2169 2457 utrisque
2200 2401 2262 2439 se
2291 2383 2558 2456 partibus
2585 2388 2840 2456 prmstet,
2866 2383 3011 2439 nulli
3037 2383 3360 2440 conveniat.
3383 2383 3556 2440 Caten

1905 2491 2034 2530 rum
2059 2478 2371 2547 postquam
2391 2473 2597 2529 dixitm
2621 2473 2854 2529 Poenam
2876 2489 3016 2529 sane
3038 2473 3259 2528 malum
3278 2471 3552 2529 meritum

1904 2580 2105 2620 eorum
2136 2567 2570 2635 exsequentem,
2595 2561 2682 2618 uti
2708 2562 2893 2618 Deum
2923 2561 3024 2634 qui
3047 2561 3247 2617 omnia
3274 2560 3558 2634 prospicit

1905 2652 2283 2725 priescivisse,
2329 2657 2385 2707 et
2443 2651 2884 2724 przedestinasse
2934 2651 3074 2723 quia
3123 2651 3324 2722 justas
3373 2654 3482 2718 est,
3519 2671 3548 2700 »ι

1905 2741 2192 2814 adjunxit,
2220 2764 2246 2789 «
2273 2741 2424 2812 apud
2457 2757 2630 2813 quem
2654 2745 2761 2806 est,
2787 2744 2850 2795 ut
2880 2742 2938 2794 S.
2961 2738 3328 2812 Augustinus
3357 2737 3457 2808 ait,
3481 2738 3556 2796 de

1905 2830 2180 2886 omnibus
2212 2829 2451 2885 omnino
2495 2829 2670 2884 rebus
2721 2833 2839 2883 tam
2891 2829 3005 2884 fixa
3051 2826 3342 2884 sententia
3371 2841 3551 2900 quam

1907 2924 2064 2974 certa
2107 2918 2491 2991 praescientia.
2521 2940 2548 2966 ››
2581 2917 2697 2974 lIoe
2751 2934 3005 2989 namque
3028 2934 3232 2973 verum
3280 2921 3370 2972 est
3399 2916 3555 2989 quod

1906 3008 1965 3064 S.
1993 3007 2357 3079 Augustinus
2380 3005 2438 3061 in
2461 3006 2608 3061 llbI‘O
2635 3023 2740 3061 suo
2764 3004 3312 3061 convenientissime
3340 3003 3555 3076 posuit,

1908 3101 1966 3153 et
1997 3097 2106 3152 iste
2138 3097 2493 3168 compositor
2533 3093 2961 3166 incompositus
3006 3093 3100 3150 hic
3148 3092 3558 3149 inconvenien-

1907 3185 2134 3241 tissime
2165 3183 2486 3256 usurpavit.
2521 3183 2675 3239 Nihil
2709 3183 2865 3239 enim
2911 3182 3065 3239 Deus
3118 3181 3367 3256 praescit,
3400 3180 3556 3254 quod

141 3279 296 3335 niam
321 3273 766 3351 pradestinatio
787 3271 886 3327 Dei
913 3275 1164 3342 οεῌιυω
1187 3272 1290 3324 aut
1319 3267 1389 3322 ad
1423 3267 1642 3322 donum
1665 3283 1799 3338 per-
1832 3337 1866 3351 Α
1909 3292 2026 3331 non
2058 3275 2135 3330 sit
2165 3274 2403 3330 omnino
2454 3273 2721 3328 futurum
2758 3289 2771 3326 :
2806 3289 2910 3327 nec
2943 3271 3204 3327 futurum
3237 3270 3378 3344 quid
3425 3286 3556 3328 esse

139 3368 280 3424 tinet
311 3337 517 3439 gratiae
541 3380 660 3436 qua
687 3362 1013 3418 liberantur
1040 3337 1232 3424 electi,
1254 3360 1356 3412 aut
1375 3356 1446 3410 ad
1470 3337 1792 3411 retributio-

1913 3367 2119 3436 potest,
2181 3363 2336 3435 quod
2395 3380 2509 3417 non
2567 3362 2720 3416 Deus
2778 3361 3114 3433 przescierit.
3173 3337 3298 3417 Non
3354 3364 3551 3416 tamen

143 3473 268 3513 nem
282 3452 542 3528 justitize
565 3469 685 3524 qua
714 3449 1043 3523 puniuntur
1073 3445 1300 3517 injusti.
1322 3445 1390 3499 Et
1411 3444 1556 3499 bene
1577 3443 1790 3516 posuit,

143 3561 252 3603 non
281 3542 628 3616 intelligens
660 3539 816 3613 quod
850 3538 920 3594 de
962 3535 1205 3594 alterius
1235 3533 1409 3589 dictis
1449 3532 1792 3604 assumpsit,

143 3631 658 3708 praedestinatione
698 3629 885 3684 Deum
928 3623 1204 3682 statuisse
1234 3639 1359 3694 quae
1396 3621 1522 3694 ipse
1550 3620 1636 3676 vel
1665 3637 1795 3693 gra-

143 3722 288 3789 tuita
317 3717 734 3780 misericordia
763 3715 850 3771 vel
881 3716 1046 3787 justo
1067 3711 1294 3785 judicio
1335 3710 1597 3766 tacturus
1624 3713 1748 3765 erat
1780 3726 1793 3764 :

145 3813 420 3886 quoniam
454 3805 862 3865 misericordia
900 3801 1109 3859 statuit
1153 3800 1400 3856 liberare
1429 3798 1664 3869 electos,
1700 3798 1800 3855 50

141 3901 356 3974 judicio
383 3913 623 3972 poenam
647 3891 1082 3968 praedestinavit
1105 3888 1364 3962 injustis.
1388 3889 1457 3942 Et
1478 3887 1588 3944 hoc
1611 3892 1800 3942 totum

147 3995 230 4045 est
257 3989 356 4046 Dei
401 3981 867 4061 przedestinatio,
901 3998 1028 4052 qua:
1061 3983 1165 4035 aut
1196 3979 1267 4034 ad
1301 3978 1520 4032 donum
1553 3977 1804 4048 pertinet

150 4077 359 4154 gratiae,
393 4081 500 4133 aut
531 4075 605 4131 ad
655 4070 1103 4128 retributionem
1145 4066 1409 4139 justitiaa.
1434 4066 1613 4154 Nunc
1649 4065 1806 4154 dicat

153 4152 438 4240 quomodo
449 4163 610 4222 Deus
627 4160 919 4235 perituros
936 4159 1008 4214 ad
1027 4155 1329 4212 interitum
1350 4152 1802 4226 praedestinavit,

153 4257 422 4331 quoniam
455 4253 516 4309 in
551 4250 815 4309 secundo
845 4245 1102 4320 capitulo
1125 4244 1290 4312 dixit,
1316 4267 1342 4293 «
1370 4241 1509 4314 quia
1529 4241 1587 4296 in
1610 4258 1807 4331 massa

155 4330 549 4403 damnationis
575 4340 665 4396 vel
698 4338 910 4394 merito
942 4332 1212 4407 originali
1256 4331 1341 4388 vel
1382 4330 1559 4387 etiam
1592 4330 1806 4386 actuali

158 4434 604 4509 peruianserunt
635 4445 650 4484 :
682 4451 710 4477 »
747 4425 892 4483 etin
940 4424 1112 4480 tertio
1163 4422 1408 4476 fidenter
1455 4424 1544 4474 est
1589 4420 1804 4487 fassus,

158 4549 182 4573 α
210 4519 792 4598 praedestinationem
822 4513 1139 4570 electorum
1172 4511 1242 4565 ad
1274 4509 1472 4575 vitam,
1498 4513 1555 4562 et
1587 4509 1805 4580 przede-

158 4613 532 4672 stinationem
565 4605 886 4679 impiorum
917 4602 990 4658 ad
1023 4603 1294 4666 mortem,
1319 4621 1344 4645 υ
1369 4601 1425 4653 et
1456 4602 1655 4669 postea
1676 4598 1810 4652 sub-

160 4706 380 4758 secutus
410 4703 507 4756 est
537 4697 769 4762 dicens,
790 4715 818 4742 ‹‹
855 4687 1253 4747 Misericordia
1287 4685 1585 4741 salvantur
1615 4684 1802 4752 electi,

155 4790 362 4862 judicio
413 4784 664 4859 injustis
714 4785 806 4838 est
859 4795 1030 4854 pains
1088 4775 1570 4850 prmdcstinata.»
1607 4773 1804 4830 Talem

163 4879 301 4935 enim
322 4891 570 4935 sensum
595 4869 874 4946 exprimit
893 4884 1002 4924 sua
1021 4865 1330 4923 contextio.
1351 4863 1650 4930 Quomodo
1671 4880 1807 4936 ergo

167 4985 304 5024 nunc
333 4969 551 5024 iterum
583 4960 794 5035 injusti
844 4959 1092 5032 possunt
1135 4952 1378 5024 intelligi
1412 4953 1482 5008 ad
1517 4968 1746 5025 poenam
1776 4969 1810 5007 a

165 5055 267 5113 Deo
296 5048 748 5130 praedestinati?
777 5045 1063 5116 Quoniam
1103 5042 1152 5098 si
1191 5059 1226 5097 a
1255 5042 1370 5098 Deo
1403 5040 1473 5096 ad
1494 5040 1807 5130 interitum

168 5129 672 5218 predestinantur,
726 5137 829 5194 Dei
891 5130 1399 5208 praedestinatione
1456 5129 1583 5218 sine
1632 5129 1808 5185 dubio

169 5217 415 5305 pereunt,
445 5232 606 5288 sicut
635 5227 710 5285 ad
743 5223 995 5282 salutem
1028 5217 1426 5295 praedestinati
1457 5217 1557 5274 Dei
1591 5219 1810 5290 przede-

171 5322 468 5380 stinatione
497 5319 824 5377 salvantur.
849 5315 918 5370 Et
947 5311 997 5368 si
1042 5309 1271 5383 reprobi
1303 5307 1403 5364 Dei
1434 5308 1810 5380 praedestina-

171 5408 310 5467 tione
339 5410 611 5483 pereunt,
637 5403 838 5460 dicant
871 5400 1004 5476 quis
1034 5402 1238 5454 auctor
1265 5400 1354 5452 est
1383 5412 1585 5452 eorum
1614 5397 1810 5468 pcrdi-

171 5495 349 5554 tionis.
376 5498 540 5555 Unde
573 5496 825 5566 Prosper
871 5489 1095 5546 actione
1127 5486 1354 5543 decima
1403 5488 1564 5540 sexta
1613 5493 1814 5543 contra

173 5585 570 5644 Vincentianos
613 5583 760 5641 dicit
791 5598 862 5638 τε
902 5581 1028 5636 Non
1073 5575 1512 5650 perscvcraturi,
1546 5575 1814 5633 videlicet

177 5677 418 5747 perituri,
438 5694 557 5733 non
581 5691 651 5731 ex
683 5670 785 5728 Dei
808 5685 998 5742 opere,
1019 5665 1230 5740 inquit,
1254 5664 1350 5720 sed
1383 5681 1451 5718 ex
1483 5681 1589 5719 sua
1609 5665 1813 5722 volun-

182 5767 287 5822 tate
314 5765 614 5831 deficiunt,
649 5759 843 5819 casuri
875 5763 1072 5814 tamen
1112 5760 1170 5811 et
1203 5751 1486 5810 recessuri
1518 5754 1590 5809 ab
1621 5773 1686 5811 eo
1713 5761 1814 5829 qui

1906 3453 2242 3525 quicunque
2281 3455 2545 3523 pereunt,
2591 3450 2720 3504 ideo
2768 3454 3013 3521 pereunt
3059 3449 3198 3521 quia
3243 3447 3487 3522 perituri
3517 3464 3555 3506 ο.

1906 3542 2023 3598 Deo
2082 3539 2488 3613 praasciuntur,
2534 3540 2632 3594 sed
2689 3537 2827 3610 quia
2876 3536 3118 3610 perituri
3164 3541 3322 3604 sunt,
3357 3553 3392 3593 a
3439 3537 3554 3594 Deo

1908 3635 2045 3688 ante
2077 3629 2288 3685 szecula
2339 3627 2744 3700 praesciuntur.
2778 3627 2942 3682 Sicut
2993 3627 3240 3698 Prosper
3289 3625 3348 3680 in
3398 3625 3558 3682 deci-

1910 3736 2006 3774 ma
2052 3717 2226 3774 tertia
2273 3717 2648 3789 responsione
2699 3721 2900 3771 contra
2929 3713 3346 3770 Vincentianos
3396 3713 3555 3783 dicit,

1910 3831 1938 3857 «
1974 3808 2126 3880 quod
2176 3807 2282 3861 etsi
2333 3823 2402 3860 ex
2459 3811 2672 3860 aeterna
2728 3804 3094 3876 praescientia
3139 3803 3560 3875 prmrognitum

1911 3898 2089 3952 habet
2145 3896 2285 3968 quid
2345 3893 2811 3964 uniuscujusque
2882 3892 3107 3948 meritis
3170 3890 3564 3947 retributurus

1913 3985 2011 4053 sit,
2041 3982 2262 4040 nemini
2291 3987 2483 4037 tamen
2520 4000 2621 4054 per
2649 3982 2757 4036 ho:
2806 3981 2960 4053 quod
3007 3979 3127 4035 falli
3177 3997 3292 4035 non
3327 3979 3422 4037 5|
3457 3996 3564 4054 po-

1913 4079 2048 4141 test,
2080 4077 2181 4128 aut
2229 4071 2636 4126 necessitatem
2683 4074 2783 4124 aut
2811 4070 3166 4125 voluntatem
3217 4068 3418 4125 intulit
3463 4069 3562 4125 de-

1914 4161 2238 4236 linquendi.
2271 4161 2498 4232 Si_crgo
2531 4177 2565 4214 a
2588 4158 2821 4230 justitia
2853 4164 2908 4214 et
2938 4159 3150 4230 pietate
3182 4157 3315 4230 quis
3346 4157 3562 4228 deficit,

1916 4269 2022 4309 suo
2054 4251 2113 4306 in
2146 4267 2400 4323 praeceps
2433 4250 2618 4303 fertur
2657 4247 2918 4310 arbitrio,
2951 4265 3059 4304 sua
3089 4244 3567 4320 concupiscentia

1919 4341 2191 4406 trahitur,
2216 4357 2322 4394 sua
2355 4338 2730 4410 persuasione
2762 4336 3068 4408 decipitur.
3093 4335 3248 4392 Nihil
3273 4335 3350 4391 ibi
3375 4335 3562 4407 Pater,

1919 4429 2063 4486 nihil
2091 4429 2293 4493 Filius,
2319 4426 2462 4482 nihil
2486 4426 2606 4497 agit
2630 4426 2881 4498 Spiritus
2906 4429 3178 4482 sanctus:
3204 4441 3310 4480 nec
3330 4421 3433 4478 tali
3464 4439 3565 4480 ne-

1917 4519 2074 4593 gotio
2104 4517 2425 4590 quidquam
2461 4515 2666 4569 divina:
2693 4514 3007 4569 voluntatis
3039 4512 3369 4582 intervenit,
3395 4512 3564 4584 cujus

1918 4625 2090 4680 opere
2121 4605 2338 4661 multos
2363 4603 2583 4659 scimus
2615 4621 2684 4657 ne
2715 4602 3048 4658 laberentur
3074 4606 3348 4670 retentos,
3373 4599 3566 4657 nullos

1835 4707 1881 4772 υ
1914 4703 2109 4756 autem
2142 4700 2207 4750 ut
2237 4693 2574 4749 laberentur
2603 4693 2910 4765 impulsos.
2940 4715 2967 4741 ››
2990 4694 3059 4747 Et
3083 4693 3222 4748 item
3255 4689 3317 4746 in
3340 4689 3568 4746 decima

1917 4788 2159 4862 quinta:
2187 4809 2214 4834 ι(
2239 4785 2296 4840 Si
2331 4799 2465 4853 ergo
2497 4783 2556 4838 in
2589 4782 2898 4838 sanctitate
2926 4781 3159 4849 vivitur,
3183 4781 3232 4835 si
3266 4779 3324 4835 in
3357 4778 3570 4834 virtute

1919 4875 2241 4951 proficitur,
2265 4872 2312 4928 si
2335 4871 2392 4926 in
2423 4872 2590 4926 bonis
2623 4869 2834 4927 studiis
2867 4873 3262 4942 permanetur,
3286 4865 3568 4923 manifes-

1918 4971 2043 5023 tum
2069 4980 2288 5019 munus
2309 4964 2397 5017 est
2421 4959 2542 5026 Dei,
2559 4959 2682 5013 sine
2705 4976 2819 5030 quo
2843 4957 3062 5014 nullius
3085 4956 3220 5013 boni
3237 4954 3430 5028 operis
3452 4953 3570 5008 fru-

1919 5059 2048 5110 ctus
2070 5049 2414 5123 acquiritur.
2431 5046 2490 5102 Si
2513 5052 2709 5102 autem
2730 5047 2800 5101 ab
2823 5045 2915 5101 his
2939 5045 3246 5110 receditur,
3261 5045 3317 5096 et
3338 5040 3409 5096 ad
3427 5036 3570 5094 vitia

1919 5161 1986 5198 ac
2010 5143 2246 5214 peccata
2265 5136 2572 5201 transitur,
2599 5134 2742 5190 nihil
2769 5135 2843 5190 ibi
2870 5136 3021 5190 Deus
3043 5131 3208 5188 malae
3230 5125 3569 5185 tentationis

1920 5229 2207 5295 immittit,
2231 5231 2287 5281 et
2307 5241 2675 5282 recessurum
2698 5241 2811 5279 non
2837 5222 3050 5277 deserit
3075 5224 3388 5291 antequam
3410 5216 3572 5273 dese-

1921 5325 2102 5386 ratur,
2135 5323 2192 5372 et
2220 5316 2361 5371 facit
2410 5313 2755 5386 plerumque
2788 5330 2856 5366 ne
2888 5311 3131 5379 deserat,
3165 5310 3268 5363 aut
3309 5305 3486 5362 etiam
3518 5304 3570 5362 si

1921 5407 2194 5464 discessit
2225 5410 2292 5460 ut
2320 5405 2538 5458 redeat.
2563 5403 2680 5456 Cur
2705 5405 2897 5456 autem
2924 5399 3086 5452 illum
3112 5397 3378 5463 retineat,
3400 5393 3569 5450 illum

1923 5517 2038 5554 non
2071 5495 2333 5560 retineat,
2370 5510 2473 5548 nec
2508 5489 2782 5563 possibile
2814 5493 2900 5542 est
2932 5485 3440 5560 comprehendere,
3465 5499 3571 5540 nec

1923 5587 2146 5643 licitum
2180 5583 2482 5653 vestigare,
2509 5597 2640 5633 cum
2672 5576 2818 5632 scire
2849 5576 3126 5644 sufficiat,
3149 5575 3300 5631 etab
3322 5571 3422 5628 illo
3443 5585 3576 5626 esse

1924 5677 2078 5748 quod
2114 5679 2322 5736 statur,
2359 5676 2412 5724 ct
2447 5685 2558 5722 non
2593 5669 2664 5721 ab
2697 5665 2794 5721 illo
2840 5685 2970 5722 esse
3015 5666 3170 5740 quod
3203 5663 3411 5719 ruitur.
3443 5681 3470 5709 η
3503 5659 3573 5748 Et

1928 5747 2064 5820 item
2129 5764 2373 5832 Prosper
2433 5757 2489 5811 in
2551 5756 2696 5812 libro
2745 5757 3179 5813 Sententiarum
3229 5753 3367 5825 (cap.
3399 5747 3566 5818 379):
