4002 6454
455 441 572 507 115

1377 443 1759 508 HlNCMARl
1807 441 2253 506 llHEMENSlS
2298 445 2341 504 A
2358 441 2919 507 RCHIEPISCOPI.

3729 437 3842 506 “6

461 599 485 628 ι
521 574 824 635 Neminem
855 575 1012 634 Deus
1047 576 1120 633 ad
1151 561 1510 650 peccandum
1554 576 1735 651 cogit;
1787 574 2092 648 praevidet;
2118 576 2175 643 Α
2203 579 2269 630 ut
2297 573 2481 648 possit
2508 575 2903 648 qualicunque
2941 576 3114 633 modo
3153 579 3443 643 constare,
3473 571 3846 648 interpretari

453 669 650 722 tamen
673 683 772 723 eos
787 665 888 738 qui
909 665 1146 738 propria
1164 666 1460 722 voluntate
1481 665 1946 738 peccabunt.Cur
1963 681 2100 737 ergo

455 773 572 812 non
603 755 860 811 vindicet
881 755 1085 826 justus
1107 771 1234 827 quae
1254 755 1378 810 ﬁeri
1411 771 1522 810 non
1553 755 1708 827 cogit
1737 754 2049 826 praescius?
2066 773 2094 804 »

527 843 692 900 Unde
710 859 914 899 verum
931 847 1020 899 est
1031 843 1182 914 quod
1201 847 1470 915 exceptor
1483 843 1592 899 iste
1608 843 1678 899 de
1693 841 1841 898 Flori
1859 843 2095 914 scripto,

455 930 593 987 licet
622 931 952 988 inordinato
983 931 1204 998 ordine,
1229 930 1324 986 hic
1354 931 1704 1003 interposuit
1731 931 1930 987 dicens
1955 947 2004 986 τα
2035 931 2098 986 In

457 1019 632 1078 malis
647 1036 780 1077 vero
800 1019 1062 1092 ipsorum
1081 1018 1363 1075 malitiam
1383 1019 1850 1092 praescisse,quia
1866 1037 1935 1076 ex
1954 1018 2100 1091 ipsis

457 1112 566 1176 est,
590 1125 706 1164 non
727 1108 1192 1181 praedestinasse,
1208 1107 1344 1178 quia
1363 1125 1430 1163 ex
1451 1107 1550 1164 illo
1575 1125 1691 1164 non
1720 1111 1841 1164 est:
1868 1124 2099 1180 pmnam

457 1213 598 1254 sane
614 1195 835 1253 malum
857 1196 1134 1253 meritum
1153 1213 1354 1252 eorum
1377 1197 1899 1269 exsequentem,uti
1917 1197 2099 1252 Deum

457 1283 559 1358 qui
589 1284 786 1340 omnia
813 1283 1093 1358 prospicit
1143 1283 1522 1356 praesoivisse,
1551 1288 1609 1341 et
1656 1283 2102 1357 przedestinasse

457 1373 599 1446 quia
636 1373 837 1444 justus
884 1378 1046 1429 est.»
1076 1373 1157 1429 De
1186 1372 1473 1429 sententia
1519 1378 1715 1429 autem
1763 1373 2097 1446 Augustini,

457 1479 635 1535 quam
657 1462 967 1534 supposuit
986 1463 1186 1519 dicens
1201 1479 1250 1518 :«
1270 1463 1351 1518 De
1373 1463 1648 1518 omnibus
1666 1463 1905 1519 omnino
1927 1465 2102 1519 rebus

455 1554 578 1607 tam
607 1551 722 1608 ﬁxa
745 1555 836 1608 est
878 1551 1188 1622 sententia,
1237 1567 1416 1623 quam
1460 1556 1616 1608 certa
1663 1550 2097 1624 prtescientia,»

455 1644 700 1696 sanctus
754 1641 1002 1712 Prosper
1036 1639 1096 1695 in
1148 1640 1384 1712 praefato
1442 1638 1589 1696 libro
1619 1645 1758 1712 (cap.
1780 1641 1907 1711 957)
1937 1639 2098 1708 dicit,

454 1729 768 1786 ostendens
788 1728 926 1801 quia
955 1745 1070 1784 non
1102 1729 1213 1784 sub
1241 1745 1308 1784 eo
1339 1745 1515 1785 sensu
1545 1727 1706 1784 illam
1737 1727 2102 1802 Augustinus

452 1815 618 1884 dixit,
636 1833 750 1889 quo
772 1816 866 1872 hic
887 1816 1128 1889 capituli
1153 1817 1510 1890 compositor
1527 1817 1893 1890 interposuit,
1912 1834 1981 1876 ex
2000 1817 2103 1874 illa

454 1905 700 1976 probare
731 1903 995 1978 cupiens,
1019 1903 1103 1960 sic
1132 1905 1410 1977 reprobos
1440 1905 1882 1978 prwdestinatos
1908 1906 1980 1962 ad
2011 1905 2101 1960 in-

452 1993 884 2063 teritum,sicut
907 1993 1074 2050 electi
1098 1998 1239 2048 sunt
1264 1992 1662 2066 praedestinati
1683 1995 1754 2049 ad
1775 1995 1978 2050 vitam.
2008 1995 2102 2050 Ait

453 2081 613 2136 enim
645 2081 929 2153 Prosper:
957 2081 1100 2136 «Ira
1129 2081 1230 2136 Dei
1268 2098 1386 2136 non
1432 2081 1791 2154 perturbatio
1829 2083 1959 2153 ejus
1989 2087 2097 2150 est,

455 2169 554 2226 sed
570 2168 865 2242 judicium
887 2185 1003 2241 quo
1023 2169 1322 2242 irrogatur
1341 2186 1511 2242 paena
1531 2174 1766 2242 peccato
1787 2188 1801 2226 :
1825 2171 2100 2242 cogitatio

452 2273 588 2313 vero
611 2257 800 2330 ipsius
819 2261 876 2313 et
893 2257 1231 2329 recogitatio
1253 2258 1669 2313 mutandarum
1692 2275 1886 2313 rerum
1903 2263 1992 2314 est
2011 2258 2100 2314 in-

455 2345 892 2401 commutabilis
913 2346 1080 2400 ratio.
1106 2345 1304 2417 Neque
1324 2346 1478 2401 enim
1506 2345 1660 2402 sicut
1688 2346 1988 2402 hominem
2019 2348 2102 2404 ita

455 2433 641 2490 Deum
664 2435 1015 2506 cujusquam
1039 2432 1173 2488 facti
1205 2432 1297 2488 sui
1327 2434 1588 2506 poenitet,
1612 2435 1784 2505 cujus
1812 2435 1884 2490 de
1911 2435 2099 2490 omni-

453 2521 568 2578 bus
587 2521 827 2578 omnino
848 2522 1024 2578 rebus
1043 2526 1162 2577 tam
1189 2522 1301 2577 fixa
1323 2521 1813 2593 sententia,quam
1838 2529 1994 2580 certa
2013 2529 2102 2580 est

453 2609 876 2682 praescientia.»
907 2613 1093 2676 Quam
1125 2608 1392 2666 ultimam
1425 2609 1726 2666 sententia:
1757 2611 1936 2684 hujus
1967 2630 2097 2684 par-

453 2701 570 2754 tem
598 2698 755 2754 idem
778 2697 1023 2770 Prosper
1051 2697 1110 2752 in
1143 2699 1346 2754 eodem
1386 2698 1532 2754 libro
1558 2696 1696 2772 (cap.
1717 2701 1845 2769 291)
1867 2702 2102 2773 exponit

453 2786 654 2843 dicens
681 2803 745 2844 :«
776 2786 969 2859 Magna
1024 2803 1184 2858 opera
1235 2788 1478 2854 Domini,
1509 2789 1781 2860 exquisita
1811 2791 1868 2844 in
1917 2805 2100 2847 omnes

449 2875 752 2932 voluntates
780 2877 898 2948 ejus
918 2875 1087 2948 (Psal.
1111 2892 1200 2943 cx,
1223 2879 1299 2944 2).
1335 2875 1613 2931 Praividet
1641 2877 1824 2933 bonos
1872 2879 2100 2937 futuros

451 2968 510 3020 et
527 2968 705 3032 creat,
729 2964 1007 3038 praevidet
1027 2963 1212 3020 malos
1235 2965 1463 3020 futuros
1482 2969 1541 3020 et
1561 2966 2002 3038 creat,seipsum
2025 2970 2096 3025 ad

451 3050 763 3108 fruendum
791 3053 1057 3124 praebens
1088 3051 1277 3118 bonis,
1301 3052 1490 3108 multa
1512 3070 1823 3110 munerum
1855 3073 2098 3112 suorum

450 3137 706 3211 largiens
723 3141 901 3196 etiam
920 3139 1114 3205 malis,
1129 3139 1582 3197 misericorditer
1601 3141 2099 3216 ignoscens,juste

453 3225 764 3283 ulciscens.
781 3229 945 3294 Item,
963 3228 1416 3284 misericorditer
1437 3229 1746 3298 ulciscens,
1758 3233 1918 3302 juste
1940 3233 2098 3306 igno-

2205 663 2495 720 volumus.
2522 665 2603 720 De
2632 665 2742 720 hoc
2785 665 3076 738 siquidem
3119 664 3455 721 testimonio
3499 665 3850 722 venerabilis

2205 753 2362 808 Beda
2391 753 2693 825 presbyter
2735 754 2972 809 Patrum
3020 770 3273 826 sequens
3327 753 3649 810 sententias
3709 753 3851 810 dicit

2208 841 2328 914 (lib.
2358 859 2415 896 ιιι
2444 843 2504 897 in
2531 843 2716 910 Prov.)
2738 861 2758 896 :
2781 865 2810 892 ‹‹
2841 845 3044 898 Parata
3079 850 3209 899 sunt
3239 842 3576 898 derisoribus
3613 841 3849 916 judicia,

2207 939 2260 987 et
2279 931 2470 987 niallei
2492 933 2848 1003 percutientes
2884 932 3174 988 stultorum
3212 931 3548 1004 corporibus.
3580 932 3652 987 Et
3683 931 3734 987 si
3763 947 3851 987 re-

2209 1019 2396 1092 probi,
2422 1018 2638 1091 inquit,
2661 1019 2813 1074 sicut
2843 1019 3184 1092 priedictum
3213 1025 3319 1088 est,
3336 1019 3425 1076 vel
3445 1018 3743 1092 jussionis
3765 1019 3853 1074 vel

2209 1107 2682 1164 comminationis
2723 1107 2929 1163 divinas
2965 1107 3264 1181 judicium
3315 1108 3600 1177 derident,
3649 1113 3856 1181 parata

2207 1201 2405 1252 tamen
2433 1212 2530 1252 eos
2560 1199 2897 1268 exspectant
2919 1195 3143 1268 judicia
3172 1196 3590 1266 damnationis,
3627 1213 3759 1270 quas
3789 1201 3854 1252 ut

2209 1283 2402 1341 mallei
2433 1285 2652 1340 ferrum
2683 1284 2959 1352 candens,
2983 1284 3066 1340 ita
3087 1301 3187 1341 eos
3217 1285 3277 1340 in
3309 1286 3540 1342 fornace
3570 1285 3852 1359 gebenne

2211 1374 2336 1430 sine
2364 1375 2480 1430 fine
2508 1373 2830 1430 verberent.
2857 1395 2884 1423 »
2915 1373 3060 1428 Hinc
3089 1377 3147 1430 et
3177 1378 3419 1430 sanctus
3448 1370 3767 1447 Gregorius
3795 1372 3852 1428 in

2209 1461 2358 1518 libro
2389 1461 2612 1519 decimo
2652 1460 2856 1534 quinto
2896 1460 3203 1517 Moralium
3250 1462 3393 1518 dicit
3415 1479 3464 1518 τι
3489 1463 3637 1529 Quia
3663 1461 3854 1518 omni-

2209 1549 2484 1622 potentis,
2516 1549 2810 1621 inquiens,
2843 1547 3080 1618 justitia
3128 1549 3460 1606 futurorum
3499 1549 3748 1622 praescia
3785 1550 3856 1606 ab

2208 1639 2338 1709 ipsa
2369 1637 2573 1694 mundi
2605 1636 2832 1709 origine
2859 1635 3056 1710 ignem
3087 1638 3322 1706 creavit,
3337 1638 3438 1710 qui
3468 1638 3528 1694 in
3556 1655 3732 1711 poena
3761 1655 3855 1694 re-

2209 1727 2524 1798 proborum
2555 1743 2683 1783 esse
2714 1725 2894 1782 semel
2924 1723 3225 1798 inciperet,
3243 1727 3344 1782 sed
3379 1727 3648 1783 ardorem
3667 1743 3858 1791 suum

2209 1815 2382 1872 etiam
2416 1814 2542 1872 sine
2568 1813 2745 1888 lignis
2775 1831 3078 1886 nunquam
3112 1815 3324 1870 ﬁniret.
3351 1837 3379 1866 ››
3399 1815 3470 1871 Et
3498 1815 3558 1871 S.
3581 1815 3860 1889 Hierony-

2211 1921 2345 1960 mus
2365 1904 2425 1959 in
2446 1903 2594 1960 libro
2611 1902 2836 1959 decimo
2849 1901 3175 1958 Commenti
3194 1902 3356 1958 Isaiae
3379 1902 3674 1975 prophetae
3700 1919 3752 1958 :c
3773 1905 3856 1960 Ab

2209 1992 2332 2048 heri
2376 1992 2590 2066 quippe
2627 1997 2686 2048 et
2723 1991 3012 2064 praeterito
3069 1995 3333 2064 tempore
3390 1995 3719 2064 praeparata
3771 1996 3861 2049 est

2210 2097 2244 2136 a
2271 2098 2404 2154 rege
2433 2081 2670 2136 domino
2699 2079 2967 2148 Thol‘eth,
3005 2079 3064 2135 id
3095 2083 3184 2135 est
3225 2077 3344 2136 lata
3382 2083 3440 2135 et
3477 2079 3742 2152 spatiosa
3769 2096 3862 2154 ge-

2207 2169 2420 2238 henna,
2440 2186 2565 2242 qua:
2596 2186 2715 2236 eos,
2745 2168 2802 2223 id
2831 2173 2921 2224 est
2949 2168 3184 2240 impios,
3207 2167 3439 2224 aeternis
3469 2173 3602 2225 urat
3631 2169 3860 2226 ardori-

2208 2259 2432 2314 ribus.»
2445 2259 2607 2324 Quod
2626 2275 2760 2313 mox
2779 2259 3132 2313 subsecutus
3149 2262 3206 2313 et
3223 2258 3294 2312 de
3315 2257 3426 2314 hac
3447 2257 3862 2315 immobilitate

2208 2347 2582 2420 praescientiaa
2603 2353 2660 2403 et
2679 2344 3210 2418 praedestinationis
3229 2345 3352 2413 Dei,
3377 2363 3481 2418 per
3499 2363 3682 2418 quam
3703 2348 3862 2422 apud

2206 2453 2339 2492 eum
2364 2437 2561 2492 futura
2573 2437 2698 2506 jam
2723 2435 2874 2490 facta
2894 2439 3053 2505 sunt,
3071 2433 3246 2489 etiam
3267 2433 3423 2509 apud
3444 2434 3862 2492 Ecclesiastem

2208 2525 2352 2580 bene
2379 2524 2726 2595 intelligitur
2747 2522 2966 2579 dictum
2997 2525 3270 2594 :Cognovi
3299 2522 3439 2596 quod
3481 2525 3668 2580 omnia
3696 2531 3866 2597 opera

2208 2629 2333 2685 quae
2362 2615 2493 2684 feeit
2517 2629 2647 2668 aeus
2673 2621 3013 2684 perseverent
3039 2613 3099 2668 in
3137 2619 3458 2683 perpetuum
3487 2631 3506 2666 :
3535 2629 3648 2668 non
3671 2627 3869 2684 possu-

2205 2719 2328 2758 mus
2355 2703 2442 2758 his
2470 2702 2666 2758 addere
2692 2717 2792 2758 nec
2818 2703 3038 2774 auferre
3067 2716 3192 2774 quae
3220 2701 3352 2774 fecit
3385 2701 3526 2757 Deus
3565 2709 3628 2758 ut
3667 2703 3868 2758 timea-

2207 2798 2317 2846 tur.
2343 2791 2539 2858 (Ecele.
2571 2808 2656 2858 ιιι,
2691 2790 2800 2862 14).

2276 2878 2608 2934 Videndum
2637 2884 2726 2934 est
2755 2878 2814 2934 in
2861 2879 3165 2934 doctorum
3213 2878 3580 2946 tractatibus,
3604 2879 3868 2952 qualiter

2207 2966 2316 3022 hoc
2336 2965 2664 3038 exemplum
2687 2984 2808 3022 suae
2829 2965 3182 3038 astipuletur
3201 2965 3522 3037 sententiae,
3538 2985 3667 3040 qua;
3689 2985 3867 3024 cona-

2205 3059 2302 3110 tur
2329 3071 2586 3111 asserere
2616 3054 2769 3110 sicut
2793 3053 3006 3110 electas
3037 3055 3107 3111 ad
3147 3055 3347 3122 vitam,
3373 3055 3456 3110 ita
3484 3059 3542 3110 et
3571 3057 3860 3128 reprobos

2207 3161 2241 3199 a
2262 3144 2376 3198 Deo
2399 3142 2837 3215 prmdestinatos
2858 3143 2928 3199 ad
2963 3159 3214 3216 poenam.
3237 3143 3332 3198 Ait
3363 3159 3618 3216 namque
3653 3144 3858 3202 Hiero-

2206 3249 2417 3304 nymus
2454 3232 2511 3286 in
2561 3232 2918 3304 expositione
2965 3231 3100 3288 libri
3155 3231 3534 3288 Ecclesiastes
3563 3237 3702 3306 (cap.
3737 3235 3859 3304 31),

452 3333 642 3384 scens,
677 3315 821 3371 nihil
874 3321 1140 3372 metuens
1169 3317 1239 3372 de
1271 3319 1620 3390 cujusquam
1669 3301 1910 3389 malitia,
1949 3301 2093 3378 nihil
2125 3301 2168 3368 (ἶ
2207 3301 2459 3393 cognovi,
2493 3301 2786 3394 inqu—iens,
2811 3324 2942 3394 quia
2995 3323 3179 3378 omnia
3210 3336 3334 3394 qua:
3375 3323 3506 3393 fecit
3536 3301 3678 3378 Deus
3733 3301 3864 3395 ipsa

447 3403 718 3477 indigens
737 3405 808 3460 de
828 3407 1180 3478 cujusquam
1203 3405 1458 3478 justitia,
1483 3407 1627 3462 nihil
1649 3407 1759 3464 sibi
1782 3410 2092 3467 consulens

448 3494 520 3551 de
549 3495 824 3565 operibus
855 3496 1161 3564 bonorum,
1188 3501 1244 3552 et
1273 3496 1441 3552 bonis
1471 3497 1784 3554 consulens
1814 3500 1990 3555 etiam
2021 3502 2093 3558 de

448 3582 636 3654 pmnis
683 3583 993 3640 malorum.
1023 3607 1050 3634 »
1071 3586 1141 3640 Et
1188 3584 1399 3640 iterum
1433 3585 1570 3658 (cap.
1599 3587 1724 3658 940)
1750 3605 1762 3642 :
1787 3611 1816 3638 «
1850 3588 2088 3644 Nullum

444 3671 600 3727 Deus
631 3671 716 3728 vel
749 3671 1090 3746 angelorum
1133 3674 1218 3728 vel
1270 3674 1575 3730 hominum
1625 3681 1867 3742 crearet,
1911 3694 2088 3748 quem

441 3759 663 3817 malum
697 3761 960 3816 futurum
985 3778 1114 3818 esse
1145 3763 1490 3834 praescisset,
1519 3762 1630 3819 nisi
1654 3764 1870 3837 pariter
1890 3773 2090 3822 nosset

391 3853 396 3861 '
439 3849 656 3920 quibus
678 3867 777 3906 eos
797 3850 1085 3906 bonorum
1109 3851 1316 3906 usibus
1343 3853 1798 3921 commendaret,
1813 3858 1988 3926 atque
2007 3855 2088 3911 ita

440 3937 540 3996 52
571 3939 836 3994 ordinem
867 3939 1215 3995 saeculorum
1246 3939 1416 4011 quasi
1462 3939 1924 4012 pulcherrimum
1968 3959 2088 3998 car-

439 4039 572 4082 men
604 4026 782 4082 etiam
812 4043 882 4082 ex
909 4028 1265 4098 quibusdam
1297 4027 1640 4084 anthithetis
1679 4028 2030 4086 honestaret.
2055 4053 2084 4082 »

438 4112 568 4168 Haec
597 4115 719 4186 agit
746 4114 1024 4186 praescius
1054 4120 1112 4170 et
1140 4115 1566 4187 praedestinans
1603 4117 1866 4174 omnium
1901 4120 2072 4177 bono-

437 4216 569 4256 rum
601 4201 778 4267 Deus,
800 4201 1078 4274 prtescius
1101 4219 1213 4258 non
1237 4203 1943 4274 praedestinans'omnium
1968 4224 2086 4264 ma~

436 4287 627 4344 lorum
659 4289 834 4357 Deus,
853 4291 1007 4362 apud
1035 4307 1208 4362 quem
1229 4291 1302 4347 de
1331 4292 1604 4348 omnibus
1627 4293 1866 4351 omnino
1908 4295 2083 4352 rebus

433 4380 556 4439 tam
579 4377 692 4433 ﬁxa
711 4382 802 4434 est
822 4379 1311 4451 sententia,quem
1337 4385 1495 4436 certa
1520 4381 1883 4454 pratscientia
1905 4401 1919 4438 :
1944 4383 2082 4454 quia

434 4481 539 4520 nec
569 4465 754 4533 aliud,
778 4484 883 4522 nec
904 4466 1074 4524 aliter
1102 4469 1367 4524 futurum
1389 4474 1496 4536 est,
1521 4470 1631 4527 nisi
1656 4473 1810 4543 quod
1841 4476 1898 4528 et
1928 4473 2080 4529 sicut

431 4554 680 4626 praescit,
708 4559 766 4610 et
788 4556 942 4626 quod
965 4561 1024 4612 et
1042 4556 1196 4612 sicut
1217 4557 1477 4614 futurum
1500 4563 1589 4614 est
1610 4559 1763 4615 Deus
1784 4565 1916 4614 ante
1941 4579 2076 4632 prae-

2199 3419 2360 3467 erunt
2387 3412 2448 3466 in
2475 3419 2745 3467 ¢internum
2770 3429 2788 3464 :
2817 3427 2982 3482 super
3009 3411 3110 3467 illa
3151 3427 3264 3467 non
3304 3417 3476 3482 potest
3521 3410 3672 3479 addi,
3703 3420 3760 3468 et
3789 3413 3861 3470 ab

2201 3501 2318 3556 illis
2341 3515 2453 3555 non
2479 3505 2650 3570 potest
2674 3501 2852 3570 autem
2869 3501 2907 3566 i,
2931 3508 2982 3555 et
3008 3500 3139 3570 fecit
3153 3499 3293 3556 Deus
3310 3507 3372 3554 ut
3397 3501 3622 3556 timeant
3647 3517 3683 3555 a
3708 3502 3864 3570 facie

2197 3591 2314 3660 ejus
2334 3606 2386 3642 :«
2412 3587 2566 3644 Nihil
2598 3592 2708 3653 est,
2737 3587 2946 3659 inquit,
2977 3586 3036 3643 in
3070 3589 3290 3644 mundo
3321 3588 3474 3660 quod
3508 3604 3726 3645 novum
3751 3591 3858 3647 sit.

2198 3677 2349 3733 Solis
2377 3694 2608 3746 cursus,
2631 3681 2690 3732 et
2733 3675 2882 3731 luna:
2929 3677 3105 3746 vices,
3128 3680 3188 3732 et
3240 3682 3405 3732 terra;
3453 3677 3861 3752 arborumque

2197 3764 2428 3821 siccitas
2460 3765 2546 3820 vel
2577 3765 2748 3832 viror,
2773 3782 2908 3820 cum
2937 3765 3066 3838 ipso
3096 3765 3314 3820 mundo
3337 3768 3475 3821 nata
3504 3770 3643 3822 sunt
3672 3772 3860 3840 atque

2196 3859 2522 3911 concreata.
2555 3855 2624 3910 Et
2660 3853 2876 3910 idcirco
2926 3854 3082 3910 Deus
3141 3858 3297 3910 certa
3352 3853 3578 3910 ratione
3634 3863 3862 3915 cuncta

2195 3944 2531 4000 moderatus
2588 3949 2705 4007 est,
2765 3948 2823 3998 et
2871 3941 3056 4013 jussit
3123 3941 3402 3998 humanis
3461 3942 3670 4000 usibus
3725 3945 3858 4003 ele-

2194 4037 2392 4088 menta
2447 4029 2680 4099 servire,
2715 4035 2780 4087 ut
2837 4031 3104 4088 homines
3160 4031 3282 4088 haec
3309 4032 3572 4089 videntes
3625 4033 3856 4091 intelli-

2190 4125 2332 4193 gant
2389 4136 2517 4176 esse
2575 4119 3019 4192 providentiam,
3051 4124 3110 4176 et
3167 4119 3414 4177 timeant
3455 4121 3666 4178 afacie
3715 4121 3850 4194 Dei,

2191 4209 2334 4264 dum
2377 4226 2446 4265 ex
2495 4225 2686 4264 rerum
2746 4209 3095 4280 arqualitate,
3129 4225 3328 4282 cursu,
3383 4209 3608 4278 ordine,
3667 4214 3855 4286 atque

2193 4297 2290 4354 58
2349 4297 2677 4354 constantia
2731 4297 3071 4370 intelligunt
3117 4297 3470 4354 Creatorem.
3529 4299 3854 4358 Invisibilia

2187 4394 2335 4442 entm
2363 4387 2538 4458 ipsi-us
2565 4402 2600 4440 a
2629 4394 2879 4442 creatura
2929 4385 3128 4442 mundi
3153 4402 3252 4458 per
3274 4403 3337 4443 ea
3366 4401 3492 4460 quae
3527 4389 3674 4459 facta
3714 4400 3856 4449 sunt

2187 4476 2458 4532 intellecta
2485 4476 2916 4546 conspiciuntur.
2947 4475 3288 4546 Sempiterna
3325 4491 3536 4548 quoque
3567 4478 3688 4549 ejus
3726 4481 3849 4536 vir-

2184 4571 2270 4619 tus
2319 4571 2372 4620 et
2424 4563 2685 4619 divinitas
2727 4564 2900 4634 (Rom.
2935 4581 2973 4629 ι,
3007 4564 3122 4636 20).
3155 4565 3319 4630 Quod
3371 4565 3420 4620 si
3476 4563 3848 4624 voluerimus

429 4641 616 4698 scivit.
641 4643 765 4698 Non
789 4648 984 4700 tamen
1013 4644 1170 4700 mala
1192 4646 1312 4701 ﬁeri
1348 4647 1712 4718 praescientia
1736 4667 1844 4703 sua
1865 4649 2074 4722 coegit,
2111 4664 2152 4727 υ
2184 4653 2374 4722 priore
2417 4669 2594 4708 sensu
2634 4651 2798 4706 ﬁnito
2838 4651 3008 4724 quasi
3039 4669 3072 4708 a
3103 4653 3292 4725 capite
3322 4653 3532 4726 legere.
3562 4654 3631 4710 Et
3691 4661 3847 4714 Deus

427 4731 530 4788 sed
561 4748 688 4803 quae
722 4733 918 4788 futura
946 4737 1132 4798 erant,
1165 4739 1229 4790 ut
1278 4735 1431 4790 Deus
1481 4740 1614 4791 ante
1661 4737 1968 4807 praescivit,
2004 4739 2075 4794 de

425 4836 542 4891 quo
595 4819 876 4892 scriptum
909 4826 1034 4876 est:
1067 4823 1207 4879 Deus
1243 4832 1466 4891 aeterne,
1491 4825 1586 4896 qui
1640 4825 2076 4883 absconditorum

423 4923 480 4964 es
535 4911 796 4982 cognitor,
829 4911 925 4982 qui
977 4913 1124 4967 nosti
1177 4915 1362 4968 omnia
1409 4921 1692 4985 antequam
1745 4915 1884 4986 ﬁant
1911 4916 2068 4988 (Dan.

423 5013 546 5063 xm,
579 5000 692 5066 42).

494 5087 563 5140 Et
591 5088 749 5160 quod
779 5086 839 5143 in
867 5087 1124 5159 capitulo
1147 5089 1492 5162 compilator
1522 5091 1844 5162 subjunxit,
1868 5093 1939 5147 ad
1963 5092 2071 5150 hoc

423 5172 712 5244 siquidem
745 5176 886 5234 facit
915 5176 1209 5249 Sapientis
1249 5179 1471 5234 dictum
1499 5195 1510 5233 :
1535 5181 1736 5235 Parata
1769 5189 1899 5236 sunt
1924 5182 2068 5238 deri-

419 5262 635 5318 soribus
653 5265 892 5336 judicia,
913 5275 966 5324 et
979 5267 1172 5323 mallei
1195 5269 1554 5339 percutientes
1576 5269 1867 5325 stultorum
1893 5287 2071 5342 corpo-

417 5349 764 5422 ribus(Prov.
779 5356 1016 5430 xix,‘29),
1033 5355 1090 5411 in
1115 5355 1223 5412 hoc
1245 5373 1422 5412 sensu
1448 5361 1639 5428 potest
1661 5359 2070 5416 convenienter

417 5434 664 5511 intelligi
696 5441 976 5512 positum,
1001 5460 1116 5516 quo
1158 5444 1372 5517 posuit,
1401 5461 1630 5516 poenam
1673 5461 1812 5501 sane
1843 5447 2065 5519 malum

417 5527 695 5584 meritum
729 5545 930 5584 eorum
961 5539 1394 5606 exsequentem,
1421 5535 1504 5589 u'li
1531 5535 1714 5589 Deum
1739 5537 1836 5606 qui
1869 5538 2066 5594 omnia

417 5616 716 5689 prospicit,
743 5619 1122 5692 praescivisse,
1141 5629 1196 5678 et
1225 5623 1673 5694 praedestinasse
1703 5625 1840 5696 quia
1862 5627 2066 5695 justus

417 5706 641 5762 estSed
664 5706 737 5762 ad
753 5706 890 5779 quid
910 5706 1052 5764 illud
1075 5713 1336 5782 posuerit
1351 5728 1465 5768 non
1483 5711 1850 5784 ignoramus:
1869 5719 2061 5772 tamen

2181 4741 2310 4812 fecit
2335 4747 2398 4796 ut
2417 4742 2644 4796 timeant
2663 4757 2697 4795 a
2715 4741 2858 4812 facie
2881 4741 3016 4814 ejus,
3047 4739 3140 4796 hic
3159 4745 3249 4797 est
3270 4757 3498 4808 sensus,
3523 4742 3681 4799 Deus
3703 4745 3846 4802 fecit

2182 4828 2303 4884 haec
2333 4828 2533 4884 omnia
2562 4833 2626 4883 ut
2651 4828 2901 4884 timeant
2929 4828 3196 4886 homines
3227 4830 3300 4886 ab
3342 4845 3408 4886 eo
3449 4829 3604 4903 quod
3651 4834 3840 4890 semel

2181 4915 2336 4972 Deus
2351 4917 2646 4989 disposuit
2665 4916 2724 4972 in
2747 4915 2862 4973 alia
2880 4916 3195 4977 declinare.
3211 4916 3456 4975 Pulchre
3473 4922 3670 4976 autem
3691 4926 3845 4978 tem-

2179 5004 2400 5077 peravit
2425 5005 2646 5074 dicens,
2673 5014 2734 5062 ut
2761 5007 2987 5062 timeant
3005 5023 3040 5062 a
3067 5008 3213 5078 faeie
3239 5006 3593 5079 ejus.Vultus
3614 5009 3842 5084 quippe

2179 5093 2412 5149 Domini
2447 5111 2622 5166 super
2651 5094 2927 5151 facientes
2972 5095 3146 5150 mala.
3175 5117 3204 5146 »
3224 5096 3295 5150 Et
3331 5094 3614 5152 Alcuinus
3643 5095 3705 5152 in
3737 5115 3840 5155 ex-

2179 5183 2514 5256 planatione
2543 5184 2808 5254 ejusdem
2840 5183 2993 5253 libri,
3023 5183 3095 5240 ad
3128 5183 3335 5239 Oniam
3368 5184 3756 5258 sacerdotem,
3781 5194 3843 5245 et

2177 5271 2504 5328 Candidum
2545 5273 2970 5346 presbyterum,
3004 5277 3061 5328 et
3101 5272 3476 5329 Natanaelem
3513 5273 3838 5332 diaconum

2179 5359 2501 5432 discipulos
2531 5377 2670 5416 suos
2697 5378 2746 5416 :«
2768 5360 2949 5416 Didici
2977 5361 3117 5432 quod
3144 5365 3332 5439 omnia
3361 5379 3525 5434 opera
3555 5379 3676 5434 qua?
3703 5370 3844 5436 fecit

2175 5449 2316 5504 Deus
2354 5457 2692 5520 perseverent
2744 5451 2806 5504 in
2859 5458 3200 5522 perpetuum.
3233 5451 3351 5506 Non
3401 5467 3692 5522 possumus
3751 5458 3838 5511 eis

2173 5539 2370 5595 addere
2411 5539 2731 5610 quidquam,
2753 5555 2852 5594 nec
2899 5542 3120 5611 auferre
3150 5555 3274 5612 quae
3300 5542 3429 5612 fecit
3456 5542 3596 5596 Deus
3645 5551 3709 5598 ut
3753 5547 3835 5600 ti-

2173 5635 2394 5703 meatur
2419 5628 2610 5692 (Ercle.
2645 5644 2730 5692 ιιι,
2765 5629 2872 5687 14).
2906 5628 3060 5683 Nihil
3105 5635 3194 5684 est
3232 5629 3292 5684 in
3333 5630 3576 5698 mundo,
3607 5630 3832 5704 inquit,

2175 5716 2328 5787 quod
2383 5728 2598 5772 novum
2630 5716 2728 5772 sit.
2763 5716 2914 5775 Solis
2959 5733 3188 5785 cursus,
3221 5723 3278 5774 et
3337 5719 3508 5775 Lunze
3560 5719 3738 5788 vices,
3771 5729 3832 5780 et
