4002 6446
156 437 269 504 ιη

876 439 978 503 DE
1018 440 1776 505 PEEDESTINATIONE
1821 441 2333 509 DISSERTATIO
2378 443 2838 511 POSTERIOR.

3444 449 3562 517 118

151 575 318 631 terra
349 569 752 646 abomimque
782 571 1018 632 siccitas
1046 573 1137 632 vel
1158 575 1472 642 viror,cum
1495 575 1623 649 ipse
1644 592 1812 632 mun-
1837 574 1894 644 Α
1920 576 2120 650 vitque
2149 582 2214 635 ut
2241 595 2527 637 essemus.
2555 581 2713 638 Fecit
2738 585 2934 638 autem
2963 581 3073 640 hec
3098 585 3422 642 secundum
3443 585 3565 660 pla-

153 661 227 718 do
255 665 400 718 nata
429 665 574 718 sunt
601 665 780 736 atque
810 663 1100 719 creata.Et
1118 662 1336 720 idcirco
1357 664 1512 720 Deus
1535 669 1693 720 certa
1712 682 1809 720 ra-

154 750 309 808 tione
329 755 550 807 cuncta
571 749 908 807 moderatus
930 755 1101 819 est,et
1103 751 1285 823 jussit
1300 752 1581 809 humanis
1603 753 1810 810 usibus

153 838 446 897 elementa
473 838 710 907 servire,
744 845 808 895 ut
835 838 1108 896 homines
1134 841 1398 898 videntes
1442 841 1564 898 haec
1594 841 1809 897 intelli-

151 933 294 1003 gant
323 944 456 986 esse
487 926 914 1001 providentiam
945 927 1070 995 Dei,
1101 933 1160 986 et
1180 929 1426 993 timeant
1453 947 1490 986 ει
1509 929 1654 986 facie
1684 930 1806 997 Dei,

152 1019 297 1074 dum
348 1034 422 1074 ex
480 1032 678 1072 rerum
736 1015 1092 1090 aequalitate,
1145 1035 1344 1089 cursu,
1377 1019 1601 1086 ordine,
1634 1023 1809 1091 atque

125 1105 510 1172 .constantia,
543 1103 886 1179 intelligunt
912 1109 1263 1164 Creatorem.
1300 1129 1328 1157 »

219 1196 294 1252 Et
324 1193 611 1269 quoniam
640 1193 750 1251 hec
779 1193 849 1251 de
870 1193 1218 1252 Ecclesiaste
1237 1196 1640 1253 testimonium
1664 1214 1807 1270 qua-

151 1283 288 1342 liter
317 1301 441 1342 sue
474 1282 882 1356 astipulationi
913 1282 1232 1350 conveniat,
1258 1283 1537 1341 vcdelicet
1558 1287 1697 1358 quia
1716 1303 1810 1343 ne-

152 1389 455 1448 quaquam
473 1371 1110 1440 conveniat,decterum
1129 1373 1435 1430 sententiis
1449 1374 1809 1432 demonstra-

151 1462 446 1529 vimus,ex
473 1460 584 1517 hoc
614 1461 772 1532 quod
801 1461 1192 1534 praemisit,l)e
1222 1461 1355 1528 hac,
1373 1462 1664 1536 inquiens,
1697 1463 1806 1520 im-

151 1550 487 1608 obilitate
516 1548 892 1622 praescientiaa
922 1553 979 1605 et
1005 1550 1531 1622 prmdcstinatienis
1562 1552 1685 1619 Dei,
1709 1570 1811 1625 per

151 1657 336 1715 quam
364 1638 526 1712 apud
556 1655 694 1695 eum
723 1637 921 1695 futura
941 1639 1070 1709 jam
1101 1639 1256 1694 facta
1283 1640 1696 1714 sunt,Presper
1723 1641 1808 1697 illi

150 1747 218 1787 ex
247 1728 403 1786 libre
453 1727 713 1785 secunde
763 1727 901 1799 (cap.
935 1728 1051 1796 33),
1083 1727 1154 1783 de
1181 1727 1494 1784 Vecatiene
1543 1729 1806 1802 gentium

151 1816 510 1892 respondeat
541 1832 556 1872 :
590 1839 619 1866 ι(
651 1815 777 1871 Non
809 1819 920 1882 est,
944 1813 1240 1888 inquiens,
1274 1816 1334 1872 in
1363 1815 1480 1872 Dee
1512 1817 1804 1887 accidens,

150 1911 376 1976 motus,
400 1909 506 1962 aut
517 1920 676 2006 inova
701 1902 992 1972 voluntas,
1007 1907 1110 1961 aut
1130 1903 1449 2010 temporale
1469 1907 1803 2010 consilium,
1835 1945 1884 2010 Β

151 2013 256 2054 nec
287 1993 570 2069 cogitatio
590 1993 720 2065 ejus
743 2009 878 2049 cum
899 2010 1094 2049 rerum
1115 1993 1489 2050 mutabilium
1513 1995 1810 2068 inaequali-

150 2089 267 2143 tate
297 2083 600 2151 variatur;
629 2081 732 2139 sed
763 2085 976 2139 cuncta
997 2081 1216 2155 pariter
1236 2087 1498 2155 tempera
1515 2088 1573 2140 et
1595 2091 1810 2157 tempe«

149 2174 296 2233 ralia
314 2171 682 2246 sempiterno
703 2186 769 2226 ac
788 2168 984 2227 stabili
1007 2170 1486 2243 cemprenhendit
1505 2172 1808 2241 intuitu,et

150 2262 431 2322 omnibus
445 2257 649 2316 omnia
660 2259 780 2331 iam
793 2257 1061 2314 retribuit
1073 2257 1172 2331 qui
1184 2275 1311 2332 quae
1325 2261 1701 2334 suntfuturaj
1709 2279 1805 2318 am

149 2350 466 2410 fecit.llinc
495 2352 586 2405 est
605 2346 750 2403 illud
773 2347 925 2405 beati
949 2346 1110 2404 Pauli
1127 2348 1376 2421 apostoli
1397 2349 1709 2407 scribentis
1731 2353 1805 2408 ad

149 2434 806 2514 Ephesieszﬂenedictus
833 2435 974 2492 Deus
1003 2443 1056 2492 et
1072 2436 1236 2492 Pater
1252 2437 1472 2492 Domini
1489 2439 1664 2494 nostri
1679 2439 1807 2495 Iesu

149 2527 484 2600 Christi,qui
515 2524 794 2582 benedixit
813 2541 911 2582 nos
931 2525 992 2580 in
1011 2526 1162 2582 omni
1181 2525 1548 2583 benedictione
1564 2529 1808 2600 spiritali

151 2621 206 2675 in
233 2615 548 2676 coelestibus
577 2616 640 2671 in
659 2613 896 2672 Christo.
918 2613 1073 2670 Sicut
1097 2615 1259 2686 elegit
1282 2630 1380 2670 nos
1429 2617 1490 2671 in
1537 2617 1652 2688 ipso
1683 2625 1806 2673 ante

147 2705 347 2764 mundi
373 2704 906 2771 constitutionem,ut
922 2717 1158 2759 essemus
1187 2705 1364 2759 sancti
1389 2711 1440 2759 et
1467 2705 1808 2762 immaculati

151 2799 208 2853 in
237 2801 533 2868 conspectu
559 2794 677 2866 eius
710 2795 770 2847 in
798 2791 1080 2848 charitate.
1115 2792 1222 2860 Qui
1251 2791 1664 2864 prwdestinavit
1707 2811 1806 2851 nos

151 2889 210 2943 in
235 2885 592 2957 adoptionem
618 2881 867 2954 ﬁliorum
886 2897 988 2952 per
1021 2880 1205 2937 Iesum
1253 2879 1530 2937 Christum
1576 2883 1637 2937 in
1667 2884 1802 2955 ipso,

146 2973 454 3032 “cundum
475 2973 820 3046 propositum
857 2969 1152 3026 voluntatis
1177 2984 1316 3037 suae,
1350 2971 1412 3024 in
1440 2969 1657 3026 laudem
1683 2971 1803 3042 glo-

146 3065 253 3123 ria!
279 3063 488 3136 gntth
513 3076 634 3118 sua:
664 3057 928 3132 (Ephes.1,
959 3059 1034 3130 3),
1067 3061 1124 3114 et
1152 3062 1360 3114 caetera
1388 3057 1566 3127 (sicut
1585 3059 1803 3116 ibidem

149 3153 332 3210 lector
359 3150 616 3224 quisque
635 3149 881 3204 devotus
900 3145 988 3202 vel
1009 3147 1278 3203 curiosus
1299 3145 1531 3220 plenius
1551 3152 1608 3204 et
1626 3147 1804 3204 latius

149 3241 365 3316 poterit
394 3236 838 3308 invenire,)qua
867 3235 979 3292 sub
1007 3235 1273 3308 ejusdem
1293 3252 1504 3293 sensus
1525 3237 1803 3310 praedica-

1919 667 2104 723 citum
2132 667 2449 725 voluntatis
2480 687 2618 738 sum,
2655 675 2720 726 ut
2749 689 2918 727 nemo
2950 673 3021 728 de
3051 675 3284 740 sua,sed
3308 675 3379 732 de
3403 675 3562 734 illius

1919 772 2058 828 erga
2069 757 2454 826 se,veluntate
2475 758 2938 831 glerietur.Fecit
2953 761 3060 816 hec
3083 764 3402 820 secundum
3423 765 3565 821 divi-

1918 842 2030 900 tias
2041 843 2237 917 gloriae
2259 849 2731 910 sum,sccundum
2757 851 2969 904 bonam
2991 849 3559 922 voluntatem'suam,

1919 949 2096 1004 quam
2128 933 2432 1006 proposuit
2461 935 2519 990 in
2551 935 2760 992 dilecto
2795 937 2936 993 Filio
2966 955 3094 1006 suo,
3119 938 3179 994 in
3201 957 3316 1011 quo
3348 947 3560 999 sortem

1917 1022 2214 1077 consecuti
2248 1039 2478 1090 sumus,
2510 1025 2903 1096 praedestinati
2937 1027 3261 1084 secundum
3301 1030 3560 1102 preposi-

1915 1112 2194 1176 tum,non
2227 1116 2513 1177 nostrum,
2539 1114 2638 1168 sed
2671 1114 2801 1184 ejus
2832 1115 2931 1185 qui
2966 1116 3236 1173 universa
3265 1123 3559 1190 operatur,

1918 1214 2105 1270 usque
2135 1199 2278 1253 adeo
2312 1203 2375 1254 ut
2395 1199 2522 1271 ipse
2546 1199 2605 1255 in
2628 1203 2796 1257 nobis
2817 1208 3086 1273 operetur
3105 1210 3162 1261 et
3179 1205 3562 1279 velle.0pera-

1915 1289 2014 1342 tur
2043 1291 2242 1342 autem
2273 1289 2600 1344 secundum
2633 1291 2945 1347 consilium
2977 1292 3296 1350 voluntatis
3327 1313 3468 1364 suae,
3499 1299 3566 1352 ut

1916 1373 2106 1431 simus
2135 1375 2194 1430 in
2224 1375 2458 1432 laudem
2487 1377 2684 1448 gloriae
2706 1379 2890 1451 ejus.»
2917 1382 2986 1436 Et
3009 1383 3370 1456 item,cap.l7
3393 1401 3406 1441 :
3433 1409 3462 1437 ι(
3483 1387 3566 1441 Ex

1915 1462 2025 1518 hoc
2056 1463 2353 1534 proposito
2385 1465 2512 1535 ejus
2544 1470 2633 1522 est
2664 1466 2764 1522 illa
2794 1468 3113 1525 electorum
3145 1473 3378 1544 propria
3405 1490 3567 1530 voca-

1914 1549 2018 1621 tio,
2042 1551 2258 1624 quibus
2278 1551 2476 1608 omnia
2497 1560 2881 1627 cooperantur
2901 1557 2959 1612 in
2983 1559 3334 1633 benum,qui
3361 1580 3566 1626 secun-

1917 1639 2058 1694 dum
2087 1640 2451 1712 propositum
2497 1643 2686 1699 vocati
2736 1650 2910 1714 sunt;
2943 1651 3000 1702 et
3037 1635 3172 1705 'sine
3224 1651 3564 1721 pcnnitentia

1916 1733 2056 1784 sunt
2085 1729 2238 1785 dona
2263 1734 2322 1784 et
2350 1730 2571 1786 vecatie
2612 1730 2736 1786 Dei.
2773 1756 2799 1780 ››
2833 1734 2900 1788 Et
2931 1734 3065 1790 item
3101 1753 3115 1790 :
3152 1757 3180 1786 ‹‹
3212 1737 3397 1810 Elegit
3425 1755 3560 1811 ergo

1916 1834 2014 1873 eos
2045 1818 2115 1872 de
2163 1819 2384 1873 mundo
2427 1835 2560 1873 cum
2610 1818 2704 1874 hic
2757 1827 2954 1891 ageret
3001 1840 3257 1891 carnem,
3289 1826 3388 1881 sed
3430 1827 3557 1898 jam

1915 1905 2130 1962 electos
2155 1906 2213 1961 in
2245 1905 2438 1978 seipse
2469 1911 2604 1962 ante
2635 1909 2840 1963 mundi
2871 1911 3367 1968 constitutionem.
3403 1936 3433 1963 ››

1983 1993 2143 2050 Talis
2168 1997 2257 2050 est
2285 1995 2429 2050 fides
2460 1995 2913 2052 erthedexerum
2943 1999 3014 2054 de
3054 2001 3560 2071 prmdestinatione

1883 2087 2273 2139 sanctorum.
2307 2083 2552 2139 Studeat
2581 2089 2637 2139 et
2667 2084 2822 2140 dicat
2869 2086 3257 2158 capitulorum
3309 2089 3558 2146 istorum

1913 2170 2428 2244 cempilater,quia
2458 2171 2694 2228 relictos
2729 2176 3025 2246 reprebes,
3054 2176 3267 2248 impios
3293 2183 3349 2233 et
3372 2177 3560 2250 injus-

1913 2265 2025 2325 tos,
2059 2276 2124 2315 ac
2159 2261 2470 2332 perituros,
2505 2264 2638 2316 ante
2667 2263 2872 2318 mundi
2903 2265 3380 2323 constitutionem
3413 2285 3557 2340 prae-

1913 2348 2228 2406 destinavit
2280 2349 2434 2404 Deus
2483 2351 2556 2404 ad
2606 2349 2928 2419 interitum,
2963 2359 3020 2408 et
3067 2355 3471 2426 perditionem,
3502 2359 3561 2413 et

1913 2455 2166 2510 poenam.
2199 2437 2315 2494 Nos
2346 2438 2537 2493 dicere
2567 2455 2683 2494 non
2729 2441 3016 2496 audemus
3064 2442 3204 2514 quia
3251 2461 3365 2500 non
3415 2444 3562 2502 dixit

1911 2526 2243 2600 Apostolus,
2278 2544 2384 2582 nec
2429 2544 2532 2599 per
2576 2544 2710 2583 cum
2761 2528 3007 2600 loquens
3055 2531 3338 2588 Dominus
3385 2533 3559 2590 Jesus

1913 2615 2202 2671 Christus.
2236 2615 2351 2670 Nec
2382 2615 2777 2672 emendatiere
2805 2617 2952 2688 style
2981 2623 3038 2674 et
3069 2636 3263 2691 ungue
3293 2621 3556 2678 censorio

1913 2703 2209 2776 corrigens
2240 2721 2349 2759 sua
2381 2703 2596 2776 scripta
2621 2706 2825 2760 beatus
2846 2707 3209 2778 Augustinus
3231 2709 3414 2780 jussit
3439 2710 3553 2766 eis-

1912 2792 2046 2848 dem
2067 2791 2301 2863 scriptis
2323 2809 2428 2847 nos
2451 2791 2643 2848 taliter
2665 2794 3154 2864 praedicare.Dicit
3171 2796 3325 2853 idem
3349 2799 3553 2855 beatus

1911 2879 2273 2953 Augustinus
2303 2879 2362 2934 in
2391 2881 2592 2935 eodem
2625 2880 2771 2936 libre
2803 2884 3091 2954 (cap.cod.)
3115 2901 3127 2940 :
3153 2908 3180 2934 «
3205 2885 3384 2941 Electi
3415 2889 3555 2942 sunt

1913 2969 2131 3042 itaque,
2156 2969 2298 3041 quin
2330 2970 2746 3040 prmdestinati,
2779 2975 2912 3026 ante
2943 2973 3144 3028 mundi
3178 2974 3551 3050 constitutio-

1913 3075 2048 3114 nem
2061 3074 2128 3112 ea
2138 3056 2642 3130 praedestinatiene
2665 3059 2722 3112 in
2748 3076 2861 3130 qua
2886 3060 3033 3114 Deus
3056 3076 3165 3116 sua
3183 3061 3381 3118 futura
3401 3061 3555 3120 facta

1913 3145 2231 3220 praescivit:
2256 3144 2424 3202 electi
2455 3149 2650 3201 autem
2679 3148 2748 3202 de
2778 3149 2997 3203 munde
3023 3165 3091 3204 ea
3119 3150 3416 3207 vocatione
3436 3169 3556 3224 qua

1913 3235 2068 3292 Deus
2118 3235 2174 3290 id
2221 3234 2373 3306 quod
2426 3234 2854 3305 praedestinavit
2900 3235 3181 3308 implevit.
3215 3240 3370 3305 Quos
3396 3240 3554 3296 enim

149 3309 304 3388 liene
336 3326 659 3392 connectit,
681 3325 898 3382 decens
918 3325 1140 3380 denum
1163 3328 1336 3396 atque
1357 3341 1505 3397 opus
1525 3309 1722 3398 gratia;
1746 3327 1805 3382 in
1835 3309 1879 3376 C
1917 3323 2349 3396 praedestinavit
2379 3321 2508 3378 illos
2537 3327 2594 3377 et
2626 3323 2972 3393 voeavit,illa
3002 3325 3224 3382 scilicet
3260 3328 3558 3386 vocatione

149 3427 368 3477 sterne
417 3416 522 3474 Dei
571 3430 807 3486 semper
854 3413 1144 3470 mansisse
1192 3413 1454 3483 consilio,
1490 3430 1812 3487 omnesque

149 3505 489 3582 adoptionis
523 3502 699 3569 ﬁlios,
735 3518 851 3558 non
883 3499 1076 3558 solum
1099 3500 1157 3556 in
1180 3518 1248 3557 eo
1267 3506 1384 3558 tem
1392 3518 1529 3574 pere
1552 3519 1668 3576 quo
1681 3505 1808 3575 jam

149 3596 470 3654 existentes
490 3591 679 3649 vocati
702 3590 972 3658 sunt,sed
985 3589 1160 3646 etiam
1183 3590 1527 3663 priusquam
1551 3594 1809 3650 mundus

150 3677 881 3750 oonstitueretur,electos.
906 3677 970 3734 In
1002 3693 1119 3750 qua
1147 3675 1424 3734 electione
1446 3677 1694 3751 quisque
1715 3679 1812 3736 he-

151 3771 382 3829 minam
415 3770 478 3826 in
508 3767 743 3826 Christo
774 3767 1166 3840 pracognitus
1189 3783 1304 3822 non
1324 3771 1413 3822 est
1435 3766 1596 3824 nulla
1618 3767 1807 3825 eidem

152 3862 374 3918 ratione
406 3856 757 3916 sociabitur.
789 3855 1006 3912 Omnes
1033 3855 1190 3911 enim
1221 3855 1320 3928 qui
1344 3857 1415 3912 ad
1438 3872 1685 3929 regnum
1708 3857 1811 3914 Dei

151 3951 223 4007 de
249 3946 576 4022 cujuslibet
606 3943 888 4018 temporis
932 3943 1230 4000 vocatione
1275 3945 1502 4000 venturi
1555 3950 1714 4014 sunt,
1751 3947 1807 4002 in

153 4037 268 4095 ista
293 4053 432 4111 qua
461 4033 682 4093 secula
707 4037 923 4090 cuncta
950 4033 1248 4106 praecessit
1266 4033 1574 4105 adoptione
1595 4033 1808 4106 signati

152 4127 388 4185 sunt.Et
419 4125 578 4182 icut
607 4121 808 4179 nullus
837 4119 1162 4177 infidelium
1194 4121 1253 4176 in
1282 4120 1389 4177 hac
1420 4125 1573 4177 sorte
1605 4139 1806 4179 nume-

153 4216 426 4284 γεω-δάιε
457 4211 665 4270 nullus
693 4210 923 4284 piorum
955 4210 1028 4267 ab
1051 4209 1161 4266 hac
1183 4210 1581 4267 benedictione
1600 4211 1811 4268 discre-

151 4310 247 4362 tus
275 4303 478 4364 εει.Βο
507 4299 874 4375 plenitudine
896 4299 1111 4372 quippe
1133 4300 1530 4356 membrorum
1553 4301 1810 4374 corporis

153 4392 256 4450 ⁵4
281 4389 506 4449 Christi
539 4387 908 4463 praeseiontia
937 4387 1059 4454 Dei,
1093 4405 1220 4460 quae
1271 4387 1390 4443 falli
1437 4406 1551 4444 non
1601 4394 1807 4461 potest,

155 4481 295 4538 nihil
314 4479 582 4554 perditet
597 4476 762 4534 nullo
778 4475 1127 4533 detrimento
1146 4475 1331 4531 minui
1349 4479 1812 4548 petest.Summa

151 4568 510 4643 praecognita
541 4571 721 4640 atque
771 4565 831 4621 in
879 4564 1110 4621 Christe
1155 4570 1290 4621 ante
1338 4565 1550 4622 swcula
1597 4571 1812 4624 interna

1919 3413 2244 3470 secundum
2283 3411 2668 3484 propositum.
2703 3413 2826 3467 Non
2876 3430 3011 3486 ergo
3061 3414 3226 3482 alios,
3259 3417 3360 3472 sed
3409 3434 3557 3490 quos

1919 3500 2350 3575 prmdestinavit
2378 3500 2537 3572 ipsos
2564 3506 2620 3554 et
2649 3501 2889 3569 vocavit,
2926 3520 3026 3557 nec
3060 3502 3242 3560 alios:
3277 3505 3377 3560 sed
3409 3522 3558 3578 quos

1920 3591 2002 3647 ita
2030 3589 2252 3646 vocavit
2282 3589 2442 3660 ipsos
2473 3594 2528 3646 et
2549 3589 3026 3660 justiﬁcavit,nec
3059 3591 3238 3659 alios;
3269 3595 3370 3649 sed
3411 3611 3559 3666 quos

1919 3679 2372 3752 praedestinavit,
2407 3679 2646 3746 vocavit,
2672 3680 3036 3750 justiticavit,
3071 3682 3228 3752 ipsos
3257 3687 3313 3738 et
3341 3682 3558 3755 glorifi-

1919 3768 2070 3824 cavit
2101 3783 2114 3822 :
2151 3767 2248 3824 illo
2282 3766 2482 3839 utique
2515 3768 2626 3821 ﬁne
2667 3766 2766 3838 qui
2816 3786 2929 3822 non
2978 3769 3156 3824 habet
3205 3771 3402 3826 ﬁnem.
3436 3795 3463 3821 υ
3491 3773 3560 3828 Et

1918 3858 2055 3913 item
2077 3858 2314 3928 (cap.18)
2339 3873 2352 3911 :
2379 3880 2405 3906 «
2433 3855 2614 3928 Elegit
2636 3856 3172 3928 Deus,inquiens,in
3186 3857 3560 3916 Christeante

1921 3947 2122 4002 mundi
2155 3945 2631 4001 constitutionmn
2675 3945 2936 3999 membra
2984 3947 3132 4016 ejus.
3167 3943 3557 4019 Et'quomode

1919 4035 2158 4107 eligeret
2187 4051 2284 4089 eos
2315 4032 2416 4105 qui
2448 4033 2708 4086 nendum
2731 4037 2896 4087 erant
2915 4033 3024 4088 nisi
3051 4035 3560 4105 prmdestinande?

1919 4123 2103 4196 Elegit
2133 4139 2268 4194 ergo
2302 4121 2721 4193 prmdestinans
2753 4139 2878 4175 nos.
2903 4122 3176 4194 Nunquid
3200 4123 3437 4197 eligeret
3457 4125 3562 4182 im-

1920 4212 2046 4285 pios
2075 4216 2134 4268 et
2163 4211 2544 4266 immundos?
2574 4210 2719 4265 Nam
2746 4212 2793 4265 si
2818 4212 3061 4281 qumstie
3085 4220 3561 4285 proponatur,ut-

1920 4318 2048 4357 rum
2063 4301 2167 4356 hos
2180 4299 2454 4372 eligat,an
2470 4299 2662 4371 potius
2675 4305 2908 4354 sanctos
2921 4306 2975 4355 et
2989 4300 3564 4379 immaculates,quid

1920 4389 2129 4446 herum
2153 4390 2502 4462 respondeat
2515 4389 2648 4460 quis
2671 4390 2962 4459 requirat“?
2978 4408 3043 4446 ac
3065 4409 3178 4446 non
3199 4393 3396 4448 statim
3417 4397 3566 4452 ferat

1922 4478 2019 4536 55
2053 4496 2154 4550 pro
2187 4479 2405 4533 sanctis
2451 4477 2960 4549 immaculatisque
3012 4482 3406 4538 sententiam?
3437 4507 3466 4532 »
3497 4485 3567 4540 Et

1920 4567 2060 4623 item
2077 4567 2134 4622 in
2150 4565 2295 4622 libro
2309 4567 2378 4622 de
2401 4566 2909 4621 Praeilostinatieuc
2933 4573 3269 4624 sanctorum
3290 4570 3560 4644 (capJEi):

153 4657 478 4732 praelecta.
512 4656 682 4713 Sicut
713 4655 786 4711 ad
817 4653 1192 4710 Timotheum
1219 4654 1478 4710 scribens
1499 4655 1810 4726 Apostolus
1842 4678 1888 4742 υ
1921 4679 1947 4705 ‹‹
1979 4656 2080 4711 Est
2110 4653 2308 4720 etiam,
2341 4653 2636 4725 inquiens,
2672 4654 3187 4726 przeelarissimum
3211 4657 3407 4714 lumen
3430 4677 3567 4732 pra:-

154 4746 342 4804 dicit:
375 4743 668 4803 Collabora
711 4743 1004 4815 Evangelia
1049 4742 1348 4798 secundum
1397 4745 1653 4800 virtutem
1691 4745 1809 4814 Dei,

156 4839 254 4910 qui
279 4852 376 4893 nos
407 4835 670 4892 liberavit
695 4841 747 4890 et
773 4834 981 4890 vocavit
1014 4833 1290 4889 vocatione
1335 4848 1438 4888 sua
1465 4841 1672 4898 sancta,
1701 4851 1814 4892 non

157 4925 458 4983 secundum
485 4941 653 4997 opera
678 4930 890 4991 nostra,
919 4920 1013 4979 sed
1039 4921 1337 4978 secundum
1364 4938 1528 4977 suum
1560 4925 1813 4996 proposi-

161 5023 298 5084 tum,
328 5023 380 5072 et
407 5015 650 5087 gratiam
669 5027 798 5086 quae
817 5010 942 5068 data
969 5018 1050 5068 est
1076 5010 1232 5067 nobis
1261 5018 1386 5067 ante
1406 5019 1643 5083 tempora
1661 5021 1817 5069 aeter-

165 5122 240 5160 na
259 5103 332 5176 {Il
354 5104 490 5160 Tim.
513 5119 556 5174 ι,
576 5104 658 5172 8).
687 5123 716 5150 ››
738 5101 808 5156 Et
827 5103 1067 5156 sanctus
1093 5099 1460 5172 Augustinus
1489 5099 1548 5156 in
1575 5099 1722 5157 libro
1746 5102 1817 5158 de

165 5191 686 5250 Pradestinatiene
716 5192 1055 5246 sanctorum
1078 5188 1314 5260 (cap.18)
1337 5205 1350 5244 :
1376 5211 1404 5239 α
1428 5192 1559 5245 Haec
1589 5193 1678 5246 est
1709 5190 1817 5245 im-

167 5279 403 5338 mobilis
447 5277 666 5336 veritas
716 5275 1244 5350 praedestinatienis
1299 5281 1356 5334 et
1411 5277 1631 5350 gratim,
1663 5277 1822 5333 velut

163 5367 478 5442 Apostolus
509 5367 594 5424 ait
627 5384 641 5422 :
677 5366 831 5422 Sicut
855 5366 1016 5437 elegit
1042 5381 1140 5420 nos
1188 5366 1243 5420 in
1294 5367 1410 5437 ipso
1456 5374 1582 5422 ante
1624 5366 1821 5423 mundi

165 5458 604 5514 constitutionem
636 5455 854 5529 (Ephes.
877 5473 916 5523 ι,
951 5455 1026 5524 li).
1060 5453 1247 5526 Elegit
1275 5471 1410 5526 ergo
1443 5471 1548 5509 nos
1575 5454 1729 5510 Deus
1760 5453 1819 5510 in

165 5546 398 5604 Christe
423 5551 557 5604 ante
606 5542 816 5612 mundi
867 5542 1365 5613 constitutionem,
1397 5543 1820 5616 prmdcstinans

167 5652 278 5692 nos
308 5633 366 5692 in
386 5634 767 5708 adeptionem
791 5629 1197 5688 ﬁliorum.Nen
1220 5630 1360 5703 quia
1381 5649 1484 5704 per
1504 5649 1610 5687 nos
1633 5632 1822 5689 sancti

169 5728 228 5784 ct
255 5724 618 5784 immaculati
653 5721 839 5780 futuri
868 5721 1233 5790 eramus,sed
1255 5719 1427 5792 elegit
1456 5720 1824 5792 praedestina-

1922 4742 2331 4799 destinationis
2363 4748 2418 4797 et
2448 4743 2644 4814 gratia:
2679 4743 2801 4814 ipse
2833 4743 3114 4812 Salvator,
3140 4746 3262 4817 ipse
3286 4747 3568 4804 Mediator

1922 4832 2021 4889 Dei
2053 4837 2109 4888 et
2149 4830 2454 4888 hominum
2506 4832 2680 4887 homo
2727 4831 2991 4888 Christus
3041 4833 3233 4889 Jesus.
3266 4857 3293 4886 ››
3329 4837 3397 4891 Et
3428 4837 3564 4892 item

1923 4921 2104 4995 (ibid.)
2133 4939 2145 4976 :
2173 4943 2201 4972 ‹‹
2230 4921 2361 4992 Ipsa
2389 4925 2478 4976 est
2509 4921 2683 4991 igitur
2732 4922 3162 4992 prmdestinatio
3206 4930 3563 4992 sanctorum,

1924 5028 2051 5083 qua:
2086 5010 2143 5064 in
2173 5013 2373 5064 sancto
2404 5013 2741 5064 sanctorum
2766 5009 3016 5065 maxime
3039 5011 3450 5081 claruit,quam
3474 5028 3566 5066 ne-

1925 5115 2062 5172 gare
2092 5097 2226 5170 quis
2259 5101 2447 5168 potest
2469 5101 2619 5152 recte
2643 5098 3091 5169 intelligentium
3116 5097 3345 5168 eloquia
3363 5098 3568 5154 verita-

1929 5187 2049 5244 tis?
2078 5187 2225 5242 Nam
2255 5190 2313 5241 et
2341 5185 2536 5258 ipsum
2570 5186 2882 5241 Dominum
2927 5186 3146 5258 gloriae,
3179 5185 3235 5239 in
3279 5191 3566 5258 quantum

1929 5277 2102 5332 homo
2136 5275 2323 5331 factus
2355 5278 2443 5329 est
2475 5274 2573 5329 Dei
2610 5275 2807 5341 Filius,
2839 5273 3310 5345 praulestinatum
3333 5292 3461 5331 esse
3480 5275 3568 5331 di-

1931 5365 2203 5420 dicimus.
2225 5362 2447 5418 Clamat
2471 5363 2681 5417 Ductor
2707 5362 2967 5433 gentium
2993 5361 3046 5414 iu
3076 5362 3260 5433 rapite
3285 5365 3568 5436 Epistola-

1931 5472 2061 5510 rum
2118 5470 2356 5508 suarum
2391 5469 2404 5506 :
2441 5454 2645 5505 Paulus
2701 5468 2884 5504 ,ςσνιιηδ
2941 5451 3142 5506 Christi
3185 5453 3312 5507 Iesu
3358 5464 3569 5510 vocatus

1931 5543 2208 5616 Apostolus
2239 5542 2410 5612 (Itoni.
2449 5558 2482 5606 ι,
2525 5541 2593 5606 1),
2628 5544 2684 5592 et
2724 5543 2929 5593 curatura
2976 5558 3161 5612 usque
3205 5542 3347 5596 dum
3379 5543 3521 5598 dicit
3553 5560 3567 5597 :

1931 5635 2048 5706 Qui
2071 5630 2488 5704 prmiostinatus
2518 5636 2595 5682 cst
2622 5629 2795 5682 Filius
2826 5629 2923 5684 Dei
2955 5630 3013 5684 in
3045 5632 3258 5686 virtute.
3294 5654 3319 5680 ››
3341 5632 3410 5686 Et
3431 5631 3568 5686 item

1932 5723 1990 5777 in
2021 5721 2223 5777 eodem
2256 5719 2401 5772 libre
2436 5732 2448 5769 :
2485 5739 2511 5762 «
2548 5715 2708 5771 Sicut
2737 5735 2872 5788 ergo
2905 5718 3346 5790 praedestinatus
3367 5724 3456 5774 est
3477 5718 3570 5774 ille
