4002 6458
185 461 278 522 lii

859 463 961 524 DE
1010 462 1766 564 PRIEDESTINA'I‘IONE
1810 461 2331 525 DISSEII'I‘ATIO
2373 464 2839 528 POSTERIOR.

3433 470 3548 539 122

183 597 424 660 mortem,
473 593 564 650 Sic
611 597 669 649 et
715 594 1022 668 spiritibus
1074 594 1311 668 refugis,
1361 598 1418 651 et
1457 593 1796 650 hominibus
1823 591 1879 660 Α
1907 593 2094 649 bitum
2126 596 2431 668 potuisset.
2465 598 2628 654 Unde
2656 597 2902 673 Prosper
2929 599 2989 656 in
3037 599 3184 658 libro
3219 601 3550 661 Sententia-

183 683 438 755 reprobis,
474 683 806 756 operatione
837 702 945 740 sua
975 684 1169 740 malus
1217 685 1284 739 ﬁt
1332 683 1484 756 ignis
1529 687 1798 752 internus,

181 770 445 826 creatione
475 771 672 827 divina
701 773 912 829 bonus.

239 859 314 914 Ad
358 860 507 932 quod
558 861 738 916 etiam
786 859 1328 929 malum,videlicet
1375 865 1624 916 mortem
1675 861 1801 928 sine

179 951 487 1014 morte,non
517 953 607 1004 est
639 948 812 1006 homo
844 967 878 1006 a
907 951 1022 1006 Deo
1045 949 1674 1022 praedestinatus,sicut
1695 965 1800 1004 nec

179 1037 241 1092 ad
267 1037 462 1092 animae
491 1042 742 1094 mortem
791 1038 878 1093 vel
930 1038 1212 1110 corporis.
1243 1039 1428 1094 Adam
1473 1038 1708 1111 quippe,
1737 1041 1802 1093 ut

179 1129 360 1182 notum
413 1129 524 1198 est,
557 1127 853 1199 peccando
904 1127 1114 1182 animze
1161 1131 1408 1182 mortem
1463 1143 1596 1182 cum
1641 1122 1800 1182 omni

179 1215 335 1288 stirpe
353 1231 458 1271 sua
487 1215 756 1282 incurrit,
776 1216 848 1272 de
879 1233 995 1288 qua
1024 1216 1310 1289 scriptum
1341 1221 1465 1272 est:
1492 1217 1633 1272 Deus
1649 1233 1800 1273 mor-

178 1312 268 1360 tem
294 1319 392 1359 non
422 1305 552 1374 fecit
578 1304 727 1377 (Sep.
763 1321 804 1370 1’,
834 1305 940 1374 13).
973 1305 1042 1360 Et
1070 1304 1202 1360 ideo
1232 1309 1481 1360 mortem
1529 1321 1563 1360 a
1601 1305 1802 1376 judice

169 1393 311 1464 justo
361 1391 694 1448 vindicante
743 1393 980 1466 recepit,
1013 1393 1124 1449 hoc
1178 1397 1268 1449 est
1324 1392 1382 1448 in
1435 1393 1800 1466 separatione

178 1480 362 1537 animae
391 1485 445 1536 et
475 1480 760 1552 corporis,
794 1486 851 1536 et
882 1481 995 1536 nisi
1027 1481 1124 1536 Dei
1158 1481 1346 1553 gratia
1393 1485 1527 1536 ante
1565 1497 1799 1553 separa-

175 1567 369 1623 tionem
389 1567 638 1624 liberata
669 1567 939 1639 fuerit,in
973 1573 1189 1625 aeterna
1215 1569 1569 1624 cruciatione
1591 1569 1799 1625 animae

177 1656 342 1729 ipsius
359 1661 412 1712 et
432 1657 716 1730 corporis,
733 1657 833 1714 illa
853 1658 1094 1723 scilicet,
1110 1674 1226 1731 qua
1251 1657 1584 1714 discedente
1604 1657 1804 1714 anima

177 1761 292 1801 caro
320 1743 440 1801 sola
468 1745 740 1814 moritur,
760 1751 818 1802 et
845 1745 1044 1802 anima
1065 1746 1251 1819 pcenis
1271 1749 1592 1819 torquetur,
1616 1762 1802 1818 usque

175 1833 298 1889 dum
318 1833 542 1889 rediens
574 1834 633 1889 in
657 1835 1226 1901 carnem,in.eadem
1257 1840 1314 1890 et
1343 1851 1479 1890 cum
1511 1835 1712 1890 eadem
1740 1834 1799 1889 in

177 1939 277 1995 qua
318 1921 590 1995 peccavit,
623 1923 977 1978 mternalitcr
1022 1922 1346 1996 puniatur:
1380 1927 1445 1978 ut
1491 1940 1625 1978 cum
1685 1941 1801 1996 qua

179 2009 609 2066 communicavit
635 2010 807 2066 morti
841 2010 1084 2083 peccati,
1117 2011 1272 2082 quod
1306 2010 1406 2065 Dei
1438 2010 1667 2065 bonitas
1712 2009 1802 2064 in-

176 2098 384 2154 terdixit
412 2099 664 2168 homini,
698 2117 832 2155 cum
862 2099 992 2171 ipsa
1021 2098 1415 2155 communicet
1453 2099 1628 2155 morti
1658 2116 1802 2172 sup.

177 2186 334 2259 plicii,
365 2188 518 2261 quod
577 2188 924 2260 praeparavit
969 2187 1167 2244 divina
1205 2188 1441 2259 justitia
1489 2188 1800 2261 peccatori.

173 2275 240 2333 De
282 2275 382 2333 hac
430 2281 623 2332 morte
672 2276 934 2332 Salvator
973 2280 1172 2332 noster
1213 2275 1353 2331 dicit
1384 2293 1397 2332 :
1433 2278 1570 2332 Eum
1599 2279 1798 2346 timete,

174 2368 256 2437 qui
275 2373 435 2438 potest
467 2373 524 2422 et
549 2368 800 2422 animam
829 2374 880 2421 et
907 2381 1101 2438 corpus
1145 2365 1373 2436 perdere
1403 2367 1461 2420 in
1502 2366 1803 2438 gehennam

173 2453 353 2518 (Ναυῆ.
375 2473 428 2522 x,
446 2458 564 2523 28),
593 2461 652 2510 et
680 2455 751 2510 de
782 2471 900 2526 qua
930 2454 1215 2525 scriptum
1247 2459 1336 2509 est
1361 2471 1372 2510 :
1407 2454 1545 2510 Mors
1561 2462 1614 2510 et
1632 2456 1746 2510 vim
1767 2472 1802 2510 a

169 2543 368 2599 Domino
391 2545 496 2599 Deo
525 2552 611 2599 est
639 2545 829 2612 (Eccli.
864 2561 942 2610 χι,
973 2543 1089 2614 Ui):
1126 2547 1191 2598 ut
1217 2543 1583 2616 Augustinus
1627 2547 1798 2615 εχροέ

169 2631 256 2698 nit,
275 2632 388 2688 vita
416 2632 646 2687 scilicet
675 2651 709 2688 a
756 2633 1033 2700 donante,
1067 2648 1225 2686 mors
1273 2649 1306 2686 a
1345 2631 1696 2688 vindicante.
1731 2634 1801 2688 Et

169 2723 222 2774 ut
257 2720 490 2793 Prosper
517 2721 669 2776 dicit
709 2721 768 2775 in
804 2721 950 2775 libro
981 2719 1418 2776 Sententiarum
1450 2726 1589 2793 (cap.
1621 2721 1746 2792 295)
1783 2737 1796 2776 :

172 2829 195 2856 ιι
218 2808 436 2864 Justum
455 2809 759 2882 judicium
797 2809 896 2864 Dei
931 2813 1123 2876 est,ut
1155 2814 1390 2881 peccato
1411 2825 1518 2863 suo
1549 2809 1800 2882 quisque

172 2903 498 2968 pemat,cum
525 2903 834 2971 peccatum
859 2897 1012 2952 Deus
1037 2914 1148 2952 non
1176 2897 1531 2963 faciat,sicut
1552 2903 1798 2954 mortem

175 3001 270 3040 non
297 2986 445 3054 fecit,
468 2992 527 3042 et
561 2992 760 3041 tamen
793 3003 968 3058 quem
999 2990 1183 3041 morte
1214 2984 1460 3057 dignum
1483 2992 1680 3041 censet
1709 3003 1798 3042 oc.

173 3074 310 3130 cidit.
342 3075 501 3132 Unde
534 3075 774 3148 legitur,
809 3077 948 3130 Deus
976 3083 1204 3131 mortem
1249 3091 1360 3130 non
1403 3076 1532 3146 fecit
1573 3075 1721 3148 (Sap.
1756 3093 1794 3144 ι,

173 3161 271 3226 13);
299 3167 373 3230 et,
401 3163 541 3219 Mors
591 3170 643 3218 et
689 3163 798 3217 vita
849 3179 885 3216 a
933 3163 1035 3217 Deo
1077 3170 1156 3218 est
1196 3162 1381 3230 (Eccli.
1411 3179 1488 3228 xu,
1523 3162 1630 3233 14).
1665 3165 1798 3229 Quae

169 3248 266 3303 duo
286 3249 430 3306 inter
458 3269 520 3305 se
555 3249 854 3305 contraria
883 3250 1136 3322 profecto
1168 3267 1284 3304 non
1313 3249 1488 3318 videt,
1530 3249 1798 3323 quisquis

1907 700 2039 738 rum
2069 689 2208 756 (cap.
2239 688 2366 753 276)
2400 703 2414 741 :
2450 710 2479 737 ‹‹
2501 687 2774 744 Naturale
2820 688 2989 744 nobis
3037 695 3126 745 est
3165 691 3308 748 velle
3337 692 3546 761 vivere,

1909 771 2060 828 male
2092 778 2284 828 autem
2313 773 2502 830 vivere
2531 776 2659 847 jam
2692 793 2807 832 non
2857 781 2946 832 est
2989 781 3230 846 naturae,
3263 779 3364 836 sed
3414 797 3550 854 per-

1905 876 2082 916 versae
2111 860 2452 930 voluntatis,
2485 879 2660 936 quam
2685 865 2846 936 juste
2879 882 3051 938 poena
3087 867 3482 940 consequitur.
3520 891 3548 919 ι»

1980 949 2128 1016 Quia
2155 967 2289 1006 vero
2321 949 2474 1007 sicut
2504 968 2610 1007 nec
2641 953 2711 1007 ad
2739 953 2982 1024 peccati,
3015 953 3098 1012 ita
3117 971 3221 1010 nec
3241 956 3314 1011 ad
3347 957 3550 1013 mortis

1909 1037 2131 1093 malum
2153 1037 2328 1094 homo
2350 1037 2478 1095 sita
2499 1040 2614 1096 Deo
2636 1041 3474 1115 prazdestinatus,Augustinus
3490 1045 3552 1102 in

1908 1123 2056 1181 libro
2088 1129 2298 1197 quarto
2327 1126 2399 1180 de
2430 1126 2714 1182 Trinitate
2762 1127 3127 1184 demonstrat
3173 1129 3372 1187 dicens
3409 1133 3548 1204 (cap.

1912 1215 1998 1282 12)
2035 1230 2046 1269 :
2079 1216 2186 1269 Per
2221 1230 2396 1270 unum
2444 1216 2640 1288 quippe
2686 1215 2963 1272 hominem
3001 1225 3281 1288 peccatum
3327 1221 3556 1277 intravit

1909 1305 1972 1358 in
1997 1303 2282 1372 mundam,
2314 1311 2368 1359 et
2391 1319 2489 1375 per
2533 1312 2808 1376 peccatum
2849 1321 3017 1372 mors,
3047 1314 3101 1362 et
3143 1309 3222 1363 ita
3265 1309 3326 1364 in
3368 1323 3553 1367 omnes

1908 1391 2152 1448 homines
2179 1394 2552 1463 pertransivit,
2565 1394 2625 1448 in
2646 1409 2748 1466 quo
2776 1410 2959 1450 omnes
3003 1405 3358 1467 peccaverunt
3377 1399 3548 1466 (Rom.

1907 1496 1962 1548 v,
2001 1482 2106 1547 12).
2135 1481 2321 1552 Hujus
2349 1481 2452 1536 viae
2485 1481 2769 1538 mediator
2797 1482 3066 1540 diabolus
3097 1483 3224 1552 fuit,
3245 1501 3555 1558 persuasor

1907 1560 2128 1641 pcécati
2161 1575 2215 1624 et
2245 1569 2632 1642 praccipitalor
2655 1569 2714 1626 in
2744 1575 3011 1627 mortem.
3045 1573 3191 1628 Nam
3221 1579 3280 1631 et
3324 1575 3449 1648 ipse
3478 1577 3551 1633 ad

1906 1659 2263 1730 cperandam
2293 1658 2532 1731 duplam
2565 1663 2812 1715 mortem
2845 1664 3128 1732 nostram,
3161 1662 3436 1735 simplum
3466 1668 3552 1722 at-

1907 1746 2043 1802 tulit
2087 1764 2278 1804 suam.
2312 1747 2418 1803 Per
2464 1747 2826 1820 impietatem
2875 1766 3130 1822 namque
3179 1757 3446 1809 mortuus
3490 1753 3551 1809 in

1909 1834 2325 1907 spiritu,carne
2349 1835 2552 1907 utique
2574 1841 2842 1892 mortuus
2875 1853 2990 1892 non
3021 1842 3129 1894 est.
3156 1839 3334 1897 Nobis
3353 1844 3548 1898 autem

1908 1928 1966 1979 et
1998 1924 2355 1996 impietatem
2388 1924 2701 1996 persuasit,
2720 1929 2778 1980 et
2808 1929 3044 1998 propter
3057 1925 3208 1982 hanc
3237 1931 3302 1983 ut
3321 1927 3380 1984 in
3403 1947 3556 1986 mor-

1911 2017 2028 2068 tem
2061 2013 2255 2068 carnis
2297 2011 2491 2067 venire
2537 2029 2896 2068 mereremur
2941 2014 3150 2070 eﬂ'ecit.
3184 2015 3377 2073 Unum
3415 2034 3552 2092 ergo

1911 2101 2300 2174 appetivimus
2329 2100 2533 2173 iniqua
2563 2101 2856 2170 suasione,
2887 2100 3132 2158 alterum
3157 2121 3263 2160 nos
3284 2110 3554 2162 secutum

1910 2196 1999 2245 est
2021 2190 2186 2261 justa
2228 2189 2619 2246 damnatione.
2655 2191 2961 2262 Propterea
3005 2192 3221 2265 quippe
3267 2194 3553 2268 scriptum

1909 2282 2017 2345 est,
2041 2279 2181 2334 Deus
2208 2287 2435 2334 nwrtem
2471 2295 2582 2333 non
2625 2279 2756 2350 fecit
2793 2280 2944 2351 (Sep.
2976 2297 3017 2346 1,
3059 2282 3167 2351 13),
3201 2283 3340 2354 quia
3377 2301 3557 2341 causa

1910 2366 2116 2421 mortis
2150 2367 2273 2438 ipse
2303 2383 2414 2422 non
2449 2366 2576 2422 fuit.
2611 2367 2721 2422 Sed
2753 2372 2948 2424 tamen
2989 2386 3092 2440 per
3127 2371 3256 2442 ejus
3304 2373 3554 2430 retribu-

1909 2456 2124 2510 tionem
2150 2455 2486 2527 justissima
2507 2457 2938 2530 morsirrogata
2967 2461 3056 2512 est
3075 2459 3386 2532 peccatori,
3404 2460 3558 2517 sicut
3658 2474 3665 2482 '

1910 2543 2266 2616 supplicium
2283 2545 2463 2614 judex
2486 2545 2704 2616 irrogat
2732 2563 2848 2611 reo,
2868 2563 3044 2602 causa
3061 2551 3258 2604 tamen
3281 2549 3554 2622 supplicii

1910 2650 2026 2688 non
2056 2639 2144 2688 est
2166 2633 2658 2705 justitiajudicis,
2683 2635 2785 2689 sed
2815 2636 3090 2690 meritum
3116 2635 3399 2694 criminis.
3432 2639 3556 2705 Quo

1907 2737 2044 2793 ergo
2077 2739 2182 2776 nos
2215 2722 2503 2777 mediator
2531 2721 2738 2776 mortis
2785 2720 3135 2790 transmisit,
3160 2727 3218 2778 et
3269 2723 3394 2796 ipso
3439 2742 3554 2799 non

1906 2811 2082 2879 venit,
2116 2809 2172 2866 id
2205 2815 2293 2866 est
2324 2811 2395 2864 ad
2427 2815 2673 2866 mortem
2704 2810 2919 2878 carnis,
2954 2809 3034 2866 ibi
3065 2811 3232 2867 nobis
3270 2811 3556 2870 Dominus

1908 2897 2062 2952 Deus
2076 2903 2274 2952 noster
2289 2891 2640 2953 medicinam
2655 2897 3082 2954 emendationis
3103 2899 3554 2974 inseruit,quam

1907 2986 2003 3041 ille
2037 3004 2148 3041 non
2183 2985 2659 3050 meruit,occulta
2674 2991 2732 3041 et
2763 2985 2940 3041 nimis
2959 3004 3174 3044 arcana
3189 2989 3556 3046 ordinatione

1908 3072 2113 3128 divinae
2144 3071 2753 3144 altzequejustitinUt
2772 3089 2907 3146 ergo
2940 3072 3092 3128 sicut
3129 3059 3433 3146 pecunum
3459 3077 3556 3134 ho-

1909 3161 2126 3217 minem
2159 3179 2337 3228 mors,
2371 3161 2451 3215 ita
2484 3178 2586 3234 per
2615 3178 2799 3216 unum
2829 3161 3130 3218 hominem
3159 3164 3326 3220 ﬂeret
3361 3182 3553 3222 resur-

1908 3251 2084 3306 rectio
2133 3254 2518 3313 mortuorum,
2551 3249 2693 3322 quia
2741 3251 2931 3322 magis
2983 3251 3248 3308 vitabant
3284 3253 3554 3312 homines

169 3338 229 3390 ab
254 3340 520 3411 operibus
547 3339 767 3394 divinis
789 3338 1019 3410 judicia
1061 3339 1258 3394 divina
1303 3339 1582 3394 discernit
1615 3355 1628 3396 :
1661 3339 1800 3412 quia
1828 3328 1871 3394 C
1909 3339 2064 3411 quod
2093 3339 2305 3395 evitare
2345 3357 2459 3394 non
2512 3344 2799 3412 poterant,
2835 3344 3082 3396 mortem
3131 3341 3342 3412 carnis,
3375 3361 3554 3416 quam

167 3425 299 3482 aliud
329 3433 416 3484 est
444 3429 705 3484 creando
735 3445 850 3483 non
899 3426 1224 3482 instituisse
1272 3427 1602 3496 mortalem,
1635 3428 1796 3484 aliud

160 3514 448 3583 judicando
495 3518 753 3591 plectere
801 3521 1186 3589 peccatorcm.
1221 3539 1249 3565 ››
1281 3517 1351 3571 Et
1401 3517 1615 3572 iterum
1653 3520 1793 3590 (cap.

165 3607 268 3675 296)
292 3621 304 3659 :
327 3630 352 3655 ιι
379 3605 536 3662 Deus
558 3605 804 3678 quidem
829 3605 1117 3660 mundum
1137 3605 1288 3672 fecit,
1305 3609 1361 3660 et
1379 3622 1620 3678 corpora
1639 3624 1794 3678 pror-

165 3709 248 3747 sus
289 3696 512 3763 omnia;
551 3696 658 3752 sed
706 3700 774 3750 ut
827 3712 1040 3766 corpus
1099 3694 1477 3766 corruptibile
1523 3701 1796 3766 aggravet

165 3782 417 3856 animum,
446 3789 506 3840 et
550 3799 691 3840 caro
741 3781 1119 3855 concupiscat
1167 3783 1447 3839 adversus
1495 3783 1792 3855 spiritum,

167 3887 257 3925 non
301 3881 388 3929 est
435 3873 777 3947 praecedens
827 3879 1036 3928 natura
1079 3871 1336 3928 hominis
1383 3873 1660 3940 instituti,
1692 3875 1792 3930 sed

167 3975 309 4030 praua
338 3961 627 4018 damnati.
661 3983 691 4010 ››
719 3962 788 4017 Et
819 3961 958 4016 item
1005 3966 1210 4016 contra
1252 3960 1446 4017 Gallos
1478 3965 1617 4033 (cap.
1655 3963 1740 4031 14)
1777 3979 1790 4018 :

166 4071 188 4095 κ
213 4049 633 4107 Predestinatio
665 4049 768 4106 Dei
799 4054 906 4117 est,
941 4067 1067 4122 qua:
1097 4049 1158 4105 in
1191 4049 1391 4106 electis
1437 4055 1493 4106 et
1532 4050 1794 4122 reprobis

167 4142 250 4192 aut
275 4140 340 4194 ad
370 4141 597 4196 donum
622 4139 876 4211 pertinet
895 4139 1116 4211 gratim,
1133 4143 1236 4194 aut
1253 4140 1325 4194 ad
1349 4139 1790 4196 retributionem

159 4226 390 4294 justitiaa.
416 4251 444 4278 ι)
477 4230 549 4284 Et
578 4226 798 4284 Paulus
828 4227 1156 4293 confirmat,
1173 4227 1457 4299 Stipendia
1494 4229 1644 4283 enim
1669 4245 1790 4300 pec-

163 4317 254 4369 cati
275 4332 433 4382 mors,
449 4318 639 4389 gratia
665 4324 850 4372 autem
878 4317 976 4371 Dei
1003 4317 1114 4372 vita
1141 4323 1349 4372 aeterna
1377 4317 1552 4384 (Rom.
1576 4333 1654 4383 vr,
1676 4319 1788 4386 23),

164 4417 260 4472 qua
273 4405 453 4463 bonus
473 4411 533 4462 et
555 4405 896 4461 misericors
923 4411 1071 4460 Deus
1091 4403 1444 4461 zeternaliter
1463 4405 1522 4460 in
1554 4405 1790 4462 homine

165 4501 366 4548 coronat
399 4495 498 4552 58
530 4495 694 4568 quod
747 4493 1149 4566 temporaliter
1195 4495 1341 4549 bene
1390 4498 1620 4565 gestum
1653 4500 1740 4550 est
1773 4512 1786 4550 :

164 4581 277 4649 quia
302 4583 490 4654 homo,
528 4583 634 4656 qui
667 4582 1078 4656 praeveniente,
1110 4581 1448 4648 comitante,
1481 4587 1538 4638 et
1586 4585 1788 4638 subse-

1907 3433 2153 3484 mortem
2186 3427 2451 3500 spiritus,
2479 3428 2536 3484 id
2567 3431 2676 3494 est,
2703 3428 2892 3502 magis
2923 3446 3156 3502 pmnam
3189 3448 3367 3504 quam
3389 3431 3557 3490 meri-

1906 3523 2032 3573 tum
2069 3536 2246 3590 prrme
2277 3521 2438 3586 (nam
2470 3534 2585 3573 non
2613 3534 2851 3590 peccare
2879 3523 2981 3574 aut
3013 3536 3126 3574 non
3163 3525 3419 3592 curatur,
3453 3526 3556 3580 aut

1906 3624 2112 3679 parum
2161 3612 2435 3673 curatur;
2470 3624 2584 3661 non
2647 3605 2793 3662 mori
2851 3611 3069 3679 autem,
3114 3609 3384 3682 quamvis
3437 3627 3552 3668 non

1905 3695 2256 3758 obtineatur,
2312 3694 2686 3750 vehementer
2731 3695 3062 3768 satagitur),
3095 3696 3221 3752 vita:
3268 3698 3554 3756 mediator

1903 3785 2216 3838 ostendens
2238 3800 2416 3854 quam
2435 3799 2550 3838 non
2573 3783 2647 3838 sit
2681 3800 2838 3838 mors
2855 3785 3133 3852 timenda,
3154 3802 3282 3857 qum
3311 3804 3414 3860 per
3441 3788 3550 3845 hu-

1905 3889 2139 3927 manam
2172 3872 2708 3943 conditionemjam
2739 3872 2901 3928 evadi
2933 3889 3049 3928 non
3082 3879 3292 3944 potest,
3309 3877 3408 3932 sed
3442 3894 3548 3948 po-

1905 3960 2022 4016 tius
2055 3959 2488 4032 impietas,qum
2510 3977 2612 4030 per
2631 3961 2805 4015 ﬁdem
2827 3959 3011 4016 caveri
3033 3965 3240 4033 potest,
3268 3985 3296 4012 »
3325 3968 3384 4019 et
3416 3964 3548 4022 reli-

1902 4066 2038 4121 qua,
2063 4067 2189 4121 quin
2223 4049 2300 4104 ibi
2346 4049 2738 4122 prosequitur.
2761 4049 2832 4105 Et
2861 4049 3107 4122 Prosper
3136 4050 3196 4106 in
3225 4050 3374 4108 libro
3403 4054 3546 4110 Sen-

1902 4139 2214 4194 tentiarum
2241 4141 2380 4209 (cup.
2395 4139 2522 4206 25l)
2549 4155 2563 4194 :
2589 4161 2616 4186 ‹‹
2638 4139 2816 4193 llomo
2834 4139 3022 4194 factus
3038 4145 3161 4195 erat
3176 4139 3544 4199 immortalis.

1901 4228 2055 4282 Deus
2075 4244 2202 4282 esse
2222 4226 2406 4282 voluit
2431 4242 2445 4281 :
2473 4245 2585 4283 non
2618 4227 2872 4299 perdidit
2889 4228 3042 4300 quod
3067 4227 3242 4285 homo
3275 4235 3420 4302 erat,
3443 4232 3545 4288 sed

1901 4315 2153 4389 perdidit
2182 4316 2337 4387 quod
2363 4316 2713 4372 immortalis
2745 4321 2889 4385 erat,
2909 4317 3010 4374 59
3031 4321 3088 4373 et
3116 4318 3186 4373 de
3217 4318 3549 4377 inobedien-

1899 4405 1981 4460 tia
2025 4403 2311 4476 superbire
2361 4408 2658 4460 contracta
2703 4409 2793 4460 est
2843 4421 3014 4479 poena
3063 4410 3306 4462 naturae.
3341 4430 3370 4458 »
3401 4409 3546 4467 Ecce

1899 4494 2217 4548 ostendunt
2245 4492 2342 4548 isti
2373 4493 2637 4549 doctores
2669 4492 2960 4562 catholici,
2979 4494 3120 4566 quia
3147 4494 3322 4552 homo
3343 4514 3450 4553 nec
3468 4498 3542 4554 ad

1899 4582 2137 4654 peccati,
2159 4598 2348 4652 neque
2377 4581 2446 4636 ad
2472 4581 2744 4654 supplicii
2770 4581 2993 4638 malum
3016 4582 3146 4640 sita
3167 4589 3278 4640 Deo
3299 4587 3544 4660 praedes-

163 4677 344 4739 quentc
366 4690 428 4729 se
447 4673 549 4729 Dei
572 4671 870 4746 gratia,cx
891 4672 1186 4728 voluntate
1217 4674 1274 4727 et
1292 4676 1449 4727 recta
1471 4671 1790 4728 intentione
1821 4695 1866 4761 Ι)
1901 4671 2138 4738 tinatus,
2173 4671 2273 4726 sed
2306 4687 2374 4724 ex
2403 4669 2786 4761 retributione
2805 4671 3072 4761 justitire,
3107 4673 3261 4761 sicut
3288 4678 3346 4730 et
3384 4693 3542 4732 mors

163 4773 189 4810 ι
214 4762 465 4831 mestis,
498 4767 795 4836 quantum
823 4761 1083 4816 humana
1130 4760 1415 4833 fragilitas
1452 4761 1690 4832 patitur,
1721 4779 1783 4818 se

164 4849 462 4919 custodivit,
495 4857 604 4908 aut
635 4856 773 4906 ante
805 4855 1052 4905 mortem
1083 4867 1118 4906 a
1165 4849 1419 4922 peccatis
1466 4849 1553 4904 vel
1601 4851 1785 4907 incre-

166 4934 373 4994 dulitate
401 4958 464 4996 se
497 4939 762 5008 retraxit,
795 4944 852 4994 et
879 4939 939 4994 in
973 4940 1085 4994 fide
1116 4943 1272 4995 recta
1300 4944 1356 4994 et
1385 4939 1556 4995 bonis
1595 4940 1786 5012 operi-

167 5023 254 5079 bus
279 5044 456 5101 usque
487 5031 562 5084 ad
608 5029 786 5085 finem
839 5027 1159 5100 corporalis
1203 5027 1331 5083 vita:
1380 5029 1785 5100 perseveravit,

167 5127 365 5188 semper
417 5118 538 5175 Deo
587 5118 782 5173 vivere
834 5117 1027 5185 vellet,
1063 5116 1111 5172 si
1163 5134 1394 5188 semper
1439 5117 1496 5172 iu
1548 5135 1787 5191 corpore

167 5201 269 5258 sine
298 5208 499 5262 mortis
529 5205 956 5262 intercessione
991 5206 1177 5261 vivere
1209 5204 1516 5278 potuisset.
1541 5207 1789 5262 Econtra

165 5305 290 5360 vero,
307 5294 595 5368 stipendio
628 5294 1074 5368 peccati,morte
1105 5294 1373 5350 videlicet
1404 5295 1780 5368 sempiterna,

167 5377 292 5437 Deus
308 5390 555 5441 eternus
579 5385 854 5456 etjustus
876 5385 1003 5439 ideo
1024 5384 1178 5456 quod
1205 5383 1355 5438 male
1387 5385 1785 5455 temporaliter

167 5467 224 5522 ab
248 5469 466 5530 homine
511 5479 746 5545 gestum
796 5478 887 5528 est
935 5472 1286 5528 mternalitrr
1334 5473 1609 5540 vindicat,
1644 5475 1783 5546 quia

167 5555 438 5635 homo,qui
474 5565 532 5619 in
567 5562 976 5618 incredulitate
1009 5567 1066 5618 et
1096 5563 1154 5617 in
1188 5562 1440 5634 peccatis
1465 5563 1659 5618 volens
1693 5582 1783 5619 us-

168 5661 258 5718 que
283 5652 346 5706 ad
379 5653 555 5708 ﬁnem
589 5651 906 5723 corporalis
938 5653 1064 5706 vitae
1117 5651 1516 5723 perseveravit,
1551 5669 1782 5724 semper

171 5750 373 5802 peccare
397 5740 592 5809 vellet,
609 5741 657 5798 si
693 5757 924 5812 semper
947 5740 1129 5796 vivere
1151 5742 1471 5796 secundum
1497 5758 1671 5798 suum
1705 5741 1778 5796 li-

1895 4758 2176 4831 corporis,
2207 4759 2289 4814 ita
2318 4763 2376 4814 et
2404 4757 2660 4816 interitio
2692 4759 2976 4817 retributa
3005 4760 3082 4818 sit
3107 4759 3192 4817 illi
3219 4762 3427 4820 debitas
3459 4763 3519 4820 ul

1891 4847 2070 4904 tionis
2090 4849 2384 4922 justisque
2415 4848 2758 4921 pumtionis.

2508 4955 2738 5013 CAPUT
2777 4956 2926 5014 XIII.

1894 5047 1969 5102 De
1996 5063 2054 5102 eo
2087 5046 2225 5119 quod
2255 5047 2566 5119 Fulgentius
2598 5047 2657 5100 in
2678 5046 2817 5102 libro
2841 5062 2940 5103 suo
2968 5046 3039 5103 ad
3067 5046 3360 5104 Monimum
3397 5049 3535 5104 scri-

1960 5117 2648 5191 ρδίιξρνίεάοδιίηᾳιίοηενη
2677 5119 2792 5188 Dei,
2813 5134 2919 5174 non
2948 5126 3159 5174 tantum
3188 5119 3248 5173 in
3279 5119 3538 5191 bono,se.l

1964 5189 2130 5245 etiam
2162 5191 2220 5245 in
2249 5189 2395 5244 malo
2413 5189 2545 5244 dici.

1963 5296 2130 5352 Nunc
2158 5296 2463 5351 videamus
2493 5296 2563 5350 de
2594 5295 2702 5350 hoc
2735 5296 2885 5368 quod
2917 5294 3061 5350 dixit
3093 5295 3450 5369 Fulgentius
3473 5299 3534 5358 in

1892 5384 2286 5458 suprascripto
2320 5384 2467 5440 libro
2495 5385 2565 5438 ad
2602 5384 2946 5453 Monimum,
2965 5384 3533 5455 praedestinationem

1896 5476 1988 5531 llci
2023 5494 2135 5531 non
2159 5479 2387 5530 tantum
2413 5473 2470 5528 in
2498 5474 2645 5528 bono
2667 5472 2942 5539 dicit,sed
2967 5474 3142 5530 etiam
3171 5473 3230 5531 in
3262 5475 3534 5534 malo.Ad

1891 5567 2040 5637 quod
2079 5565 2423 5636 respondeat
2456 5563 2536 5616 illi
2561 5563 2711 5615 idem
2739 5562 2799 5615 Β.
2823 5563 3187 5636 Augustinus
3207 5583 3273 5622 ex
3295 5564 3441 5622 libro
3463 5567 3533 5622 de

1890 5652 2400 5709 Praedestinatione
2432 5655 2976 5723 sanctorum,quem
3009 5655 3161 5710 sicut
3183 5661 3268 5710 est
3288 5653 3531 5710 laudan-

1889 5744 2021 5810 dus,
2053 5760 2185 5798 eum
2239 5738 2576 5810 Fulgentius
2622 5736 2810 5796 isdem
2857 5740 3211 5802 laudaverat.
3242 5743 3337 5800 Ait
3374 5741 3530 5800 enim
3611 5749 3614 5752 ’
