4002 6444
451 424 566 486 123

448 558 584 632 (cap.
638 555 724 628 ιο)
759 571 772 610 ε

1374 416 1758 481 HINCMARI
1805 411 2254 477 RHEMENSIS
2296 413 2912 480 ARCHIEPISCOPI.

809 575 838 604 ‹‹
871 551 1154 620 Quocirca
1203 550 1636 625 praedestinatio
1685 549 1808 618 Dei,
1855 565 1982 622 quae
2029 547 2088 604 in
2118 546 2174 613 Α
2201 546 2540 622 largitorem
2571 555 3120 625 cooperatoremque
3140 568 3342 609 eorum
3363 549 3733 620 Deum,mala
3749 569 3840 610 au‘

3733 419 3837 484 121

443 649 594 705 bono
649 648 756 712 est,
793 641 980 716 gratia
1028 646 1134 710 est,
1170 645 1233 696 ut
1286 640 1450 707 dixit,
1482 639 1852 712 praeparatio,
1905 637 2094 711 gratia
2203 641 2321 693 tem
2354 639 2426 694 ad
2458 638 2846 697 voluntariam
2881 639 3182 696 rationalis
3213 645 3488 697 creaturae
3524 640 3836 713 nequitiam

440 753 572 792 vero
604 738 696 791 est
723 732 912 806 ipsius
943 728 1470 804 praedestinationis
1501 730 1761 784 effectus.
1797 750 1824 776 »
1855 729 1924 782 Et
1967 726 2093 798 ipse

443 823 786 898 Fulgentius
817 838 851 876 a
879 819 1070 891 seipso
1099 817 1394 890 preposita
1423 816 1711 872 medicina
1739 815 1931 871 sanari
1965 832 2092 888 pro-

443 917 628 970 curet.
651 911 747 966 Ait
775 908 930 965 enim
979 907 1156 974 idem,
1191 909 1255 961 ut
1306 904 1718 977 praemisimus,
1750 904 1810 960 iu
1852 906 2090 977 praefato

442 1001 590 1058 libro
623 999 741 1073 (lib.
775 999 798 1054 Ι
827 997 896 1053 ad
925 995 1086 1063 Mon.,
1106 1013 1153 1051 ε.
1176 996 1268 1064 30)
1302 1010 1315 1048 :
1353 1017 1380 1043 ‹‹
1404 993 1550 1049 Huic
1570 993 1768 1066 itaque
1799 993 2086 1066 pravitati,

442 1090 735 1164 inquiens,
770 1104 895 1158 quae
927 1087 990 1140 Β.
1018 1081 1332 1155 Augustini
1363 1082 1536 1137 dictis
1566 1099 1681 1136 non
1726 1099 1795 1137 ex
1825 1081 2086 1154 veritate,

441 1180 543 1237 sed
592 1195 662 1234 ex
703 1175 882 1232 livore
927 1172 1335 1244 objiciebatur,
1371 1169 1470 1225 tali
1530 1171 1774 1242 Prosper
1821 1188 2088 1226 sermone

439 1265 776 1340 respondit:
802 1261 1121 1319 Inﬁdelitas
1142 1277 1254 1315 non
1279 1258 1637 1314 credentium
1661 1257 1964 1331 Evangelio
1995 1276 2090 1314 nc-

439 1371 735 1430 quaquam
766 1369 836 1408 ex
865 1349 964 1406 Dei
998 1346 1504 1422 praedestinatione
1533 1350 1872 1419 generatur;
1905 1348 2084 1410 bone-

439 1462 572 1502 rum
604 1441 760 1498 enim
791 1440 945 1495 Deus
968 1441 1172 1493 auctor
1191 1440 1298 1505 est,
1318 1453 1432 1491 non
1455 1435 1764 1491 malorum.
1785 1435 2084 1492 Praedesti-

439 1533 597 1589 natio
619 1531 800 1604 igitur
825 1525 926 1583 Dei
965 1542 1194 1596 semper
1214 1524 1273 1579 in
1297 1525 1446 1584 bono
1481 1528 1706 1593 est,aut
1733 1524 1804 1579 ad
1836 1523 2084 1580 retribu-

437 1621 656 1677 tionem
665 1617 1040 1690 justitiae,aut
1058 1615 1128 1683 ad
1148 1611 1518 1668 donationem
1537 1613 1834 1684 pertinens
1853 1612 2081 1686 gratiae;

437 1711 714 1766 universa?
743 1704 900 1762 enim
943 1705 1051 1762 vix
1097 1703 1321 1758 Domini
1365 1701 1742 1758 misericordia
1787 1709 1839 1758 et
1887 1703 2083 1758 veritas

435 1798 607 1870 (Psai.
641 1811 792 1858 xxxv,
819 1793 924 1864 10).
957 1813 985 1840 ››

465 1919 481 1928 -
505 1885 710 1942 Adhuc
735 1881 1012 1951 etiam,ut
1033 1895 1167 1934 cum
1189 1878 1579 1980 veniadomni
1617 1877 1903 1980 Fulgentii
1926 1877 2080 1934 dica—
2111 1914 2160 1980 Β

435 1991 590 2041 mus,
611 1971 769 2028 aliud
802 1969 954 2042 quod
987 1985 1092 2024 nos
1121 1985 1190 2022 ex
1218 1967 1410 2024 verbis
1438 1967 1598 2023 illius
1629 1971 1820 2028 movet
1851 1969 2080 2024 demon-

434 2068 624 2122 strare
663 2059 957 2116 volumus.
997 2055 1149 2112 Dixit
1199 2056 1355 2112 enim
1405 2055 1462 2110 in
1518 2055 1852 2128 praescripto
1908 2056 2080 2123 libro,

435 2153 588 2210 sicut
617 2147 986 2206 ostendimus
1008 2151 1147 2216 (cap.
1179 2145 1320 2213 eod.)
1346 2161 1358 2200 :
1382 2167 1410 2194 ‹‹
1435 2145 1561 2200 Non
1604 2150 1799 2201 autem
1823 2145 2079 2218 ignoras,

433 2235 910 2314 inquiens,etiam
923 2233 1211 2307 praeterito
1232 2236 1492 2306 tempore
1511 2232 1596 2288 illi
1614 2232 2082 2292 luculentissimo

434 2328 622 2387 sancti
643 2323 955 2398 Augustini
975 2323 1154 2395 operi,
1175 2322 1590 2395 quodscripsit
1614 2323 1683 2378 dc
1705 2322 2079 2394 praedestina-

432 2419 591 2474 tione
615 2418 1015 2480 sanctorum,a
1030 2410 1383 2483 quibusdam
1402 2410 1582 2467 Gallis
1603 2412 2079 2484 objectum,quod

434 2507 497 2564 B.
510 2503 877 2577 Augustinus
891 2501 951 2556 in
968 2499 1288 2556 assertione
1311 2499 1838 2571 praedestinationis
1851 2500 2076 2568 divinae,

433 2597 767 2668 peccatores
797 2607 913 2646 non
945 2589 1017 2644 ad
1047 2587 1236 2643 solum
1270 2585 1709 2658 praedestinatos
1744 2587 1960 2644 diceret
1975 2591 2078 2661 ju-

433 2681 675 2748 dicium,
709 2679 811 2735 sed
838 2677 1016 2734 etiam
1062 2677 1134 2732 ad
1166 2681 1491 2748 peccatum.
1525 2675 1706 2746 Cujus
1734 2677 1908 2744 dicta,
1941 2677 2080 2750 quia

433 2771 560 2845 ipse
591 2767 763 2826 celeri
786 2769 1112 2840 praeventus
1131 2768 1222 2820 est
1241 2764 1426 2835 obitu,
1441 2764 1686 2836 Prosper
1705 2765 1792 2820 vir
1811 2766 2077 2823 eruditus

431 2865 489 2916 et
519 2861 758 2916 sanctus
793 2859 952 2915 recta
997 2853 1256 2910 defendit
1304 2853 1416 2909 ﬁde
1465 2854 1588 2922 (aL,
1621 2857 1771 2910 recte
1819 2855 2078 2912 defendit

429 2948 610 3018 ﬁdeli)
640 2951 698 3004 et
728 2945 961 3018 cepioso
991 2960 1279 3000 sermone.
1304 2943 1384 2998 Ex
1413 2943 1629 3015 quibus
1650 2942 1948 3001 Gallorum
1980 2963 2072 3001 ca-

429 3037 652 3112 pitulis,
687 3039 752 3092 ut
781 3051 898 3089 non
945 3032 1132 3088 multa
1180 3049 1335 3088 nunc
1365 3050 1674 3104 ponamus,
1708 3049 1779 3088 ue
1808 3033 2073 3094 libellum

427 3127 820 3196 istum,quem
842 3121 1131 3194 prolixum
1154 3121 1340 3178 facere
1369 3120 1722 3192 disputando
1755 3123 2073 3180 necessitas

429 3211 989 3288 cogit,prolixiorem
1018 3209 1285 3265 voluntas
1315 3211 1501 3270 facere
1529 3209 2071 3278 videatur,duarum

2203 727 2504 784 referenda
2534 728 2934 796 sint,dubium
2967 747 3083 785 non
3103 734 3212 798 est,
3239 729 3364 786 sine
3394 729 3513 787 ulla
3543 729 3839 803 temporali
3940 739 3945 744 '

2202 815 2736 882 differentia,De‘um
2757 822 2812 874 et
2825 818 3124 890 praescisse
3138 817 3314 874 simul
3327 823 3382 874 et
3403 819 3839 892 praedestinasse

2201 919 2328 975 quae
2359 903 2485 976 ipso
2507 911 2672 962 erant
2697 911 2932 964 auctore
2955 907 3238 976 facienda,
3261 907 3350 964 vel
3379 924 3506 979 quae
3533 907 3706 964 malis
3724 925 3840 964 me-

2202 992 2328 1049 ritis
2351 995 2514 1065 justo
2537 999 2702 1051 erant
2715 995 2938 1067 judicio
2966 995 3340 1052 retribuenda
3374 1012 3388 1052 :
3421 995 3722 1068 praescisse
3750 1013 3840 1052 au-

2199 1085 2316 1143 tem
2335 1085 2886 1149 tantummodo,nou
2909 1084 3083 1139 etiam
3107 1083 3708 1158 praedestinasse,quae
3729 1101 3838 1141 non

2197 1187 2266 1225 ex
2297 1171 2422 1243 ipso
2453 1176 2618 1227 erant
2648 1189 2887 1228 causam
2919 1173 3275 1244 operationis
3323 1172 3618 1229 habitura.
3649 1193 3678 1224 »
3713 1172 3841 1229 Post

2196 1257 2317 1314 haec
2347 1263 2542 1316 autem
2574 1261 2749 1317 ﬁnem
2776 1260 2924 1317 libro
2956 1261 3259 1333 imposuit.
3499 1265 3506 1269 ’

2266 1347 2375 1402 Sed
2395 1363 2499 1402 cur
2519 1348 2834 1420 apertiores
2856 1347 3264 1420 responsiones
3286 1347 3571 1420 Prosper-i,
3594 1349 3666 1404 ad
3701 1365 3840 1422 quas

2195 1451 2257 1490 se
2288 1435 2640 1504 reclamavit,
2676 1437 2968 1508 dimiserit
2997 1441 3054 1492 et
3091 1437 3235 1494 istas
3280 1436 3562 1510 posuerit,
3590 1437 3717 1511 ipse
3760 1438 3838 1494 vi-

2194 1523 2363 1578 derit.
2395 1525 2510 1581 Nos
2551 1529 2746 1580 autem
2787 1525 3246 1582 reclamantibus
3291 1543 3396 1599 per
3444 1525 3840 1600 Fulgentium,

2193 1611 2354 1684 ipsas
2383 1612 2738 1685 objectiones
2768 1619 2824 1670 et
2855 1613 3266 1686 responsiones
3295 1618 3786 1673 commemoratae
3807 1633 3840 1673 a

2193 1700 2517 1774 Fulgentio,
2533 1703 2603 1758 de
2626 1703 2968 1775 praefatisB.
2989 1703 3303 1776 Augustini
3333 1702 3501 1761 libris
3516 1720 3840 1778 proponere

2194 1789 2437 1863 dignum
2460 1791 2764 1859 duximus;
2789 1795 2855 1848 ut
2867 1791 2915 1848 si
2930 1809 3036 1848 nos
3050 1791 3195 1849 forte
3208 1791 3838 1861 noluerint,consilium

2193 1877 2502 1952 Fulgentii,
2527 1879 2680 1936 sicut
2709 1879 2820 1952 ipsi
2841 1879 3044 1936 dicunt
3073 1896 3277 1936 eorum
3308 1881 3574 1952 fautoris,
3593 1881 3750 1954 quod
3779 1881 3839 1937 in

2194 1968 2486 2041 reliquum
2510 1969 2892 2041 proferemus,
2913 1969 3250 2026 obaudiant.
3281 1969 3375 2026 Ait
3404 1970 3560 2034 enim
3584 1971 3648 2026 B.
3673 1971 3838 2028 Pros-

2191 2075 2294 2128 per
2313 2057 2385 2113 ad
2398 2057 2707 2137 Camillum
2728 2061 2786 2114 et
2805 2057 3168 2114 Theodotum
3191 2059 3560 2132 presbyteros
3580 2059 3837 2117 Januen-

2192 2146 2347 2202 sium
2369 2146 2621 2202 civitatis
2645 2163 2658 2202 :
2687 2169 2713 2196 κ
2740 2146 2804 2202 In
2825 2145 3011 2215 libris,
3031 2145 3323 2220 inquiens,
3343 2148 3524 2204 beatae
3545 2148 3837 2205 memoriae

2189 2234 2521 2308 Augustini,
2553 2251 2802 2306 quorum
2834 2235 3041 2291 titulus
3071 2239 3161 2292 est
3209 2237 3280 2292 de
3327 2235 3838 2296 Praedestinatione

2191 2328 2549 2392 sanctorum,
2567 2324 2832 2396 quaedam
2859 2323 3226 2381 sanctitatem
3238 2329 3516 2398 vestram,
3531 2324 3620 2388 vel
3641 2324 3838 2384 insoli-

2188 2415 2377 2480 ta,aut
2405 2411 2602 2468 minus
2635 2411 2812 2479 clara,
2837 2416 3160 2468 moverunt.
3192 2435 3219 2462 »
3241 2414 3310 2487 Et
3353 2413 3438 2470 sic
3477 2431 3581 2488 per
3609 2421 3833 2488 septem

2189 2499 2544 2572 objectiones
2566 2503 2623 2556 et
2641 2501 3048 2573 responsiones
3069 2501 3447 2574 progrediens
3477 2504 3550 2560 ad
3573 2508 3837 2579 octavam

2187 2589 2592 2662 pervenit,qua
2607 2589 2822 2644 dicitur
2843 2607 2856 2645 :
2883 2613 2910 2640 ‹‹
2927 2589 3203 2662 Sequitur
3218 2590 3492 2664 deinceps
3513 2593 3669 2664 quod
3698 2593 3758 2648 in
3779 2593 3841 2648 li-

2187 2679 2290 2733 bro
2320 2677 2612 2734 invenitur
2641 2679 2918 2746 secundo,
2941 2679 3025 2733 An
3048 2677 3361 2752 quisquam
3382 2679 3571 2736 dicere
3596 2680 3838 2737 audebit

2185 2766 2371 2824 Deum
2405 2784 2517 2822 non
2541 2767 2840 2840 praescisse
2862 2766 3076 2840 quibus
3105 2772 3260 2824 esset
3289 2768 3536 2825 daturus
3559 2772 3625 2825 ut
3645 2769 3838 2826 crede-

2186 2863 2334 2927 rent,
2349 2861 2450 2912 aut
2471 2873 2618 2928 quos
2639 2857 2885 2912 daturus
2915 2860 3068 2912 esset
3102 2855 3244 2912 Filio
3266 2873 3392 2926 suo,
3421 2861 3487 2913 ut
3505 2873 3573 2913 ex
3601 2858 3689 2914 eis
3723 2875 3837 2914 non

2183 2946 2450 3018 perderet
2479 2944 2875 3017 quamquam?
2896 2946 3029 3012 Quae
3052 2943 3252 3018 utique
3273 2945 3321 3002 si
3343 2945 3838 3018 praescivit,bene-

2183 3034 2316 3090 ﬁcia
2343 3033 2698 3106 suanuibus
2745 3051 2852 3090 nos
2903 3034 3182 3106 dignatur
3227 3033 3472 3090 liberare
3521 3035 3836 3108 praescivit.

2181 3123 2311 3180 Haec
2342 3127 2430 3180 est
2459 3123 2890 3196 praedestinatio
2921 3127 3278 3193 sanctorum,
3304 3123 3448 3178 nihil
3480 3122 3661 3194 aliud,
3687 3142 3836 3198 prae-

2181 3211 2425 3268 scientia
2473 3211 2695 3268 scilicet
2741 3216 2799 3267 et
2846 3211 3187 3285 praeparatio
3236 3211 3653 3268 beneficiorum
3707 3213 3834 3283 Dei,

427 3278 876 3374 responsionum
907 3297 1033 3354 loca
1060 3297 1336 3353 duximus
1357 3297 1723 3353 inserenda.»
1755 3298 1825 3353 Et
1845 3303 2071 3371 praeter-
2101 3278 2144 3346 (ἶ
2181 3301 2398 3374 quibus
2429 3299 3092 3357 certissimeliberantur
3112 3301 3448 3374 quicunque
3468 3300 3836 3360 liberantur?

429 3389 668 3448 mittens
715 3386 847 3442 illas
895 3385 1303 3458 responsiones
1333 3384 1590 3457 apertius
1620 3385 1732 3442 sibi
1781 3389 2070 3444 contradi-

427 3481 644 3546 centes,
679 3474 944 3548 quamvis
975 3477 1034 3530 et
1064 3474 1186 3530 istae
1233 3473 1372 3546 ipsae
1419 3472 1503 3528 illi
1550 3478 1746 3546 aperte
1775 3475 2067 3544 resistant,

427 3584 576 3640 quas
606 3565 820 3636 Proper
847 3561 1291 3634 objectiouibus,
1317 3561 1387 3617 de
1418 3561 1638 3618 eisdem
1678 3561 1845 3618 libris
1895 3563 2070 3620 colle-

425 3654 536 3712 ctis
559 3651 877 3726 respondit,
901 3651 973 3706 ad
1005 3649 1148 3706 alias
1179 3667 1241 3715 se
1272 3651 1554 3706 convertit
1585 3651 1784 3710 dicens
1809 3669 1822 3708 :
1847 3677 1873 3704 ‹‹
1897 3656 2071 3720 ρυαιι.

425 3741 717 3800 tadecima
747 3740 962 3816 quippe
993 3740 1291 3799 Gallorum
1343 3739 1591 3812 objectio
1639 3741 1724 3796 sic
1771 3741 2019 3798 habetur
2051 3759 2064 3798 :

425 3833 588 3900 Quod
639 3831 738 3905 qui
789 3829 1133 3903 evangelicae
1182 3827 1580 3902 praedicationi
1627 3847 1742 3885 non
1800 3831 2064 3899 credunt,

423 3940 493 3979 ex
525 3921 620 3978 Dei
651 3919 1160 3993 praedestinatione
1191 3935 1304 3974 non
1328 3919 1602 3986 credunt;
1635 3923 1692 3974 et
1723 3921 1880 3991 quod
1909 3921 2065 3978 Deus

421 4011 504 4066 ita
534 4008 888 4078 difﬁniverit,
919 4011 985 4063 ut
1035 4007 1372 4080 quicunque
1415 4008 1518 4064 60
1560 4024 1675 4063 non
1712 4009 1974 4079 credunt,
1997 4023 2066 4066 ex

421 4097 610 4172 ipsius
641 4096 1056 4152 constitutione
1087 4113 1202 4151 non
1223 4097 1522 4150 credunt.»
1544 4096 1690 4152 Huic
1712 4095 1910 4169 itaque
1939 4117 2066 4170 pra-

421 4185 610 4252 vitati,
643 4201 770 4256 quae
797 4182 952 4240 beati
981 4183 1294 4256 Augustini
1325 4183 1518 4252 dictis,
1544 4201 1656 4240 non
1689 4200 1758 4240 ex
1803 4185 2061 4257 veritate,

421 4274 524 4332 sed
555 4290 624 4328 ex
653 4272 828 4328 livore
856 4271 1367 4344 objiciebatur,tali
1391 4271 1634 4344 Prosper
1655 4291 1922 4331 sermone
1944 4293 2064 4332 res-

423 4361 664 4438 pondit:
695 4384 722 4413 ι(
747 4360 1064 4417 lnﬁdelitas
1092 4378 1208 4416 non
1239 4361 1602 4419 credentium
1634 4363 1942 4435 Evangelio
1975 4383 2068 4421 ne-

421 4467 720 4524 quaquam
750 4467 819 4506 ex
853 4449 945 4506 Ι)θί
977 4447 1484 4522 praedestinatione
1517 4455 1860 4522 generatur:
1885 4453 2065 4517 bono-

423 4557 555 4596 rum
587 4539 741 4596 enim
773 4539 927 4594 Deus
955 4541 1157 4594 auctor
1180 4542 1288 4604 est,
1321 4554 1437 4594 non
1469 4537 1778 4596 malorum.
1807 4540 2063 4598 Praedes—

2179 3390 2370 3454 caeteri
2401 3393 2595 3446 autem
2628 3389 2726 3445 ubi
2753 3388 2868 3446 nisi
2897 3389 2956 3443 in
2981 3405 3176 3444 massa
3197 3389 3542 3462 perditionis
3561 3391 3730 3462 justo
3753 3390 3836 3448 di-

2177 3479 2550 3552 vinojudicio
2579 3477 3028 3550 relinquuntur?
3050 3477 3149 3533 ubi
3187 3477 3344 3550 Tyrii
3384 3479 3570 3535 relicti
3593 3485 3740 3538 sunt
3769 3484 3832 3536 et

2180 3567 2422 3636 Sidonii,
2457 3567 2758 3639 quietiam
2791 3566 3024 3621 credere
3071 3570 3390 3638 potuerunt
3437 3567 3486 3622 si
3537 3566 3688 3624 mira
3731 3567 3834 3624 illa

2178 3656 2391 3712 Christi
2414 3656 2582 3728 signa
2601 3653 2920 3710 vidissent?
2940 3653 3144 3724 (Matth.
3167 3655 3372 3728 x1,21.)
3405 3656 3515 3712 Sed
3541 3658 3830 3728 quoniam

2178 3749 2243 3801 ut
2266 3745 2568 3801 crederent
2589 3759 2703 3798 non
2725 3743 2808 3800 eis
2829 3747 2954 3797 erat
2989 3743 3212 3812 datum,
3233 3743 3409 3800 etiam
3434 3745 3588 3801 unde
3621 3748 3834 3804 crede-

2177 3837 2308 3889 rent
2319 3835 2407 3888 est
2419 3835 2694 3904 negatum
2705 3829 2844 3885 .»Ad
2857 3829 2977 3896 haec
2991 3831 3302 3904 S.Prosper
3316 3833 3563 3906 respond
3573 3833 3832 3907 it,quem

2175 3923 2270 3978 6|
2295 3919 2633 3994 Fulgentius
2665 3919 2734 3974 de
2755 3919 2867 3974 ﬁde
2888 3923 2944 3974 et
2973 3919 3204 3992 cOpioso
3236 3939 3504 3978 sermone
3521 3922 3791 3982 laudavit
3815 3940 3828 3980 :

2179 4032 2206 4062 ‹‹
2231 4009 2338 4076 Qui
2357 4008 2488 4064 istis
2509 4006 2924 4076 resistunt,hoc
2946 4009 3160 4066 sentire
3183 4009 3551 4082 apertissime
3566 4011 3832 4084 proban-

2173 4102 2292 4167 tur,
2324 4099 2479 4172 quod
2511 4098 2656 4154 ﬁdes
2688 4113 2802 4152 non
2834 4096 2910 4153 sit
2929 4097 3169 4154 domum
3213 4099 3408 4168 Dei,et
3447 4101 3600 4172 quod
3631 4102 3834 4174 gratia

2175 4204 2289 4244 non
2325 4187 2638 4260 praeveniat
2666 4185 2914 4242 liberum
2947 4187 3277 4258 arbitrium,
3311 4189 3410 4244 sed
3445 4193 3750 4261 sequatur,
3777 4195 3838 4246 et

2175 4277 2328 4350 quod
2359 4275 2549 4348 gratia
2578 4273 2679 4330 Dei
2709 4275 3033 4330 secundum
3067 4276 3276 4332 merita
3319 4281 3521 4333 nostra
3566 4277 3766 4334 detur.
3808 4302 3836 4328 ››

2174 4367 2245 4421 Et
2274 4369 2407 4438 past
2425 4362 2731 4436 paululum
2754 4381 2767 4419 :
2793 4387 2820 4413 ‹‹
2845 4363 2989 4420 Vere
3007 4364 3106 4438 qui
3123 4364 3204 4420 ita
3228 4365 3491 4421 sentiunt
3512 4366 3687 4422 ﬁdem
3713 4385 3840 4432 non

2173 4456 2546 4526 acceperunt,
2570 4456 2672 4508 aut
2702 4469 2879 4525 quam
2913 4457 3257 4527 acceperant
3284 4454 3686 4526 perdiderunt.
3713 4479 3742 4506 υ
3767 4457 3846 4512 Et

2173 4542 2314 4598 item
2345 4547 2476 4614 post
2507 4559 2692 4615 pauca
2725 4558 2738 4596 :
2774 4565 2800 4592 ‹‹
2833 4545 3239 4615 Aguoscamus
3271 4542 3470 4616 itaque
3511 4542 3842 4618 sapienter,

421 4625 628 4685 tiuatio
661 4627 842 4700 igitur
861 4626 960 4682 Dei
987 4643 1218 4698 semper
1256 4626 1314 4681 in
1357 4627 1508 4683 bono
1529 4631 1636 4696 est,
1661 4632 1762 4684 aut
1789 4630 1862 4684 ad
1896 4631 2066 4686 retri-
2101 4644 2144 4708 υ
2174 4630 2384 4703 pieque
2417 4631 2724 4700 fateamur,
2740 4631 3042 4704 praescisse
3073 4629 3844 4690 incommutabiliterDeum

421 4717 722 4774 butionem
745 4715 1016 4788 justitiae,
1037 4719 1138 4772 aut
1168 4716 1240 4771 ad
1273 4716 1492 4772 donum
1522 4715 1818 4788 pertinens
1837 4718 2066 4791 gratiae;

419 4808 692 4863 universae
741 4805 898 4861 enim
943 4807 1053 4862 viae
1096 4805 1320 4862 Domini
1364 4805 1740 4862 misericordia
1785 4815 1838 4863 et
1876 4811 2075 4866 veritas

418 4895 584 4968 (Psal.
611 4911 759 4962 xxrv,
785 4894 894 4963 10).
921 4891 1167 4950 Proinde
1197 4893 1514 4952 inﬁdelitas
1543 4911 1660 4950 non
1690 4897 2072 4966 credentium,

420 5001 536 5040 non
554 4983 628 5039 ad
650 4981 1133 5040 constitutionem
1148 4982 1247 5038 Dei
1253 4983 1381 5054 ,sed
1405 4983 1476 5039 ad
1499 4983 1922 5056 praescientiam
1937 4987 2076 5044 refe-

421 5073 604 5128 renda
632 5075 749 5140 est;
777 5088 903 5144 quae
936 5089 1053 5127 non
1075 5069 1204 5128 ideo
1225 5071 1637 5128 necessitatem
1660 5090 1776 5128 non
1799 5075 2073 5131 credendi

420 5158 639 5230 intulit,
675 5160 813 5234 quia
844 5159 963 5216 falli
995 5161 1066 5216 de
1098 5177 1166 5216 ea
1190 5178 1318 5232 quae
1351 5161 1548 5217 futura
1577 5166 1702 5218 erat
1729 5163 2075 5221 infidelitate

316 5305 322 5310 ,
422 5265 538 5302 non
560 5249 808 5318 potuit.»
829 5249 1067 5305 Decima
1079 5248 1285 5322 quinta
1306 5249 1480 5305 etiam
1503 5250 1752 5322 objectio
1772 5251 1865 5308 his
1881 5253 2073 5308 verbis

424 5335 645 5391 inserta
663 5341 750 5392 est
772 5354 784 5390 :
806 5361 832 5387 ‹‹
854 5339 1015 5404 Quod
1049 5337 1205 5394 idem
1237 5338 1313 5393 sit
1338 5339 1704 5410 praescientia
1732 5342 1882 5412 quod
1918 5359 2068 5414 prae-

423 5423 754 5480 destinatio.
793 5448 820 5475 »
851 5425 954 5481 Cui
988 5427 1234 5498 Prosper
1255 5427 1338 5480 sic
1370 5427 1706 5498 respondit:
1745 5451 1772 5478 «
1795 5429 1901 5495 Qui
1932 5449 2071 5503 prae-

425 5511 729 5569 scientiam
769 5513 870 5567 Dei
900 5513 960 5570 in
1011 5514 1170 5571 nullo
1219 5515 1290 5570 ab
1341 5515 1524 5587 ipsius
1563 5517 2070 5588 praedestinatione

423 5601 723 5673 discernit,
743 5601 899 5674 quod
920 5601 1296 5659 tribuendum
1321 5607 1408 5660 est
1434 5605 1548 5660 Deo
1581 5606 1652 5661 de
1683 5607 1867 5675 bonis,
1887 5607 1993 5664 hoc
2017 5609 2066 5664 ei

423 5689 598 5750 etiam
629 5690 699 5746 de
731 5689 902 5747 malis
918 5695 1164 5749 conatur
1185 5693 1618 5752 ascribere.Sed
1649 5711 1783 5750 cum
1815 5696 1967 5754 bona
1997 5698 2069 5755 ad

2181 4719 2396 4792 quibus
2422 4723 2577 4776 esset
2595 4720 2842 4776 daturus
2863 4725 2929 4776 ut
2950 4720 3268 4788 crederent,
3286 4722 3387 4775 aut
3407 4735 3554 4790 quos
3581 4719 3725 4776 datu
3735 4740 3844 4779 rus

2183 4813 2337 4864 esset
2366 4807 2508 4864 Filio
2539 4825 2668 4875 suo,
2693 4811 2758 4864 ut
2795 4825 2864 4864 ex
2892 4808 2976 4864 eis
3007 4825 3120 4864 non
3154 4808 3418 4880 perderet
3445 4823 3844 4882 quemquam,

2182 4900 2240 4953 et
2271 4896 2320 4952 si
2346 4895 2466 4952 haec
2496 4896 2802 4969 praescivit,
2817 4897 3098 4953 beneﬁcia
3126 4915 3234 4954 sua
3263 4895 3429 4960 illum
3459 4897 3678 4968 quibus
3724 4917 3844 4958 nos

2183 4985 2458 5058 dignatur
2486 4983 2751 5055 liberare,
2783 4985 3117 5058 praescisse;
3151 4991 3208 5042 et
3235 4986 3386 5042 hanc
3417 5002 3546 5043 esse
3575 4988 3843 5060 praedes-

2182 5075 2526 5130 tinationem
2557 5078 2913 5144 sanctorum,
2935 5075 3503 5148 praedestinationem
3526 5075 3753 5133 scilicet
3779 5083 3846 5136 et

2181 5163 2663 5236 praeparationem
2720 5163 3136 5220 beneﬁciorum
3189 5163 3289 5219 Dei
3335 5181 3454 5237 qua
3499 5163 3842 5224 certissime

2180 5251 2502 5309 liberantur
2547 5251 2884 5324 quicunque
2931 5251 3274 5308 liberantur.
3299 5253 3547 5309 Caeteros
3603 5257 3838 5323 autem,

2177 5357 2324 5414 quos
2353 5359 2388 5396 a
2415 5340 2669 5414 generali
2701 5340 3024 5412 perditione
3065 5341 3309 5397 humani
3359 5341 3588 5416 generis
3635 5345 3842 5416 gratia

2176 5449 2290 5487 non
2325 5429 2556 5497 exemit,
2571 5431 2737 5500 justo
2767 5429 3100 5486 noverimus
3121 5430 3346 5502 judicio
3362 5448 3476 5486 non
3501 5435 3836 5504 exemptos,

2177 5523 2234 5576 et
2290 5519 2430 5592 quid
2487 5519 2654 5574 nobis
2685 5517 2998 5574 remissum
3048 5519 3125 5576 sit
3177 5521 3236 5574 in
3285 5519 3369 5576 eis
3396 5518 3718 5589 discamus,
3759 5522 3842 5579 de

2177 5625 2428 5680 quorum
2461 5607 2624 5680 queri
2657 5607 3031 5664 damnatione
3062 5625 3176 5665 non
3209 5623 3545 5681 possumus.
3578 5607 3701 5664 Non
3737 5614 3842 5668 est
3919 5644 3924 5649 -

2177 5697 2333 5754 enim
2359 5696 2640 5768 iniquitas
2667 5697 2822 5768 apud
2854 5697 3037 5754 Deum
3067 5700 3241 5768 (Rom.
3273 5715 3349 5765 1x,
3375 5698 3485 5768 14),
3513 5711 3618 5754 nec
3657 5697 3836 5770 quis-
