4002 6480
422 435 538 500 127

1353 430 1732 494 HINCMARI
1775 427 2222 492 RIIEMENSIS
2265 428 2876 492 ARCHIEPISCOPI.

3700 427 3817 492 128

419 586 543 634 rem
565 568 799 628 illorum
828 567 1235 626 haereticorum
1267 565 1550 622 catholica
1567 563 1912 621 auctoritate
1932 580 2062 619 con-
2172 561 2346 618 etiam
2371 566 2504 636 post
2533 561 2827 635 baptisma
2857 565 3173 629 noverat,et
3203 559 3416 619 idcirco
3447 576 3584 620 eum
3617 559 3689 616 ad
3720 558 3820 616 ba-

418 657 979 730 demnant.Scripsit
1005 657 1220 713 librum
1253 657 1322 711 de
1353 647 1704 710 mortalitate
1734 652 2058 724 Cyprianus

417 748 673 822 (caput),
705 746 908 802 multis
933 763 998 802 ac
1020 761 1167 818 pene
1195 744 1470 800 omnibus
1499 743 1599 816 qui
1633 741 2057 798 ecclesiasticas

414 839 640 912 litteras
659 839 861 892 amant
879 834 1249 890 laudabiliter
1277 831 1585 899 notum;in
1610 848 1724 902 quo
1755 833 2060 903 propterea

416 926 557 984 dicit
569 943 685 982 non
707 923 898 982 solum
921 941 1034 999 non
1059 939 1187 980 esse
1205 921 1481 980 ﬁdelibus
1503 919 1772 975 inutilem
1787 922 2054 983 mortem,

414 1032 618 1072 verum
641 1014 815 1071 etiam
843 1012 1046 1068 utilem
1082 1008 1624 1084 reperiri,quoniam
1657 1006 1935 1080 peccandi
1968 1021 2060 1078 pe-

416 1103 616 1160 riculis
637 1103 931 1159 hominem
955 1099 1266 1166 subtrahit,
1281 1102 1340 1153 et
1364 1099 1421 1152 in
1444 1114 1558 1152 non
1593 1095 1870 1168 peccandi
1892 1111 2056 1151 secu-

416 1193 649 1252 ritatem
672 1188 1114 1249 constituit.Sed
1145 1187 1285 1260 quid
1318 1185 1631 1259 prodest,si
1661 1183 1837 1240 etiam
1861 1184 2058 1238 futura

416 1299 542 1356 qua:
566 1279 882 1340 commissa
905 1295 1019 1333 non
1041 1280 1182 1334 sunt
1210 1279 1448 1348 peccata
1470 1274 1797 1346 puniuntur
1815 1273 1842 1328 ?
1862 1271 1956 1327 Ait
1977 1275 2058 1326 ta-

413 1388 545 1443 men
559 1369 656 1426 ille
669 1366 1072 1442 copiosissime
1083 1369 1255 1438 atque
1267 1363 1503 1437 optime,
1511 1361 1788 1436 peccandi
1800 1359 2058 1435 pericula

413 1477 519 1516 nec
543 1461 746 1516 deesse
763 1458 822 1512 in
843 1457 956 1512 ista
969 1456 1106 1521 vita,
1131 1472 1237 1511 nec
1254 1469 1558 1526 superesse
1575 1449 1916 1525 po'stistam.
1948 1447 2056 1505 Ubi

413 1553 472 1606 et
498 1548 643 1604 illud
675 1545 1079 1606 testimonium
1111 1543 1275 1617 ponit
1304 1543 1376 1599 de
1407 1542 1554 1598 libro
1587 1539 1895 1614 Sapientiae
1921 1555 1934 1594 :
1961 1539 2060 1594 Βα-

407 1647 534 1714 ptas
557 1643 653 1703 est,
686 1653 758 1692 ne
789 1635 1006 1691 malitia
1060 1639 1297 1689 mutaret
1349 1631 1680 1688 intellectum
1733 1630 1850 1701 ejus
1905 1627 2052 1700 (Sap.

411 1745 490 1794 ιγ,
513 1727 622 1794 11).
647 1725 809 1792 Quod
833 1741 868 1779 a
891 1739 982 1778 me
1015 1738 1248 1795 quoque
1277 1720 1533 1792 positum
1564 1719 1772 1774 fratres
1803 1716 1948 1772 istos
1974 1714 2058 1772 ita

410 1813 704 1888 respuisse
736 1811 987 1882 dixistis,
1021 1815 1304 1882 tanquam
1337 1825 1452 1864 non
1484 1808 1554 1863 de
1582 1806 1731 1862 libro
1771 1803 2055 1862 catholico

2161 650 2464 723 ptismatis
2521 652 2770 724 gratiam
2821 668 2938 708 non
2987 652 3286 724 perducat.
3321 651 3482 717 Quod
3513 650 3564 706 si
3595 649 3676 706 ita
3705 653 3816 716 est,

2167 743 2406 812 peccata
2451 741 2842 813 quorumdam
2881 740 3080 813 procul
3113 739 3291 796 dubio
3321 741 3665 812 priusquam
3698 739 3820 794 sint

2169 834 2497 901 perpetrata
2508 830 2926 902 puniuntur.Et
2938 830 3165 903 quisita
3185 833 3342 885 recta
3361 829 3557 885 sciens
3579 827 3814 896 dixerit,

2167 917 2304 989 quia
2325 919 2696 992 omnipotens
2719 919 3000 992 Deus,qui
3015 917 3159 975 alios
3181 936 3216 976 a
3234 918 3582 992 perpetratis
3603 915 3820 973 facino-

2167 1007 2331 1067 ribus
2354 1007 2710 1076 liberat,haec
2731 1008 2791 1062 in
2815 1007 2950 1064 aliis
2981 1007 3156 1064 etiam
3185 1025 3300 1063 non
3329 1010 3664 1080 perpetrata
3683 1022 3818 1062 con-

2167 1096 2446 1152 demnat?
2467 1097 2704 1154 Occulta
2720 1097 2918 1169 itaque
2945 1101 3087 1152 sunt
3117 1097 3246 1168 ejus
3269 1096 3578 1168 judicia,et
3591 1099 3818 1168 quanta

2165 1185 2519 1244 obscuritate
2547 1190 2846 1259 nequeunt
2867 1185 3316 1258 conspici,tanta
3341 1185 3554 1242 debent
3581 1183 3818 1242 humili-

2164 1277 2282 1330 tate
2312 1275 2594 1331 venerari.
2628 1297 2657 1326 »

2236 1363 2316 1418 De
2345 1363 2459 1419 alio
2504 1364 2750 1437 Prosper
2795 1369 3001 1421 contra
3055 1362 3250 1420 Gallos
3280 1365 3420 1436 (cap.
3452 1361 3540 1436 11)
3569 1363 3814 1419 demon-

2165 1455 2333 1520 strat,
2359 1475 2386 1502 ‹‹
2402 1453 2542 1525 quia
2564 1453 2624 1508 in
2645 1453 2940 1526 baptismo
2961 1453 3174 1510 Christi
3201 1457 3413 1510 cuncta
3433 1451 3818 1510 remittuntur

2165 1545 2439 1613 peccata;
2465 1540 2568 1598 sed
2595 1542 2696 1614 qui
2717 1546 2852 1614 post
2881 1540 3244 1614 baptismum
3263 1557 3298 1597 a
3315 1540 3546 1598 Christo
3573 1539 3817 1611 recedit,

2165 1633 2222 1688 et
2241 1629 2468 1688 alienus
2497 1649 2533 1688 a
2559 1631 2748 1706 gratia
2777 1631 2907 1688 ﬁnit
2933 1631 3084 1688 hanc
3103 1631 3428 1698 vitam,non
3454 1633 3692 1704 propter
3710 1627 3821 1690 illa.

2165 1735 2290 1791 quae
2321 1720 2373 1776 ei
2404 1719 2465 1776 in
2495 1720 2789 1794 baptismo
2821 1720 3069 1778 remissa
3099 1725 3260 1792 sunt,
3294 1720 3396 1777 sed
3445 1723 3683 1792 propter
3709 1716 3819 1779 illa.

2165 1824 2291 1880 quae
2321 1813 2524 1881 postea
2552 1809 2792 1866 admisit
2821 1809 3086 1879 crimina,
3119 1810 3564 1866 condemnatur.
3585 1808 3649 1866 In
3681 1824 3814 1880 quae

409 1902 760 1966 adhibitum.
797 1899 970 1966 Quasi
1003 1902 1242 1970 excepta
1269 1897 1454 2006 hujus1
1479 1894 1613 1951 libri
1659 1893 2050 2006 attestqtione,
2087 1939 2138 2006 Β
2165 1896 2558 1971 prolapsus,et
2585 1899 2713 1957 sine
2741 1899 3082 1972 poenitentia
3109 1897 3532 1967 deﬁciens,non
3549 1913 3696 1953 exeo
3715 1913 3818 1954 ne-

409 2008 504 2054 res
535 1990 664 2063 ipsa
692 2007 808 2046 non
854 1989 1012 2044 clara
1039 1987 1137 2054 sit,
1161 2002 1338 2059 quam
1367 1982 1640 2041 volumus
1669 1982 1806 2038 hinc
1835 1981 2048 2039 doceri.

411 2081 555 2152 Quis
580 2079 740 2136 enim
787 2077 1004 2133 audeat
1045 2091 1258 2148 negare
1303 2072 1688 2140 Christianus,
1713 2072 1966 2143 justum,
2001 2069 2052 2126 si

411 2171 596 2230 morte
628 2169 1069 2240 praeoccupatus
1098 2163 1295 2229 fuerit,
1321 2163 1380 2217 in
1413 2160 1710 2234 refrigerio
1742 2159 2051 2216 futurum?

410 2257 658 2332 quilibet
687 2254 797 2310 hoc
827 2251 1056 2324 dixerit,
1080 2249 1214 2324 quis
1243 2250 1418 2307 homo
1441 2267 1596 2306 sanae
1622 2247 1758 2304 ﬁdei
1785 2248 2054 2305 resisten-

411 2347 554 2404 dum
574 2341 1001 2417 putabit?ltem
1014 2339 1544 2412 sidixeritjustum,
1569 2337 1620 2394 si
1641 2355 1676 2394 a
1697 2355 1805 2394 sua
1817 2337 2055 2410 justitia

411 2432 735 2500 recesserit,
769 2431 828 2486 in
852 2446 970 2502 qua
999 2429 1100 2486 diu
1130 2427 1289 2496 vixit,
1307 2427 1446 2484 etin
1467 2444 1536 2483 ea
1565 2425 2052 2499 fueritimpietate

412 2521 815 2590 defunctus,in
837 2535 954 2593 qua
975 2536 1092 2575 non
1113 2518 1241 2574 dico
1273 2533 1458 2572 unum
1489 2517 1842 2584 annum,sed
1866 2531 2050 2570 unum

411 2613 566 2670 diem
587 2609 878 2679 vixerit,in
910 2625 1111 2682 pwnas
1143 2606 1364 2679 iniquis
1392 2605 1618 2662 debitas
1640 2605 1776 2661 hinc
1806 2605 2050 2672 iturum,

411 2701 560 2760 nihil
581 2700 695 2758 sibi
716 2717 825 2757 sua
843 2697 1136 2772 praeterita
1150 2695 1456 2768 profutura
1475 2693 1730 2766 justitia,
1755 2693 1892 2750 huic
1922 2710 2052 2766 per-

411 2790 627 2865 spicua
656 2787 884 2846 veritati
913 2787 1047 2860 quis
1077 2783 1340 2842 ﬁdelium
1377 2782 1770 2840 contradicit?
1797 2783 1970 2838 Porro
2001 2782 2052 2842 si

410 2884 706 2954 quaeratur
733 2896 768 2934 a
797 2877 966 2934 nobis
991 2879 1188 2932 utrum
1217 2873 1267 2930 si
1296 2877 1435 2929 tunc
1464 2875 1618 2929 esset
1649 2873 2056 2941 mortuus,64

409 2969 646 3044 quando
679 2971 803 3024 erat
823 2967 1048 3039 justus,
1072 2980 1274 3037 poenas
1303 2966 1457 3018 esset
1485 2959 1829 3048 inventurus
1857 2978 1932 3016 an
1963 2977 2050 3017 re-

407 3059 629 3134 quiem,
656 3055 922 3129 nunquid
953 3053 1214 3125 requiem
1245 3051 1594 3125 respondere
1623 3049 2054 3106 dubitabimus?

407 3149 540 3206 Haec
572 3151 664 3204 est
691 3149 826 3202 tota
843 3160 1022 3202 causa
1050 3159 1156 3198 cur
1184 3141 1409 3198 dictum
1430 3144 1520 3196 est
1541 3157 1576 3195 a
1604 3155 1954 3212 quocunque
1976 3139 2056 3196 sit

411 3237 630 3299 dictum
665 3251 680 3288 :
713 3237 913 3306 Raptus
941 3239 1038 3300 est,
1069 3247 1138 3287 ne
1165 3231 1380 3286 malitia
1434 3236 1669 3284 mutaret
1725 3229 2055 3285 intellectum

411 3328 526 3400 eius
559 3325 706 3397 (Sap.
731 3340 807 3390 ιν,
837 3323 944 3391 11).
969 3320 1203 3376 Dictum
1233 3321 1324 3375 est
1352 3318 1508 3374 enim
1542 3318 1866 3374 secundum
1897 3317 2048 3390 peri-
2079 3306 2124 3374 (ἶ

411 3413 546 3474 cula
572 3413 701 3468 vitae
734 3411 933 3482 hujus,
967 3426 1082 3465 non
1116 3407 1440 3465 secundum
1474 3405 1897 3480 praescientiam
1929 3405 2051 3476 Dei,

413 3503 515 3578 qui
538 3503 646 3558 hoc
669 3499 957 3576 przescivit
977 3499 1132 3572 quod
1158 3499 1421 3554 futurum
1443 3499 1583 3564 erat,
1593 3513 1708 3551 non
1729 3497 1882 3568 quod
1905 3497 2056 3552 futu-

411 3610 546 3654 rum
577 3609 692 3653 non
721 3594 882 3646 erat:
908 3589 967 3645 id
999 3592 1108 3656 est,
1134 3588 1289 3660 quod
1313 3585 1364 3641 ei
1397 3589 1646 3642 mortem
1674 3585 2053 3642 immaturam

411 3685 603 3742 fuerat
624 3680 967 3753 largiturus,
986 3682 1052 3734 ut
1081 3675 1471 3734 tentationum
1501 3674 1944 3732 subtraheretur
1973 3675 2056 3730 in-

411 3777 586 3841 certo,
621 3787 737 3826 non
769 3769 922 3842 quod
955 3769 1298 3839 peccaturus
1328 3769 1484 3820 esset
1512 3763 1613 3836 qui
1645 3781 1962 3824 mansurus
1991 3764 2050 3819 in

411 3859 732 3920 tentatione
753 3875 867 3914 non
887 3859 1104 3915 esset.»
1128 3855 1199 3912 Et
1221 3858 1354 3927 post
1382 3852 1708 3926 aliquanta:
1743 3876 1770 3904 «
1805 3853 1864 3910 Si
1895 3853 2051 3910 enim

401 3951 812 4026 judicarentur
834 3945 1103 4003 homines
1115 3961 1219 4017 pro
1236 3941 1462 4000 meritis
1481 3959 1600 3998 suae
1617 3943 1763 4011 vitae,
1784 3959 1911 4016 quae
1936 3960 2052 3998 non

409 4041 746 4100 habuerunt
764 4041 951 4092 morte
973 4031 1266 4107 praeventi,
1291 4032 1392 4088 sed
1413 4030 1670 4087 habituri
1691 4036 1888 4088 essent
1909 4031 1958 4088 si
1978 4031 2057 4086 vi-

408 4133 641 4197 verent;
672 4125 818 4182 nihil
870 4123 1108 4196 prodest
1155 4121 1206 4177 ei
1249 4119 1350 4192 qui
1380 4123 1583 4192 raptus
1611 4123 1700 4176 est
1728 4138 1801 4176 ne
1832 4120 2056 4178 malitia

413 4219 668 4277 mutaret
690 4213 1050 4270 intellectum
1073 4210 1222 4282 ejus,
1255 4207 1400 4264 nihil
1423 4209 1660 4282 prodest
1679 4209 1762 4266 eis
1787 4210 1885 4282 qui
1905 4209 2054 4282 lapsi

412 4305 765 4372 moriuntur,
782 4303 833 4360 si
861 4306 998 4359 ante
1026 4302 1414 4369 morerentur,
1447 4299 1604 4370 quod
1635 4297 1834 4355 nullus
1865 4299 2055 4356 dicere

410 4395 779 4454 Ghristianus
796 4387 1342 4456 audebit.Quocirca
1363 4404 1477 4443 non
1499 4387 1710 4444 debent
1731 4388 1940 4446 fratres
1960 4406 2058 4446 no-

411 4483 518 4544 stri
535 4487 792 4540 astruere
803 4479 959 4552 quod
972 4495 1088 4534 non
1100 4477 1230 4540 dico
1242 4476 1728 4544 crediturum,sed
1741 4476 2058 4534 somniatu-

413 4591 546 4630 rum
561 4571 852 4629 neminem
864 4571 1227 4641 putaremus,
1252 4566 1576 4622 secundum
1589 4583 1658 4622 ea
1668 4565 1890 4624 scilicet
1900 4567 1925 4639 j
1935 4567 2056 4624 udi-

2163 1987 2494 2045 cessitatem
2508 1988 2785 2060 pereundi
2818 1987 3024 2044 habuit
3052 1987 3192 2060 quia
3222 1987 3667 2059 praedestinatus
3690 2003 3816 2047 non

2159 2075 2290 2144 fuit,
2314 2077 2416 2132 sed
2432 2075 2560 2133 ideo
2580 2093 2695 2132 non
2715 2076 2826 2132 fuit
2843 2075 3311 2150 praedestinatus,
3345 2075 3485 2148 quia
3499 2074 3636 2135 talis
3657 2075 3818 2133 futu-

2161 2163 2262 2220 rus
2291 2181 2360 2221 ex
2387 2163 2718 2222 voluntaria
2749 2165 3216 2239 praevaricatione
3246 2163 3356 2222 fuit
3375 2181 3410 2221 a
3429 2161 3545 2222 Deo
3575 2163 3815 2237 praesci-

2159 2258 2279 2311 tus.
2315 2250 2590 2312 Liberum
2639 2255 2950 2312 arbitrium
2979 2255 3042 2310 in
3071 2255 3311 2312 homine
3336 2269 3464 2311 esse
3495 2252 3638 2311 dicit
3665 2253 3812 2328 (cap.

2158 2344 2250 2412 6);
2285 2344 2386 2400 sed
2419 2348 2552 2400 ante
2593 2343 3084 2401 illuminationem
3115 2344 3250 2400 ﬁdei
3282 2343 3344 2399 in
3372 2341 3628 2400 tenebris
3657 2347 3718 2400 et
3748 2343 3814 2417 in

2161 2433 2372 2489 umbra
2391 2432 2597 2490 mortis
2611 2433 3219 2507 manere,priusquam
3234 2450 3268 2490 a
3279 2431 3678 2490 dominatione
3689 2432 3817 2490 dia-

2161 2521 2277 2577 boli
2291 2538 2393 2595 per
2406 2522 2504 2580 Dei
2513 2523 2763 2596 gratiam
2775 2521 3144 2580 liberetur.In
3157 2539 3272 2596 quo
3283 2521 3553 2579 voluntas
3565 2521 3624 2578 in
3637 2522 3817 2580 bonis

2161 2611 2238 2666 sit
2263 2610 2642 2684 intelligenda
2671 2613 2742 2667 de
2773 2613 2979 2684 gratia,
3020 2611 3078 2666 in
3108 2610 3281 2668 malis
3311 2615 3507 2668 autem
3535 2609 3816 2668 voluntas

2155 2698 2538 2774 intelligenda
2563 2700 2642 2757 sit
2671 2700 2798 2756 sine
2827 2701 3167 2774 gratia.»De
3179 2700 3352 2756 tertio
3373 2699 3527 2756 idem
3559 2700 3818 2774 Prosper

2159 2786 2605 2860 dicit(cap.15),«
2623 2789 2758 2860 quia
2777 2805 2894 2845 non
2915 2792 3004 2845 est
3023 2789 3424 2856 dubium,sine
3440 2787 3562 2845 ulla
3580 2792 3814 2862 tempo-

2160 2875 2267 2934 rali
2287 2877 2633 2946 differentia,
2650 2877 2834 2934 Deum
2855 2881 2913 2934 et
2931 2877 3234 2950 praescisse
3249 2876 3427 2934 simul
3442 2881 3499 2934 et
3513 2877 3816 2950 praedesti-

2160 2966 2459 3035 nasse,05
2492 2983 2619 3039 quae
2651 2967 2778 3038 ipso
2809 2971 2976 3025 erant
3005 2970 3238 3024 auctore
3265 2965 3643 3036 facienda,vel
3675 2983 3812 3040 quae

2160 3055 2332 3112 malis
2364 3055 2589 3112 meritis
2613 3058 2777 3129 justo
2807 3059 2971 3112 erant
2991 3056 3216 3128 judicio
3241 3055 3808 3130 retribuenda;prac-

2161 3144 2342 3202 scisse
2364 3149 2561 3201 autem
2575 3145 3125 3214 tantummodo,non
3137 3145 3316 3202 etiam
3332 3144 3808 3218 praedestinasse,

2161 3251 2288 3306 quae
2315 3251 2430 3290 non
2451 3251 2518 3291 ex
2539 3234 2670 3308 ipso
2690 3238 2856 3291 erant
2875 3252 3114 3292 causam
3135 3235 3486 3308 operationis
3505 3235 3808 3294 habitura.

2162 3321 2356 3380 Potest
2375 3323 2574 3397 itaque
2596 3323 2721 3380 sine
2743 3324 3250 3397 pris-destinatione
3269 3340 3397 3380 esse
3417 3324 3812 3397 praescientia,

2161 3413 2590 3486 praedestinatio
2623 3416 2820 3469 autem
2849 3413 2976 3470 sine
3004 3412 3371 3486 prtescientia
3396 3429 3525 3470 esse
3553 3430 3669 3470 non
3701 3429 3814 3488 po-

2163 3505 2344 3558 test.»
2366 3501 2447 3558 De
2469 3505 2676 3574 quarto
2699 3501 3084 3558 nihilominus
3113 3501 3267 3559 idem
3297 3502 3504 3560 beatus
3535 3502 3813 3576 Prosper,

2163 3591 2232 3647 de
2252 3589 2443 3646 verbis
2465 3590 2649 3648 sancti
2688 3591 3000 3664 Augustini
3023 3608 3091 3647 ex
3118 3589 3269 3647 libro
3299 3591 3397 3664 qui
3429 3590 3703 3647 titulatur
3733 3593 3814 3648 de

2162 3681 2319 3737 Bono
2349 3680 2809 3751 perseverantiae,
2842 3679 2904 3739 in
2936 3678 3310 3752 responsione
3353 3683 3554 3736 octava
3603 3683 3816 3737 contra

2159 3769 2486 3826 Januenses
2505 3767 2838 3825 dissolvitet
2849 3766 3210 3841 repulit(cap.
3232 3768 3308 3841 9):
3335 3769 3810 3841 «Agnoscamus,

2161 3857 2454 3930 inquiens,
2481 3855 2795 3930 sapienter,
2818 3855 3027 3930 pieque
3055 3857 3682 3930 fateamur,priescisse
3708 3857 3813 3914 in-

2161 3945 2658 4005 commutabiliter
2685 3945 2870 4002 Deum
2897 3945 3116 4018 quibus
3145 3950 3298 4002 esset
3328 3947 3572 4002 daturus
3603 3949 3668 4002 ut
3687 3963 3816 4004 cre-

2163 4036 2385 4105 derent,
2415 4039 2518 4092 aut
2545 4051 2696 4108 quos
2732 4034 2979 4090 daturus
3009 4039 3164 4092 esset
3194 4034 3337 4092 Filio
3367 4051 3494 4104 suo,
3527 4038 3594 4090 ut
3620 4051 3689 4091 ex
3719 4035 3812 4093 eis

2163 4142 2278 4182 non
2311 4125 2578 4198 perderet
2633 4140 3012 4197 quemquam.
3041 4125 3110 4181 Et
3141 4124 3191 4181 si
3221 4123 3344 4180 hac
3373 4123 3678 4197 praescivit,
3712 4124 3814 4182 be-

2162 4214 2372 4272 neﬁcia
2399 4230 2508 4270 sua
2535 4212 2701 4270 illum
2733 4213 2950 4286 quibus
2971 4231 3078 4270 nos
3094 4214 3372 4286 dignatur
3400 4212 3646 4270 liberare
3667 4231 3815 4287 prm-

2163 4303 2364 4371 scisse,
2400 4307 2458 4359 et
2489 4301 2640 4359 hanc
2669 4319 2800 4360 esse
2828 4302 3398 4376 praedestinationem
3439 4290 3810 4375 sanctorum,

2162 4391 2730 4466 przsdestinationem
2760 4391 2983 4449 scilicet
3007 4395 3064 4448 et
3092 4390 3574 4467 przeparationem
3594 4393 3813 4471 gratiae

2167 4481 2408 4554 Dei,qua
2427 4480 2752 4538 certissime
2771 4481 3096 4538 liberantur
3115 4481 3449 4554 quicunque
3458 4479 3811 4554 liberantur;

2163 4573 2398 4627 ceteros
2424 4573 2620 4626 autem
2651 4587 2798 4642 quos
2829 4587 2864 4626 a
2893 4569 3149 4642 generali
3208 4567 3530 4643 perditione
3557 4569 3816 4628 humani

411 4662 533 4720 cari
554 4675 847 4734 quemque
883 4660 1274 4720 mortuorum,
1306 4671 1434 4726 quae
1475 4658 1749 4727 gesturus
1786 4655 1975 4714 fuerat
2005 4656 2054 4712 si
2083 4681 2144 4746 Β,
2163 4659 2394 4733 generis
2423 4659 2613 4734 gratia
2641 4675 2756 4715 non
2783 4658 3014 4729 exemit,
3031 4659 3194 4731 justo
3224 4657 3558 4715 noverimus
3577 4658 3814 4730 judicio

411 4756 672 4824 tempore
685 4745 990 4821 prolixiora
1001 4743 1296 4802 vixisset.»
1317 4744 1641 4799 Etsanctus
1662 4744 1972 4818 Gregorius
1993 4745 2053 4801 in

411 4841 562 4899 libro
577 4837 886 4896 Moralium
896 4833 1177 4909 vigesimo
1199 4833 1446 4904 septimo
1469 4835 1606 4904 (cap.
1625 4832 1680 4905 2)
1701 4848 1714 4888 :
1741 4853 1763 4883 α
1782 4833 1952 4904 Bene,
1972 4834 2058 4892 in-

413 4930 558 5004 quit,
585 4946 688 5002 per
717 4925 1088 4984 Salomonem
1119 4921 1369 4980 dicitur:
1407 4923 1562 4978 Sicut
1587 4923 1810 4994 ignoras
1840 4941 1958 4996 qua:
1983 4926 2057 4982 sit

410 5020 818 5092 viaspiritus,et
831 5032 936 5089 qua
963 5015 1179 5070 ratione
1206 5014 1623 5084 compingantur
1650 5028 1771 5068 ossa
1794 5014 1851 5068 in
1873 5021 2057 5070 ventre

409 5109 768 5182 praegnantis,
801 5107 880 5162 sic
931 5104 1108 5160 nescis
1163 5117 1324 5174 opera
1381 5102 1498 5168 Dei,
1533 5101 1630 5174 qui
1655 5101 1952 5172 fabricator
1979 5110 2059 5160 est

298 5183 300 5186 ﬁ
414 5201 660 5256 omnium
686 5197 874 5266 (Eccti.
896 5211 978 5266 xi,
997 5195 1077 5262 5).
1101 5190 1342 5248 Utenim
1361 5205 1544 5246 unum
1562 5207 1592 5246 e
1609 5189 1811 5246 multis
1828 5190 2052 5264 loquar,

417 5287 532 5342 duo
563 5285 636 5341 ad
670 5285 822 5340 hanc
849 5282 1042 5347 lucem
1072 5277 1296 5354 parvuli
1327 5276 1587 5342 veniunt,
1618 5277 1720 5332 sed
1750 5277 1850 5332 uni
1882 5277 2059 5334 datur

416 5377 483 5428 ut
497 5373 568 5428 ad
587 5372 1046 5444 redemptionem
1075 5385 1179 5441 per
1197 5367 1490 5440 baptisma
1509 5365 1726 5433 redeat,
1759 5363 1906 5422 alter
1924 5371 2056 5424 ante

417 5459 785 5518 subtrahitur
799 5477 974 5532 quam
991 5459 1148 5514 hunc
1164 5471 1513 5530 regenerans
1531 5453 1688 5508 unda
1710 5455 2021 5524 perfundat
2040 5475 2053 5526 ;

417 5555 475 5608 et
495 5567 646 5622 saepe
668 5547 927 5604 ﬁdelium
947 5548 1102 5604 ﬁlius
1119 5547 1243 5604 sine
1270 5546 1382 5602 ﬁde
1415 5544 1660 5616 rapitur,
1694 5548 1751 5598 et
1782 5561 1933 5618 saepe
1961 5546 2055 5602 in-

418 5639 681 5696 ﬁdelium
711 5653 984 5694 concesso
1016 5635 1151 5692 ﬁdei
1183 5637 1549 5692 sacramento
1580 5637 1909 5689 renovatur.
1943 5636 2053 5711 _Sed

419 5730 665 5789 fortasse
687 5725 902 5801 aliquis
921 5724 1078 5782 dicat
1091 5725 1245 5801 quod
1263 5725 1418 5782 hunc
1435 5722 1590 5780 Deus
1603 5724 1868 5778 acturum
1883 5739 2055 5796 prave

2164 4765 2278 4806 non
2299 4752 2627 4821 exemptos;
2651 4770 2680 4801 »
2702 4753 2761 4805 et
2779 4747 2840 4804 in
2863 4746 3230 4804 absolutione
3259 4745 3601 4818 objectionis
3620 4749 3813 4806 tertias

2162 4838 2459 4896 Gallorum
2481 4837 2564 4894 ita
2585 4837 2727 4895 dicit
2746 4839 2820 4895 ad
2840 4837 3064 4894 locum:
3089 4837 3285 4904 «Quod
3306 4851 3443 4910 ergo
3463 4835 3812 4908 hujusmodi

2162 4927 2222 4983 in
2253 4927 2375 4983 haec
2402 4927 2658 5001 prolapsi
2689 4927 2845 4985 mala
2881 4927 3009 4984 sine
3057 4926 3409 4984 correctione
3454 4925 3812 5000 paenitentia:

2163 5017 2520 5083 defecerunt,
2543 5033 2658 5073 non
2679 5033 2748 5072 ex
2766 5034 2832 5074 eo
2855 5017 3262 5073 necessitatem
3283 5014 3564 5088 pereundi
3594 5015 3814 5074 habue-

2163 5109 2320 5176 runt,
2353 5105 2492 5178 quia
2521 5105 2916 5178 praedestinati
2948 5122 3062 5162 non
3094 5107 3270 5174 sunt;
3305 5104 3406 5160 sed
3433 5103 3563 5160 ideo
3595 5105 3814 5178 praede-

2165 5194 2366 5251 stinati
2389 5211 2504 5251 non
2527 5195 2829 5268 sunt,quia
2849 5193 2995 5250 tales
3024 5193 3206 5250 futuri
3227 5210 3297 5250 ex
3319 5192 3650 5251 voluntaria
3660 5212 3811 5268 prai-

2161 5283 2514 5340 varicatione
2544 5283 2798 5356 praesciti
2841 5288 2999 5340 sunt.
3035 5305 3062 5332 »
3093 5284 3164 5340 Et
3193 5287 3326 5356 post
3353 5300 3540 5356 pauca
3569 5300 3582 5340 :
3619 5305 3646 5334 «
3680 5284 3812 5342 Non

2163 5371 2321 5428 enim
2357 5371 2541 5429 relicti
2575 5377 2715 5430 sunt
2744 5389 2778 5428 a
2806 5373 2922 5428 Deo
2944 5375 3008 5428 ut
3039 5372 3436 5446 relinquerent
3463 5373 3669 5439 Deum,
3703 5376 3809 5431 sed

2165 5462 2525 5535 reliquerunt
2545 5467 2603 5520 et
2631 5462 2813 5520 relicti
2845 5465 3068 5531 sunt,et
3085 5481 3153 5520 ex
3173 5465 3323 5520 bono
3346 5463 3404 5518 in
3427 5461 3649 5519 malum
3673 5480 3808 5536 pro-

2163 5549 2291 5622 pria
2315 5549 2610 5606 voluntate
2640 5550 2849 5606 mutati
2877 5555 3043 5620 sunt;
3077 5555 3252 5623 atque
3281 5551 3354 5607 ob
3385 5551 3494 5606 hoc
3523 5549 3658 5607 licet
3689 5552 3810 5608 fue-

2164 5638 2282 5694 rint
2301 5639 2744 5709 renati,fuerint
2765 5639 3094 5712 justiﬁcati,
3118 5641 3192 5696 ab
3221 5659 3286 5698 eo
3315 5644 3531 5697 tamen‘
3546 5639 3642 5712 qui
3675 5638 3809 5696 illos

2162 5726 2308 5785 tales
2338 5727 2646 5801 praescivit,
2681 5745 2794 5784 non
2827 5733 2968 5787 sunt
2997 5729 3410 5802 praedestinati.
3444 5751 3472 5780 »
