4002 6458
446 404 554 465 131

1372 403 1754 466 ΗΙῙῙΟΜΑΙΚΙ
1801 399 2249 466 RHEMENSIS
2290 401 2904 466 ARCHIEPISGOPI.

3724 403 3833 468 132

445 536 643 608 pejora
673 533 810 601 labi,
838 534 981 590 dum
1012 537 1238 606 majora
1267 535 1608 606 quaerimus,
1639 537 1696 590 et
1732 533 1885 590 ultra
1929 534 2081 589 vires
2109 533 2167 601 Α
2194 534 2509 607 templatus
2539 535 2756 607 quippe
2799 535 3030 592 interna
3079 535 3294 608 gaudia
3338 535 3582 592 visionis
3630 535 3757 605 Dei,
3785 541 3838 592 et

444 628 673 679 nostras
701 623 863 678 varia
893 621 1278 696 cogitamus.»
1308 624 1378 678 Et
1398 623 1605 678 beatus
1633 623 1995 696 Augustinus
2020 623 2078 676 in

442 710 589 766 libro
619 711 692 766 de
721 711 1092 782 Correptione
1121 715 1179 766 et
1217 711 1416 768 Gratia
1459 712 1530 767 ad
1579 711 1771 767 locum
1819 711 1901 766 ita
1943 711 2083 766 dicit

440 805 580 872 (cap.
616 801 704 868 12)
737 816 750 853 :
787 823 813 850 ‹‹
851 799 1044 854 Primo
1075 799 1271 872 itaque
1301 799 1544 870 homini,
1575 800 1676 872 qui
1721 801 1778 854 in
1813 816 1879 855 eo
1929 800 2080 856 bono

440 905 558 960 quo
591 889 780 944 factus
814 889 1003 944 fuerat
1034 893 1248 957 rectus,
1280 893 1580 960 acceperat
1609 905 1780 960 posse
1807 906 1921 944 non
1949 905 2079 961 pec-

441 993 773 1048 care,posse
804 993 918 1032 non
951 977 1122 1044 mori,
1150 995 1320 1050 posse
1349 977 1545 1049 ipsum
1577 977 1796 1033 bonum
1842 995 1956 1033 non
1989 979 2081 1033 de-

441 1081 690 1120 serere.»
724 1067 793 1120 Et
821 1065 1120 1138 aliquanto
1147 1066 1417 1138 superius
1447 1065 1505 1121 in
1537 1067 1737 1122 eodem
1770 1065 1918 1122 libro
1937 1067 2074 1140 (cap.

443 1155 562 1223 10):
600 1176 628 1204 «
659 1157 1020 1226 Quapropter
1049 1154 1428 1210 saluberrime
1459 1155 1806 1210 conﬁtemur
1826 1156 1978 1228 quod
1999 1172 2082 1210 re-

439 1243 702 1298 ctissime
729 1243 1043 1310 credimus,
1064 1243 1246 1299 Deum
1275 1243 1706 1315 Dominamque
1733 1261 1927 1299 rerum
1960 1261 2079 1299 om-

438 1331 733 1404 nium,qui
764 1331 974 1388 creavit
1003 1331 1366 1388 omniabona
1385 1331 1630 1398 valde,et
1643 1331 1797 1388 mala
1815 1349 1881 1388 ex
1906 1332 2076 1389 bonis

438 1425 708 1476 exortura
735 1437 864 1476 esse
894 1419 1200 1492 praiscivit,
1229 1425 1287 1475 et
1333 1419 1500 1476 scivit
1546 1421 1736 1492 magis
1783 1421 1853 1476 ad
1907 1439 2076 1478 suam

437 1508 1072 1582 omnipotentissimam
1104 1508 1424 1564 bonitatem
1455 1508 1766 1581 pertinere,
1796 1509 1971 1565 etiam
2004 1511 2075 1566 de

437 1597 611 1658 malis
639 1597 997 1656 benefacere.
1031 1614 1208 1670 quam
1239 1595 1393 1652 mala
1423 1613 1549 1652 esse
1597 1613 1712 1652 non
1745 1597 1955 1666 sinere,
1991 1599 2074 1654 sie

434 1684 736 1741 ordinasse
766 1683 1104 1756 angelorum
1137 1690 1194 1740 et
1222 1684 1529 1740 hominum
1573 1684 1775 1752 vitam.
1808 1690 1872 1741 ut
1917 1687 1975 1741 in
2007 1704 2076 1744 ea

433 1773 596 1845 prius
624 1774 953 1829 ostenderet
981 1773 1119 1845 quid
1153 1777 1352 1844 posset
1377 1790 1578 1829 eorum
1621 1773 1871 1830 liberum
1919 1776 2074 1830 arbi-

432 1862 632 1930 trium,
667 1862 875 1916 deinde
899 1861 1044 1964 quid
1079 1865 1276 1964 posset
1304 1879 1423 1918 suae
1471 1863 1672 1935 gratias
1723 1863 2070 1920 beneficium
2100 1897 2151 1964 Β

423 1951 787 2022 justitiaaque
808 1951 1121 2023 judicium.
1158 1972 1188 2000 »
1217 1951 1286 2006 Et
1315 1955 1448 2024 post
1479 1969 1691 2024 pauca:
1713 1975 1744 2019 «_
1777 1953 1871 2008 Sic
1891 1959 1948 2008 et
1968 1953 2070 2009 ho-

431 2039 649 2094 minem
681 2039 819 2095 fecit
844 2055 977 2094 cum
1007 2039 1188 2094 libero
1220 2039 1532 2095 arbitrio.»
1566 2042 1634 2096 Et
1663 2042 1799 2096 item
1831 2041 1890 2096 in
1923 2041 2069 2099 libro

429 2128 500 2182 de
529 2129 749 2183 Natura
779 2133 836 2183 et
855 2127 1051 2184 Gratia
1083 2130 1225 2200 (cap.
1256 2129 1349 2196 67)
1382 2145 1394 2182 :
1432 2151 1460 2177 «
1494 2128 1638 2184 Cum
1671 2134 1863 2186 autem
1898 2131 1970 2186 de
2001 2131 2068 2185 li-

431 2216 568 2270 bera
595 2214 892 2271 voluntate
923 2220 1075 2271 recte
1107 2215 1355 2272 faciendi
1387 2216 1702 2288 loquimur,
1734 2219 1804 2274 de
1835 2218 1936 2274 illa
1965 2219 2071 2274 sci-

429 2303 564 2359 licet
595 2303 653 2358 in
686 2320 802 2376 qua
831 2303 1006 2360 homo
1033 2305 1224 2360 factus
1255 2309 1344 2360 est
1372 2304 1686 2378 loquimur.
1720 2329 1748 2356 ››

499 2391 715 2447 Deinde
745 2393 1180 2464 subjunximus,
1218 2414 1246 2443 «
1278 2394 1347 2448 Et
1377 2393 1434 2448 in
1467 2394 1736 2466 paradiso
1789 2396 2002 2467 posuit,
2039 2420 2066 2447 ››

427 2481 583 2553 quod
613 2484 671 2536 et
717 2480 886 2536 lectio
941 2480 1180 2536 Genesis
1228 2481 1411 2548 docet,
1445 2483 1742 2550 Planlavit,
1772 2483 2063 2556 inquiens,

425 2570 565 2625 Deus
593 2569 917 2641 paradisum
945 2570 1234 2642 voluptatis
1262 2587 1297 2626 a
1315 2572 1613 2642 principio,
1645 2574 1705 2627 in
1733 2588 1837 2644 quo
1863 2575 2065 2644 posuit,

426 2657 702 2714 hominem
755 2675 913 2731 quem
958 2665 1290 2730 formaverat
1335 2658 1485 2729 (Gen.
1535 2677 1596 2726 ιι,
1646 2663 1722 2728 8).
1771 2660 2064 2716 Prosecuti

425 2763 690 2815 sumus,«
715 2763 886 2820 quem
917 2747 978 2802 in
1009 2747 1317 2804 sanctitate
1341 2748 1587 2819 justitiae
1615 2765 1953 2821 permanere
1974 2767 2064 2806 vo-

425 2835 593 2891 luit.»
610 2835 769 2892 Unde
780 2840 838 2891 et
858 2837 1064 2892 beatus
1085 2837 1468 2909 Gregoriusin
1494 2836 2062 2913 homiliaEvangelii,

426 2924 526 2980 68
554 2925 726 2980 Erant
767 2927 1263 2998 appropinquantes
1317 2924 1388 2980 ad
1440 2930 1633 2982 Jesum
1684 2928 1971 2999 publicani
2017 2939 2069 2988 ct

419 3022 741 3086 peccatores,
792 3016 863 3070 ad
915 3015 1107 3071 locum
1155 3015 1316 3083 dicit,
1349 3015 1515 3085 (hom.
1554 3017 1623 3072 34
1671 3019 1732 3072 in
1785 3019 2013 3091 Evang.)
2045 3039 2063 3074 :

423 3125 451 3153 «
472 3103 821 3176 Angelorum
843 3104 1058 3177 quippe
1080 3103 1451 3160 ethominum
1468 3109 1738 3161 naturam
1761 3108 1832 3162 ad
1859 3125 2066 3181 cogno-

425 3194 706 3247 scendum
739 3209 797 3248 se
829 3193 1110 3247 Dominus
1141 3194 1404 3248 condidit
1437 3210 1448 3249 :
1483 3211 1660 3266 quam
1693 3196 1832 3250 dum
1848 3198 2065 3254 consis-

2190 623 2462 679 socialem
2489 624 2875 696 frequentiam
2898 623 3238 696 angelorum
3262 623 3726 697 persistentium,
3741 641 3833 680 res

2189 711 2355 766 duxit
2385 710 2585 768 oculos
2616 713 2686 767 ad
2719 712 2868 781 ima;
2900 712 3046 767 vidit
3076 729 3190 784 quo
3214 713 3454 783 jaceret,
3489 712 3590 784 qui
3624 713 3698 768 ad
3729 711 3836 768 hoc

2188 799 2461 855 conditus
2493 800 2700 868 fuerat,
2733 804 2798 856 ut
2827 803 2886 855 in
2921 800 3256 857 cmlestibus
3286 805 3442 857 stare
3463 801 3770 873 potuisset.
3806 822 3832 850 »

2190 887 2332 943 Item
2363 887 2424 943 in
2454 887 2602 944 libro
2631 887 2912 960 vigesimo
2947 889 3208 962 (cap.16):
3231 912 3260 941 «
3294 891 3625 945 Humanum
3656 889 3836 962 igitur

2187 991 2376 1049 genus
2405 981 2560 1033 recto
2587 977 2680 1032 Dei
2706 977 2928 1046 judicio
2959 977 3019 1032 in
3047 977 3446 1050 voluptatibus
3479 978 3602 1036 suis
3625 978 3738 1033 sibi
3757 977 3837 1034 di-

2188 1063 2458 1132 missum,
2492 1069 2668 1136 atque
2698 1081 2802 1138 per
2829 1066 3064 1121 easdem
3108 1064 3436 1137 voluptates
3491 1065 3834 1140 spontaneis

2186 1152 2666 1208 tribulationibus
2695 1153 3302 1219 traditum,absinthio
3330 1159 3419 1210 est
3447 1154 3744 1211 ebrium.»
3768 1155 3836 1210 Et

2187 1239 2246 1295 in
2279 1240 2522 1296 homilia
2550 1241 2778 1297 decima
2809 1241 3096 1313 septima:
3131 1264 3158 1292 ‹‹
3191 1241 3334 1310 Quid
3371 1247 3567 1298 autem
3599 1243 3832 1298 animas

2186 1327 2492 1384 hominum
2526 1328 2640 1384 nisi
2661 1329 2858 1385 cibum
2891 1329 3122 1385 Domini
3153 1329 3420 1396 dixerim,
3451 1348 3578 1404 qua:
3606 1331 3681 1387 ad
3721 1331 3834 1388 hoc

2185 1420 2324 1472 sunt
2353 1417 2619 1485 conditae,
2637 1421 2704 1472 ut
2732 1417 2791 1472 in
2823 1419 2952 1488 ejus
2981 1435 3221 1490 corpore
3243 1418 3634 1490 trajiciantur,
3665 1419 3724 1475 id
3745 1423 3836 1476 est

2184 1510 2252 1561 ut
2294 1505 2354 1560 in
2398 1509 2622 1562 aeterna;
2667 1505 2935 1562 Ecclesia
2987 1511 3370 1580 augmentum
3399 1509 3665 1564 tendant.
3700 1529 3730 1558 »
3764 1509 3835 1564 Et

2183 1593 2390 1650 beatus
2409 1594 2754 1650 Ambrosius
2789 1595 2848 1650 in
2871 1593 3098 1668 psalmo
3117 1613 3289 1652 cxvm
3307 1612 3320 1652 :
3341 1619 3368 1647 «
3403 1595 3566 1652 Unde
3591 1599 3836 1669 Aposto-

2182 1680 2364 1750 lus,in
2397 1699 2496 1738 eos
2525 1681 2763 1754 quidem
2792 1682 2892 1754 qui
2912 1683 3280 1740 ceeciderunt
3304 1684 3760 1752 severitatem,in
3778 1690 3834 1740 te

2181 1775 2377 1828 autem
2410 1771 2750 1827 bonitatem.
2783 1771 2843 1827 Si
2873 1771 3028 1826 enim
3063 1789 3176 1828 non
3224 1772 3593 1844 cecidissent,
3623 1773 3834 1846 utique

2182 1864 2484 1916 uterentur
2511 1865 2568 1916 et
2598 1860 2706 1932 ipsi
2741 1861 2842 1916 Dei
2873 1861 3188 1917 bonitate.»
3212 1862 3281 1916 Et
3297 1866 3536 1918 sanctus
3554 1863 3836 1935 Augusti-

2181 1966 2294 2004 nus
2323 1949 2382 2004 in
2412 1948 2560 2005 libro
2591 1949 2815 2005 decimo
2846 1950 3016 2004 tertio
3068 1950 3206 2022 (cap.
3243 1951 3330 2019 12)
3369 1951 3440 2006 de
3490 1951 3783 2007 Trinitate
3813 1967 3828 2007 :

2181 2061 2208 2088 «
2243 2038 2503 2104 Quadam
2527 2037 2764 2109 justitia
2791 2037 3196 2110 Dei,inquit,in
3229 2043 3574 2110 potestatem
3605 2039 3830 2096 diaboli

2180 2127 2458 2182 traditum
2475 2132 2562 2182 est
2572 2143 2757 2197 genus
2770 2126 3093 2182 humanum
3108 2132 3343 2199 peccato
3356 2127 3527 2199 primi
3544 2127 3828 2196 hominis,

2178 2215 2236 2270 in
2270 2231 2474 2272 omnes
2506 2215 2815 2288 utriusque
2845 2232 3017 2271 sexus
3064 2215 3470 2271 commistione
3517 2222 3833 2272 nascentes

2179 2304 2911 2377 originalitertranseunte,
2930 2309 2986 2360 et
2998 2309 3304 2376 parentum
3319 2305 3642 2377 primorum
3659 2306 3830 2361 debi-

2181 2397 2238 2448 to
2253 2393 2554 2447 universos
2570 2397 2835 2464 posteros
2847 2392 3301 2465 obligante.Ha3c
3323 2393 3554 2448 traditio
3568 2394 3734 2465 prius
3765 2394 3832 2450 in

2177 2481 2385 2537 Genesi
2419 2479 2748 2554 significata
2777 2481 2994 2537 estzubi
3013 2497 3146 2536 cum
3168 2481 3390 2554 serpnti
3415 2481 3638 2538 dictum
3669 2487 3834 2540 esset

2175 2579 2378 2626 terram
2402 2569 2782 2629 manducabic.
2809 2569 3034 2625 homini
3056 2571 3278 2626 dictum
3299 2579 3445 2627 terra
3463 2587 3542 2636 es,
3562 2573 3694 2626 etin
3723 2579 3832 2628 ter-

2173 2676 2296 2714 ram
2315 2659 2424 2714 ibis
2455 2658 2606 2730 (Gen.
2631 2676 2712 2722 ιιι,
2736 2659 2950 2726 14,19).
2992 2658 3056 2712 ln
3087 2675 3152 2714 eo
3181 2659 3333 2730 quod
3367 2659 3590 2714 dictum
3619 2665 3728 2727 est,
3765 2662 3834 2716 in

2173 2755 2377 2804 terram
2405 2748 2700 2811 ibiannors
2730 2747 2988 2820 corporis
3019 2747 3410 2819 praenuntiata
3439 2747 3692 2820 est,quia
3715 2766 3832 2806 nec

2173 2836 2364 2909 ipsam
2382 2835 2998 2909 fueratexperturus,si
3015 2835 3436 2908 permansisset
3457 2840 3520 2892 ut
3533 2837 3721 2893 fuerat
3740 2855 3832 2895 re-

2173 2930 2324 2982 ctus.
2345 2947 2372 2975 »
2387 2925 2457 2980 Et
2467 2923 2640 2997 paulo
2656 2923 2901 2980 inferius
2917 2942 2930 2980 :
2947 2947 2975 2974 «
2989 2925 3221 2981 Eramu:
3231 2933 3432 2981 natura
3444 2927 3555 2996 ﬁlii
3565 2927 3834 2984 iraesicut

2171 3021 2223 3070 et
2249 3015 2428 3070 caeteri
2458 3014 2751 3086 (Ephesm,
2774 3013 2850 3085 3).
2879 3012 3158 3080 Quocirca
3184 3029 3389 3070 omnes
3419 3015 3521 3070 69
3551 3013 3832 3074 homines

2171 3103 2244 3158 ab
2289 3102 2510 3176 origine
2553 3103 2665 3159 sub
2696 3102 2960 3175 principe
3009 3108 3149 3158 sunt
3179 3103 3482 3174 potestatis
3513 3103 3684 3172 aeris,
3717 3106 3830 3177 qui

2172 3197 2446 3264 operatur
2476 3191 2534 3246 in
2572 3191 2708 3247 filiis
2725 3190 3162 3246 difﬁdentizeEt
3177 3191 3330 3264 quod
3353 3191 3468 3248 dixi
3488 3193 3562 3247 ab
3574 3192 3826 3264 origine,

425 3281 626 3335 teread
642 3280 1026 3335 mternitatem
1042 3279 1384 3348 voluit,eam
1402 3262 1792 3354 proculdubio
1807 3286 1876 3340 ad
1893 3303 2060 3342 suam
2090 3262 2135 3332 (ἶ
2174 3262 2282 3336 hoc
2313 3285 2420 3347 est,
2455 3280 2608 3352 quod
2649 3279 2790 3334 diCit
2822 3279 3134 3351 Αροεὶοιυε
3164 3262 3392 3348 natura,
3425 3287 3483 3335 et
3529 3297 3590 3336 se
3639 3262 3832 3339 fuisse

424 3367 869 3422 similitudinem
903 3369 1172 3424 creavit.»
1196 3369 1258 3424 In
1282 3385 1398 3440 qua
1417 3371 1737 3426 aeternitate
1756 3372 1928 3428 homo
1942 3392 2064 3447 per-

425 3456 761 3526 mansisset,
785 3455 832 3511 si
855 3455 910 3510 in
937 3457 1242 3512 sanctitate
1256 3457 1500 3528 justitim
1522 3460 1890 3531 perstitisset,
1912 3464 2064 3520 sicut

424 3549 663 3602 sanctus
683 3545 1045 3618 Augustinus
1077 3546 1132 3600 in
1157 3547 1392 3618 praefato
1414 3546 1562 3603 libro
1593 3550 1664 3605 de
1693 3552 2063 3624 Correptioue

423 3639 482 3690 et
503 3634 700 3690 Gratia
721 3634 859 3706 (cap.
895 3637 983 3703 10)
1017 3651 1030 3688 :
1073 3658 1098 3684 «
1137 3635 1194 3690 In
1219 3653 1336 3708 quo
1357 3640 1534 3706 statu,
1569 3638 1779 3711 inquit,
1813 3646 1966 3697 recto
1996 3660 2062 3699 ac

425 3723 550 3779 sine
569 3723 728 3789 vitio,
751 3723 798 3778 si
828 3740 931 3795 per
951 3723 1144 3795 ipsum
1169 3723 1414 3795 liberum
1439 3725 1740 3782 arbitrium
1763 3729 1934 3784 homo
1949 3749 2064 3786 ma-

425 3827 561 3892 nere
591 3809 1151 3882 voluisset,profecto
1183 3813 1309 3869 sine
1330 3812 1448 3868 ullo
1467 3815 1671 3870 mortis
1688 3822 1745 3872 et
1765 3817 2066 3875 infelicita-

425 3901 501 3956 tis
529 3901 944 3974 experimento,
977 3902 1264 3974 acciperet
1295 3901 1452 3958 illam
1485 3904 1691 3962 merito
1721 3905 2064 3978 hujusmodi

423 3989 852 4062 permansionis
869 3990 1245 4046 beatitudinis
1258 3991 2067 4067 plenitudinem,quaetsanca

422 4077 467 4132 ti
489 4077 679 4150 angeli
709 4082 848 4133 sunt
878 4078 1051 4138 beati.
1081 4079 1138 4134 id
1173 4083 1262 4134 est
1293 4084 1358 4135 ut
1384 4081 1588 4138 cadere
1612 4101 1726 4140 non
1758 4092 1954 4157 posset
1973 4087 2063 4143 ul-

423 4165 627 4233 terius,
649 4169 708 4221 et
739 4165 847 4222 hoc
878 4167 1203 4224 certissime
1233 4168 1596 4244 sciret.(Nam
1627 4176 1918 4246 quomodo
1940 4177 2065 4250 ipse

425 4259 623 4328 posset
649 4253 826 4310 etiam
857 4253 916 4309 in
949 4256 1219 4328 paradiso
1249 4259 1455 4317 beatus
1485 4278 1634 4331 esse,
1661 4264 1802 4332 (imo
1832 4265 1913 4320 ibi
1946 4284 2063 4324 non

423 4347 598 4412 esset,
622 4342 721 4400 ubi
743 4360 871 4400 esse
892 4345 1172 4402 miserum
1199 4365 1313 4404 non
1335 4349 1601 4424 deceret),
1627 4351 1676 4408 si
1706 4370 1840 4409 eum
1863 4353 1953 4410 sui
1976 4373 2064 4412 ca-

426 4449 528 4489 sus
551 4432 915 4504 prtescientia
942 4439 1000 4490 et
1025 4435 1203 4492 timor
1231 4438 1377 4494 tanti
1409 4439 1549 4495 mali
1595 4441 1873 4498 miserum
1920 4444 2066 4502 face-

424 4516 549 4576 ret?
569 4541 598 4572 ι)
622 4521 692 4576 Et
712 4522 851 4577 item
873 4523 1080 4580 beatus
1103 4525 1415 4598 Gregorius
1435 4526 1494 4583 in
1517 4529 1666 4586 libro
1695 4535 1895 4588 octavo
1938 4533 2064 4590 Mo—

2173 3369 2326 3425 sicut
2354 3373 2411 3424 et
2457 3373 2722 3436 caeteros,
2759 3373 2969 3423 natura
2998 3367 3223 3422 scilicet
3269 3372 3335 3422 ut
3378 3372 3468 3424 est
3505 3369 3830 3441 depravata

2173 3462 2431 3531 peccato,
2463 3474 2578 3512 non
2629 3460 2696 3512 ut
2744 3460 2904 3511 recta
2953 3459 3148 3510 creata
3194 3459 3285 3510 est
3331 3456 3404 3512 ab
3450 3455 3637 3513 initio.
3673 3480 3702 3507 ››
3752 3461 3831 3515 Et

2173 3547 2556 3620 Hieronymus
2585 3544 2644 3600 in
2675 3544 2902 3600 Michea
2931 3542 3214 3616 propheta
3241 3543 3300 3600 in
3333 3546 3588 3602 secundo
3619 3545 3772 3602 libro
3809 3564 3826 3604 :

2174 3659 2201 3687 ‹‹
2224 3641 2372 3692 Deus
2391 3633 2546 3690 enim
2568 3633 2784 3689 creavit
2804 3632 3100 3688 hominem
3119 3649 3190 3687 ne
3211 3631 3557 3702 interiret,et
3570 3640 3830 3693 mortem

2173 3743 2287 3780 non
2323 3725 2474 3780 fecit.
2497 3746 2525 3773 »
2556 3725 2625 3778 Et
2648 3723 2850 3777 beatus
2873 3721 3186 3794 Gregorius
3212 3721 3272 3776 in
3305 3720 3451 3778 libro
3473 3728 3684 3795 quarto
3705 3724 3834 3780 Mo-

2173 3814 2382 3870 ralium
2409 3813 2646 3885 (cap.28)
2679 3827 2692 3866 :
2729 3833 2758 3862 «
2784 3809 2930 3876 Quia
2957 3810 3114 3865 enim
3147 3810 3197 3866 si
3225 3815 3534 3883 parentum
3556 3810 3826 3884 primum

2173 3902 2335 3958 nulla
2363 3899 2583 3975 peccati
2621 3899 2866 3972 putredo
2897 3905 3312 3972 corrumperet,
3345 3917 3720 3973 nequaquam
3752 3918 3832 3960 ex

2173 4009 2235 4048 se
2265 3991 2417 4046 ﬁlios
2447 3989 2722 4062 gehennae
2755 3991 3078 4061 generaret,
3112 3987 3214 4044 sed
3245 3988 3344 4060 qui
3393 4005 3549 4044 nunc
3594 4005 3700 4062 per
3731 4007 3828 4048 re-

2173 4079 2568 4152 demptionem
2603 4076 2860 4132 salvandi
2893 4075 3166 4144 sunt,soli
3195 4077 3266 4132 ab
3299 4077 3400 4133 illo
3431 4076 3598 4134 electi
3615 4095 3828 4136 nasce-

2173 4174 2394 4226 rentur.
2430 4189 2458 4218 »
2490 4167 2559 4222 Et
2587 4169 2828 4222 sanctus
2857 4165 3204 4221 Ambrosius
3233 4182 3367 4222 cum
3406 4169 3703 4235 tractaret,
3735 4169 3830 4225 In—

2174 4258 2442 4314 tellectum
2468 4256 2540 4311 da
2563 4255 2704 4310 mihi
2733 4262 2785 4310 et
2811 4256 2993 4318 vivam
3023 4255 3152 4322 (Isa.
3169 4270 3360 4322 cxvm,
3387 4255 3529 4328 144),
3553 4255 3674 4314 ait:
3701 4279 3730 4306 ‹‹
3757 4258 3825 4314 Si

2175 4345 2416 4420 petisset
2431 4344 2614 4400 Adam
2644 4342 2796 4399 sicut
2813 4341 3016 4416 petivit
3043 4343 3667 4416 David,nnequaquam
3685 4344 3827 4402 illos

2174 4432 2602 4492 inextricabiles
2633 4431 2848 4488 erroris
2875 4431 3116 4504 laqueos
3136 4431 3682 4505 ineidisset,quibus
3700 4451 3832 4492 om-

2175 4525 2268 4582 nis
2304 4524 2433 4596 ejus
2467 4521 2775 4577 haareditas
2804 4519 3228 4593 strangulatur.
3261 4519 3508 4593 Ideoque
3547 4526 3830 4582 mortuus

425 4607 634 4698 ralium
646 4610 907 4683 Job(cap.
930 4614 986 4680 6)
1013 4630 1026 4669 :
1051 4635 1080 4664 »
1094 4614 1178 4669 Ad
1193 4613 1303 4670 hoc
1327 4633 1584 4690 namque
1601 4617 1777 4677 homo
1793 4623 2066 4682 conditus
2097 4633 2143 4698 ι)
2174 4618 2282 4684 est,
2304 4618 2362 4668 et
2389 4610 2546 4684 Ψ]οά
2575 4609 2809 4682 Grai/i113
2837 4612 2928 4698 θεῖν
2964 4613 3152 4698 ωρτιθ
3201 4609 3442 4680 Ρθθοαῐίο
3469 4609 3637 4698 Ποία
3685 4616 3830 4670 ante

423 4697 704 4767 fuerat,ut
732 4700 911 4755 stanti
941 4706 1134 4758 mente
1163 4703 1223 4758 in
1253 4721 1446 4761 arcem
1477 4723 1538 4762 se
1559 4711 2065 4782 contemplationis

422 4787 687 4860 erigeret,
719 4791 776 4843 et
825 4788 988 4846 nulla
1035 4790 1192 4847 hunc
1221 4794 1517 4866 corruptio
1549 4812 1583 4850 a
1611 4796 1940 4856 Conditoris
1971 4802 2064 4858 sui

422 4893 621 4933 amore
650 4875 986 4934 declinaret.
1012 4901 1042 4928 ι)
1077 4879 1220 4935 Item
1251 4881 1310 4936 in
1343 4884 1544 4938 eodem
1574 4884 1712 4958 (cap.
1748 4889 1840 4956 10)
1875 4907 1888 4944 :
1923 4913 1951 4940 ‹‹
1979 4893 2063 4946 Ad

423 4965 940 5038 contemplandum
972 4967 1188 5041 quippe
1215 4970 1542 5029 Creatorem
1573 4973 1746 5031 homo
1795 4980 2064 5037 conditus

423 5055 629 5123 fuerat,
665 5061 729 5112 ut
757 5057 886 5128 ejus
915 5073 1146 5129 semper
1174 5059 1424 5130 speciem
1468 5067 1766 5134 quaereret,
1799 5071 1974 5140 atque
2002 5069 2063 5124 in

423 5142 791 5230 solemnitate
811 5143 970 5202 illius
994 5147 1210 5203 amoris
1231 5147 1548 5219 habitaret;
1579 5153 1679 5207 sed
1701 5157 1861 5210 extra
1881 5174 1942 5212 se
1963 5175 2066 5230 per

421 5229 875 5290 iuobedientiam
905 5231 1147 5303 missus,
1172 5238 1386 5294 mentis
1416 5257 1534 5295 sua;
1565 5239 1757 5298 locum
1791 5229 2062 5316 perdidit,

423 5319 564 5392 quia
581 5323 906 5380 tenebrosis
923 5324 1232 5382 itineribus
1252 5343 1512 5399 sparsus,
1539 5329 1610 5384 ab
1633 5331 2058 5391 inhabitatione

421 5408 540 5465 veri
563 5408 803 5467 lnminis
815 5412 1163 5488 elongavit.»
1178 5415 1318 5471 Item
1337 5415 1395 5471 in
1414 5415 1562 5472 libro
1575 5418 1799 5476 decimo
1812 5422 2060 5495 septimo

423 5499 564 5572 (cap.
590 5498 675 5572 18)
700 5517 714 5556 :
740 5523 768 5550 «
800 5501 885 5556 Ad
913 5503 1091 5559 vitam
1124 5520 1376 5576 namque
1405 5504 1580 5561 homo
1610 5510 1882 5568 conditus
1909 5511 1968 5567 in
1990 5511 2066 5568 'li-

423 5588 645 5646 bertate
666 5589 910 5662 propria;
928 5591 1265 5661 voluntatis,
1297 5598 1503 5666 sponte
1519 5612 1627 5652 sua
1650 5598 1839 5656 factus
1855 5605 1945 5656 est
1963 5601 2064 5657 de-

422 5676 580 5743 bitor
605 5677 870 5740 mortis.»
901 5679 1045 5744 Item
1074 5681 1136 5743 in
1167 5683 1392 5744 decimo
1421 5700 1574 5745 nono
1595 5689 1852 5768 (cap.24):
1873 5713 1902 5747 «
1924 5691 2068 5751 Con-

2173 4698 2478 4773 usurpavit
2509 4698 2862 4770 scire,quam
2895 4695 3257 4754 intellectum
3283 4713 3399 4770 quo
3429 4697 3830 4758 viviﬁcaretur

2175 4790 2479 4862 acciperet.
2511 4809 2539 4837 »

2244 4878 2462 4937 Deinde
2494 4877 2624 4948 subj
2635 4875 2967 4943 unximus,«
2999 4876 3181 4932 Homo
3204 4875 3386 4932 libero
3407 4874 3649 4933 arbitrio
3667 4877 3826 4935 male

2175 4975 2346 5026 utens
2375 4965 2632 5039 peccavit
2661 4970 2717 5021 et
2747 4965 3042 5033 cecidit,et
3071 4965 3259 5021 factus
3287 4969 3376 5021 est
3405 4981 3604 5026 massa
3632 4965 3827 5038 perdi-

2174 5057 2350 5114 tionis
2405 5060 2586 5110 totius
2634 5053 2880 5108 humani
2937 5053 3188 5125 generis.
3241 5051 3403 5110 Unde
3453 5053 3819 5125 Apostolus:

2173 5153 2288 5204 Per
2318 5161 2514 5215 unum,
2545 5142 2762 5214 inquit,
2799 5143 3088 5198 hominem
3117 5143 3182 5198 in
3203 5141 3356 5198 hunc
3385 5143 3668 5201 mundum
3693 5159 3829 5214 pec-

2173 5243 2270 5294 cat
2278 5252 2373 5290 um
2387 5233 2722 5298 intravit,et
2746 5246 2853 5301 per
2874 5236 3178 5302 peccatum
3189 5241 3424 5302 mors,et
3448 5232 3534 5288 ita
3554 5232 3612 5288 in
3623 5249 3829 5290 omnes

2171 5325 2431 5382 homines
2474 5321 2858 5394 pertransiit,
2920 5320 2982 5375 in
3034 5335 3144 5391 quo
3191 5335 3388 5375 omnes
3425 5330 3829 5392 peccaverunt

2171 5421 2350 5486 (Rom.
2384 5429 2443 5479 v,
2478 5411 2587 5478 12).
2622 5430 2650 5458 ››
2700 5409 2770 5463 Et
2814 5407 2999 5462 item:
3053 5429 3075 5458 σι
3125 5409 3426 5466 Iudicium
3471 5426 3550 5465 ex
3593 5425 3710 5466 uno
3757 5411 3826 5468 in

2170 5499 2732 5567 condemnationem,
2784 5501 2842 5551 et
2896 5497 3042 5553 sicut
3085 5514 3194 5569 per
3223 5499 3400 5554 unius
3435 5496 3723 5555 delictum
3755 5501 3827 5558 in.

2169 5607 2368 5652 omnes
2405 5587 2660 5646 homines
2705 5586 2768 5642 in
2813 5585 3354 5644 condemnationem
3399 5587 3607 5656 (lbid.,
3637 5588 3750 5656 16).
3789 5609 3840 5658 ις,

2174 5684 2319 5747 Hinc
2375 5680 2614 5741 sanctus
2663 5674 3008 5738 Ambrosius
3063 5675 3124 5736 in
3180 5673 3538 5754 expositione
3595 5676 3820 5746 Lucae;
