4002 6464
153 433 251 520 ιάτ

851 464 954 525 nn
998 432 1756 529 FREDESTINATIONE
1801 425 2317 533 mssenrnlo
2361 473 2821 550 roernIon.

3415 429 3534 538 453’-

147 597 260 647 tum
289 593 453 648 extra
482 593 819 650 sanctorum
871 599 1083 652 emtum
1134 597 1287 654 foras
1325 597 1530 671 jactat.
1557 598 1781 655 Paravit
1811 607 1852 674 Α
1891 601 1989 656 sed
2021 619 2126 657 sua
2146 601 2453 676 iniquitate
2475 622 2736 673 consors,
2756 607 2874 663 imo
2895 608 3080 679 portio
3103 607 3317 665 diaboli
3345 608 3532 666 eﬂici-

145 679 360 746 coelum,
385 681 490 737 sed
511 682 741 755 paravit
759 689 816 740 et
838 685 1147 741 Tartarum
1174 704 1187 742 2
1217 687 1437 759 paravit
1461 687 1777 761 refrigeria,

144 769 234 825 sed
253 770 476 842 paravit
497 771 678 828 etiam
701 777 918 829 aeterna
938 774 1262 848 supplicia:
1287 775 1510 848 paravit
1531 777 1779 834 inacces-

142 857 354 915 sibilem
386 857 606 929 lucem,
636 861 739 917 sed
774 862 1000 935 paravit
1028 863 1205 920 etiam
1246 869 1539 938 perpetuae
1589 866 1778 922 noctis

139 951 345 1004 vastam
375 953 774 1022 aeternamque
794 950 1160 1024 caliginem,»
1182 959 1238 1008 et
1259 959 1499 1010 sanctus
1525 954 1777 1011 Hilarius

141 1036 192 1092 in
219 1037 578 1111 expositione
607 1054 781 1096 cxvm
813 1039 1028 1113 psalmi
1051 1040 1220 1114 (vers.
1245 1043 1563 1116 Coneupivit
1589 1046 1779 1100 animo

139 1129 264 1195 mea)
291 1143 306 1181 :
342 1149 370 1178 οι
391 1129 478 1182 An
509 1143 648 1184 cum
679 1145 748 1184 ex
779 1129 938 1186 omni
971 1131 1158 1186 otioso
1190 1131 1362 1187 verbo
1396 1132 1678 1188 rationem
1707 1132 1780 1188 si-

141 1231 260 1272 mus
287 1216 636 1288 praestituri,
667 1217 824 1274 diem
857 1218 1069 1290 judicii
1117 1220 1684 1293 concupisceremus,
1717 1220 1776 1277 in

140 1319 244 1377 quo
273 1304 444 1360 nobis
463 1311 555 1360 est
584 1304 683 1361 ille
702 1304 1034 1364 indefessus
1056 1306 1210 1380 ignis
1230 1307 1554 1376 obeundus,
1581 1308 1639 1364 in
1663 1327 1777 1381 quo

139 1394 433 1450 subeunda
461 1397 605 1450 sunt
631 1394 832 1468 gravia
857 1393 960 1451 illa
987 1395 1282 1468 expiandae
1311 1415 1345 1452 a
1366 1396 1617 1470 peccatis
1647 1397 1776 1453 ani-

143 1499 234 1538 me
253 1499 321 1539 su
327 1480 588 1556 pplieia?
613 1506 640 1532 ι)
663 1483 812 1550 Quia
833 1501 1004 1540 nemo
1024 1485 1126 1540 Dei
1159 1485 1665 1558 praedestinatione
1689 1503 1781 1559 pe-

139 1571 225 1642 rit,
253 1577 312 1628 et
340 1571 642 1629 neminem
665 1571 821 1629 Deus
861 1571 1078 1629 deserit
1106 1577 1420 1646 antequam
1450 1575 1774 1644 deseratur,

141 1661 191 1716 in
221 1659 365 1716 libro
398 1661 470 1716 de
506 1660 710 1734 Lapsis
743 1678 756 1718 :
791 1684 818 1711 «
845 1662 1028 1728 Quam
1061 1661 1200 1730 vim,
1223 1662 1436 1735 inquit,
1460 1667 1652 1735 potest
1681 1663 1780 1719 ob-

139 1750 360 1805 tendere
391 1766 514 1822 qua
539 1749 762 1805 crimen
795 1753 1170 1823 purget,cnm
1196 1749 1308 1806 vim
1331 1751 1519 1823 magis
1543 1752 1666 1824 ipse
1696 1751 1776 1807 fe-

136 1837 266 1895 cerit
295 1843 362 1895 ut
413 1837 668 1912 periret?
699 1863 728 1888 »
757 1839 829 1894 Et
860 1839 940 1894 ita
976 1839 1048 1894 de
1096 1838 1243 1895 libro
1295 1839 1776 1912 Paralipomenon

133 1927 396 2002 proponit
419 1927 607 2000 (Cypr.
633 1927 700 1984 de
727 1927 938 1986 exhort.
961 1927 1232 2000 Martyrii,
1254 1931 1410 2000 epist.
1437 1929 1508 1984 ad
1530 1931 1730 1985 Fortun
1759 1973 1772 1999 ,

132 2035 238 2090 cap.
283 2019 394 2086 8):
423 2017 694 2073 Dominus
741 2016 1016 2074 vobiscum
1071 2025 1150 2073 est
1205 2017 1450 2090 quamliu
1503 2026 1630 2075 estts
1681 2035 1774 2075 vos

129 2124 241 2162 rum
287 2109 408 2180 ipso
439 2125 458 2161 :
490 2108 546 2162 si
593 2113 774 2162 autem
829 2105 1270 2180 deretinqueritis
1315 2123 1458 2176 eum,
1508 2108 1778 2180 relinquet

134 2213 208 2250 ros
229 2196 298 2251 έιι
323 2196 462 2251 Par.
495 2211 590 2262 xv,
621 2195 700 2265 2).
721 2193 1149 2250 Praiscientiam
1199 2211 1430 2267 quoque
1476 2212 1588 2251 non
1631 2213 1772 2268 prm-

130 2282 576 2340 destinationem
607 2282 709 2338 Dei
740 2282 812 2337 ad
840 2299 1070 2354 pmnam
1102 2281 1338 2349 docens,
1370 2282 1440 2336 de
1469 2282 1616 2337 libro
1651 2283 1778 2337 Ma-

130 2375 497 2432 chabteorum
558 2373 642 2430 ita
699 2371 1031 2446 exemplum
1080 2373 1351 2446 proponit
1405 2373 1604 2430 dicens
1635 2374 1771 2448 (cap.

133 2466 208 2532 15)
242 2482 256 2520 :
290 2489 316 2516 α
347 2461 636 2532 Quintus,
669 2462 882 2536 inquit,
916 2467 1122 2536 printer
1169 2464 1324 2535 quod
1372 2463 1773 2519 carnificinam

129 2553 366 2626 regis,et
399 2553 587 2609 duros
604 2551 915 2624 variosque
944 2550 1238 2606 cruciatus
1270 2552 1400 2607 fidei
1429 2551 1622 2626 vigore
1652 2552 1772 2606 cal-

126 2641 301 2711 cabat,
336 2642 420 2698 ad
451 2640 881 2714 przescientiam
905 2657 1136 2714 quoque
1166 2645 1224 2696 et
1257 2641 1524 2696 notitiam
1549 2642 1772 2696 fotum-

122 2748 262 2800 rum,
291 2728 517 2804 spiritu
549 2727 875 2786 divinitatis
904 2729 1220 2798 animatus,
1256 2729 1620 2802 prophetavit
1652 2729 1771 2803 regi

123 2818 582 2893 indignationem
597 2817 698 2874 Dei
717 2821 776 2874 et
797 2817 1080 2874 ultionem
1111 2818 1386 2875 velociter
1405 2823 1768 2875 secuturam:

118 2909 451 2975 Potestatem,
487 2907 704 2980 inquit,
739 2909 883 2964 inter
921 2907 1165 2964 homines
1213 2907 1376 2963 habes
1405 2907 1474 2980 (ll
1507 2906 1635 2963 Mue.
1669 2925 1770 2974 vn,

119 2999 210 3066 te),
241 3005 298 3054 et
347 2995 588 3069 reliqua
641 3013 770 3069 qua:
829 2997 1220 3070 prosequitur.
1256 3019 1286 3046 »
1321 2996 1389 3052 Et
1446 3002 1578 3070 post
1623 3014 1770 3069 pau-

113 3085 285 3144 lutum
320 3105 334 3144 :
371 3111 403 3137 α
438 3086 558 3142 Nec
589 3085 738 3141 tanti
771 3083 964 3158 inquit
991 3102 1118 3141 esse
1150 3084 1596 3154 lucraribrevia
1641 3087 1769 3141 vitta

113 3182 426 3245 momenta,
461 3179 531 3231 ut
561 3175 782 3230 otl‘enso
813 3173 930 3230 Deo
960 3173 1255 3230 incurrere
1284 3178 1500 3230 aeterna
1549 3175 1770 3248 suppli-

111 3263 210 3321 cia.
243 3288 270 3315 ιι
295 3267 430 3333 Quo
461 3262 730 3336 exemplo
761 3261 1267 3336 ostenditur,quia
1288 3280 1403 3318 non
1421 3263 1596 3319 homo
1624 3280 1767 3336 prte-

1889 693 2002 757 tur,
2033 694 2290 747 tractans
2335 711 2570 750 versum
2625 695 2757 751 Feci
2800 696 3088 762 iudicium
3135 703 3189 752 et
3221 697 3534 770 justitiam

1888 780 2438 851 (Psal.cxvm,121),
2459 783 2540 838 ait
2563 801 2575 838 :
2606 807 2625 832 α
2649 784 2760 854 Qui
2781 785 2978 840 colunt
2997 786 3214 842 divites
3234 784 3370 858 ﬁeri
3388 785 3536 843 inci-

1886 867 2032 923 dunt
2056 870 2118 924 in
2136 869 2520 927 tentatiom-m
2541 877 2596 928 et
2623 869 2894 946 laqueum
2915 873 3153 930 diaboli
3161 875 3212 944 (ι
3230 873 3532 944 '1'im.vn).»

1886 957 1956 1011 Et
1975 957 2113 1013 item
2140 975 2152 1014 :
2184 979 2205 1008 α
2221 959 2584 1033 Μοντιγίσαίι»
2607 978 2749 1035 ergo
2771 962 3032 1018 membra
3054 971 3252 1020 castra
3271 966 3535 1037 quaas'uut

1882 1061 2058 1114 super
2086 1051 2337 1114 terram,
2359 1049 2832 1120 fornicationem,
2857 1052 3318 1120 immunditiam,
3337 1039 3536 1107 libidi-

1884 1151 2039 1202 nem,
2060 1136 2585 1205 concupiscentiam
2608 1138 2862 1208 malam,
2884 1149 2940 1195 et
2961 1141 3280 1199 avaritiam
3296 1159 3421 1216 quae
3447 1150 3534 1202 est

1887 1221 2249 1280 idololatria
2273 1225 2418 1296 (Col.
2436 1229 2610 1296 m,5).
2637 1227 2699 1284 In
2732 1227 2824 1284 his
2847 1228 3004 1285 enim
3028 1229 3241 1287 diaboli
3265 1231 3534 1306 voluntag

1886 1315 2004 1366 tem
2048 1311 2315 1397 facimus,
2345 1318 2402 1370 et
2449 1316 2826 1388 exsequimur
2873 1322 3246 1390 potestatem,
3279 1319 3381 1394 qui
3431 1339 3534 1396 per

1829 1469 1836 1474 Ι
1885 1400 2078 1457 carnis
2104 1400 2278 1458 istius
2300 1403 2589 1460 desideria
2610 1403 2966 1462 incentivum
2983 1423 3102 1462 sua:
3143 1407 3368 1466 fraudis
3396 1426 3532 1484 ope-

1886 1491 2494 1565 ratur.Quemcunque
2515 1509 2650 1566 ergo
2676 1493 2734 1548 in
2757 1493 3029 1550 vitiorum
3048 1511 3292 1552 suorum
3307 1514 3534 1572 posses-

1886 1575 2050 1633 sione
2080 1579 2376 1650 repererit,
2395 1583 2678 1652 tanquam
2699 1580 3012 1638 obnoxium
3053 1600 3160 1639 suo
3190 1583 3314 1655 juri
3343 1585 3530 1642 vindi-

1886 1670 1996 1721 cat.
2011 1666 2378 1723 Adulterium
2405 1668 2537 1739 quis
2570 1667 3034 1738 t‘acit,luxuriam
3071 1676 3318 1740 exercet,
3340 1661 3534 1734 aliena

1885 1753 2105 1826 diripit,
2125 1755 2309 1828 portio
2353 1756 2567 1812 diaboli
2600 1761 2687 1812 est
2711 1774 2724 1812 :
2751 1759 2998 1830 pudicus
3037 1765 3232 1816 autem
3255 1767 3312 1818 et
3343 1761 3529 1818 conti-

1819 1893 1832 1900 -
1886 1861 2050 1912 nens,
2073 1849 2130 1900 et
2161 1845 2512 1914 misericors,
2540 1845 2756 1902 Christi
2787 1848 2971 1918 portio
3004 1853 3112 1904 est.
3146 1849 3362 1906 Christi
3393 1866 3530 1924 ergo

1807 1975 1852 2042 B

1885 1949 2116 1988 servum
2146 1931 2254 1989 sibi
2281 1951 2395 1990 non
2430 1939 2621 2007 potest
2642 1934 2955 2005 vindicare,
2981 1937 3094 1994 nisi
3117 1938 3264 1996 forte
3295 1937 3535 2011 la'psum'

1882 2021 1940 2077 in
1971 2021 2112 2077 vitia
2141 2022 2603 2094 deprehenderit.
2625 2024 2705 2080 Ne
2722 2029 2850 2080 tum
2873 2025 3108 2096 quidem
3130 2026 3406 2096 vindicat,
3426 2029 3528 2085 sed

1882 2114 2160 2183 tanquam
2185 2128 2356 2166 suum
2380 2111 2492 2167 sibi
2527 2112 2672 2167 tradi
2696 2112 2973 2184 postulat.
2999 2137 3027 2164 »
3053 2115 3122 2170 Et
3152 2114 3324 2187 paulo
3355 2121 3526 2190 post:

1883 2223 1909 2249 ‹‹
1935 2199 2104 2254 Ponit
2121 2199 2393 2256 thronum
2412 2217 2587 2256 suum
2601 2199 2869 2258 diabolus
2887 2219 3064 2276 super
3078 2201 3530 2276 sidera,quando

1880 2287 2132 2344 electum
2153 2289 2399 2361 decepit,
2425 2291 2655 2362 quando
2669 2291 2902 2362 justum
2938 2290 3336 2362 circumvenit,
3358 2295 3530 2366 cujus

1882 2394 2056 2449 opera
2077 2377 2272 2432 lucent
2287 2378 2442 2434 sicut
2461 2379 2642 2434 stella:
2665 2379 2723 2434 in
2745 2379 3118 2438 cmlo.Nonne
3137 2381 3387 2438 etJudas
3403 2400 3520 2456 pro-

1883 2465 2036 2521 ditor
2057 2465 2207 2521 inter
2246 2471 2482 2522 caeteros
2514 2467 2810 2534 audiebat,
2833 2473 2948 2524 Vos
2977 2470 3115 2526 estis
3156 2470 3258 2526 tua:
3284 2471 3539 2546 mundi!_

1881 2555 2115 2622 (Matth.
2135 2555 2292 2627 ν,14)
2318 2573 2508 2610 nonne
2529 2555 2798 2612 diabolus
2821 2555 3020 2613 lumen
3053 2559 3182 2630 ejus
3217 2558 3530 2616 exstinxit?

1880 2643 2030 2708 Quin
2061 2641 2424 2716 etiam,quos
2446 2661 2560 2699 non
2584 2644 2838 2717 potuerit
2859 2645 3528 2714 circumvenire,calum-

1881 2732 2080 2788 niatur
2101 2732 2366 2788 invidens
2392 2732 2554 2805 regni
2571 2732 2822 2790 cmlestis
2841 2732 3087 2807 gloriam
3111 2751 3124 2790 :
3153 2739 3215 2791 ut
3235 2751 3384 2809 quos
3403 2735 3529 2793 ille-

1880 2818 2070 2875 cebris
2090 2819 2214 2875 suis
2237 2837 2270 2875 a
2290 2819 2522 2876 Christo
2545 2837 2661 2875 non
2683 2823 2874 2893 potuit
2893 2839 3290 2896 separare,eos
3311 2821 3530 2881 calum-

1880 2907 1994 2963 niis
2025 2907 2149 2964 suis
2175 2907 2352 2963 debiti
2385 2907 2622 2964 honoris
2652 2911 2846 2965 fructu
2876 2910 3149 2967 fraudare
3198 2909 3462 2968 conetur.
3495 2935 3526 2963 »

1949 2997 2020 3052 Et
2049 3001 2288 3052 sanctus
2314 2996 2570 3053 Joannes
2600 2997 3280 3072 Constantinopolitanus
3309 2999 3540 3074 episcoﬁ

1878 3104 2010 3159 pus,
2034 3087 2203 3158 cujus
2233 3085 2514 3158 exemplis
2544 3087 2712 3142 sedes
2743 3086 3060 3160 apostolica
3089 3104 3225 3144 cum
3271 3087 3524 3146 aliorum

1877 3175 2083 3231 mundi
2102 3173 2417 3242 luminum,
2431 3179 2488 3230 et
2508 3173 2714 3231 beatus
2733 3176 3098 3249 Augustinus
3119 3181 3322 3233 contra
3340 3173 3524 3233 Julia-

1879 3282 2020 3321 num
2053 3279 2471 3337 saepenumero,
2504 3267 2560 3320 et
2590 3264 2649 3320 in
2681 3263 2812 3321 aliis
2841 3263 3142 3338 opusculis
3185 3265 3330 3334 suis,
3362 3264 3524 3324 velut

114 3355 444 3412 destinatur
471 3352 646 3410 aDeo
667 3352 741 3408 ad
765 3369 1018 3426 ptenam,
1043 3353 1143 3408 sed
1178 3351 1301 3425 ipse
1341 3369 1442 3425 per
1472 3352 1765 3425 propriam
1807 3341 1849 3409 C
1880 3352 2088 3409 malleo
2135 3352 2454 3408 fortissimo
2503 3353 2574 3408 ad
2618 3353 3066 3425 conquassanda
3113 3353 3306 3428 capita
3351 3344 3548 3437 δαίετο-ί

113 3443 484 3517 iniquitatem
509 3459 742 3516 pmnam
773 3441 1115 3497 incurrit.Et
1135 3441 1273 3497 alibi
1297 3441 1384 3511 (de
1399 3443 1550 3498 Bono
1566 3444 1777 3514 patien-

115 3534 216 3604 αι’)
241 3549 555 3606 exponens
573 3529 940 3606 Apostolum,
955 3530 1293 3586 thesaurizas
1321 3531 1422 3586 tibi
1443 3531 1770 3603 iram(ltom.

116 3629 206 3692 xx),
237 3627 295 3679 et
326 3620 828 3694 reliqua,justum
851 3619 1143 3692 judicium
1167 3619 1267 3675 Dei
1297 3637 1425 3676 esse
1457 3619 1775 3694 dixit,quia

117 3728 304 3768 serum
329 3709 602 3783 est,quia
621 3709 724 3766 diu
748 3708 1117 3782 multumque
1147 3709 1429 3776 ditl‘ertur,
1455 3713 1520 3764 ut
1549 3708 1773 3765 homini

118 3800 178 3854 ad
207 3801 396 3857 vitam
421 3799 604 3872 longa
617 3797 714 3856 Dei
734 3797 1015 3872 patientia
1035 3797 1394 3854 consulatur.
1420 3799 1487 3854 Et
1515 3802 1612 3856 74
1637 3803 1772 3855 tunc

115 3893 572 3961 repraesentetur
601 3905 775 3961 pasna
805 3886 986 3960 impio
1007 3891 1064 3942 et
1082 3887 1631 3960 peccatori,quando
1644 3889 1771 3960 jam

114 3994 217 4033 non
250 3982 458 4052 potest
487 3974 840 4050 poenitentia
868 3977 1144 4050 prodesse
1167 3977 1450 4048 peccanti.

175 4068 243 4124 Et
270 4071 530 4125 sanctus
555 4065 1072 4132 Ambrosius,cum
1104 4071 1414 4138 exponeret
1437 4067 1507 4122 de
1543 4065 1773 4122 Psalmo

115 4171 300 4228 cxvm,
331 4159 468 4213 Fiat
493 4153 879 4212 misericordia
901 4163 994 4212 tua
1040 4163 1102 4212 ut
1147 4155 1450 4211 consoletur
1476 4173 1582 4223 me,
1615 4172 1773 4211 com-

115 4248 400 4304 mendans
427 4245 688 4319 gratiam
739 4244 862 4313 Dei,
885 4267 913 4294 ‹‹
946 4243 1129 4318 Moysi
1176 4244 1355 4313 enim,
1391 4244 1601 4317 inquit,
1634 4243 1777 4300 dicit

118 4335 279 4404 Deus,
333 4335 645 4392 [uerebor
677 4335 835 4407 cujus
890 4335 1146 4391 misertus
1200 4350 1313 4400 ero,
1363 4341 1414 4390 et
1464 4335 1775 4390 misericor-

113 4423 256 4482 diam
297 4423 589 4502 pra'stabo
633 4425 731 4480 cui
774 4423 1212 4481 miscricordiam
1251 4424 1552 4496 praestitero
1580 4422 1772 4492 (Exod.

115 4530 302 4584 tum,
337 4515 458 4582 19).
491 4515 671 4586 Igitur
710 4529 824 4571 non
867 4521 948 4570 est
995 4514 1224 4570 volentis
1266 4527 1438 4585 neque
1485 4514 1777 4580 currentis,

113 4603 197 4661 sed
223 4605 550 4663 ma'serentis
579 4603 680 4661 Dei
707 4604 881 4676 (Rom.
913 4620 990 4672 1x,
1022 4601 1130 4674 16).
1163 4602 1312 4673 Ergo
1343 4617 1457 4656 non
1497 4600 1779 4656 debemus

113 4693 248 4751 velle
277 4693 372 4752 vel
405 4692 685 4751 currere?
711 4692 888 4766 Atqui
942 4690 1302 4764 negligentes
1333 4690 1491 4780 Deus
1517 4690 1779 4745 deserere
1807 4704 1856 4780 D‘

114 4783 439 4841 consuevit.
465 4782 592 4839 Non
624 4797 764 4854 ergo
789 4780 899 4838 hoc
927 4780 1091 4849 dicit,
1113 4781 1214 4836 sed
1247 4778 1389 4852 quid
1437 4777 1593 4834 dicat
1636 4795 1779 4833 con-

116 4873 472 4930 sideremus.
501 4870 630 4927 Non
667 4868 915 4926 volentis
946 4885 1134 4942 neque
1181 4867 1472 4924 currentis
1524 4866 1781 4924 hominis

119 4959 555 5033 perseverantia
583 4963 694 5016 est.
742 4959 872 5014 Non
920 4964 1009 5014 est
1056 4958 1212 5014 enim
1265 4958 1322 5012 in
1375 4956 1633 5012 hominis
1679 4974 1780 5029 po-

119 5055 345 5119 testate,
413 5048 520 5106 sed
570 5045 906 5105 miserentis
955 5047 1056 5104 Dei
1107 5051 1218 5113 est,
1267 5052 1331 5102 ut
1381 5045 1572 5118 possis
1616 5063 1780 5100 com-

119 5138 268 5210 plere
300 5157 438 5212 qua:
471 5137 742 5211 caperis.
776 5136 1038 5210 Denique
1086 5136 1300 5192 iterum
1355 5136 1515 5205 dicit,
1551 5136 1690 5204 Quia
1720 5137 1779 5190 in

119 5229 208 5283 hoc
239 5229 434 5303 ipsum
481 5235 532 5284 te
578 5225 864 5293 suscitari,
895 5233 958 5282 ut
1000 5225 1277 5282 ostendam
1323 5227 1383 5281 in
1431 5233 1480 5280 te
1525 5227 1779 5280 virtutem

119 5333 290 5374 meum
309 5317 518 5386 (Exod.
544 5333 623 5384 Ix,
652 5317 764 5384 16).
797 5314 1102 5389 Colligitur
1130 5332 1287 5388 ergo,
1307 5315 1775 5371 adhortationem

1880 3442 2152 3510 ticorum,
2188 3446 2244 3497 et
2299 3441 2572 3498 verticem
2621 3441 2814 3515 capilli
2872 3441 3405 3515 perambulantium
3465 3442 3526 3520 in

1882 3530 2109 3588 delictis
2167 3531 2312 3599 suis,
2359 3530 2761 3587 auctoritative
2819 3536 3084 3588 utuntur.
3135 3531 3200 3589 In
3255 3531 3405 3590 libro
3455 3531 3526 3588 de

1883 3619 2268 3694 Reparatioue
2298 3617 2446 3692 lapsi
2477 3619 2561 3675 ita
2589 3618 2730 3676 dicit
2779 3620 2849 3676 ad
2881 3619 3075 3677 locum
3110 3637 3124 3678 :
3162 3643 3190 3674 «
3220 3620 3529 3695 Propterea

1881 3709 2060 3779 enim,
2095 3709 2385 3782 inquiens,
2419 3708 2634 3765 creavit
2662 3726 2768 3766 nos
2799 3709 2972 3778 Deus,
3000 3714 3058 3766 et
3092 3725 3220 3766 esse
3259 3709 3393 3767 fecit
3423 3710 3526 3783 qui

1882 3816 1997 3854 non
2053 3815 2308 3865 eramus,
2339 3802 2404 3853 ut
2462 3801 2676 3852 mterna
2725 3797 2784 3852 in
2835 3815 2942 3854 nos
2973 3799 3234 3854 conferat
3264 3797 3436 3864 bona,
3470 3801 3528 3854 et

1883 3892 2115 3961 prestet
2145 3904 2323 3959 regna
2351 3885 2649 3942 cmlorum.
2682 3886 2806 3941 Non
2833 3885 2989 3940 enim
3029 3903 3135 3942 nos
3183 3887 3253 3942 ad
3291 3885 3385 3942 15
3418 3885 3526 3942 hoc

1884 3977 2018 4033 fecit
2049 3981 2114 4032 ut
2157 3975 2435 4048 gehennae
2468 3991 2574 4030 nos
2607 3974 2799 4030 tradat
2829 3973 3066 4048 ignique
3092 3979 3392 4048 perpetuo.
3425 3975 3528 4031 Re-

1881 4082 2064 4138 gnum
2095 4063 2372 4120 cmlorum
2402 4067 2638 4137 propter
2667 4079 2794 4132 nos,
2813 4062 3081 4136 gehenna
3125 4066 3364 4138 propter
3397 4062 3526 4122 dia-

1883 4153 2083 4212 bolum
2125 4153 2278 4209 facta
2306 4159 2414 4208 est.
2447 4153 2517 4208 Et
2545 4152 2655 4209 hoc
2687 4152 2768 4209 ita
2797 4168 2926 4209 esse
2955 4169 3025 4210 ex
3066 4152 3392 4226 Evangeliis
3425 4152 3528 4208 do-

1884 4260 2068 4301 ceam.
2102 4244 2123 4298 Ι
2130 4260 2232 4315 pse
2261 4241 2477 4298 etenim
2502 4240 2782 4298 Dominus
2813 4239 2954 4298 dicit
2981 4241 3074 4298 his
3107 4241 3207 4316 qui
3237 4258 3272 4298 a
3313 4239 3536 4316 dextris.

1884 4335 2044 4401 sunt,
2059 4332 2279 4396 Venite,
2295 4330 2584 4387 benedicti
2597 4330 2792 4386 Patris
2807 4331 2920 4385 mei
2943 4345 2956 4384 :
2977 4330 3263 4400 percipite
3279 4345 3534 4404 regnum,

1883 4421 2033 4495 quod
2094 4429 2372 4491 paratum
2423 4428 2504 4475 est
2562 4420 2720 4474 vobis
2761 4436 2800 4474 α
2857 4419 3268 4476 constitutione
3329 4419 3534 4476 mundi

1885 4510 2111 4583 (Matth.
2144 4525 2274 4576 xxv,
2301 4509 2415 4578 34).
2452 4507 2572 4565 Illis
2631 4512 2830 4564 autem
2877 4507 2978 4581 qui
3024 4524 3059 4566 a
3106 4505 3363 4566 sinistris
3393 4513 3536 4568 sunt

1887 4599 2047 4668 dicit,
2069 4599 2358 4656 Discedite
2383 4615 2422 4670 α
2442 4596 2898 4668 me,maledicti,
2922 4597 2984 4654 in
3005 4597 3200 4671 ignem
3221 4603 3532 4667 aeternum,

1885 4689 1984 4763 qui
2011 4693 2262 4760 paratus
2288 4693 2394 4757 est,
2428 4704 2542 4743 non
2575 4686 2722 4743 dixit
2754 4686 2936 4752 vobis,
2950 4687 3051 4742 sed
3080 4687 3317 4744 diabolo
3344 4692 3402 4744 et
3431 4702 3533 4744 aur-

1886 4774 2548 4852 gelisejus(ibid..41).Si
2562 4791 2698 4848 ergo
2710 4774 3254 4848 pr0pterdiabolum
3267 4774 3537 4849 gehenna

1889 4866 2062 4940 ignis,
2082 4870 2317 4938 pr0pter
2341 4864 2640 4920 hominem
2673 4881 2918 4938 regnum
2948 4863 3224 4920 cmlorum
3255 4882 3291 4921 a
3320 4861 3534 4920 consti-

1889 4956 2112 5013 tutione
2143 4954 2336 5010 smculi
2371 4957 2760 5027 praeparatum
2783 4957 2892 5020 est,
2907 4957 3137 5009 tantum
3163 4956 3252 5012 est
3291 4968 3363 5008 ne
3394 4967 3532 5008 nos-

1890 5045 2169 5117 metipsos
2191 5044 2264 5099 ab
2294 5044 2562 5115 ingressu
2586 5043 2873 5099 bonorum
2896 5039 3261 5116 persistendo
3283 5040 3342 5096 in
3363 5038 3538 5098 malis

1887 5133 2264 5207 pertinaciter
2288 5131 2690 5188 excludamus.
2706 5132 2898 5188 Donec
2919 5131 3074 5187 enim
3097 5146 3304 5186 sumus
3325 5129 3386 5184 in
3425 5127 3538 5214 hae

1885 5224 2004 5280 vita
2039 5227 2494 5296 quantacunque
2533 5220 2700 5276 nobis
2739 5219 3054 5276 acciderint
3082 5220 3336 5291 peccata,
3355 5216 3540 5292 possi-

1887 5312 2003 5366 bile
2035 5316 2124 5366 est
2153 5309 2373 5366 absolvi
2393 5310 2592 5365 omnia
2614 5327 2716 5383 per
2735 5306 3320 5382 pmnitentiam.Cum
3341 5311 3540 5366 autem

1903 5400 2138 5456 abducti
2171 5398 2458 5454 fuerimus
2479 5401 2549 5455 de
2579 5399 2688 5454 hoc
2716 5395 3040 5463 saeculo,ibi
3060 5396 3189 5468 jam
3219 5395 3396 5454 etiam
3429 5413 3543 5470 pm-

1905 5490 2112 5546 nitebit
2145 5506 2250 5545 nos
2283 5505 2295 5544 :
2331 5488 2495 5546 valde
2525 5489 2679 5544 enim
2725 5484 3044 5558 paenitebit,
3078 5486 3180 5543 sed
3231 5485 3394 5543 nulla
3431 5485 3546 5544 erit.

1906 5579 2130 5635 utilitas
2147 5577 2518 5652 pcnnitentim.
2534 5577 2605 5633 Et
2620 5574 2751 5630 licet
2773 5574 2850 5630 sit
2869 5573 3088 5632 stridor
3105 5575 3390 5646 dentium,
3408 5573 3545 5639 licet

1908 5669 2166 5726 ululatus
2183 5673 2240 5723 et
2259 5667 2485 5735 ﬂetus,»
2503 5671 2560 5721 et
2577 5663 2799 5738 reliqua
2813 5681 2940 5738 qua:
2961 5664 3354 5740 prosequitur.
3377 5663 3546 5732 Quod

1907 5775 2065 5818 cxcm
2073 5757 2238 5834 plum
2251 5753 2690 5817 catholicissimi
2702 5753 2992 5828 viri,sicut
3009 5754 3388 5832 etcujuslibet
3405 5751 3542 5814 alio-

3172 5882 3210 5947 5

119 5407 328 5463 divina:
363 5404 790 5462 misericordiae
844 5405 1262 5478 deputandum.
1301 5403 1462 5460 Unde
1509 5403 1795 5476 sequitur,

125 5494 270 5569 Ergo
295 5498 402 5551 cui
429 5495 548 5552 uult
574 5496 894 5560 miseretur,
923 5501 974 5550 et
1001 5509 1158 5565 quem
1195 5494 1313 5549 vult
1355 5493 1580 5548 indurat
1622 5494 1826 5566 (llam.-

121 5601 196 5652 ιι,
233 5587 329 5652 17,
369 5587 462 5654 18)
494 5601 508 5640 :
544 5583 706 5639 hunc
757 5581 1074 5638 miseratus
1122 5581 1410 5648 hortatur,
1461 5581 1624 5636 illum
1682 5598 1796 5638 non

131 5679 364 5730 revocat
397 5675 805 5730 exsecratus.»
831 5669 978 5728 Item
1008 5671 1148 5744 quia
1174 5688 1289 5726 non
1318 5669 1614 5727 hominem
1646 5671 1800 5728 Deus

127 5759 578 5838 praedestinavit
610 5761 686 5819 ad
718 5757 940 5834 ignem,
966 5764 1023 5818 et
1051 5757 1268 5818 diaboli
1299 5760 1423 5817 ﬁeri
1450 5765 1800 5832 consortem,

453 5890 724 5957 Paeon.
773 5885 996 5954 CXXV.
