4002 6454
451 401 565 466 139

1299 402 1752 466 HlNCMARUS
1800 397 2248 463 RHEMENSIS
2297 399 2989 464 ARCHIEPISCOPUS.

3733 400 3870 461 140

446 552 574 591 rum
599 532 745 606 q‘uos
760 535 1066 606 posuimus
1085 537 1744 606 acponemus,sul’licere
1767 537 1993 605 poterat
2021 533 2091 586 ad
2123 534 2178 599 Α
2211 531 2467 588 hominis
2497 533 2844 600 amittimus,
2879 533 2978 604 qui
3003 533 3253 605 gratiam
3285 532 3541 589 hominis
3570 549 3688 588 non
3711 535 3848 588 tene

445 627 668 678 rectam
696 623 1708 693 intelligentiametauctoritatem,si
1737 624 1792 677 in
1819 621 2106 677 contradi-

445 713 713 766 centibus
743 713 993 782 majores
1016 718 1208 783 partes
1245 713 1532 784 potuisset
1571 713 1785 768 habere
1809 712 1946 766 recti
1973 729 2105 765 con-

445 800 660 867 sensio,
683 818 860 872 quam
883 802 1385 872 pravacontentio.
1413 803 1594 867 Quem
1617 817 1898 873 magnum
1913 800 2102 854 virum

448 889 508 944 in
532 889 774 960 synodo,
799 894 859 943 et
881 888 1055 943 etiam
1078 888 1135 943 in
1153 890 1277 944 suis
1291 890 1544 961 scriptis,
1570 889 1986 945 Gothesealcus
2016 906 2102 942 re-

451 977 672 1050 probus
691 977 1081 1048 reprehendit.
1108 979 1216 1033 Sed
1236 979 1622 1051 Augustinus,
1648 979 1865 1050 probus
1880 979 1950 1031 ad
1967 994 2103 1031 suas

453 1065 884 1121 confirmandas
940 1066 1278 1134 sententias,
1305 1067 1626 1138 saepissime
1679 1065 2098 1139 apprehendit:

453 1157 696 1225 quemet
710 1171 814 1209 nos
828 1159 1138 1225 sequentes
1155 1153 1692 1226 amplectimur,qui
1708 1155 1897 1224 gratia
1911 1153 2006 1208 Dei
2024 1153 2104 1206 di-

451 1241 649 1296 vinam
663 1241 968 1297 scientiam
986 1247 1040 1296 et
1060 1244 1232 1298 ﬁdem
1248 1243 1594 1298 catholicam
1609 1241 2073 1314 comprehendit.

521 1331 595 1387 Et
626 1348 698 1386 ne
727 1330 969 1402 quilibet
1000 1331 1344 1402 pertinaces,
1367 1333 1510 1386 fides
1544 1333 1758 1386 ﬁdibus
1791 1331 2106 1386 contentio-

453 1436 596 1474 num
628 1423 927 1492 augentes,
959 1419 1176 1491 quibus
1216 1422 1284 1475 ad
1337 1421 1426 1476 sui
1486 1419 1798 1492 perniciem
1848 1419 2103 1490 amplius

452 1509 1234 1582 constringantur,jaetitent
1256 1511 1392 1582 quia
1417 1509 1672 1565 diximus
1693 1507 1953 1581 reprobis
1984 1526 2102 1580 pa:-

451 1614 588 1653 nam
613 1597 1106 1669 praedestinatum,
1125 1602 1181 1652 et
1207 1616 1274 1653 ex
1305 1599 1483 1669 hujus
1514 1598 1848 1653 testimonio
1870 1598 2104 1652 demon-

449 1691 731 1754 stramus,
751 1703 864 1740 non
897 1685 1260 1755 hominibus,
1281 1688 1380 1741 sed
1415 1687 1646 1742 diabolo
1672 1687 1862 1757 ignem
1890 1703 2105 1757 preepa-

449 1778 642 1828 ratum
657 1778 1118 1840 asternum,atten
1131 1774 1243 1828 tius
1257 1775 1499 1829 audiant
1517 1793 1641 1845 quae
1661 1775 1753 1828 hic
1767 1774 1850 1828 vir
1862 1779 2103 1828 sanctus

449 1861 824 1935 prosequitur
847 1879 860 1916 ε
889 1863 1181 1917 «Tantum
1205 1863 1693 1934 est,inquieus,ne
1712 1863 2103 1934 nosmetipsos

451 1956 523 2006 ab
546 1951 812 2023 ingressu
838 1951 1120 2005 bonorum
1147 1952 1493 2022 pel-sistendi
1518 1952 1576 2007 in
1602 1951 1772 2006 malis
1795 1951 2103 2024 pertinaci-

455 2042 544 2094 ter
571 2037 950 2094 excludamus
984 2056 997 2093 :
1033 2039 1364 2094 desinentes
1397 2041 1618 2096 scilicet
1639 2058 1766 2095 esse
1788 2041 1943 2111 quod
1973 2040 2106 2094 facti

457 2125 1046 2197 sumus,incipiamus
1067 2144 1193 2181 esse
1211 2126 1344 2181 vitio
1367 2133 1564 2183 nostro
1586 2129 1738 2200 quod
1767 2127 1888 2182 ﬁeri
1911 2127 2106 2198 prohi-

459 2214 924 2281 bemus,dicente
955 2214 1147 2270 divino
1181 2233 1467 2282 sermone,
1494 2217 1658 2271 Homo
1683 2233 1805 2271 cum
1829 2218 1888 2270 in
1909 2216 2109 2270 honore

456 2310 594 2358 esset
617 2320 728 2358 non
755 2304 1029 2358 intellexit
1057 2322 1075 2357 :
1107 2313 1447 2374 comparatus
1476 2312 1552 2360 est
1559 2307 1826 2376 jumenlis
1848 2305 2108 2375 insipien-

457 2392 628 2461 tibus,
648 2399 698 2447 et
717 2394 918 2448 similis
946 2395 1122 2464 factus
1144 2401 1220 2448 est
1244 2395 1357 2448 illis
1379 2395 1549 2462 (Psal.
1566 2412 1755 2459 XLVIII,
1777 2395 1920 2460 13).»
1945 2392 2107 2448 Unde

460 2485 701 2536 sanctus
721 2481 1065 2536 Ambrosius
1108 2500 1240 2536 cum
1291 2487 1563 2537 tractaret
1611 2499 1844 2537 versum
1891 2480 2106 2535 Psalmi

457 2584 648 2637 CXVIII,
681 2569 870 2624 Manus
919 2577 1023 2625 tuus
1049 2572 1292 2641 fecerunt
1319 2588 1422 2635 me,
1455 2579 1508 2627 et
1551 2572 1960 2642 plusmaveruut
1997 2586 2105 2636 me,

455 2657 537 2712 ita
567 2657 711 2712 dicit
742 2675 755 2712 :
795 2682 815 2708 α
853 2658 1152 2730 Scriptura
1182 2660 1361 2726 enim,
1397 2659 1694 2730 inquiens,
1735 2675 1870 2713 eum
1912 2657 2106 2713 homi-

453 2762 589 2801 nem
620 2746 784 2814 dicit,
819 2747 918 2818 qui
950 2749 1133 2802 estad
1183 2748 1495 2820 imaginem
1551 2752 1606 2802 et
1656 2747 2104 2802 similitudinem

455 2834 559 2891 Dei
591 2851 606 2891 :
640 2841 975 2907 peccantem
1009 2841 1224 2904 autem,
1261 2855 1374 2890 non
1407 2837 1728 2902 hominem,
1755 2841 1856 2891 aut
1878 2852 2109 2906 serpen-

457 2927 709 2991 tem,aut
733 2941 950 2996 equum
974 2925 1416 2981 adhinnientem
1442 2925 1698 2995 feminis,
1718 2930 1817 2979 aut
1839 2924 2109 2996 vulpecu-

453 3011 572 3068 lam
595 3014 1048 3084 autjumentum
1069 3031 1271 3069 vocare
1298 3015 1616 3069 consuevit.
1632 3014 1808 3068 Nolite
1825 3013 1947 3084 ﬁeri
1965 3014 2109 3068 sicut

455 3117 626 3174 equus
655 3111 706 3158 et
733 3105 918 3158 mulus
958 3105 1158 3175 quibus
1186 3121 1297 3160 non
1325 3108 1407 3158 est
1439 3105 1758 3159 intellectus.
1790 3104 1854 3158 In
1882 3105 2038 3174 freno
2057 3109 2109 3157 et

455 3206 607 3246 came
633 3193 896 3246 maxillas
915 3209 1102 3246 eorum
1131 3195 1458 3264 constringe,
1492 3195 1588 3265 qui
1617 3192 1687 3246 ad
1709 3200 1884 3248 tcuon
1917 3207 2105 3262 appro-

2213 639 2366 676 mus.
2406 642 2433 674 α
2465 623 2532 676 Et
2561 627 2800 676 sanctus
2821 621 3186 693 Augustinus
3217 621 3275 676 in
3309 637 3578 677 sermone
3603 621 3675 676 de
3705 637 3868 694 sym-

2213 711 2344 766 bolo
2377 712 2448 766 ad
2483 710 2835 782 Neophytos,
2869 732 2896 759 ‹‹
2929 711 3278 766 Mementote
3309 709 3390 764 ita
3417 710 3650 765 credere
3682 709 3870 764 omni-
3912 769 3917 778 ι

2212 805 2507 871 potentem
2538 799 2742 865 Deum,
2781 804 2844 853 ut
2877 798 3036 854 nulla
3065 799 3304 854 omnino
3344 804 3558 854 natura
3587 797 3666 854 sit
3687 815 3871 870 quam

2211 886 2338 960 ipse
2357 904 2471 942 non
2496 886 2758 942 condidit
2783 904 2795 941 :
2821 892 2878 942 et
2900 887 3028 942 ideo
3051 893 3352 959 peccatum
3375 887 3545 958 punit
3565 887 3722 959 quod
3744 886 3873 959 ipse

2213 993 2329 1030 non
2363 976 2518 1045 fecit,
2541 976 2681 1048 quia
2709 993 2775 1031 eo
2807 976 3054 1030 t'cedatur
3084 980 3295 1030 natura
3326 991 3504 1047 quam
3536 975 3692 1032 fecit.
3735 997 3764 1024 »

2283 1063 2822 1120 Hincsolertissime
2836 1065 3314 1136 perpendendum
3341 1069 3632 1136 est,quam
3670 1080 3875 1119 conso-

2213 1170 2288 1208 na
2311 1153 2405 1208 isti
2430 1153 2615 1208 sancti
2639 1153 2925 1222 doctores,
2945 1169 3060 1208 uno
3085 1153 3284 1224 repleti
3307 1152 3668 1224 spiritu,sint
3688 1152 3876 1208 diver-

2212 1241 2292 1296 sis
2315 1241 2514 1297 oribus
2536 1241 2710 1297 variis
2746 1241 2923 1296 locuti
2960 1242 3254 1314 gentibus.
3275 1241 3432 1297 Unde
3463 1246 3521 1298 et
3549 1241 3875 1313 apostolica

2211 1329 2474 1384 doctrina
2495 1330 2564 1383 ad
2590 1329 2904 1401 imaginem
2930 1329 3133 1395 Dei,ad
3159 1347 3336 1402 quam
3359 1329 3534 1385 creati
3557 1346 3792 1394 sumus,
3817 1333 3874 1384 et

2157 1444 2170 1455 -
2212 1417 2536 1484 retormari,
2562 1423 2618 1472 et
2651 1418 2914 1472 renovari
2949 1417 3158 1490 spiritu
3213 1417 3427 1474 mentis
3459 1419 3868 1484 nostraadlom.

2209 1513 2386 1575 xn,2;
2415 1507 2614 1578 Ephes.
2644 1525 2716 1574 Iv,
2741 1508 2854 1579 23),
2887 1512 2944 1562 et
2977 1507 3368 1578 nosmetipsos
3419 1505 3739 1562 salubriter
3769 1507 3872 1562 ad-

2212 1601 2410 1652 monet
2439 1594 2782 1666 dijudicare,
2819 1600 2881 1650 ut
2912 1613 3024 1650 non
3071 1592 3428 1667 judicemur,
3463 1612 3536 1650 ne
3585 1611 3722 1650 cum
3757 1594 3866 1650 hoc

2211 1685 2432 1740 mundo
2449 1685 2719 1738 damnem
2731 1702 2796 1738 ur
2818 1701 2830 1738 :
2861 1685 2929 1739 Et
2951 1689 3190 1740 sanctus
3205 1684 3519 1756 Gregorius
3541 1685 3600 1738 in
3620 1682 3772 1739 libro
3784 1684 3878 1739 de-

2211 1773 2362 1828 cimo
2384 1778 2592 1844 quarto
2617 1772 2923 1828 Moralium
2945 1773 3054 1828 Job
3078 1777 3218 1844 (cap.
3243 1773 3354 1844 11),
3373 1772 3514 1844 quia
3537 1789 3652 1827 non
3677 1771 3875 1827 homi-

2213 1878 2316 1915 nes
2356 1878 2390 1916 a
2434 1861 2548 1916 Deo
2573 1861 2690 1915 sint
2714 1860 3108 1933 prmdestinati
3133 1862 3201 1915 ad
3237 1861 3608 1932 pmnam,sed
3639 1859 3875 1915 diabolo

2216 1965 2350 2004 cum
2371 1966 2608 2020 corpore
2639 1967 2746 2003 suo
2779 1965 2846 2002 ex
2876 1948 3254 2004 retributione
3275 1948 3517 2016 justitize
3540 1948 3616 2004 sit
3644 1964 3822 2020 paena
3844 1964 3878 2003 ο,

2217 2038 2332 2093 Deo
2383 2038 2813 2110 pl'zedestinata,
2849 2037 2929 2092 ita
2973 2036 3152 2092 dicit:
3183 2037 3301 2092 «Et
3341 2053 3556 2092 omnes
3599 2035 3878 2109 inquiens

2217 2127 2317 2198 qui
2344 2127 2415 2181 de
2439 2126 2588 2195 ejus,
2608 2125 2664 2180 id
2693 2131 2781 2180 est
2813 2125 3466 2198 Antichristi,perversa
3494 2125 3878 2198 persuasione

2217 2215 2272 2270 in
2301 2214 2493 2286 pravis
2515 2213 2845 2270 actionibus
2869 2215 2986 2270 nati
3011 2213 3566 2280 sunt,illustratione
3587 2215 3878 2270 adventus

2217 2303 2450 2360 Domini
2481 2308 2694 2358 aeterno
2729 2303 2967 2358 interitu
3001 2320 3135 2358 cum
3166 2303 3370 2359 eodem
3417 2321 3524 2359 suo
3568 2303 3761 2376 capite
3791 2304 3879 2359 fe-

2217 2393 2459 2448 rientur.
2500 2415 2519 2440 η
2571 2392 2712 2446 Item
2746 2409 2758 2446 :
2791 2415 2818 2442 ‹‹
2851 2392 2978 2447 llaec
3023 2397 3162 2448 sunt
3209 2391 3587 2448 tabernacula
3633 2392 3827 2465 iniqui
3861 2409 3875 2448 :

2214 2480 2482 2535 videlicet
2505 2480 2939 2552 indicans,quia
2967 2481 3018 2536 is
3049 2481 3148 2553 qui
3174 2499 3330 2536 nunc
3353 2481 3674 2554 ignorando
3695 2481 3877 2537 extol-

2213 2567 2374 2635 litur,
2389 2574 2530 2624 tunc
2552 2569 2622 2623 ad
2648 2569 2884 2640 prepria
2903 2569 3280 2624 tabernacula
3300 2569 3613 2641 perveniet,
3630 2569 3874 2642 quando

2214 2675 2349 2714 eum
2382 2677 2490 2714 sua
2519 2658 2802 2729 iniquitas
2833 2659 2904 2713 ad
2937 2657 3226 2730 supplicia
3254 2659 3607 2732 demerget.»
3632 2658 3778 2714 Item
3811 2657 3876 2714 in

2214 2747 2363 2802 libro
2385 2747 2611 2802 decimo
2634 2748 2838 2819 quinto
2861 2749 2999 2820 (cap.
3015 2749 3069 2817 5)
3095 2763 3108 2801 :
3135 2771 3155 2797 ι
3175 2747 3384 2803 Manus
3413 2747 3608 2820 itaque
3631 2745 3796 2803 illius
3822 2747 3877 2803 ei

2215 2835 2471 2892 dolorem
2507 2835 3390 2908 reddunt,quia'damnationem
3405 2837 3632 2907 justam
3663 2853 3734 2891 ex
3757 2835 3874 2891 ini-

2215 2942 2334 2997 qua
2364 2923 2604 2996 recipiet
2633 2924 2985 2996 operatione.
3013 2925 3165 2980 Bene
3216 2928 3412 2981 autem
3461 2942 3576 2980 non
3621 2926 3880 2994 dabunt,

2214 3013 2313 3068 red
2347 3013 2588 3068 reddent
2619 3013 2834 3068 dicitur
2864 3029 2877 3067 :
2911 3011 3050 3085 quia
3096 3030 3377 3086 perversa:
3429 3014 3558 3085 ejus
3607 3013 3877 3070 actiones

2213 3106 2492 3156 aeternum
2516 3100 2566 3156 ei
2585 3101 2938 3174 supplicium
2965 3101 3131 3174 quasi
3151 3102 3445 3174 quoddam
3473 3101 3736 3158 debitum
3765 3102 3881 3162 sol-

2210 3195 2402 3246 vent.»
2435 3191 2575 3246 Item
2609 3192 2746 3263 (cap.
2777 3193 2863 3260 17)
2900 3208 2912 3246 :
2949 3215 2975 3241 (ι
3012 3191 3296 3247 Dcvorabit
3321 3207 3448 3246 eum
3477 3193 3620 3262 ignis
3642 3194 3881 3265 quiuon

452 3280 727 3351 pinquant
773 3281 944 3347 (Psal.
990 3298 1141 3346 XXXI,
1173 3283 1228 3348 9,
1267 3284 1372 3348 10).
1421 3283 1489 3336 Et
1521 3298 1534 3336 :
1567 3282 1728 3336 dicite
1774 3281 1903 3336 huic
1949 3281 2102 3352 vulpi
2131 3267 2174 3334 C
2211 3279 2556 3336 succemlitur
2587 3280 2728 3349 (Job.
2761 3298 2852 3348 xx,
2885 3281 2999 3349 26).
3034 3280 3176 3336 Miro
3225 3280 3390 3336 valde
3438 3281 3610 3336 modo
3663 3283 3879 3353 paucis

455 3367 614 3436 (Luc.
663 3385 784 3434 xm,
817 3369 908 3437 32)
939 3369 1008 3424 de
1063 3371 1285 3424 Herode
1330 3370 1429 3424 ait.
1465 3371 1745 3426 Gener-alio
1792 3372 2108 3441 viperarum

458 3456 613 3525 (Luc.
642 3472 725 3524 III,
756 3457 812 3528 7)
856 3463 1092 3512 vocatur
1147 3459 1218 3514 ab
1277 3459 1498 3514 Joanne
1558 3458 1721 3530 plebs
1776 3457 2106 3514 hominum.

455 3543 734 3616 Magnum
757 3561 892 3616 ergo
915 3563 1062 3618 opus
1086 3547 1184 3601 Dei
1217 3565 1300 3613 es,
1318 3547 1512 3614 homo,
1539 3564 1818 3617 magnum
1841 3546 2104 3618 estquod

455 3632 616 3688 dedit
664 3633 769 3690 tibi
821 3634 995 3689 Deus.
1030 3636 1173 3691 Vide
1226 3654 1296 3692 nc
1349 3637 1504 3708 quod
1555 3636 1660 3691 tibi
1711 3637 1865 3690 Deus
1905 3634 2111 3690 tribuit

456 3721 692 3778 amittas
728 3739 739 3777 :
777 3723 1011 3778 amittas
1045 3742 1324 3797 magnum
1360 3725 1499 3778 illud
1537 3743 1753 3780 munus
1775 3724 1930 3796 quod
1953 3741 2013 3778 es
2036 3724 2105 3778 ad

459 3810 775 3884 imaginem
807 3811 926 3880 Dei,
959 3819 1016 3868 et
1046 3813 1154 3870 hoc
1185 3814 1242 3868 in
1285 3819 1338 3868 te
1388 3815 1667 3885 puniatur
1715 3813 1922 3885 magis.
1957 3813 2110 3867 Deus

456 3900 614 3956 enim
647 3919 761 3957 non
799 3902 898 3956 76
939 3902 1107 3973 punit
1146 3902 1596 3957 similitudinem
1629 3919 1819 3970 suam,
1843 3902 1944 3956 sed
1975 3918 2108 3956 eum

457 3989 648 4061 punit,
681 3991 782 4060 qui
815 3991 886 4044 ad
921 3990 1370 4046 similitudinem
1421 3991 1515 4046 Dei
1569 3992 1779 4061 factus,
1806 3991 1914 4045 hoc
1955 3991 2108 4062 quod

461 4077 684 4148 accepit
711 4095 939 4133 servare
971 4096 1085 4133 non
1121 4081 1328 4150 potuit.
1364 4079 1535 4133 Punit
1582 4097 1718 4152 ergo
1769 4079 1915 4134 illud
1957 4079 2111 4151 quod

465 4165 538 4219 ad
561 4163 1010 4221 similitudinem
1031 4167 1131 4221 Dei
1158 4183 1284 4222 esse
1306 4167 1555 4234 desistit,
1572 4167 1680 4222 hoc
1701 4171 1790 4222 est
1810 4171 2112 4238 peccatum

462 4256 656 4308 tuum.
688 4251 834 4307 Nam
867 4270 1036 4308 suam
1069 4255 1222 4310 Deus
1255 4271 1368 4308 non
1395 4254 1634 4308 damnat
1655 4253 2114 4326 imaginem,nec

468 4340 531 4396 in
561 4339 707 4396 illud
739 4340 1073 4396 incendium
1113 4341 1292 4397 mittit
1313 4347 1594 4397 azternum
1619 4360 1632 4398 :
1655 4343 1755 4397 sed
1784 4343 1970 4414 magis
1991 4341 2114 4397 vin-

471 4429 627 4485 dicat
647 4428 961 4502 imaginem
985 4431 1054 4486 de
1075 4431 1266 4503 eo,qui
1290 4431 1530 4504 imagini
1554 4431 1637 4485 illi
1663 4431 1796 4486 fecit
1814 4430 2115 4502 injuriam,

469 4522 538 4572 ut
567 4534 670 4589 per
695 4517 982 4574 malitiam
1015 4522 1166 4592 quod
1201 4537 1330 4575 eras
1362 4537 1488 4575 esse
1521 4519 1834 4588 desineres,
1857 4524 1913 4574 et
1951 4521 2118 4576 lieres

2216 3369 2406 3424 verbis
2451 3385 2760 3441 expressus
2809 3374 2897 3424 est
2944 3368 3097 3442 ignis
3143 3368 3441 3442 gehennae.
3489 3369 3647 3442 Ignis
3697 3387 3878 3428 nam-

2217 3473 2331 3529 que
2362 3474 2696 3529 corporeus,
2733 3461 2952 3514 utesse
3001 3457 3154 3530 ignis
3199 3456 3405 3525 valeat,
3441 3458 3733 3530 corporeis
3782 3460 3880 3515 in-

2218 3545 2378 3618 diget
2409 3546 2686 3601 fomentis
2719 3563 2733 3601 :
2765 3546 2866 3601 Cui
2899 3563 3031 3602 cum
3087 3563 3322 3602 necesse
3368 3551 3457 3602 est
3494 3553 3559 3602 ut
3589 3553 3883 3622 servetur,

2218 3651 2322 3707 per
2353 3639 2634 3706 congesta
2663 3635 2824 3708 ligna
2851 3634 3048 3708 procul
3082 3635 3259 3690 dubio
3291 3635 3567 3706 nutritur,
3588 3653 3693 3692 nec
3723 3638 3886 3695 valet

2219 3722 2331 3776 nisi
2393 3739 2711 3778 succensus
2758 3740 2906 3790 esse,
2957 3727 3016 3778 et
3073 3722 3186 3778 nisi
3245 3723 3462 3778 refotus
3521 3724 3877 3784 subsistere.

2217 3814 2290 3866 At
2319 3817 2520 3867 contra
2551 3811 2828 3884 gehennae
2870 3811 3044 3884 ignis,
3078 3828 3213 3866 cum
3263 3811 3340 3867 sit
3383 3811 3788 3886 incorporeus,
3823 3821 3888 3873 et

2218 3899 2278 3954 in
2311 3918 2371 3956 se
2405 3899 2618 3956 missos
2667 3901 2943 3971 reprobos
2990 3900 3366 3973 corporaliter
3411 3907 3633 3971 exurat,
3667 3920 3778 3959 nec
3810 3921 3886 3962 ex

2221 3987 2415 4044 studio
2439 3988 2696 4044 humano
2717 3989 3113 4055 succenditur,
3129 4005 3234 4044 nec
3257 3989 3434 4062 lignis
3460 3993 3496 4046 7
3513 3993 3550 4046 7
3577 3991 3880 4051 nutritur:

2220 4079 2318 4133 sed
2351 4082 2582 4134 creatus
2613 4077 2793 4134 semel
2825 4079 2996 4133 durat
3026 4077 3614 4152 inexstinguibilis,et
3636 4097 3886 4139 succcn-

2221 4165 2382 4222 sione
2413 4183 2528 4222 non
2561 4167 2801 4238 indiget,
2837 4172 2894 4222 et
2923 4168 3130 4223 ardore
3162 4185 3277 4222 non
3326 4173 3499 4224 caret.
3527 4169 3682 4226 Bene
3735 4188 3884 4246 ergo

2224 4255 2293 4309 de
2340 4255 2448 4310 hoc
2496 4255 2697 4327 iniquo
2746 4255 2909 4320 dicit.
2941 4257 3237 4313 Devorabit
3279 4274 3405 4314 eum
3454 4260 3598 4329 ignis
3641 4261 3742 4332 qui
3765 4279 3888 4318 non

2222 4345 2586 4412 succenditur,
2621 4345 2760 4417 quia
2788 4345 3210 4418 omnipotentis
3251 4347 3509 4419 justitia,
3537 4347 3885 4407 futurorum

2223 4433 2483 4505 praescia,
2519 4434 2590 4489 ab
2639 4435 2768 4506 ipsa
2818 4433 3023 4490 mundi
3072 4434 3294 4507 origine
3345 4435 3622 4508 gehennae
3676 4437 3887 4511 ignem

2227 4523 2456 4591 creavit,
2491 4523 2589 4596 qui
2622 4523 2680 4578 in
2706 4541 2875 4596 paena
2906 4523 3285 4596 reproborum
3331 4541 3459 4580 esse
3503 4527 3684 4582 semel
3729 4528 3886 4585 inci-

470 4604 670 4662 mulus
700 4623 768 4660 ex
799 4604 1054 4661 homine.
1078 4607 1421 4664 Vindicatur
1446 4626 1581 4680 ergo
1602 4607 1816 4680 imago,
1841 4625 1957 4663 non
1980 4625 2116 4664 con-
2147 4633 2194 4699 D
2227 4613 2520 4682 peret,sed
2553 4607 2819 4668 ardorem
2838 4631 3012 4669 suum
3031 4613 3206 4669 etiam
3225 4613 3350 4670 sine
3371 4613 3550 4687 lignis
3568 4633 3890 4689 nunquam

471 4694 782 4750 damnatur
810 4711 822 4750 :
857 4695 1188 4750 vindicatur
1218 4697 1385 4768 quasi
1417 4696 1676 4768 expulsa,
1704 4714 1817 4752 non
1849 4698 2118 4753 condem-

469 4785 646 4838 natur
673 4783 842 4856 quasi
877 4801 991 4839 rea.
1010 4784 1322 4856 Postquam
1345 4786 1499 4840 enim
1525 4784 1796 4856 peccasti,
1813 4785 1968 4841 aliud
1991 4804 2118 4843 esse

467 4871 714 4944 cmpisti,
747 4871 891 4926 illud
941 4873 1096 4944 quod
1145 4890 1275 4930 eras
1327 4874 1554 4929 desisti.
1585 4875 1882 4939 Quomodo
1941 4875 2120 4948 igitur

467 4961 712 5034 punitur
739 4961 800 5016 in
847 4965 904 5016 te
948 4964 1102 5032 quod
1150 4963 1210 5016 in
1255 4969 1310 5018 te
1349 4981 1462 5018 non
1513 4963 1843 5018 invenitur?
1875 4965 2020 5020 Nam
2065 4967 2115 5022 si

468 5049 796 5106 inveniatur
821 5052 878 5106 in
905 5055 959 5106 te
991 5051 1184 5124 imago
1217 5052 1316 5107 Dei
1351 5057 1408 5108 et
1439 5051 1786 5122 similitudo,
1823 5071 1935 5108 non
1971 5071 2116 5128 sup-

467 5137 642 5210 plicio
675 5140 884 5212 incipis
915 5139 1130 5212 dignus
1161 5157 1309 5206 esse,
1344 5141 1443 5195 sed
1497 5139 1754 5211 prmmio.
1788 5142 1874 5196 ita
1921 5141 2114 5216 imago

468 5225 590 5294 illa,
623 5245 748 5300 quae
779 5229 852 5284 ad
883 5229 1200 5302 imaginem
1243 5233 1298 5284 el;
1328 5229 1771 5284 similitudinem
1794 5230 1892 5286 Dei
1925 5231 2114 5288 factus

467 5331 550 5383 es,
583 5333 697 5371 non
730 5319 1152 5374 condemnatur
1181 5319 1281 5374 sed
1331 5322 1660 5373 coronatur.
1695 5318 2113 5378 Condemnaris

469 5407 665 5459 autem
697 5405 754 5460 in
777 5423 842 5461 eo
866 5407 1018 5478 quod
1061 5407 1184 5479 ipse
1217 5411 1481 5461 mutatus
1512 5423 1596 5476 es,
1620 5412 1685 5462 ut
1715 5408 1880 5464 fieres
1911 5426 1979 5464 ex
2011 5410 2112 5466 ho-

466 5491 624 5548 mine
674 5511 932 5566 serpens,
964 5496 1180 5564 mulus,
1211 5512 1418 5568 equus,
1469 5495 1792 5568 vulpecula.
1847 5498 1946 5554 IIis
2007 5517 2112 5556 nos

465 5580 622 5637 enim
653 5583 990 5639 nominibus
1013 5586 1139 5657 jam
1186 5583 1486 5656 Scriptura
1526 5585 1932 5643 condemnavit
1961 5603 1975 5643 :
2012 5588 2112 5660 qui

465 5671 622 5735 exuti
670 5671 920 5732 caelestis
964 5673 1238 5750 imaginis
1279 5678 1640 5748 ornamento,
1673 5675 1852 5736 etiam
1897 5693 2110 5737 nomen

2228 4699 2438 4756 ﬁniret.
2473 4724 2500 4750 ››
2532 4703 2602 4756 Et
2632 4706 2870 4758 sanctus
2923 4702 3308 4775 Hieronymus
3355 4701 3415 4758 in
3467 4703 3619 4760 libro‘
3646 4705 3889 4766 decimo

2227 4789 2650 4861 explanationis
2683 4790 2841 4846 Isaia:
2875 4791 3168 4863 prophetae
3203 4808 3216 4846 :
3254 4793 3386 4848 «Ab
3413 4791 3535 4848 heri
3569 4793 3792 4868 quippe
3823 4803 3894 4854 et

2228 4896 2262 4933 a
2289 4879 2576 4950 praeterito
2601 4884 2862 4952 tempore
2893 4884 3220 4952 praeparata
3257 4885 3346 4936 est
3375 4898 3410 4937 a
3448 4899 3580 4954 rege
3625 4883 3891 4944 Domino

2226 4965 2473 5022 Thol‘eth
2506 4969 2634 5040 (Isa.
2665 4987 2794 5040 xxx,
2826 4969 2939 5040 33),
2971 4967 3029 5024 id
3063 4973 3151 5024 est
3198 4969 3319 5025 lata
3363 4974 3421 5026 et
3471 4971 3734 5043 spatiosa
3773 4990 3891 5047 ge-

2225 5054 2436 5122 henna,
2470 5074 2596 5128 quae
2628 5075 2745 5126 eos,
2766 5057 2823 5113 id
2857 5063 2946 5114 est
2977 5057 3520 5129 reprobos,a3ternis
3547 5065 3682 5116 urat
3703 5063 3890 5120 ardo—

2224 5145 2409 5200 ribus.
2435 5168 2463 5195 ››
2496 5147 2640 5201 Item
2672 5147 2827 5202 idem
2859 5146 2916 5202 in
2951 5147 3098 5203 libro
3128 5147 3298 5204 tertio
3329 5166 3506 5221 super
3527 5149 3893 5222 prophetam

2226 5235 2418 5302 Amos,
2456 5256 2484 5286 «
2513 5235 2917 5291 Pcnnitentiam
2949 5241 3144 5292 autem
3176 5237 3275 5294 Dei
3313 5237 3373 5292 in
3417 5238 3740 5310 Scripturis
3792 5243 3894 5300 sic

2225 5321 2506 5378 debemus
2533 5323 3119 5395 accipere,quomodo
3151 5342 3424 5381 somnum
3447 5331 3504 5381 et
3541 5327 3689 5383 iram
3715 5344 3730 5384 :
3758 5345 3892 5388 non

2223 5426 2337 5482 quo
2360 5411 2544 5467 Deum
2575 5412 2936 5484 pozuiteat,et
2953 5417 3140 5469 mutet
3165 5415 3534 5482 sententiam,
3561 5416 3660 5487 qui
3683 5417 3894 5491 loqui-

2220 5504 2318 5555 tur
2353 5517 2454 5572 per
2485 5501 2973 5574 prophetam,Ego
3005 5506 3153 5558 Deus
3178 5511 3229 5558 et
3256 5519 3367 5559 non
3394 5511 3576 5560 mutor
3601 5504 3752 5576 (Mal.
3790 5524 3886 5579 III,

2218 5590 2296 5662 6),
2320 5593 2378 5645 et
2403 5589 2494 5644 cui
2528 5606 2634 5644 nos
2665 5588 2937 5658 dicimus,
2958 5592 3032 5646 Tu
3058 5599 3240 5647 autem
3260 5591 3403 5648 idem
3429 5593 3544 5666 ipse
3557 5608 3632 5658 es,
3659 5602 3713 5650 et
3731 5602 3893 5655 anni

2217 5681 2306 5738 tui
2351 5694 2463 5738 non
2513 5678 2764 5756 deﬁcient
2789 5679 2959 5754 (Psal.
3011 5697 3084 5754 Cl,
3117 5682 3238 5758 28);
3273 5681 3374 5740 sed
3426 5698 3540 5761 quo
3591 5683 3768 5746 nobis
3802 5687 3888 5750 ad
