4002 6460
433 405 546 464 143

1331 405 1666 468 ..ΗΙΝΟΜΑ
1680 405 1754 466 Ill
1801 405 2250 470 RHEMENSIS
2294 405 2888 468 ARCHIEPISCOPI

3708 401 3829 460 144

433 534 616 590 relicti
648 539 787 590 sunt
815 552 847 591 a
878 535 992 590 Deo
1024 540 1090 591 ut
1117 535 1510 609 relinquerent
1556 538 1762 607 Deum,
1792 538 1891 593 sed
1941 537 2072 594 reli-
2102 547 2153 614 Α
2187 539 2394 608 cautis,
2427 539 2509 594 ita
2532 537 2730 594 nullus
2757 536 2951 593 obviat
2971 535 3184 607 jutitiaz
3214 530 3828 606 relinquentis.lnclu-

433 627 685 696 querunt
713 628 769 678 et
799 623 980 679 relicti
1016 630 1235 694 sunt,et
1259 644 1326 681 ex
1347 627 1498 682 bono
1521 627 1578 681 in
1602 626 1818 682 malum
1844 627 2078 699 prepria

429 711 726 768 voluntate
757 712 967 768 mutati
999 718 1156 783 sunt,
1191 721 1363 787 atque
1395 718 1466 771 ab
1497 734 1563 772 eo
1613 717 1713 788 qui
1762 716 1893 773 illos
1931 717 2076 772 tales

432 800 740 873 praescivit,
766 819 880 858 non
912 807 1050 858 sunt
1080 803 1496 875 praedestinati.
1524 829 1550 854 ››
1577 806 1648 860 Et
1668 804 1806 861 item
1831 805 1888 860 in
1915 806 2078 861 abso-

432 887 653 946 lutione
683 891 1024 962 objectionis
1055 894 1448 950 duodecimae:
1480 917 1506 946 «
1528 895 1694 950 Vires
1714 895 1910 968 itaque
1941 896 2074 951 obe-

433 977 662 1034 dientiae
691 997 805 1036 non
835 979 964 1036 ideo
994 982 1267 1054 cuiquam
1299 984 1763 1057 subtraxit,quia
1791 1002 1928 1040 eum
1960 1002 2074 1040 non

431 1067 906 1139 praedestinavit:
943 1071 1043 1126 sed
1093 1071 1220 1127 ideo
1271 1090 1385 1128 non
1436 1073 1884 1146 praedestinavit,
1937 1073 2078 1146 quia

432 1173 800 1213 recessurum
826 1159 898 1214 ab
930 1159 1056 1231 ipsa
1086 1161 1417 1217 obedientia
1437 1180 1562 1218 esse
1587 1162 1989 1234 praevidit.»Et
2016 1162 2076 1217 in

431 1245 797 1303 absolutione
829 1247 1172 1319 objectionis
1201 1251 1438 1306 decimae
1477 1251 1661 1307 tertiae
1707 1256 1910 1308 contra
1936 1251 2074 1306 Vin-

432 1333 732 1391 centianos
765 1353 778 1391 :
814 1359 841 1385 ‹‹
877 1339 1036 1404 Quod
1071 1340 1178 1395 etsi
1213 1358 1279 1395 ex
1311 1345 1534 1396 aeternae
1566 1341 1810 1396 scientia
1856 1357 2075 1412 praeco-

431 1421 662 1495 gnitum
713 1424 906 1494 habet,
946 1427 1166 1484 scilicet
1213 1429 1388 1498 Deus,
1423 1430 1562 1502 quid
1611 1431 2078 1503 uniuscujusque

432 1511 657 1570 meritis
689 1515 1080 1572 retributurus
1106 1517 1428 1587 sit,nemini
1450 1523 1644 1575 tamen
1669 1537 1772 1592 per
1791 1519 1898 1575 hoc
1921 1519 2076 1591 quod

432 1599 556 1657 falli
584 1619 699 1658 non
747 1607 958 1676 potest,
993 1611 1095 1662 aut
1145 1608 1550 1664 necessitatem
1593 1613 1694 1664 aut
1722 1608 2076 1664 voluntatem

432 1689 631 1746 intulit
676 1691 1136 1765 delinquendi.»
1172 1697 1316 1750 Item
1363 1695 1748 1770 Hieronymus
1795 1697 1854 1752 in
1901 1697 2078 1752 Amos

429 1778 773 1851 prophetam
799 1799 811 1836 :
838 1806 864 1832 «
891 1783 996 1848 Qui
1018 1783 1261 1839 veniunt
1283 1785 1341 1838 in
1366 1785 1522 1840 diem
1555 1785 2079 1859 malum,parantes

431 1866 542 1922 sibi
572 1867 712 1924 vitio
743 1887 848 1926 suo
879 1871 1033 1926 diem
1066 1873 1324 1942 malum;
1357 1891 1469 1930 non
1497 1875 1655 1947 quod
1679 1875 1804 1930 dies
1825 1873 1981 1930 ullus
2003 1873 2080 1930 sit

431 1954 750 2026 malus,sed
769 1961 923 2030 quod
940 1977 1132 2032 unusq
1145 1961 1351 2034 nisque
1364 1968 1528 2034 paret
1541 1963 1651 2019 sibi
1667 1963 2078 2035 malum,juxta

432 2041 576 2099 illud
609 2047 762 2116 quod
794 2047 854 2102 in
885 2048 1232 2106 Ecclesiaste
1261 2050 1512 2123 legimus
1539 2069 1550 2107 :
1582 2052 1663 2108 Nc
1713 2051 1926 2108 dixeris
1955 2051 2079 2108 dies

432 2130 655 2204 priores
676 2133 944 2191 meliores
975 2142 1140 2192 erant
1162 2138 1304 2192 mihi
1329 2157 1506 2210 quam
1535 2139 1939 2212 isti,quoniam
1963 2157 2076 2196 non

433 2221 493 2275 in
525 2221 811 2293 sapientia
840 2225 1166 2297 interrogas
1205 2244 1382 2298 super
1429 2227 1536 2282 hoc
1587 2231 1794 2296 (Ecctc.
1833 2247 1930 2296 vn,
1967 2231 2075 2298 11).

435 2309 692 2366 Stultum
726 2317 812 2368 est
837 2314 990 2368 enim
1027 2317 1233 2370 ret'erre
1257 2317 1328 2370 ad
1356 2320 1774 2388 tempora,cum
1799 2317 1858 2372 in
1881 2321 2081 2373 nostra

436 2399 513 2456 sit
543 2402 938 2472 potestate,vol
971 2403 1189 2458 bonum
1223 2405 1378 2458 diem
1413 2405 1580 2461 nobis
1611 2406 1818 2472 facere,
1842 2405 1930 2461 vel
1962 2424 2082 2462 Ina-

434 2486 580 2544 lum.
614 2491 757 2545 Item
790 2491 847 2544 in
879 2491 1108 2547 Nahum
1140 2493 1482 2565 prophetam
1515 2494 1572 2548 in
1604 2495 1790 2566 capite
1815 2494 2076 2567 capituli,

439 2579 640 2636 Ubios!
654 2579 1056 2636 habitaculum
1075 2581 1687 2650 lconumUVa/zum,n,1
1701 2585 1749 2655 1)
1767 2603 1780 2652 ;
1796 2584 2080 2640 Jeremias

437 2684 669 2740 quoque
700 2670 771 2724 de
796 2671 1197 2742 peccatoribus
1236 2671 1515 2744 loquitur,
1549 2674 1836 2728 Percussit
1862 2690 1957 2728 eos
1989 2671 2078 2728 leo

435 2758 506 2814 de
531 2755 693 2814 silva
725 2760 1008 2828 (Jer.v,5).
1035 2782 1063 2809 ››
1084 2761 1153 2814 Et
1175 2765 1306 2833 post
1327 2760 1630 2832 paululum
1655 2777 1668 2817 :
1695 2785 1721 2812 «
1749 2766 1958 2820 Omnes
1977 2762 2082 2833 qui

435 2847 812 2920 egrediantur
840 2865 914 2903 ex
940 2851 1046 2918 eis,
1077 2847 1134 2903 id
1169 2853 1257 2904 est
1288 2849 1642 2920 civitatibus,
1672 2850 2080 2923 capienturJn

410 2952 550 3008 .quo
575 2935 970 2992 animadverte
1002 2939 1154 3010 quod
1189 2955 1359 2994 nemo
1399 2939 1682 3011 capiatur,
1715 2938 1827 2995 nisi
1877 2939 1976 3012 qui
2008 2940 2080 2996 de

434 3023 768 3098 civitatibus
799 3025 900 3081 Dei
932 3026 1106 3081 fuerit
1144 3044 1436 3099 egressus.
1471 3027 1730 3100 Denique
1777 3029 1962 3085 Judas
2009 3030 2079 3086 de

434 3113 568 3169 ovili
597 3113 808 3170 Christi
841 3115 971 3182 fuit,
997 3121 1052 3169 et
1081 3121 1286 3188 raptus
1317 3107 1350 3172 ai
1379 3117 1542 3172 leone
1561 3119 1878 3189 suspendio
1900 3119 2077 3174 suffo-

435 3205 601 3256 catus
631 3206 740 3258 est.
775 3203 884 3257 Sed
916 3207 971 3256 et
1002 3203 1097 3258 ille
1126 3205 1428 3276 propheta,
1463 3206 1554 3261 cui
1589 3213 1941 3278 praeceperat
1961 3208 2077 3263 Do-

2185 629 2319 683 dere
2351 627 2547 698 itaque
2574 626 2672 681 Dei
2699 629 2805 692 est,
2841 624 3056 680 clausis
3099 641 3215 680 non
3263 621 3486 696 aperire
3517 638 3532 678 :
3568 621 3723 677 unde
3754 619 3832 676 ad

2187 717 2442 788 Moysem
2464 716 2682 771 dicitur
2701 716 2772 770 de
2793 714 3090 770 Pharaone
3107 730 3120 768 :
3135 714 3256 786 Ego
3268 711 3570 768 obdurabo
3590 714 3760 783 corej
3767 727 3836 766 us

2185 804 2488 875 (lfxode,
2521 805 2634 873 21),
2668 804 2966 860 Obdurare
2997 802 3210 875 quippe
3241 819 3345 875 per
3367 798 3658 873 justitiam
3692 799 3837 856 dici-

2185 897 2301 963 tur,
2336 893 2570 966 quando
2603 910 2702 948 cor
2731 892 3043 965 reprobum
3073 907 3177 963 per
3205 889 3453 963 gratiam
3485 905 3599 944 non
3647 885 3834 944 emol-

2185 981 2535 1037 lit.lncludit
2565 982 2763 1053 itaque
2795 979 3299 1051 hominem,quem
3333 979 3391 1034 in
3422 977 3667 1034 suorum
3694 993 3835 1049 ope-

2185 1089 2317 1127 rum
2343 1070 2600 1126 tenebris
2633 1069 2928 1141 relinquit.
2960 1092 2987 1118 »
3021 1069 3165 1124 Item
3196 1067 3407 1141 (cap.7)
3443 1083 3454 1122 :
3495 1089 3522 1117 (ι
3550 1064 3719 1122 Novit
3739 1065 3838 1122 de-

2187 1159 2521 1232 cipientem,
2543 1159 2760 1232 quia'in
2785 1176 2962 1214 manu
2987 1175 3228 1214 suorum
3250 1174 3490 1230 operum
3515 1155 3837 1212 dimissum

2186 1249 2343 1304 hunc
2369 1253 2433 1304 ut
2461 1248 2534 1304 ad
2565 1249 2765 1321 pejora
2794 1251 3035 1320 prernat
3081 1246 3318 1318 deserit,
3347 1245 3499 1302 sicut
3543 1245 3838 1320 scriptum

2187 1341 2311 1394 est:
2347 1339 2470 1410 Qui
2496 1343 2684 1406 nocet,
2707 1342 2915 1393 noceat
2947 1337 3144 1394 adhuc
3173 1353 3185 1392 :
3217 1341 3272 1391 et
3313 1335 3410 1409 qui
3460 1337 3522 1391 in
3566 1334 3840 1390 sordibus

2187 1436 2291 1494 est,
2318 1428 2613 1484 sordescat
2645 1427 2836 1483 adhuc
2865 1430 3068 1498 (.lpoc.
3099 1443 3239 1494 χχιι,
3263 1426 3370 1496 11).
3397 1425 3566 1480 Novit
3597 1439 3838 1496 quoque

2188 1520 2245 1572 ct
2272 1532 2404 1572 eum
2439 1515 2540 1588 qui
2572 1515 2859 1588 decipitur
2883 1533 2894 1571 :
2921 1515 3059 1588 quia
3075 1531 3226 1588 saepe
3245 1513 3621 1570 committunt
3641 1513 3840 1569 homi-

2190 1621 2293 1660 nes
2316 1603 2472 1660 mala
2491 1621 2616 1676 quae
2642 1603 2922 1672 sciunt,ct
2941 1603 3156 1660 idcirco
3179 1601 3602 1676 permittuntur
3620 1600 3838 1674 decipi,

2189 1699 2254 1749 ut
2279 1695 2490 1750 cadant
2519 1693 2694 1748 etiam
2725 1693 2785 1748 in
2807 1693 2963 1748 mala
2982 1709 3109 1764 quae
3133 1691 3401 1748 nesciunt
3425 1709 3436 1748 :
3458 1691 3613 1763 quod
3636 1694 3841 1746 tamen

2189 1783 2446 1856 deceptis
2477 1783 2792 1854 aliquando
2827 1782 2897 1838 ad
2931 1779 3681 1855 purgationem,aliquando
3701 1796 3842 1836 vero

2190 1873 2262 1928 ad
2293 1871 2533 1928 ultionis
2567 1871 2801 1927 initium
2835 1871 2960 1926 ﬁeri
2991 1870 3191 1927 solet.»
3218 1871 3362 1926 Ecce
3385 1869 3677 1943 quomodo
3699 1886 3846 1942 prae-

2187 1961 2496 2018 destinatio
2528 1961 2649 2027 Dei,
2683 1967 2783 2016 aut
2813 1961 2883 2017 ad
2917 1961 3137 2016 donum
3183 1959 3433 2032 pertinet
3481 1958 3700 2032 gratiae,
3738 1963 3845 2014 aut

2189 2051 2261 2106 ad
2293 2049 2734 2106 retributionem
2760 2049 3027 2121 justitiae.
3052 2049 3194 2104 Item
3226 2041 3379 2104 idem
3403 2048 3460 2103 in
3483 2047 3688 2103 eodem
3709 2045 3844 2120 (Job

2188 2141 2382 2212 2411,18)
2407 2157 2420 2194 :
2447 2162 2473 2190 «ι
2501 2140 2770 2195 Balteum
2801 2155 3008 2212 regum
3037 2138 3303 2194 dissolvit
3333 2136 3734 2211 (cap.8).Cum
3768 2136 3844 2192 de

2190 2225 2317 2298 ipsa
2347 2226 2705 2282 continentia
2735 2226 2984 2282 elatione
3016 2243 3182 2280 mens
3207 2224 3846 2297 tangitur,plerumque

2189 2313 2558 2388 omnipotens
2589 2315 2742 2371 Deus
2773 2316 2901 2386 ejus
2933 2313 3269 2386 superbiam
3303 2315 3580 2370 deserens
3603 2313 3758 2370 hanc
3781 2314 3845 2370 in

2188 2403 2626 2460 immunditiam
2647 2403 2839 2476 operis
2861 2404 3065 2459 cadere
3086 2402 3848 2476 permittitﬂegumitaque

2189 2492 2450 2550 balteum
2481 2493 2771 2561 dissolvit,
2797 2492 3032 2564 quando
3066 2491 3126 2547 in
3156 2491 3250 2547 his
3295 2491 3395 2564 qui
3446 2491 3592 2547 bene
3640 2507 3846 2563 regere

2189 2600 2297 2639 sua
2329 2583 2594 2638 membra
2620 2582 2987 2650 videbantur,
3022 2584 3260 2654 propter
3285 2578 3554 2636 elationis
3602 2578 3846 2652 culpam

2189 2671 2479 2728 castitatis
2512 2670 2814 2744 cingulum
2845 2669 3114 2726 destruit.
3150 2692 3178 2718 ››
3212 2669 3354 2725 Item
3385 2668 3537 2742 (cap.
3567 2667 3621 2740 9)
3657 2685 3670 2725 :
3705 2692 3734 2718 «
3771 2674 3848 2727 Et

2188 2762 2500 2833 optimates
2515 2760 2864 2833 supplantat
2887 2759 3017 2828 (Job
3029 2757 3398 2830 xu,19).Quia
3420 2773 3554 2814 cum
3579 2762 3846 2815 mentem

2187 2849 2518 2923 regentium
2561 2851 2722 2921 justo
2765 2847 2990 2920 judicio
3040 2847 3276 2914 deserit,
3311 2845 3433 2903 haec
3464 2847 3523 2902 in
3553 2850 3846 2904 aeternum

2187 2937 2585 2996 retributionis
2615 2938 2921 3011 praemium
2950 2954 3065 2993 non
3099 2935 3402 3009 requirit.»
3432 2938 3576 2992 Item
3596 2935 3656 2991 in
3687 2935 3847 2994 libro

2187 3028 2412 3084 decimo
2443 3027 2612 3084 tertio
2643 3028 2886 3100 (cap.11)
2915 3043 2927 3081 :
2954 3050 2980 3076 «
3014 3027 3210 3098 Neque
3243 3025 3324 3082 ita
3357 3017 3734 3098 hoc'dicitur,
3769 3043 3840 3083 ac

2188 3117 2237 3173 si
2269 3117 2637 3190 omnipotens
2657 3123 2714 3173 et
2737 3116 3070 3173 misericors
3097 3117 3245 3170 Deus
3267 3114 3436 3188 longe
3457 3131 3556 3170 cor
3574 3113 3842 3174 hominis

2187 3224 2222 3262 a
2253 3205 2564 3278 disciplina
2595 3206 2770 3261 t'aciat
2803 3222 2815 3262 :
2852 3205 2951 3261 sed
2985 3205 3138 3276 quod
3169 3207 3374 3277 sponte
3413 3201 3720 3276 delapsum
3753 3203 3840 3260 ibi

437 3289 634 3344 minus
666 3307 737 3345 ne
765 3292 1091 3346 comederet
1123 3310 1302 3365 panes
1323 3311 1352 3348 e
1375 3295 1606 3368 regione
1639 3295 1758 3363 illa,
1785 3296 1882 3352 ubi
1916 3299 2081 3352 erant
2111 3290 2154 3356 C
2194 3313 2492 3352 remanere
2521 3295 2620 3351 ubi
2653 3294 2861 3350 cecidit
2881 3282 3204 3366 judicando
3237 3291 3520 3365 permittit
3551 3309 3564 3348 :
3599 3291 3754 3348 sicut
3775 3293 3842 3350 in

433 3375 600 3432 vituli
629 3379 788 3434 aurei
821 3384 876 3434 et
910 3380 1150 3435 mentita
1182 3381 1548 3455 religio,quia
1569 3385 1820 3440 comedit
1850 3402 1884 3440 a
1913 3384 2077 3442 leone

435 3482 750 3541 percussus
781 3472 870 3524 est
893 3469 996 3540 (Ill
1021 3474 1154 3542 ltcg.
1175 3489 1294 3540 XIII,
1325 3475 1438 3542 2-1).
1473 3475 1634 3540 Quod
1667 3478 1854 3530 totum
1887 3475 1958 3530 ad
1989 3491 2075 3530 re-

435 3554 813 3612 tributionem
840 3557 1043 3613 divinae
1069 3561 1313 3632 justitiae
1345 3563 1614 3634 pertinet.
1652 3586 1679 3612 ››

509 3644 671 3702 Unde
703 3650 758 3702 et
789 3652 1026 3704 sanctus
1057 3651 1372 3722 Gregorius
1401 3651 1458 3706 in
1482 3651 1630 3706 libro
1653 3652 1875 3708 decimo
1899 3653 2080 3710 Mora-

382 3757 388 3764 σ
434 3734 580 3790 lium
611 3735 720 3791 Job
753 3737 1129 3810 (ca[).8),quia
1155 3757 1269 3794 non
1303 3745 1366 3796 ut
1395 3742 1463 3796 ad
1495 3740 1740 3813 gloriam
1773 3742 1962 3816 electi,
1997 3743 2079 3800 ita

434 3822 554 3880 sint
583 3825 811 3898 reprobi
838 3845 872 3882 a
899 3827 1014 3882 Deo
1046 3829 1116 3884 ad
1159 3847 1389 3900 poenam
1439 3830 1855 3901 praedestinati,
1884 3832 1984 3888 sed
2017 3832 2075 3886 in

433 3929 628 3971 massa
659 3914 1002 3987 perditionis
1031 3917 1116 3972 vel
1146 3916 1205 3971 in
1232 3917 1641 3990 iniquitatibus
1673 3919 1797 3975 suis
1826 3937 1894 3976 ex
1915 3921 2080 3976 retri-

433 4002 672 4059 butione
684 4003 928 4074 justitim
943 4006 1107 4075 justo
1122 4006 1345 4076 judicio
1359 4006 1542 4063 relicti
1558 4025 1570 4063 :
1589 4009 2074 4082 «Sisubccrterit,

433 4090 646 4162 inquit,
689 4094 913 4164 omnia,
963 4095 1088 4166 quis
1141 4097 1501 4153 contradicat
1531 4099 1623 4153 ei?
1653 4099 1776 4164 (Job
1833 4115 1911 4164 x1,
1964 4098 2075 4171 10.)

434 4182 596 4252 Saepe
628 4183 880 4252 namque
913 4181 970 4236 in
993 4181 1303 4238 elationem
1325 4202 1424 4239 cor
1445 4185 1746 4254 attollitur,
1772 4203 1907 4242 cum
1928 4185 2076 4244 laetis

433 4267 536 4350 _80
566 4267 937 4324 successibus
966 4269 1025 4324 in
1055 4269 1268 4326 virtute
1299 4271 1606 4328 roboratur
1636 4291 1648 4328 :
1686 4273 1786 4329 sed
1818 4274 1958 4329 dum
1991 4273 2074 4330 la-

431 4359 620 4411 tentes
653 4359 848 4412 motus
878 4357 1131 4413 audacia:
1163 4357 1222 4412 in
1255 4358 1604 4432 cogitatione
1647 4361 1910 4418 conditor
1938 4381 2073 4418 eon-

433 4442 626 4516 spicit,
661 4461 723 4500 se
756 4443 868 4500 sibi
903 4445 1200 4502 hominem
1222 4449 1580 4506 ostendendo
1603 4450 1982 4524 derelinquit;
2010 4457 2075 4508 ut

432 4532 560 4604 ejus
589 4549 756 4589 mens
787 4534 1062 4590 derelicta
1085 4537 1224 4608 quid
1249 4537 1324 4592 sit
1345 4538 1753 4611 inveniat,quae
1775 4540 1925 4596 male
1946 4540 2075 4614 ipsa

2187 3385 2444 3441 oratione
2475 3401 2707 3456 quoque
2736 3382 2986 3439 dicimus
3010 3399 3024 3438 :
3052 3385 3128 3438 Et
3147 3401 3219 3438 ne
3238 3399 3340 3438 nos
3362 3383 3608 3439 inducas
3627 3381 3686 3438 in
3707 3387 3842 3440 ten-

2185 3477 2469 3541 tationem
2499 3472 2829 3543 (Matt/nvi,
2852 3473 2960 3540 13),
2983 3471 3041 3527 id
3075 3475 3165 3527 est
3194 3471 3392 3526 induci
3425 3471 3668 3526 minime
3697 3488 3842 3543 per-

2188 3565 2448 3620 mittas.»
2482 3565 2628 3618 ltem
2661 3562 2719 3616 in
2753 3560 2901 3616 libro
2933 3560 3158 3618 decimo
3191 3560 3394 3633 quinto
3428 3577 3442 3616 :
3479 3583 3506 3610 ‹‹
3548 3561 3846 3618 Tradidit

2186 3652 2326 3710 illos
2375 3657 2524 3709 Deus
2573 3652 2632 3706 in
2678 3652 2987 3723 reprobum
3032 3666 3282 3720 sensum,
3325 3655 3388 3704 ut
3431 3649 3660 3724 faciant
3705 3665 3845 3722 qua:

2184 3759 2295 3799 non
2323 3742 2664 3799 conveniunt
2696 3745 2881 3811 (Rom.
2916 3757 2956 3806 ι,
2987 3742 3100 3808 28).
3131 3737 3280 3806 Quia
3319 3737 3474 3794 enim
3505 3736 3843 3810 gloriﬁcare

2186 3832 2500 3888 noluerunt
2529 3847 2702 3902 quem
2735 3833 3148 3902 cognmerunt,
3178 3828 3420 3900 reprobo
3465 3827 3664 3884 sensui
3713 3832 3841 3885 tra-

2186 3919 2292 3975 diti
2325 3921 2396 3975 ad
2428 3919 2536 3974 hoc
2567 3917 2750 3974 relicti
2781 3922 2937 3987 sunt,
2972 3922 3038 3973 ut
3076 3917 3368 3974 nescirent
3409 3917 3536 3988 jam
3585 3932 3844 3988 pensare

2185 4007 2340 4066 mala
2369 4026 2495 4080 qum
2525 4007 2832 4064 faciebant.
2868 4029 2895 4055 ››
2929 4007 3073 4062 Item
3098 4004 3159 4060 in
3189 4005 3336 4062 libro
3365 4005 3646 4078 vigesimo
3677 4008 3839 4079 (cap.

2187 4099 2273 4167 16)
2307 4113 2320 4152 :
2355 4120 2382 4147 ‹‹
2416 4097 2746 4152 llumanum
2795 4095 2974 4168 igitur
3014 4111 3219 4167 genus,
3254 4099 3410 4151 recto
3461 4094 3560 4151 Dei
3603 4093 3840 4166 judicio

2183 4185 2244 4242 in
2276 4184 2670 4258 voluptatibus
2701 4183 2826 4239 suis
2857 4183 2971 4239 sibi
3003 4183 3340 4251 dimissum,
3371 4187 3546 4255 atque
3576 4199 3682 4255 per
3710 4200 3844 4240 eas-

2185 4275 2316 4330 dem
2346 4274 2674 4346 voluptates
2719 4273 3059 4346 spontaneis
3109 4271 3592 4328 tribulationibus
3641 4272 3840 4329 tradi-

2183 4367 2330 4432 tum,
2364 4362 2660 4420 absinthio
2687 4367 2776 4418 est
2817 4363 3068 4419 ebrium.
3100 4383 3128 4414 ››
3164 4363 3234 4418 Et
3263 4365 3504 4418 sanctus
3552 4361 3838 4434 Augusti-

2185 4470 2297 4509 nus
2353 4453 2413 4508 in
2470 4451 2966 4525 propositionibus
3025 4450 3282 4524 epistolae
3340 4451 3413 4506 ad
3473 4451 3773 4508 Romanos
3817 4469 3834 4509 :

2183 4565 2210 4592 ‹‹
2242 4543 2404 4609 Quod
2437 4545 2630 4596 autem
2654 4539 2794 4596 dicit
2813 4541 3084 4609 tradidit,
3109 4537 3456 4612 intelligitur
3479 4538 3708 4595 dimisit
3728 4539 3832 4597 81

432 4637 640 4724 secura
669 4622 979 4724 gaudebat.
1007 4646 1032 4672 ››
1059 4624 1448 4724 Iteminlibro
1480 4627 1789 4724 undecimo
1811 4633 2064 4700 (cap.2):
2103 4659 2150 4724 Ι)
2181 4633 2241 4686 in
2293 4630 2579 4698 desideria
2627 4629 2817 4685 cordis
2869 4629 3124 4686 illorum.
3158 4652 3186 4679 ‹‹
3219 4629 3288 4684 Et
3335 4628 3718 4686 Cassiodorus
3771 4629 3838 4686 in

432 4731 461 4760 ‹‹
495 4707 808 4764 Sciendum
839 4716 944 4778 est,
979 4712 1118 4783 quia
1157 4713 1314 4770 aliud
1362 4719 1450 4770 est
1497 4716 1650 4788 quod
1701 4717 2069 4790 omnipotens

430 4797 587 4856 Deus
621 4797 1076 4855 misericorditer
1106 4801 1328 4870 tribuit,
1366 4803 1524 4858 aliud
1565 4805 1719 4876 quod
1753 4805 1938 4862 iratus
1967 4808 2074 4865 ha-

429 4887 567 4944 bere
598 4885 758 4943 sinit.
791 4889 936 4944 Nam
988 4891 1142 4961 quod
1195 4909 1460 4964 perverse
1499 4894 1800 4966 praedones
1831 4895 2069 4968 faciunt,

429 4976 538 5032 hoc
551 4976 918 5049 dispensator
929 4977 1298 5049 aequissimus
1313 4999 1426 5036 non
1440 4981 1718 5054 nisijuste
1733 4985 2072 5056 permittit.»

430 5064 574 5121 Item
625 5066 758 5139 (Job
790 5083 891 5135 xu,
923 5067 1008 5138 14)
1035 5083 1047 5122 :
1079 5089 1099 5116 α
1126 5071 1196 5125 Si
1229 5070 1610 5142 destruxerit,
1641 5087 1807 5128 nemo
1853 5081 1936 5131 est
1973 5080 2077 5151 qui

2182 4720 2410 4778 Psalmo
2444 4737 2650 4775 Lxxxu.
2689 4742 2716 4769 ‹‹
2751 4719 3046 4791 Sequitur,
3073 4723 3449 4775 revereantur
3475 4724 3531 4774 et
3560 4727 3833 4788 pereant.

2184 4811 2312 4883 Ipse
2343 4827 2552 4866 sensus
2583 4812 2691 4877 est,
2728 4825 2900 4880 quem
2933 4808 3204 4881 superius
3234 4808 3544 4882 dixit,quia
3565 4807 3646 4864 ibi
3679 4824 3843 4865 reve-

2183 4899 2360 4955 rendo
2389 4915 2504 4953 non
2536 4897 2869 4970 proliciunt,
2903 4897 3004 4952 sed
3035 4901 3282 4969 pereunt
3310 4896 3411 4970 qui
3443 4897 3515 4952 ad
3547 4900 3838 4954 aztcrnum

2183 4987 2538 5061 supplicium
2569 4985 2958 5056 destinantur,
2991 4985 3213 5042 scilicet
3243 4985 3303 5042 in
3347 4983 3520 5042 malis
3567 4985 3836 5042 obstina-

2181 5079 2337 5134 tione
2359 5092 2608 5145 sua,non
2633 5065 3142 5148 praedestinatione
3162 5075 3537 5144 divina,sicut
3549 5091 3684 5130 mox
3695 5075 3839 5131 sub-

429 5153 710 5226 aediﬁcet:
727 5157 782 5212 si
797 5154 1098 5213 incluserit
1110 5161 1598 5231 ~hominem,nemo
1619 5170 1700 5217 est
1719 5166 1823 5236 qui
1840 5168 2073 5238 aperiat
2172 5165 2389 5238 junxit,
2423 5173 2476 5222 et
2505 5170 2857 5238 cognoscant
2886 5164 3020 5238 quia
3055 5180 3265 5220 nomen
3309 5165 3441 5232 tibi,
3469 5164 3734 5237 Domine,
3766 5169 3839 5221 tu

429 5243 580 5314 (cap.
609 5245 686 5316 5).
716 5245 1094 5319 Omnipotens
1137 5248 1291 5304 Deus
1322 5248 1648 5306 humanum
1676 5268 1775 5307 cor
1805 5255 2070 5324 destruit,

431 5345 567 5385 cum
597 5331 871 5406 relinquit
903 5353 916 5390 :
951 5336 1216 5406 aediﬁcat,
1253 5338 1392 5394 dum
1438 5339 1638 5412 replet.
1672 5341 1867 5415 Neque
1916 5345 2070 5402 enim

431 5416 752 5476 humanam
783 5429 1033 5481 mentem
1075 5425 1418 5484 debellando
1468 5429 1732 5498 destruit,
1767 5434 1868 5489 sed
1918 5453 2071 5492 rece-

431 5506 622 5562 dendo
658 5523 668 5563 :
699 5508 836 5581 quia
865 5514 935 5568 ad
965 5515 1353 5587 perditionem
1394 5533 1561 5572 suam
1594 5520 1811 5577 sufﬁcit
1840 5523 2071 5580 sibi.di-

431 5595 634 5655 missa.
663 5620 691 5649 ››
725 5599 868 5656 Item
893 5617 905 5656 :
932 5626 958 5652 ‹‹
993 5604 1051 5660 Si
1082 5605 1386 5662 incluserit
1415 5605 1731 5678 hominem,
1756 5612 1954 5670 nullus
1986 5619 2075 5671 est

430 5685 533 5768 qui
564 5688 787 5766 aperiat
821 5706 832 5747 :
869 5691 1007 5770 quia
1037 5693 1191 5754 sicut
1220 5712 1389 5754 nemo
1419 5695 1652 5756 obsistit
1689 5697 1946 5778 largitati
1973 5720 2071 5764 vo-

2179 5254 2338 5312 solus
2367 5253 2701 5309 Altissimus
2729 5253 2790 5309 in
2834 5253 2992 5310 omni
3035 5258 3200 5310 terra
3248 5252 3436 5323 (Psal.
3471 5269 3678 5320 nam,
3714 5253 3832 5322 19).

2182 5345 2546 5418 Cognoscant
2576 5343 2647 5398 ad
2698 5360 2882 5416 genus
2930 5343 3168 5416 respicit
3212 5347 3531 5416 utrumque
3575 5358 3838 5414 peccan-

2179 5435 2350 5502 tium,
2381 5431 2500 5490 sive
2549 5431 2650 5504 qui
2683 5430 3072 5488 obstinatione
3103 5449 3212 5488 sua
3239 5430 3482 5506 perituri
3511 5434 3674 5497 sunt,
3709 5429 3839 5488 sive

2183 5523 2282 5596 qui
2332 5522 2533 5578 habita
2585 5519 2981 5577 satisfactione
3028 5520 3372 5578 liberantur.
3405 5519 3621 5576 Omnes
3668 5519 3833 5578 enim

2182 5613 2536 5686 cognoscent
2565 5609 3050 5682 omnipotentiam
3075 5609 3327 5679 Domini,
3348 5608 3488 5683 quia
3516 5608 3641 5682 ipse
3662 5607 3833 5666 solus

2182 5706 2270 5762 est
2291 5696 2650 5771 Altissimus,
2683 5715 2818 5760 cum
2846 5699 2958 5777 ipsi
3008 5698 3401 5777 cognoverint,
3433 5703 3489 5758 et
3532 5699 3834 5792 conversip
