  <div class='ocr_page' id='page_1' title='image "/cluster/home/n/w/nwhite01/storage/ocr_20150623/125/umn.31951002477418t/092.png"; bbox 0 0 4002 6466; ppageno 0'>
   <div class='ocr_carea' id='block_1_1' title="bbox 176 456 278 518">
    <p class='ocr_par' dir='ltr' id='par_1_1' title="bbox 176 456 278 518">
     <span class='ocr_line' id='line_1_1' title="bbox 176 456 278 518; baseline -0.039 1"><span class='ocrx_word' id='word_1_1' title='bbox 176 456 278 518; x_wconf 67' lang='grc'>145</span> 
     </span>
    </p>
   </div>
   <div class='ocr_carea' id='block_1_2' title="bbox 878 453 2841 520">
    <p class='ocr_par' dir='ltr' id='par_1_2' title="bbox 878 453 2841 520">
     <span class='ocr_line' id='line_1_2' title="bbox 878 453 2841 520; baseline 0.001 -1"><span class='ocrx_word' id='word_1_2' title='bbox 878 458 981 519; x_wconf 88' lang='lat' dir='ltr'>DE</span> <span class='ocrx_word' id='word_1_3' title='bbox 1023 457 1781 520; x_wconf 63' lang='lat' dir='ltr'>PREDESTINATIONE</span> <span class='ocrx_word' id='word_1_4' title='bbox 1824 453 2338 518; x_wconf 74' lang='lat' dir='ltr'>DISSEBTATIO</span> <span class='ocrx_word' id='word_1_5' title='bbox 2381 455 2841 520; x_wconf 76' lang='lat' dir='ltr'>POSTERIOR.</span> 
     </span>
    </p>
   </div>
   <div class='ocr_carea' id='block_1_3' title="bbox 3570 410 3590 435">
    <p class='ocr_par' dir='ltr' id='par_1_3' title="bbox 3570 410 3590 435">
     <span class='ocr_line' id='line_1_3' title="bbox 3570 410 3590 435; baseline 0 0"><span class='ocrx_word' id='word_1_6' title='bbox 3570 410 3590 435; x_wconf 63' lang='lat'><strong>1</strong></span> 
     </span>
    </p>
   </div>
   <div class='ocr_carea' id='block_1_4' title="bbox 3442 458 3577 519">
    <p class='ocr_par' dir='ltr' id='par_1_4' title="bbox 3442 458 3577 519">
     <span class='ocr_line' id='line_1_4' title="bbox 3442 458 3577 519; baseline -0.007 0"><span class='ocrx_word' id='word_1_7' title='bbox 3442 458 3577 519; x_wconf 72' lang='lat'>146&#39;</span> 
     </span>
    </p>
   </div>
   <div class='ocr_carea' id='block_1_5' title="bbox 172 588 3554 665">
    <p class='ocr_par' dir='ltr' id='par_1_5' title="bbox 172 588 3554 665">
     <span class='ocr_line' id='line_1_5' title="bbox 172 588 3554 665; baseline 0.001 -18"><span class='ocrx_word' id='word_1_8' title='bbox 172 605 413 665; x_wconf 86' lang='lat' dir='ltr'>parcere,</span> <span class='ocrx_word' id='word_1_9' title='bbox 448 592 506 646; x_wconf 90' lang='lat' dir='ltr'>et</span> <span class='ocrx_word' id='word_1_10' title='bbox 531 588 851 648; x_wconf 88' lang='lat' dir='ltr'>obduratos</span> <span class='ocrx_word' id='word_1_11' title='bbox 878 596 1092 647; x_wconf 66' lang='lat' dir='ltr'>aeterna</span> <span class='ocrx_word' id='word_1_12' title='bbox 1129 591 1349 648; x_wconf 90' lang='lat' dir='ltr'>ultione</span> <span class='ocrx_word' id='word_1_13' title='bbox 1379 591 1657 647; x_wconf 90' lang='lat' dir='ltr'>damnare</span> <span class='ocrx_word' id='word_1_14' title='bbox 1688 612 1715 639; x_wconf 86' lang='lat'>»</span> <span class='ocrx_word' id='word_1_15' title='bbox 1735 590 1806 646; x_wconf 91' lang='lat' dir='ltr'>Et</span> <span class='ocrx_word' id='word_1_16' title='bbox 1832 589 1889 658; x_wconf 77' lang='grc' dir='ltr'><strong>Α</strong></span> <span class='ocrx_word' id='word_1_17' title='bbox 1918 590 2443 663; x_wconf 74' lang='lat' dir='ltr'>prmdestinationis</span> <span class='ocrx_word' id='word_1_18' title='bbox 2474 592 2733 648; x_wconf 76' lang='lat' dir='ltr'>effectus.</span> <span class='ocrx_word' id='word_1_19' title='bbox 2759 614 2786 643; x_wconf 78' lang='grc'><strong>››</strong></span> <span class='ocrx_word' id='word_1_20' title='bbox 2811 592 2880 647; x_wconf 84' lang='lat' dir='ltr'>Et</span> <span class='ocrx_word' id='word_1_21' title='bbox 2910 591 3044 649; x_wconf 91' lang='lat' dir='ltr'>item</span> <span class='ocrx_word' id='word_1_22' title='bbox 3079 591 3133 648; x_wconf 91' lang='lat' dir='ltr'>in</span> <span class='ocrx_word' id='word_1_23' title='bbox 3175 592 3376 650; x_wconf 88' lang='lat' dir='ltr'>eodem</span> <span class='ocrx_word' id='word_1_24' title='bbox 3405 591 3554 651; x_wconf 89' lang='lat' dir='ltr'>libro</span> 
     </span>
    </p>
   </div>
   <div class='ocr_carea' id='block_1_6' title="bbox 170 677 1805 737">
    <p class='ocr_par' dir='ltr' id='par_1_6' title="bbox 170 677 1805 737">
     <span class='ocr_line' id='line_1_6' title="bbox 170 677 1805 737; baseline 0 -2"><span class='ocrx_word' id='word_1_25' title='bbox 170 679 221 735; x_wconf 90' lang='lat' dir='ltr'>in</span> <span class='ocrx_word' id='word_1_26' title='bbox 252 677 481 735; x_wconf 85' lang='lat' dir='ltr'>Psalmo</span> <span class='ocrx_word' id='word_1_27' title='bbox 527 696 772 735; x_wconf 81' lang='lat' dir='ltr'>Lxxxvm</span> <span class='ocrx_word' id='word_1_28' title='bbox 806 695 818 735; x_wconf 91' lang='lat'><strong>:</strong></span> <span class='ocrx_word' id='word_1_29' title='bbox 858 701 880 729; x_wconf 79' lang='grc' dir='ltr'>ι</span> <span class='ocrx_word' id='word_1_30' title='bbox 915 681 1222 737; x_wconf 76' lang='lat' dir='ltr'>Dissolvisti</span> <span class='ocrx_word' id='word_1_31' title='bbox 1267 696 1392 736; x_wconf 81' lang='lat' dir='ltr'>eum</span> <span class='ocrx_word' id='word_1_32' title='bbox 1437 681 1504 736; x_wconf 81' lang='lat' dir='ltr'>ub</span> <span class='ocrx_word' id='word_1_33' title='bbox 1551 679 1805 737; x_wconf 78' lang='lat' dir='ltr'>emunda-</span> 
     </span>
    </p>
   </div>
   <div class='ocr_carea' id='block_1_7' title="bbox 169 768 1807 855">
    <p class='ocr_par' dir='ltr' id='par_1_7' title="bbox 169 768 1807 855">
     <span class='ocr_line' id='line_1_7' title="bbox 169 768 1807 855; baseline 0 -30"><span class='ocrx_word' id='word_1_34' title='bbox 169 772 317 855; x_wconf 70' lang='lat' dir='ltr'>tione,</span> <span class='ocrx_word' id='word_1_35' title='bbox 351 776 405 825; x_wconf 78' lang='lat' dir='ltr'>et</span> <span class='ocrx_word' id='word_1_36' title='bbox 430 768 611 824; x_wconf 74' lang='lat' dir='ltr'>sedem</span> <span class='ocrx_word' id='word_1_37' title='bbox 656 771 771 842; x_wconf 78' lang='lat' dir='ltr'>ejus</span> <span class='ocrx_word' id='word_1_38' title='bbox 834 772 890 824; x_wconf 83' lang='lat' dir='ltr'>in</span> <span class='ocrx_word' id='word_1_39' title='bbox 948 777 1093 827; x_wconf 79' lang='lat' dir='ltr'>terra</span> <span class='ocrx_word' id='word_1_40' title='bbox 1148 771 1417 827; x_wconf 74' lang='lat' dir='ltr'>collisisti.</span> <span class='ocrx_word' id='word_1_41' title='bbox 1454 772 1807 843; x_wconf 84' lang='lat' dir='ltr'>Frequenter</span> 
     </span>
    </p>
   </div>
   <div class='ocr_carea' id='block_1_8' title="bbox 165 856 1803 933">
    <p class='ocr_par' dir='ltr' id='par_1_8' title="bbox 165 856 1803 933">
     <span class='ocr_line' id='line_1_8' title="bbox 165 856 1803 933; baseline 0 -18"><span class='ocrx_word' id='word_1_42' title='bbox 165 858 431 916; x_wconf 87' lang='lat' dir='ltr'>emundat</span> <span class='ocrx_word' id='word_1_43' title='bbox 456 856 735 915; x_wconf 89' lang='lat' dir='ltr'>divinitas</span> <span class='ocrx_word' id='word_1_44' title='bbox 760 876 909 931; x_wconf 91' lang='lat' dir='ltr'>quos</span> <span class='ocrx_word' id='word_1_45' title='bbox 932 858 1206 933; x_wconf 84' lang='lat' dir='ltr'>ﬂagellat,</span> <span class='ocrx_word' id='word_1_46' title='bbox 1229 865 1295 916; x_wconf 92' lang='lat' dir='ltr'>ut</span> <span class='ocrx_word' id='word_1_47' title='bbox 1322 864 1637 933; x_wconf 87' lang='lat' dir='ltr'>purgatum</span> <span class='ocrx_word' id='word_1_48' title='bbox 1660 860 1803 915; x_wconf 88' lang='lat' dir='ltr'>reci-</span> 
     </span>
    </p>
   </div>
   <div class='ocr_carea' id='block_1_9' title="bbox 166 946 1804 1022">
    <p class='ocr_par' dir='ltr' id='par_1_9' title="bbox 166 946 1804 1022">
     <span class='ocr_line' id='line_1_9' title="bbox 166 946 1804 1022; baseline 0.001 -19"><span class='ocrx_word' id='word_1_49' title='bbox 166 946 273 1022; x_wconf 90' lang='lat' dir='ltr'>piat</span> <span class='ocrx_word' id='word_1_50' title='bbox 303 964 482 1020; x_wconf 87' lang='lat' dir='ltr'><strong>quem</strong></span> <span class='ocrx_word' id='word_1_51' title='bbox 516 948 769 1019; x_wconf 89' lang='lat' dir='ltr'>peccatis</span> <span class='ocrx_word' id='word_1_52' title='bbox 801 948 1104 1003; x_wconf 89' lang='lat' dir='ltr'>sordidum</span> <span class='ocrx_word' id='word_1_53' title='bbox 1138 950 1468 1022; x_wconf 76' lang='lat' dir='ltr'>respuebat,</span> <span class='ocrx_word' id='word_1_54' title='bbox 1497 965 1643 1021; x_wconf 90' lang='lat' dir='ltr'>quos</span> <span class='ocrx_word' id='word_1_55' title='bbox 1671 966 1804 1006; x_wconf 89' lang='lat' dir='ltr'>vero</span> 
     </span>
    </p>
   </div>
   <div class='ocr_carea' id='block_1_10' title="bbox 165 1035 1803 1110">
    <p class='ocr_par' dir='ltr' id='par_1_10' title="bbox 165 1035 1803 1110">
     <span class='ocr_line' id='line_1_10' title="bbox 165 1035 1803 1110; baseline 0 -17"><span class='ocrx_word' id='word_1_56' title='bbox 165 1038 230 1094; x_wconf 77' lang='lat' dir='ltr'>ab</span> <span class='ocrx_word' id='word_1_57' title='bbox 256 1036 677 1093; x_wconf 87' lang='lat' dir='ltr'>emundatione</span> <span class='ocrx_word' id='word_1_58' title='bbox 706 1035 989 1106; x_wconf 83' lang='lat' dir='ltr'>dissolvit,</span> <span class='ocrx_word' id='word_1_59' title='bbox 1024 1037 1081 1092; x_wconf 90' lang='lat' dir='ltr'>id</span> <span class='ocrx_word' id='word_1_60' title='bbox 1126 1042 1215 1093; x_wconf 90' lang='lat' dir='ltr'>est</span> <span class='ocrx_word' id='word_1_61' title='bbox 1251 1038 1514 1107; x_wconf 82' lang='lat' dir='ltr'>removit,</span> <span class='ocrx_word' id='word_1_62' title='bbox 1549 1038 1653 1093; x_wconf 88' lang='lat' dir='ltr'>hos</span> <span class='ocrx_word' id='word_1_63' title='bbox 1676 1040 1803 1110; x_wconf 88' lang='lat' dir='ltr'>jam</span> 
     </span>
    </p>
   </div>
   <div class='ocr_carea' id='block_1_11' title="bbox 164 1125 1806 1200">
    <p class='ocr_par' dir='ltr' id='par_1_11' title="bbox 164 1125 1806 1200">
     <span class='ocr_line' id='line_1_11' title="bbox 164 1125 1806 1200; baseline 0.001 -18"><span class='ocrx_word' id='word_1_64' title='bbox 164 1134 213 1182; x_wconf 90' lang='lat' dir='ltr'>et</span> <span class='ocrx_word' id='word_1_65' title='bbox 239 1127 522 1181; x_wconf 89' lang='lat' dir='ltr'>damnare</span> <span class='ocrx_word' id='word_1_66' title='bbox 551 1126 821 1181; x_wconf 90' lang='lat' dir='ltr'>decrevit.</span> <span class='ocrx_word' id='word_1_67' title='bbox 842 1128 1207 1199; x_wconf 85' lang='lat' dir='ltr'>Quapropter</span> <span class='ocrx_word' id='word_1_68' title='bbox 1236 1125 1353 1181; x_wconf 81' lang='lat' dir='ltr'>illis</span> <span class='ocrx_word' id='word_1_69' title='bbox 1385 1127 1479 1182; x_wconf 88' lang='lat' dir='ltr'>hic</span> <span class='ocrx_word' id='word_1_70' title='bbox 1510 1127 1806 1200; x_wconf 78' lang='lat' dir='ltr'>signiﬁcat</span> 
     </span>
    </p>
   </div>
   <div class='ocr_carea' id='block_1_12' title="bbox 161 1213 1806 1288">
    <p class='ocr_par' dir='ltr' id='par_1_12' title="bbox 161 1213 1806 1288">
     <span class='ocr_line' id='line_1_12' title="bbox 161 1213 1806 1288; baseline 0.001 -18"><span class='ocrx_word' id='word_1_71' title='bbox 161 1213 525 1286; x_wconf 65' lang='lat' dir='ltr'>Judmos,qui</span> <span class='ocrx_word' id='word_1_72' title='bbox 547 1214 941 1270; x_wconf 82' lang='lat' dir='ltr'>obstinatione</span> <span class='ocrx_word' id='word_1_73' title='bbox 972 1216 1187 1270; x_wconf 88' lang='lat' dir='ltr'>mentis</span> <span class='ocrx_word' id='word_1_74' title='bbox 1208 1215 1505 1270; x_wconf 85' lang='lat' dir='ltr'>Christum</span> <span class='ocrx_word' id='word_1_75' title='bbox 1534 1234 1806 1288; x_wconf 83' lang='lat' dir='ltr'>spernere</span> 
     </span>
    </p>
   </div>
   <div class='ocr_carea' id='block_1_13' title="bbox 164 1288 1802 1375">
    <p class='ocr_par' dir='ltr' id='par_1_13' title="bbox 164 1288 1802 1375">
     <span class='ocr_line' id='line_1_13' title="bbox 164 1288 1802 1375; baseline 0.001 -16"><span class='ocrx_word' id='word_1_76' title='bbox 164 1288 510 1359; x_wconf 78' lang='lat' dir='ltr'>maluerunt.</span> <span class='ocrx_word' id='word_1_77' title='bbox 532 1304 711 1359; x_wconf 86' lang='lat' dir='ltr'>Sedes</span> <span class='ocrx_word' id='word_1_78' title='bbox 734 1320 966 1375; x_wconf 91' lang='lat' dir='ltr'>quoque</span> <span class='ocrx_word' id='word_1_79' title='bbox 988 1320 1188 1359; x_wconf 89' lang='lat' dir='ltr'>eorum</span> <span class='ocrx_word' id='word_1_80' title='bbox 1213 1303 1268 1358; x_wconf 89' lang='lat' dir='ltr'>in</span> <span class='ocrx_word' id='word_1_81' title='bbox 1292 1308 1443 1359; x_wconf 87' lang='lat' dir='ltr'>terra</span> <span class='ocrx_word' id='word_1_82' title='bbox 1463 1304 1665 1359; x_wconf 89' lang='lat' dir='ltr'>collisa</span> <span class='ocrx_word' id='word_1_83' title='bbox 1695 1311 1802 1371; x_wconf 84' lang='lat' dir='ltr'>est,</span> 
     </span>
    </p>
   </div>
   <div class='ocr_carea' id='block_1_14' title="bbox 161 1392 1802 1466">
    <p class='ocr_par' dir='ltr' id='par_1_14' title="bbox 161 1392 1802 1466">
     <span class='ocr_line' id='line_1_14' title="bbox 161 1392 1802 1466; baseline 0.002 -20"><span class='ocrx_word' id='word_1_84' title='bbox 161 1392 385 1466; x_wconf 84' lang='lat' dir='ltr'>quando</span> <span class='ocrx_word' id='word_1_85' title='bbox 437 1396 784 1463; x_wconf 84' lang='lat' dir='ltr'>respuentes</span> <span class='ocrx_word' id='word_1_86' title='bbox 830 1409 1021 1465; x_wconf 78' lang='lat' dir='ltr'>regem</span> <span class='ocrx_word' id='word_1_87' title='bbox 1066 1393 1384 1447; x_wconf 90' lang='lat' dir='ltr'>Dominum</span> <span class='ocrx_word' id='word_1_88' title='bbox 1435 1394 1802 1462; x_wconf 87' lang='lat' dir='ltr'>salvatorem,</span> 
     </span>
    </p>
   </div>
   <div class='ocr_carea' id='block_1_15' title="bbox 160 1481 1805 1554">
    <p class='ocr_par' dir='ltr' id='par_1_15' title="bbox 160 1481 1805 1554">
     <span class='ocr_line' id='line_1_15' title="bbox 160 1481 1805 1554; baseline 0 -17"><span class='ocrx_word' id='word_1_89' title='bbox 160 1497 526 1553; x_wconf 84' lang='lat' dir='ltr'>nequaquam</span> <span class='ocrx_word' id='word_1_90' title='bbox 550 1481 621 1535; x_wconf 89' lang='lat' dir='ltr'>de</span> <span class='ocrx_word' id='word_1_91' title='bbox 650 1486 823 1551; x_wconf 87' lang='lat' dir='ltr'>gente</span> <span class='ocrx_word' id='word_1_92' title='bbox 844 1499 955 1536; x_wconf 83' lang='lat' dir='ltr'>sua</span> <span class='ocrx_word' id='word_1_93' title='bbox 971 1481 1300 1554; x_wconf 83' lang='lat' dir='ltr'>principem</span> <span class='ocrx_word' id='word_1_94' title='bbox 1324 1481 1569 1537; x_wconf 89' lang='lat' dir='ltr'>ulterius</span> <span class='ocrx_word' id='word_1_95' title='bbox 1592 1482 1805 1538; x_wconf 82' lang='lat' dir='ltr'>habere</span> 
     </span>
    </p>
   </div>
   <div class='ocr_carea' id='block_1_16' title="bbox 159 1570 1809 1644">
    <p class='ocr_par' dir='ltr' id='par_1_16' title="bbox 159 1570 1809 1644">
     <span class='ocr_line' id='line_1_16' title="bbox 159 1570 1809 1644; baseline 0.001 -17"><span class='ocrx_word' id='word_1_96' title='bbox 159 1575 514 1627; x_wconf 86' lang='lat' dir='ltr'>meruerunt.</span> <span class='ocrx_word' id='word_1_97' title='bbox 548 1570 730 1627; x_wconf 88' lang='lat' dir='ltr'>Sedes</span> <span class='ocrx_word' id='word_1_98' title='bbox 760 1570 917 1627; x_wconf 90' lang='lat' dir='ltr'>enim</span> <span class='ocrx_word' id='word_1_99' title='bbox 964 1587 1067 1643; x_wconf 90' lang='lat' dir='ltr'>pro</span> <span class='ocrx_word' id='word_1_100' title='bbox 1110 1587 1286 1641; x_wconf 79' lang='lat' dir='ltr'>regno</span> <span class='ocrx_word' id='word_1_101' title='bbox 1323 1573 1514 1644; x_wconf 84' lang='lat' dir='ltr'>posita</span> <span class='ocrx_word' id='word_1_102' title='bbox 1544 1578 1650 1628; x_wconf 90' lang='lat' dir='ltr'>est.</span> <span class='ocrx_word' id='word_1_103' title='bbox 1681 1596 1706 1622; x_wconf 79' lang='grc' dir='ltr'>υ</span> <span class='ocrx_word' id='word_1_104' title='bbox 1739 1574 1809 1629; x_wconf 87' lang='lat' dir='ltr'>Et</span> 
     </span>
    </p>
   </div>
   <div class='ocr_carea' id='block_1_17' title="bbox 158 1659 1806 1735">
    <p class='ocr_par' dir='ltr' id='par_1_17' title="bbox 158 1659 1806 1735">
     <span class='ocr_line' id='line_1_17' title="bbox 158 1659 1806 1735; baseline 0.001 -20"><span class='ocrx_word' id='word_1_105' title='bbox 158 1659 286 1715; x_wconf 87' lang='lat' dir='ltr'>item</span> <span class='ocrx_word' id='word_1_106' title='bbox 322 1660 383 1715; x_wconf 89' lang='lat' dir='ltr'>in</span> <span class='ocrx_word' id='word_1_107' title='bbox 416 1660 626 1716; x_wconf 88' lang='lat' dir='ltr'>eodem</span> <span class='ocrx_word' id='word_1_108' title='bbox 662 1676 712 1715; x_wconf 75' lang='grc' dir='ltr'>ει(</span> <span class='ocrx_word' id='word_1_109' title='bbox 738 1660 869 1731; x_wconf 86' lang='lat' dir='ltr'>Ipsa</span> <span class='ocrx_word' id='word_1_110' title='bbox 898 1663 987 1715; x_wconf 87' lang='lat' dir='ltr'>est</span> <span class='ocrx_word' id='word_1_111' title='bbox 1016 1660 1398 1716; x_wconf 87' lang='lat' dir='ltr'>commutatio</span> <span class='ocrx_word' id='word_1_112' title='bbox 1421 1660 1656 1727; x_wconf 87' lang='lat' dir='ltr'>Christi,</span> <span class='ocrx_word' id='word_1_113' title='bbox 1680 1679 1806 1735; x_wconf 67' lang='lat' dir='ltr'>quae</span> 
     </span>
    </p>
   </div>
   <div class='ocr_carea' id='block_1_18' title="bbox 157 1747 1805 1821">
    <p class='ocr_par' dir='ltr' id='par_1_18' title="bbox 157 1747 1805 1821">
     <span class='ocr_line' id='line_1_18' title="bbox 157 1747 1805 1821; baseline 0.001 -16"><span class='ocrx_word' id='word_1_114' title='bbox 157 1748 478 1806; x_wconf 85' lang='lat' dir='ltr'>obstinatos</span> <span class='ocrx_word' id='word_1_115' title='bbox 499 1747 841 1815; x_wconf 88' lang='lat' dir='ltr'>deseruit,et</span> <span class='ocrx_word' id='word_1_116' title='bbox 865 1748 1064 1804; x_wconf 89' lang='lat' dir='ltr'>fideles</span> <span class='ocrx_word' id='word_1_117' title='bbox 1084 1749 1235 1804; x_wconf 90' lang='lat' dir='ltr'>dono</span> <span class='ocrx_word' id='word_1_118' title='bbox 1260 1767 1377 1804; x_wconf 72' lang='lat' dir='ltr'>sua)</span> <span class='ocrx_word' id='word_1_119' title='bbox 1400 1750 1633 1821; x_wconf 86' lang='lat' dir='ltr'>pietatis</span> <span class='ocrx_word' id='word_1_120' title='bbox 1657 1750 1805 1806; x_wconf 88' lang='lat' dir='ltr'>asci-</span> 
     </span>
    </p>
   </div>
   <div class='ocr_carea' id='block_1_19' title="bbox 156 1835 1805 1911">
    <p class='ocr_par' dir='ltr' id='par_1_19' title="bbox 156 1835 1805 1911">
     <span class='ocr_line' id='line_1_19' title="bbox 156 1835 1805 1911; baseline 0.002 -21"><span class='ocrx_word' id='word_1_121' title='bbox 156 1837 246 1892; x_wconf 77' lang='lat' dir='ltr'>vit.</span> <span class='ocrx_word' id='word_1_122' title='bbox 274 1862 301 1886; x_wconf 85' lang='grc'><strong><em>››</em></strong></span> <span class='ocrx_word' id='word_1_123' title='bbox 323 1838 395 1893; x_wconf 79' lang='lat' dir='ltr'>Et</span> <span class='ocrx_word' id='word_1_124' title='bbox 426 1837 487 1892; x_wconf 88' lang='lat' dir='ltr'>in</span> <span class='ocrx_word' id='word_1_125' title='bbox 520 1835 754 1892; x_wconf 87' lang='lat' dir='ltr'>Psalmo</span> <span class='ocrx_word' id='word_1_126' title='bbox 784 1853 957 1893; x_wconf 86' lang='lat' dir='ltr'>cvm:</span> <span class='ocrx_word' id='word_1_127' title='bbox 982 1837 1113 1893; x_wconf 90' lang='lat' dir='ltr'>Sive</span> <span class='ocrx_word' id='word_1_128' title='bbox 1145 1837 1333 1911; x_wconf 87' lang='lat' dir='ltr'>magis</span> <span class='ocrx_word' id='word_1_129' title='bbox 1365 1856 1483 1893; x_wconf 93' lang='lat' dir='ltr'>una</span> <span class='ocrx_word' id='word_1_130' title='bbox 1511 1838 1805 1911; x_wconf 84' lang='lat' dir='ltr'>generatio</span> 
     </span>
    </p>
   </div>
   <div class='ocr_carea' id='block_1_20' title="bbox 1913 681 3553 754">
    <p class='ocr_par' dir='ltr' id='par_1_20' title="bbox 1913 681 3553 754">
     <span class='ocr_line' id='line_1_20' title="bbox 1913 681 3553 754; baseline 0.002 -19"><span class='ocrx_word' id='word_1_131' title='bbox 1913 683 2050 754; x_wconf 82' lang='lat' dir='ltr'>(mp.</span> <span class='ocrx_word' id='word_1_132' title='bbox 2070 684 2125 750; x_wconf 88' lang='lat'>8)</span> <span class='ocrx_word' id='word_1_133' title='bbox 2148 698 2203 735; x_wconf 84' lang='grc'>;‹‹</span> <span class='ocrx_word' id='word_1_134' title='bbox 2229 681 2345 735; x_wconf 93' lang='lat' dir='ltr'>Cur</span> <span class='ocrx_word' id='word_1_135' title='bbox 2373 698 2508 753; x_wconf 87' lang='lat' dir='ltr'>ergo</span> <span class='ocrx_word' id='word_1_136' title='bbox 2549 699 2663 737; x_wconf 91' lang='lat' dir='ltr'>non</span> <span class='ocrx_word' id='word_1_137' title='bbox 2696 699 2897 737; x_wconf 90' lang='lat' dir='ltr'>omnes</span> <span class='ocrx_word' id='word_1_138' title='bbox 2927 683 3093 737; x_wconf 79' lang='lat' dir='ltr'>docet</span> <span class='ocrx_word' id='word_1_139' title='bbox 3124 687 3189 737; x_wconf 91' lang='lat' dir='ltr'>ut</span> <span class='ocrx_word' id='word_1_140' title='bbox 3216 682 3449 739; x_wconf 84' lang='lat' dir='ltr'>veniant</span> <span class='ocrx_word' id='word_1_141' title='bbox 3480 683 3553 739; x_wconf 85' lang='lat' dir='ltr'>ad</span> 
     </span>
    </p>
   </div>
   <div class='ocr_carea' id='block_1_21' title="bbox 1911 770 3557 843">
    <p class='ocr_par' dir='ltr' id='par_1_21' title="bbox 1911 770 3557 843">
     <span class='ocr_line' id='line_1_21' title="bbox 1911 770 3557 843; baseline 0.001 -16"><span class='ocrx_word' id='word_1_142' title='bbox 1911 771 2231 839; x_wconf 82' lang='lat' dir='ltr'>Christum,</span> <span class='ocrx_word' id='word_1_143' title='bbox 2258 770 2524 843; x_wconf 88' lang='lat' dir='ltr'>nisiquia</span> <span class='ocrx_word' id='word_1_144' title='bbox 2552 788 2755 827; x_wconf 84' lang='lat' dir='ltr'>omnes</span> <span class='ocrx_word' id='word_1_145' title='bbox 2785 788 2932 843; x_wconf 89' lang='lat' dir='ltr'>quos</span> <span class='ocrx_word' id='word_1_146' title='bbox 2965 772 3130 826; x_wconf 91' lang='lat' dir='ltr'>docet</span> <span class='ocrx_word' id='word_1_147' title='bbox 3161 771 3557 829; x_wconf 85' lang='lat' dir='ltr'>misericordia</span> 
     </span>
    </p>
   </div>
   <div class='ocr_carea' id='block_1_22' title="bbox 1913 860 3555 933">
    <p class='ocr_par' dir='ltr' id='par_1_22' title="bbox 1913 860 3555 933">
     <span class='ocr_line' id='line_1_22' title="bbox 1913 860 3555 933; baseline 0.003 -18"><span class='ocrx_word' id='word_1_148' title='bbox 1913 860 2099 927; x_wconf 88' lang='lat' dir='ltr'>docet,</span> <span class='ocrx_word' id='word_1_149' title='bbox 2135 878 2280 933; x_wconf 90' lang='lat' dir='ltr'>quos</span> <span class='ocrx_word' id='word_1_150' title='bbox 2311 865 2507 916; x_wconf 90' lang='lat' dir='ltr'>autem</span> <span class='ocrx_word' id='word_1_151' title='bbox 2556 878 2669 916; x_wconf 92' lang='lat' dir='ltr'>non</span> <span class='ocrx_word' id='word_1_152' title='bbox 2703 863 2887 928; x_wconf 89' lang='lat' dir='ltr'>docet,</span> <span class='ocrx_word' id='word_1_153' title='bbox 2914 861 3136 933; x_wconf 88' lang='lat' dir='ltr'>judicio</span> <span class='ocrx_word' id='word_1_154' title='bbox 3192 879 3307 917; x_wconf 89' lang='lat' dir='ltr'>non</span> <span class='ocrx_word' id='word_1_155' title='bbox 3339 863 3555 919; x_wconf 86' lang='lat' dir='ltr'>docet?</span> 
     </span>
    </p>
   </div>
   <div class='ocr_carea' id='block_1_23' title="bbox 1913 949 3554 1022">
    <p class='ocr_par' dir='ltr' id='par_1_23' title="bbox 1913 949 3554 1022">
     <span class='ocr_line' id='line_1_23' title="bbox 1913 949 3554 1022; baseline 0.004 -18"><span class='ocrx_word' id='word_1_156' title='bbox 1913 949 2191 1022; x_wconf 89' lang='lat' dir='ltr'>quoniam</span> <span class='ocrx_word' id='word_1_157' title='bbox 2223 950 2391 1021; x_wconf 72' lang='lat' dir='ltr'>cujus</span> <span class='ocrx_word' id='word_1_158' title='bbox 2424 949 2546 1004; x_wconf 87' lang='lat' dir='ltr'>vult</span> <span class='ocrx_word' id='word_1_159' title='bbox 2575 949 2902 1013; x_wconf 87' lang='lat' dir='ltr'>miseretur,</span> <span class='ocrx_word' id='word_1_160' title='bbox 2927 955 2983 1004; x_wconf 89' lang='lat' dir='ltr'>et</span> <span class='ocrx_word' id='word_1_161' title='bbox 3012 968 3186 1022; x_wconf 87' lang='lat' dir='ltr'>quem</span> <span class='ocrx_word' id='word_1_162' title='bbox 3219 951 3341 1006; x_wconf 84' lang='lat' dir='ltr'>vult</span> <span class='ocrx_word' id='word_1_163' title='bbox 3370 953 3554 1011; x_wconf 88' lang='lat' dir='ltr'>obdu-</span> 
     </span>
    </p>
   </div>
   <div class='ocr_carea' id='block_1_24' title="bbox 1914 1040 3558 1113">
    <p class='ocr_par' dir='ltr' id='par_1_24' title="bbox 1914 1040 3558 1113">
     <span class='ocr_line' id='line_1_24' title="bbox 1914 1040 3558 1113; baseline 0.003 -20"><span class='ocrx_word' id='word_1_164' title='bbox 1914 1044 2031 1107; x_wconf 88' lang='lat' dir='ltr'>rat;</span> <span class='ocrx_word' id='word_1_165' title='bbox 2057 1040 2156 1094; x_wconf 88' lang='lat' dir='ltr'>sed</span> <span class='ocrx_word' id='word_1_166' title='bbox 2189 1040 2497 1095; x_wconf 89' lang='lat' dir='ltr'>miseretur</span> <span class='ocrx_word' id='word_1_167' title='bbox 2526 1040 2677 1095; x_wconf 88' lang='lat' dir='ltr'>bona</span> <span class='ocrx_word' id='word_1_168' title='bbox 2701 1040 3247 1107; x_wconf 87' lang='lat' dir='ltr'>tribuens,obdurat</span> <span class='ocrx_word' id='word_1_169' title='bbox 3271 1040 3447 1113; x_wconf 89' lang='lat' dir='ltr'>digna</span> <span class='ocrx_word' id='word_1_170' title='bbox 3476 1059 3558 1099; x_wconf 85' lang='lat' dir='ltr'>re-</span> 
     </span>
    </p>
   </div>
   <div class='ocr_carea' id='block_1_25' title="bbox 1915 1116 3558 1201">
    <p class='ocr_par' dir='ltr' id='par_1_25' title="bbox 1915 1116 3558 1201">
     <span class='ocr_line' id='line_1_25' title="bbox 1915 1116 3558 1201; baseline 0.004 -18"><span class='ocrx_word' id='word_1_171' title='bbox 1915 1128 2463 1184; x_wconf 77' lang='lat' dir='ltr'>tribuens.»Etitem</span> <span class='ocrx_word' id='word_1_172' title='bbox 2478 1116 3084 1201; x_wconf 76' lang='lat' dir='ltr'>sanctusAugustinns</span> <span class='ocrx_word' id='word_1_173' title='bbox 3098 1128 3155 1185; x_wconf 92' lang='lat' dir='ltr'>in</span> <span class='ocrx_word' id='word_1_174' title='bbox 3174 1130 3321 1185; x_wconf 91' lang='lat' dir='ltr'>libro</span> <span class='ocrx_word' id='word_1_175' title='bbox 3333 1132 3404 1187; x_wconf 87' lang='lat' dir='ltr'>de</span> <span class='ocrx_word' id='word_1_176' title='bbox 3419 1133 3558 1189; x_wconf 70' lang='lat' dir='ltr'>Prte-</span> 
     </span>
    </p>
   </div>
   <div class='ocr_carea' id='block_1_26' title="bbox 1914 1217 3557 1294">
    <p class='ocr_par' dir='ltr' id='par_1_26' title="bbox 1914 1217 3557 1294">
     <span class='ocr_line' id='line_1_26' title="bbox 1914 1217 3557 1294; baseline 0.004 -22"><span class='ocrx_word' id='word_1_177' title='bbox 1914 1217 2300 1273; x_wconf 89' lang='lat' dir='ltr'>destinatione</span> <span class='ocrx_word' id='word_1_178' title='bbox 2331 1218 2526 1289; x_wconf 66' lang='lat' dir='ltr'>gratia:</span> <span class='ocrx_word' id='word_1_179' title='bbox 2550 1218 2687 1289; x_wconf 79' lang='lat' dir='ltr'>(mp.</span> <span class='ocrx_word' id='word_1_180' title='bbox 2714 1219 2763 1284; x_wconf 76' lang='grc'>4,</span> <span class='ocrx_word' id='word_1_181' title='bbox 2789 1221 2842 1286; x_wconf 76' lang='grc'>5)</span> <span class='ocrx_word' id='word_1_182' title='bbox 2864 1236 2911 1272; x_wconf 83' lang='grc'>;‹‹</span> <span class='ocrx_word' id='word_1_183' title='bbox 2938 1220 3084 1289; x_wconf 73' lang='lat' dir='ltr'>Ergo</span> <span class='ocrx_word' id='word_1_184' title='bbox 3107 1220 3391 1292; x_wconf 86' lang='lat' dir='ltr'>quidquid</span> <span class='ocrx_word' id='word_1_185' title='bbox 3424 1227 3557 1294; x_wconf 86' lang='lat' dir='ltr'>post</span> 
     </span>
    </p>
   </div>
   <div class='ocr_carea' id='block_1_27' title="bbox 1914 1306 3554 1382">
    <p class='ocr_par' dir='ltr' id='par_1_27' title="bbox 1914 1306 3554 1382">
     <span class='ocr_line' id='line_1_27' title="bbox 1914 1306 3554 1382; baseline 0.004 -21"><span class='ocrx_word' id='word_1_186' title='bbox 1914 1306 2071 1361; x_wconf 89' lang='lat' dir='ltr'>illam</span> <span class='ocrx_word' id='word_1_187' title='bbox 2098 1306 2625 1377; x_wconf 74' lang='lat' dir='ltr'>prmvarieutiouem</span> <span class='ocrx_word' id='word_1_188' title='bbox 2646 1310 2818 1361; x_wconf 88' lang='lat' dir='ltr'>natus</span> <span class='ocrx_word' id='word_1_189' title='bbox 2837 1306 3103 1379; x_wconf 73' lang='lat' dir='ltr'>supplicii</span> <span class='ocrx_word' id='word_1_190' title='bbox 3125 1308 3296 1366; x_wconf 87' lang='lat' dir='ltr'>homo</span> <span class='ocrx_word' id='word_1_191' title='bbox 3316 1310 3554 1382; x_wconf 82' lang='lat' dir='ltr'>patitur,</span> 
     </span>
    </p>
   </div>
   <div class='ocr_carea' id='block_1_28' title="bbox 1905 1393 3556 1467">
    <p class='ocr_par' dir='ltr' id='par_1_28' title="bbox 1905 1393 3556 1467">
     <span class='ocr_line' id='line_1_28' title="bbox 1905 1393 3556 1467; baseline 0.004 -18"><span class='ocrx_word' id='word_1_192' title='bbox 1905 1394 2053 1467; x_wconf 89' lang='lat' dir='ltr'>justi</span> <span class='ocrx_word' id='word_1_193' title='bbox 2079 1393 2592 1466; x_wconf 42' lang='lat' dir='ltr'>reddiZmeritoque</span> <span class='ocrx_word' id='word_1_194' title='bbox 2625 1398 2893 1451; x_wconf 84' lang='lat' dir='ltr'>fateatur.</span> <span class='ocrx_word' id='word_1_195' title='bbox 2920 1397 3195 1453; x_wconf 84' lang='lat' dir='ltr'>Indurare</span> <span class='ocrx_word' id='word_1_196' title='bbox 3225 1399 3380 1453; x_wconf 91' lang='lat' dir='ltr'>enim</span> <span class='ocrx_word' id='word_1_197' title='bbox 3414 1399 3556 1455; x_wconf 89' lang='lat' dir='ltr'>dici-</span> 
     </span>
    </p>
   </div>
   <div class='ocr_carea' id='block_1_29' title="bbox 1915 1485 3561 1556">
    <p class='ocr_par' dir='ltr' id='par_1_29' title="bbox 1915 1485 3561 1556">
     <span class='ocr_line' id='line_1_29' title="bbox 1915 1485 3561 1556; baseline 0.002 -16"><span class='ocrx_word' id='word_1_198' title='bbox 1915 1490 2011 1540; x_wconf 88' lang='lat' dir='ltr'>tur</span> <span class='ocrx_word' id='word_1_199' title='bbox 2029 1485 2182 1540; x_wconf 87' lang='lat' dir='ltr'>Deus</span> <span class='ocrx_word' id='word_1_200' title='bbox 2199 1501 2535 1556; x_wconf 89' lang='lat' dir='ltr'>eum,quem</span> <span class='ocrx_word' id='word_1_201' title='bbox 2555 1485 2780 1540; x_wconf 90' lang='lat' dir='ltr'>mollire</span> <span class='ocrx_word' id='word_1_202' title='bbox 2801 1486 3068 1541; x_wconf 90' lang='lat' dir='ltr'>noluerit.</span> <span class='ocrx_word' id='word_1_203' title='bbox 3085 1488 3177 1543; x_wconf 88' lang='lat' dir='ltr'>Sic</span> <span class='ocrx_word' id='word_1_204' title='bbox 3196 1488 3371 1543; x_wconf 90' lang='lat' dir='ltr'>etiam</span> <span class='ocrx_word' id='word_1_205' title='bbox 3389 1506 3561 1544; x_wconf 69' lang='lat' dir='ltr'>excas-</span> 
     </span>
    </p>
   </div>
   <div class='ocr_carea' id='block_1_30' title="bbox 1914 1573 3559 1646">
    <p class='ocr_par' dir='ltr' id='par_1_30' title="bbox 1914 1573 3559 1646">
     <span class='ocr_line' id='line_1_30' title="bbox 1914 1573 3559 1646; baseline 0.002 -15"><span class='ocrx_word' id='word_1_206' title='bbox 1914 1591 2044 1631; x_wconf 88' lang='lat' dir='ltr'>eare</span> <span class='ocrx_word' id='word_1_207' title='bbox 2066 1574 2347 1629; x_wconf 89' lang='lat' dir='ltr'>dicendus</span> <span class='ocrx_word' id='word_1_208' title='bbox 2369 1578 2458 1629; x_wconf 87' lang='lat' dir='ltr'>est</span> <span class='ocrx_word' id='word_1_209' title='bbox 2474 1591 2606 1629; x_wconf 89' lang='lat' dir='ltr'>eum</span> <span class='ocrx_word' id='word_1_210' title='bbox 2626 1591 2799 1646; x_wconf 90' lang='lat' dir='ltr'>quem</span> <span class='ocrx_word' id='word_1_211' title='bbox 2822 1573 3155 1631; x_wconf 88' lang='lat' dir='ltr'>illuminare</span> <span class='ocrx_word' id='word_1_212' title='bbox 3178 1576 3559 1635; x_wconf 88' lang='lat' dir='ltr'>noluerit.Sic</span> 
     </span>
    </p>
   </div>
   <div class='ocr_carea' id='block_1_31' title="bbox 1914 1661 3559 1741">
    <p class='ocr_par' dir='ltr' id='par_1_31' title="bbox 1914 1661 3559 1741">
     <span class='ocr_line' id='line_1_31' title="bbox 1914 1661 3559 1741; baseline 0.003 -22"><span class='ocrx_word' id='word_1_213' title='bbox 1914 1662 2090 1719; x_wconf 86' lang='lat' dir='ltr'>etiam</span> <span class='ocrx_word' id='word_1_214' title='bbox 2150 1661 2422 1734; x_wconf 88' lang='lat' dir='ltr'>repellere</span> <span class='ocrx_word' id='word_1_215' title='bbox 2461 1679 2616 1731; x_wconf 90' lang='lat' dir='ltr'>eum,</span> <span class='ocrx_word' id='word_1_216' title='bbox 2652 1680 2826 1735; x_wconf 89' lang='lat' dir='ltr'>quem</span> <span class='ocrx_word' id='word_1_217' title='bbox 2858 1681 3059 1720; x_wconf 88' lang='lat' dir='ltr'>vocare</span> <span class='ocrx_word' id='word_1_218' title='bbox 3117 1666 3383 1722; x_wconf 86' lang='lat' dir='ltr'>noluerit.</span> <span class='ocrx_word' id='word_1_219' title='bbox 3409 1673 3559 1741; x_wconf 75' lang='lat' dir='ltr'>Quos</span> 
     </span>
    </p>
   </div>
   <div class='ocr_carea' id='block_1_32' title="bbox 1913 1752 3555 1827">
    <p class='ocr_par' dir='ltr' id='par_1_32' title="bbox 1913 1752 3555 1827">
     <span class='ocr_line' id='line_1_32' title="bbox 1913 1752 3555 1827; baseline 0.002 -18"><span class='ocrx_word' id='word_1_220' title='bbox 1913 1754 2062 1809; x_wconf 83' lang='lat' dir='ltr'>enim</span> <span class='ocrx_word' id='word_1_221' title='bbox 2090 1752 2520 1824; x_wconf 66' lang='lat' dir='ltr'>praedestinavit,</span> <span class='ocrx_word' id='word_1_222' title='bbox 2542 1752 2665 1807; x_wconf 75' lang='lat' dir='ltr'>illos</span> <span class='ocrx_word' id='word_1_223' title='bbox 2685 1759 2735 1808; x_wconf 82' lang='lat' dir='ltr'>et</span> <span class='ocrx_word' id='word_1_224' title='bbox 2757 1755 2976 1823; x_wconf 80' lang='lat' dir='ltr'>vocavit,</span> <span class='ocrx_word' id='word_1_225' title='bbox 2995 1755 3116 1809; x_wconf 83' lang='lat' dir='ltr'>illos</span> <span class='ocrx_word' id='word_1_226' title='bbox 3145 1765 3197 1810; x_wconf 83' lang='lat' dir='ltr'>ct</span> <span class='ocrx_word' id='word_1_227' title='bbox 3213 1757 3555 1827; x_wconf 73' lang='lat' dir='ltr'>justi/ienuit.</span> 
     </span>
    </p>
   </div>
   <div class='ocr_carea' id='block_1_33' title="bbox 1916 1838 3553 1915">
    <p class='ocr_par' dir='ltr' id='par_1_33' title="bbox 1916 1838 3553 1915">
     <span class='ocr_line' id='line_1_33' title="bbox 1916 1838 3553 1915; baseline 0.002 -17"><span class='ocrx_word' id='word_1_228' title='bbox 1916 1842 2044 1914; x_wconf 81' lang='lat' dir='ltr'>Ipse</span> <span class='ocrx_word' id='word_1_229' title='bbox 2066 1840 2220 1896; x_wconf 89' lang='lat' dir='ltr'>enim</span> <span class='ocrx_word' id='word_1_230' title='bbox 2237 1840 2397 1895; x_wconf 87' lang='lat' dir='ltr'>dedit</span> <span class='ocrx_word' id='word_1_231' title='bbox 2416 1844 2479 1895; x_wconf 89' lang='lat' dir='ltr'>ut</span> <span class='ocrx_word' id='word_1_232' title='bbox 2498 1838 2703 1907; x_wconf 86' lang='lat' dir='ltr'>simus,</span> <span class='ocrx_word' id='word_1_233' title='bbox 2722 1842 2842 1912; x_wconf 87' lang='lat' dir='ltr'>ipse</span> <span class='ocrx_word' id='word_1_234' title='bbox 2861 1846 2923 1896; x_wconf 89' lang='lat' dir='ltr'>ut</span> <span class='ocrx_word' id='word_1_235' title='bbox 2944 1842 3076 1897; x_wconf 75' lang='lat' dir='ltr'>boni</span> <span class='ocrx_word' id='word_1_236' title='bbox 3095 1861 3219 1899; x_wconf 87' lang='lat' dir='ltr'>esse</span> <span class='ocrx_word' id='word_1_237' title='bbox 3240 1846 3553 1915; x_wconf 87' lang='lat' dir='ltr'>possimus.</span> 
     </span>
    </p>
   </div>
   <div class='ocr_carea' id='block_1_34' title="bbox 157 1925 3554 2024">
    <p class='ocr_par' dir='ltr' id='par_1_34' title="bbox 157 1925 3554 2024">
     <span class='ocr_line' id='line_1_34' title="bbox 157 1925 3554 2024; baseline 0.003 -43"><span class='ocrx_word' id='word_1_238' title='bbox 157 1926 248 1982; x_wconf 86' lang='lat' dir='ltr'>illa</span> <span class='ocrx_word' id='word_1_239' title='bbox 275 1925 532 1982; x_wconf 89' lang='lat' dir='ltr'>dicenda</span> <span class='ocrx_word' id='word_1_240' title='bbox 580 1930 689 1991; x_wconf 88' lang='lat' dir='ltr'>est,</span> <span class='ocrx_word' id='word_1_241' title='bbox 716 1926 951 1998; x_wconf 88' lang='lat' dir='ltr'>quando</span> <span class='ocrx_word' id='word_1_242' title='bbox 982 1926 1038 1981; x_wconf 90' lang='lat' dir='ltr'>in</span> <span class='ocrx_word' id='word_1_243' title='bbox 1074 1926 1325 1999; x_wconf 88' lang='lat' dir='ltr'>peccatis</span> <span class='ocrx_word' id='word_1_244' title='bbox 1376 1926 1672 1983; x_wconf 86' lang='lat' dir='ltr'>nascimur</span> <span class='ocrx_word' id='word_1_245' title='bbox 1704 1945 1717 1983; x_wconf 90' lang='lat'>:</span> <span class='ocrx_word' id='word_1_246' title='bbox 1750 1931 1808 1983; x_wconf 88' lang='lat' dir='ltr'>et</span> <span class='ocrx_word' id='word_1_247' title='bbox 1835 1958 1884 2024; x_wconf 79' lang='grc' dir='ltr'><strong>Β</strong></span> <span class='ocrx_word' id='word_1_248' title='bbox 1916 1929 2207 1986; x_wconf 69' lang='grc' dir='ltr'>Ριιευεείνίι</span> <span class='ocrx_word' id='word_1_249' title='bbox 2236 1947 2341 1984; x_wconf 90' lang='lat' dir='ltr'>nos</span> <span class='ocrx_word' id='word_1_250' title='bbox 2374 1930 2502 1999; x_wconf 83' lang='lat' dir='ltr'>ejus</span> <span class='ocrx_word' id='word_1_251' title='bbox 2532 1928 2827 1995; x_wconf 84' lang='lat' dir='ltr'>divinitas,</span> <span class='ocrx_word' id='word_1_252' title='bbox 2851 1932 3136 2001; x_wconf 83' lang='lat' dir='ltr'>sapientia</span> <span class='ocrx_word' id='word_1_253' title='bbox 3159 1933 3554 2006; x_wconf 87' lang='lat' dir='ltr'>condidit,ju-</span> 
     </span>
    </p>
   </div>
   <div class='ocr_carea' id='block_1_35' title="bbox 157 2015 1803 2089">
    <p class='ocr_par' dir='ltr' id='par_1_35' title="bbox 157 2015 1803 2089">
     <span class='ocr_line' id='line_1_35' title="bbox 157 2015 1803 2089; baseline 0.001 -19"><span class='ocrx_word' id='word_1_254' title='bbox 157 2015 274 2072; x_wconf 89' lang='lat' dir='ltr'>ideo</span> <span class='ocrx_word' id='word_1_255' title='bbox 304 2015 457 2089; x_wconf 86' lang='lat' dir='ltr'>petit</span> <span class='ocrx_word' id='word_1_256' title='bbox 489 2019 556 2071; x_wconf 90' lang='lat' dir='ltr'>ut</span> <span class='ocrx_word' id='word_1_257' title='bbox 586 2016 659 2069; x_wconf 88' lang='lat' dir='ltr'>ad</span> <span class='ocrx_word' id='word_1_258' title='bbox 706 2015 1044 2083; x_wconf 88' lang='lat' dir='ltr'>secundam,</span> <span class='ocrx_word' id='word_1_259' title='bbox 1080 2015 1137 2069; x_wconf 89' lang='lat' dir='ltr'>id</span> <span class='ocrx_word' id='word_1_260' title='bbox 1168 2019 1257 2071; x_wconf 89' lang='lat' dir='ltr'>est</span> <span class='ocrx_word' id='word_1_261' title='bbox 1287 2015 1803 2088; x_wconf 85' lang='lat' dir='ltr'>regenerationem,</span> 
     </span>
    </p>
   </div>
   <div class='ocr_carea' id='block_1_36' title="bbox 156 2104 1803 2178">
    <p class='ocr_par' dir='ltr' id='par_1_36' title="bbox 156 2104 1803 2178">
     <span class='ocr_line' id='line_1_36' title="bbox 156 2104 1803 2178; baseline 0.002 -18"><span class='ocrx_word' id='word_1_262' title='bbox 156 2121 259 2161; x_wconf 89' lang='lat' dir='ltr'>non</span> <span class='ocrx_word' id='word_1_263' title='bbox 292 2104 664 2178; x_wconf 83' lang='lat' dir='ltr'>perveniant.</span> <span class='ocrx_word' id='word_1_264' title='bbox 694 2104 800 2170; x_wconf 89' lang='lat' dir='ltr'>Qui</span> <span class='ocrx_word' id='word_1_265' title='bbox 842 2108 1037 2159; x_wconf 89' lang='lat' dir='ltr'>tamen</span> <span class='ocrx_word' id='word_1_266' title='bbox 1084 2104 1139 2159; x_wconf 91' lang='lat' dir='ltr'>in</span> <span class='ocrx_word' id='word_1_267' title='bbox 1181 2104 1686 2177; x_wconf 73' lang='lat' dir='ltr'>prmdestinatione</span> <span class='ocrx_word' id='word_1_268' title='bbox 1718 2123 1803 2163; x_wconf 86' lang='lat' dir='ltr'>re-</span> 
     </span>
    </p>
   </div>
   <div class='ocr_carea' id='block_1_37' title="bbox 155 2192 1807 2267">
    <p class='ocr_par' dir='ltr' id='par_1_37' title="bbox 155 2192 1807 2267">
     <span class='ocr_line' id='line_1_37' title="bbox 155 2192 1807 2267; baseline 0.001 -17"><span class='ocrx_word' id='word_1_269' title='bbox 155 2193 298 2267; x_wconf 88' lang='lat' dir='ltr'>pulsi</span> <span class='ocrx_word' id='word_1_270' title='bbox 349 2199 523 2265; x_wconf 88' lang='lat' dir='ltr'>sunt,</span> <span class='ocrx_word' id='word_1_271' title='bbox 549 2197 613 2248; x_wconf 91' lang='lat' dir='ltr'>ut</span> <span class='ocrx_word' id='word_1_272' title='bbox 643 2192 702 2248; x_wconf 91' lang='lat' dir='ltr'>in</span> <span class='ocrx_word' id='word_1_273' title='bbox 735 2192 925 2266; x_wconf 89' lang='lat' dir='ltr'>prima</span> <span class='ocrx_word' id='word_1_274' title='bbox 954 2199 1323 2266; x_wconf 87' lang='lat' dir='ltr'>peccatorum</span> <span class='ocrx_word' id='word_1_275' title='bbox 1375 2211 1616 2249; x_wconf 87' lang='lat' dir='ltr'>suorum</span> <span class='ocrx_word' id='word_1_276' title='bbox 1672 2195 1807 2251; x_wconf 63' lang='lat' dir='ltr'>faece</span> 
     </span>
    </p>
   </div>
   <div class='ocr_carea' id='block_1_38' title="bbox 154 2278 1804 2356">
    <p class='ocr_par' dir='ltr' id='par_1_38' title="bbox 154 2278 1804 2356">
     <span class='ocr_line' id='line_1_38' title="bbox 154 2278 1804 2356; baseline 0.001 -18"><span class='ocrx_word' id='word_1_277' title='bbox 154 2284 510 2356; x_wconf 84' lang='lat' dir='ltr'>dispereant,</span> <span class='ocrx_word' id='word_1_278' title='bbox 548 2278 675 2338; x_wconf 49' lang='lat' dir='ltr'>nec&#39;</span> <span class='ocrx_word' id='word_1_279' title='bbox 704 2283 970 2338; x_wconf 73' lang='lat' dir='ltr'>secunda:</span> <span class='ocrx_word' id='word_1_280' title='bbox 1023 2281 1341 2338; x_wconf 88' lang='lat' dir='ltr'>nativitatis</span> <span class='ocrx_word' id='word_1_281' title='bbox 1393 2283 1672 2339; x_wconf 88' lang='lat' dir='ltr'>beneficio</span> <span class='ocrx_word' id='word_1_282' title='bbox 1722 2284 1804 2339; x_wconf 90' lang='lat' dir='ltr'>la-</span> 
     </span>
    </p>
   </div>
   <div class='ocr_carea' id='block_1_39' title="bbox 153 2371 1806 2445">
    <p class='ocr_par' dir='ltr' id='par_1_39' title="bbox 153 2371 1806 2445">
     <span class='ocr_line' id='line_1_39' title="bbox 153 2371 1806 2445; baseline 0.001 -16"><span class='ocrx_word' id='word_1_283' title='bbox 153 2389 361 2445; x_wconf 86' lang='lat' dir='ltr'>queum</span> <span class='ocrx_word' id='word_1_284' title='bbox 399 2371 610 2427; x_wconf 86' lang='lat' dir='ltr'>mortis</span> <span class='ocrx_word' id='word_1_285' title='bbox 640 2373 908 2428; x_wconf 87' lang='lat' dir='ltr'>evadant.</span> <span class='ocrx_word' id='word_1_286' title='bbox 940 2373 1050 2427; x_wconf 89' lang='lat' dir='ltr'>Sed</span> <span class='ocrx_word' id='word_1_287' title='bbox 1085 2373 1203 2428; x_wconf 66' lang='lat' dir='ltr'>haec</span> <span class='ocrx_word' id='word_1_288' title='bbox 1234 2377 1292 2429; x_wconf 87' lang='lat' dir='ltr'>et</span> <span class='ocrx_word' id='word_1_289' title='bbox 1321 2373 1413 2429; x_wconf 89' lang='lat' dir='ltr'>his</span> <span class='ocrx_word' id='word_1_290' title='bbox 1446 2373 1662 2430; x_wconf 89' lang='lat' dir='ltr'>similia</span> <span class='ocrx_word' id='word_1_291' title='bbox 1690 2374 1806 2431; x_wconf 89' lang='lat' dir='ltr'>illis</span> 
     </span>
    </p>
   </div>
   <div class='ocr_carea' id='block_1_40' title="bbox 154 2461 1803 2535">
    <p class='ocr_par' dir='ltr' id='par_1_40' title="bbox 154 2461 1803 2535">
     <span class='ocr_line' id='line_1_40' title="bbox 154 2461 1803 2535; baseline 0.001 -19"><span class='ocrx_word' id='word_1_292' title='bbox 154 2461 571 2535; x_wconf 87' lang='lat' dir='ltr'>dicuntur,qui</span> <span class='ocrx_word' id='word_1_293' title='bbox 594 2462 654 2517; x_wconf 89' lang='lat' dir='ltr'>in</span> <span class='ocrx_word' id='word_1_294' title='bbox 676 2462 906 2517; x_wconf 92' lang='lat' dir='ltr'>Domini</span> <span class='ocrx_word' id='word_1_295' title='bbox 924 2462 1286 2533; x_wconf 86' lang='lat' dir='ltr'>judicatione</span> <span class='ocrx_word' id='word_1_296' title='bbox 1303 2463 1621 2519; x_wconf 87' lang='lat' dir='ltr'>damnandi</span> <span class='ocrx_word' id='word_1_297' title='bbox 1645 2468 1803 2520; x_wconf 91' lang='lat' dir='ltr'>sunt.</span> 
     </span>
    </p>
   </div>
   <div class='ocr_carea' id='block_1_41' title="bbox 213 2551 1806 2625">
    <p class='ocr_par' dir='ltr' id='par_1_41' title="bbox 213 2551 1806 2625">
     <span class='ocr_line' id='line_1_41' title="bbox 213 2551 1806 2625; baseline 0.001 -18"><span class='ocrx_word' id='word_1_298' title='bbox 213 2552 277 2607; x_wconf 80' lang='lat' dir='ltr'>Et</span> <span class='ocrx_word' id='word_1_299' title='bbox 294 2551 446 2625; x_wconf 88' lang='lat' dir='ltr'>quia</span> <span class='ocrx_word' id='word_1_300' title='bbox 470 2568 591 2606; x_wconf 91' lang='lat' dir='ltr'>una</span> <span class='ocrx_word' id='word_1_301' title='bbox 605 2556 695 2606; x_wconf 89' lang='lat' dir='ltr'>est</span> <span class='ocrx_word' id='word_1_302' title='bbox 717 2551 1171 2623; x_wconf 72' lang='lat' dir='ltr'>prmdestinatio,</span> <span class='ocrx_word' id='word_1_303' title='bbox 1188 2556 1427 2608; x_wconf 90' lang='lat' dir='ltr'>sanctus</span> <span class='ocrx_word' id='word_1_304' title='bbox 1443 2553 1806 2625; x_wconf 84' lang='lat' dir='ltr'>Augustinus</span> 
     </span>
    </p>
   </div>
   <div class='ocr_carea' id='block_1_42' title="bbox 154 2638 1805 2714">
    <p class='ocr_par' dir='ltr' id='par_1_42' title="bbox 154 2638 1805 2714">
     <span class='ocr_line' id='line_1_42' title="bbox 154 2638 1805 2714; baseline 0.001 -18"><span class='ocrx_word' id='word_1_305' title='bbox 154 2640 206 2696; x_wconf 89' lang='lat' dir='ltr'>in</span> <span class='ocrx_word' id='word_1_306' title='bbox 228 2658 382 2714; x_wconf 61' lang='lat' dir='ltr'>saape</span> <span class='ocrx_word' id='word_1_307' title='bbox 417 2644 745 2696; x_wconf 89' lang='lat' dir='ltr'>memorato</span> <span class='ocrx_word' id='word_1_308' title='bbox 778 2638 925 2695; x_wconf 91' lang='lat' dir='ltr'>libro</span> <span class='ocrx_word' id='word_1_309' title='bbox 958 2640 1446 2713; x_wconf 80' lang='lat' dir='ltr'>llypomnesticon</span> <span class='ocrx_word' id='word_1_310' title='bbox 1474 2646 1676 2698; x_wconf 89' lang='lat' dir='ltr'>contra</span> <span class='ocrx_word' id='word_1_311' title='bbox 1706 2642 1805 2698; x_wconf 89' lang='lat' dir='ltr'>Pe-</span> 
     </span>
    </p>
   </div>
   <div class='ocr_carea' id='block_1_43' title="bbox 152 2727 1807 2801">
    <p class='ocr_par' dir='ltr' id='par_1_43' title="bbox 152 2727 1807 2801">
     <span class='ocr_line' id='line_1_43' title="bbox 152 2727 1807 2801; baseline 0.001 -17"><span class='ocrx_word' id='word_1_312' title='bbox 152 2729 368 2801; x_wconf 80' lang='lat' dir='ltr'>lagium</span> <span class='ocrx_word' id='word_1_313' title='bbox 405 2735 468 2785; x_wconf 91' lang='lat' dir='ltr'>et</span> <span class='ocrx_word' id='word_1_314' title='bbox 517 2727 870 2795; x_wconf 57' lang='lat' dir='ltr'>Caelestium,</span> <span class='ocrx_word' id='word_1_315' title='bbox 896 2730 965 2784; x_wconf 90' lang='lat' dir='ltr'>de</span> <span class='ocrx_word' id='word_1_316' title='bbox 1005 2728 1203 2784; x_wconf 87' lang='lat' dir='ltr'>Gratia</span> <span class='ocrx_word' id='word_1_317' title='bbox 1222 2728 1455 2799; x_wconf 88' lang='lat' dir='ltr'>Christi,</span> <span class='ocrx_word' id='word_1_318' title='bbox 1497 2735 1553 2786; x_wconf 89' lang='lat' dir='ltr'>et</span> <span class='ocrx_word' id='word_1_319' title='bbox 1603 2731 1807 2787; x_wconf 88' lang='lat' dir='ltr'>Libero</span> 
     </span>
    </p>
   </div>
   <div class='ocr_carea' id='block_1_44' title="bbox 150 2817 1804 2889">
    <p class='ocr_par' dir='ltr' id='par_1_44' title="bbox 150 2817 1804 2889">
     <span class='ocr_line' id='line_1_44' title="bbox 150 2817 1804 2889; baseline 0.001 -16"><span class='ocrx_word' id='word_1_320' title='bbox 150 2818 427 2886; x_wconf 79' lang='lat' dir='ltr'>Arbitrio,</span> <span class='ocrx_word' id='word_1_321' title='bbox 449 2835 518 2874; x_wconf 91' lang='lat' dir='ltr'>ac</span> <span class='ocrx_word' id='word_1_322' title='bbox 542 2818 811 2889; x_wconf 84' lang='lat' dir='ltr'>originali</span> <span class='ocrx_word' id='word_1_323' title='bbox 837 2817 1094 2884; x_wconf 89' lang='lat' dir='ltr'>Peccato,</span> <span class='ocrx_word' id='word_1_324' title='bbox 1116 2821 1180 2872; x_wconf 89' lang='lat' dir='ltr'>ut</span> <span class='ocrx_word' id='word_1_325' title='bbox 1199 2818 1804 2889; x_wconf 89' lang='lat' dir='ltr'>commemoravimus,</span> 
     </span>
    </p>
   </div>
   <div class='ocr_carea' id='block_1_45' title="bbox 154 2906 1812 2980">
    <p class='ocr_par' dir='ltr' id='par_1_45' title="bbox 154 2906 1812 2980">
     <span class='ocr_line' id='line_1_45' title="bbox 154 2906 1812 2980; baseline 0.002 -19"><span class='ocrx_word' id='word_1_326' title='bbox 154 2907 226 2963; x_wconf 82' lang='lat' dir='ltr'>ita</span> <span class='ocrx_word' id='word_1_327' title='bbox 254 2906 405 2963; x_wconf 86' lang='lat' dir='ltr'>dicit</span> <span class='ocrx_word' id='word_1_328' title='bbox 428 2906 551 2973; x_wconf 86' lang='lat' dir='ltr'>(lib.</span> <span class='ocrx_word' id='word_1_329' title='bbox 577 2923 633 2962; x_wconf 76' lang='lat' dir='ltr'>v1</span> <span class='ocrx_word' id='word_1_330' title='bbox 660 2907 719 2961; x_wconf 93' lang='lat' dir='ltr'>in</span> <span class='ocrx_word' id='word_1_331' title='bbox 752 2906 966 2978; x_wconf 90' lang='lat' dir='ltr'>princ.)</span> <span class='ocrx_word' id='word_1_332' title='bbox 991 2923 1040 2962; x_wconf 83' lang='lat'>:«</span> <span class='ocrx_word' id='word_1_333' title='bbox 1065 2906 1496 2962; x_wconf 74' lang='lat' dir='ltr'>Prmdestinatio</span> <span class='ocrx_word' id='word_1_334' title='bbox 1528 2907 1743 2980; x_wconf 91' lang='lat' dir='ltr'>quippe</span> <span class='ocrx_word' id='word_1_335' title='bbox 1777 2926 1812 2964; x_wconf 88' lang='lat' dir='ltr'>a</span> 
     </span>
    </p>
   </div>
   <div class='ocr_carea' id='block_1_46' title="bbox 154 2994 1809 3069">
    <p class='ocr_par' dir='ltr' id='par_1_46' title="bbox 154 2994 1809 3069">
     <span class='ocr_line' id='line_1_46' title="bbox 154 2994 1809 3069; baseline 0.001 -18"><span class='ocrx_word' id='word_1_336' title='bbox 154 2996 531 3069; x_wconf 71' lang='lat' dir='ltr'>praevidendo</span> <span class='ocrx_word' id='word_1_337' title='bbox 560 3000 619 3051; x_wconf 91' lang='lat' dir='ltr'>et</span> <span class='ocrx_word' id='word_1_338' title='bbox 645 2994 1166 3068; x_wconf 78' lang='lat' dir='ltr'>przevenicndo,vel</span> <span class='ocrx_word' id='word_1_339' title='bbox 1190 2996 1631 3067; x_wconf 71' lang='lat' dir='ltr'>prmordinando</span> <span class='ocrx_word' id='word_1_340' title='bbox 1652 2997 1809 3052; x_wconf 82' lang='lat' dir='ltr'>futu-</span> 
     </span>
    </p>
   </div>
   <div class='ocr_carea' id='block_1_47' title="bbox 153 3083 1811 3157">
    <p class='ocr_par' dir='ltr' id='par_1_47' title="bbox 153 3083 1811 3157">
     <span class='ocr_line' id='line_1_47' title="bbox 153 3083 1811 3157; baseline 0 -16"><span class='ocrx_word' id='word_1_341' title='bbox 153 3101 276 3141; x_wconf 86' lang='lat' dir='ltr'>rum</span> <span class='ocrx_word' id='word_1_342' title='bbox 308 3084 546 3157; x_wconf 83' lang='lat' dir='ltr'>aliquid</span> <span class='ocrx_word' id='word_1_343' title='bbox 580 3083 816 3151; x_wconf 90' lang='lat' dir='ltr'>dicitur,</span> <span class='ocrx_word' id='word_1_344' title='bbox 850 3088 906 3139; x_wconf 90' lang='lat' dir='ltr'>et</span> <span class='ocrx_word' id='word_1_345' title='bbox 934 3083 1062 3139; x_wconf 89' lang='lat' dir='ltr'>ideo</span> <span class='ocrx_word' id='word_1_346' title='bbox 1106 3084 1279 3152; x_wconf 88' lang='lat' dir='ltr'>Deus,</span> <span class='ocrx_word' id='word_1_347' title='bbox 1305 3084 1397 3138; x_wconf 90' lang='lat' dir='ltr'>cui</span> <span class='ocrx_word' id='word_1_348' title='bbox 1447 3084 1811 3157; x_wconf 63' lang='lat' dir='ltr'>prazscientia</span> 
     </span>
    </p>
   </div>
   <div class='ocr_carea' id='block_1_48' title="bbox 152 3172 1807 3247">
    <p class='ocr_par' dir='ltr' id='par_1_48' title="bbox 152 3172 1807 3247">
     <span class='ocr_line' id='line_1_48' title="bbox 152 3172 1807 3247; baseline 0 -19"><span class='ocrx_word' id='word_1_349' title='bbox 152 3189 262 3229; x_wconf 89' lang='lat' dir='ltr'>non</span> <span class='ocrx_word' id='word_1_350' title='bbox 294 3173 582 3230; x_wconf 87' lang='lat' dir='ltr'>accidens</span> <span class='ocrx_word' id='word_1_351' title='bbox 625 3177 735 3235; x_wconf 86' lang='lat' dir='ltr'>est,</span> <span class='ocrx_word' id='word_1_352' title='bbox 764 3172 862 3228; x_wconf 88' lang='lat' dir='ltr'>sed</span> <span class='ocrx_word' id='word_1_353' title='bbox 896 3172 1150 3228; x_wconf 88' lang='lat' dir='ltr'>essentia</span> <span class='ocrx_word' id='word_1_354' title='bbox 1179 3172 1288 3227; x_wconf 85' lang='lat' dir='ltr'>fuit</span> <span class='ocrx_word' id='word_1_355' title='bbox 1326 3189 1557 3245; x_wconf 84' lang='lat' dir='ltr'>semper</span> <span class='ocrx_word' id='word_1_356' title='bbox 1597 3177 1653 3228; x_wconf 90' lang='lat' dir='ltr'>et</span> <span class='ocrx_word' id='word_1_357' title='bbox 1700 3178 1807 3247; x_wconf 81' lang='lat' dir='ltr'>est,</span> 
     </span>
    </p>
   </div>
   <div class='ocr_carea' id='block_1_49' title="bbox 152 3261 1812 3336">
    <p class='ocr_par' dir='ltr' id='par_1_49' title="bbox 152 3261 1812 3336">
     <span class='ocr_line' id='line_1_49' title="bbox 152 3261 1812 3336; baseline 0.001 -19"><span class='ocrx_word' id='word_1_358' title='bbox 152 3262 446 3336; x_wconf 84' lang='lat' dir='ltr'>quidquid</span> <span class='ocrx_word' id='word_1_359' title='bbox 469 3266 791 3333; x_wconf 88' lang='lat' dir='ltr'>antequam</span> <span class='ocrx_word' id='word_1_360' title='bbox 816 3261 891 3316; x_wconf 91' lang='lat' dir='ltr'>sit</span> <span class='ocrx_word' id='word_1_361' title='bbox 912 3261 1160 3332; x_wconf 71' lang='lat' dir='ltr'>praescit,</span> <span class='ocrx_word' id='word_1_362' title='bbox 1189 3261 1586 3334; x_wconf 74' lang='lat' dir='ltr'>przedcstinat,</span> <span class='ocrx_word' id='word_1_363' title='bbox 1610 3266 1666 3317; x_wconf 89' lang='lat' dir='ltr'>et</span> <span class='ocrx_word' id='word_1_364' title='bbox 1686 3280 1812 3334; x_wconf 83' lang='lat' dir='ltr'>pro-</span> 
     </span>
    </p>
   </div>
   <div class='ocr_carea' id='block_1_50' title="bbox 1915 2017 3558 2095">
    <p class='ocr_par' dir='ltr' id='par_1_50' title="bbox 1915 2017 3558 2095">
     <span class='ocr_line' id='line_1_50' title="bbox 1915 2017 3558 2095; baseline 0.002 -19"><span class='ocrx_word' id='word_1_365' title='bbox 1915 2020 2076 2076; x_wconf 87' lang='lat' dir='ltr'>stitia</span> <span class='ocrx_word' id='word_1_366' title='bbox 2092 2018 2602 2090; x_wconf 81' lang='lat' dir='ltr'>damnavit,gratia</span> <span class='ocrx_word' id='word_1_367' title='bbox 2618 2017 2899 2074; x_wconf 83' lang='lat' dir='ltr'>liberavit.</span> <span class='ocrx_word' id='word_1_368' title='bbox 2916 2020 3169 2076; x_wconf 89' lang='lat' dir='ltr'>Mundus</span> <span class='ocrx_word' id='word_1_369' title='bbox 3186 2022 3339 2078; x_wconf 91' lang='lat' dir='ltr'>enim</span> <span class='ocrx_word' id='word_1_370' title='bbox 3358 2042 3558 2095; x_wconf 82' lang='lat' dir='ltr'>quam-</span> 
     </span>
    </p>
   </div>
   <div class='ocr_carea' id='block_1_51' title="bbox 1913 2107 3556 2181">
    <p class='ocr_par' dir='ltr' id='par_1_51' title="bbox 1913 2107 3556 2181">
     <span class='ocr_line' id='line_1_51' title="bbox 1913 2107 3556 2181; baseline 0.003 -17"><span class='ocrx_word' id='word_1_371' title='bbox 1913 2110 2000 2164; x_wconf 90' lang='lat' dir='ltr'>vis</span> <span class='ocrx_word' id='word_1_372' title='bbox 2023 2126 2124 2181; x_wconf 90' lang='lat' dir='ltr'>pro</span> <span class='ocrx_word' id='word_1_373' title='bbox 2147 2113 2406 2180; x_wconf 86' lang='lat' dir='ltr'>tempore</span> <span class='ocrx_word' id='word_1_374' title='bbox 2428 2124 2496 2161; x_wconf 81' lang='lat' dir='ltr'>ex</span> <span class='ocrx_word' id='word_1_375' title='bbox 2517 2123 2630 2178; x_wconf 91' lang='lat' dir='ltr'>quo</span> <span class='ocrx_word' id='word_1_376' title='bbox 2662 2107 2847 2163; x_wconf 78' lang='lat' dir='ltr'>factus</span> <span class='ocrx_word' id='word_1_377' title='bbox 2869 2112 2956 2163; x_wconf 89' lang='lat' dir='ltr'>est</span> <span class='ocrx_word' id='word_1_378' title='bbox 2978 2110 3236 2180; x_wconf 81' lang='lat' dir='ltr'>coeperit,</span> <span class='ocrx_word' id='word_1_379' title='bbox 3255 2112 3311 2165; x_wconf 88' lang='lat' dir='ltr'>in</span> <span class='ocrx_word' id='word_1_380' title='bbox 3344 2111 3444 2168; x_wconf 89' lang='lat' dir='ltr'>illa</span> <span class='ocrx_word' id='word_1_381' title='bbox 3463 2115 3556 2169; x_wconf 85' lang='lat' dir='ltr'>di—</span> 
     </span>
    </p>
   </div>
   <div class='ocr_carea' id='block_1_52' title="bbox 1913 2194 3556 2271">
    <p class='ocr_par' dir='ltr' id='par_1_52' title="bbox 1913 2194 3556 2271">
     <span class='ocr_line' id='line_1_52' title="bbox 1913 2194 3556 2271; baseline 0.004 -18"><span class='ocrx_word' id='word_1_382' title='bbox 1913 2198 2058 2253; x_wconf 69' lang='lat' dir='ltr'>vinm</span> <span class='ocrx_word' id='word_1_383' title='bbox 2092 2194 2464 2269; x_wconf 70' lang='lat' dir='ltr'>przescientizn</span> <span class='ocrx_word' id='word_1_384' title='bbox 2496 2195 2624 2250; x_wconf 89' lang='lat' dir='ltr'>luce</span> <span class='ocrx_word' id='word_1_385' title='bbox 2650 2194 2949 2252; x_wconf 87' lang='lat' dir='ltr'>faciendus</span> <span class='ocrx_word' id='word_1_386' title='bbox 2973 2197 3199 2253; x_wconf 89' lang='lat' dir='ltr'>nullum</span> <span class='ocrx_word' id='word_1_387' title='bbox 3233 2202 3424 2271; x_wconf 88' lang='lat' dir='ltr'>potuit</span> <span class='ocrx_word' id='word_1_388' title='bbox 3454 2203 3556 2259; x_wconf 90' lang='lat' dir='ltr'>ha-</span> 
     </span>
    </p>
   </div>
   <div class='ocr_carea' id='block_1_53' title="bbox 1914 2284 3557 2358">
    <p class='ocr_par' dir='ltr' id='par_1_53' title="bbox 1914 2284 3557 2358">
     <span class='ocr_line' id='line_1_53' title="bbox 1914 2284 3557 2358; baseline 0.004 -16"><span class='ocrx_word' id='word_1_389' title='bbox 1914 2286 2049 2343; x_wconf 88' lang='lat' dir='ltr'>bere</span> <span class='ocrx_word' id='word_1_390' title='bbox 2105 2284 2458 2358; x_wconf 87' lang='lat' dir='ltr'>principium</span> <span class='ocrx_word' id='word_1_391' title='bbox 2494 2301 2505 2339; x_wconf 92' lang='lat'><strong>:</strong></span> <span class='ocrx_word' id='word_1_392' title='bbox 2542 2290 2597 2340; x_wconf 89' lang='lat' dir='ltr'>et</span> <span class='ocrx_word' id='word_1_393' title='bbox 2641 2285 3077 2358; x_wconf 86' lang='lat' dir='ltr'>quanticunque</span> <span class='ocrx_word' id='word_1_394' title='bbox 3108 2288 3193 2342; x_wconf 87' lang='lat' dir='ltr'>vel</span> <span class='ocrx_word' id='word_1_395' title='bbox 3253 2307 3320 2345; x_wconf 83' lang='lat' dir='ltr'>ex</span> <span class='ocrx_word' id='word_1_396' title='bbox 3371 2292 3557 2348; x_wconf 86' lang='lat' dir='ltr'>Adam</span> 
     </span>
    </p>
   </div>
   <div class='ocr_carea' id='block_1_54' title="bbox 1917 2372 3561 2452">
    <p class='ocr_par' dir='ltr' id='par_1_54' title="bbox 1917 2372 3561 2452">
     <span class='ocr_line' id='line_1_54' title="bbox 1917 2372 3561 2452; baseline 0.003 -21"><span class='ocrx_word' id='word_1_397' title='bbox 1917 2374 2191 2447; x_wconf 51' lang='lat' dir='ltr'>usquejin</span> <span class='ocrx_word' id='word_1_398' title='bbox 2224 2373 2572 2429; x_wconf 87' lang='lat' dir='ltr'>hodiernum</span> <span class='ocrx_word' id='word_1_399' title='bbox 2614 2372 2881 2429; x_wconf 84' lang='lat' dir='ltr'>homines</span> <span class='ocrx_word' id='word_1_400' title='bbox 2932 2376 3051 2430; x_wconf 90' lang='lat' dir='ltr'>nati</span> <span class='ocrx_word' id='word_1_401' title='bbox 3101 2381 3257 2444; x_wconf 86' lang='lat' dir='ltr'>sunt,</span> <span class='ocrx_word' id='word_1_402' title='bbox 3292 2378 3377 2433; x_wconf 90' lang='lat' dir='ltr'>vel</span> <span class='ocrx_word' id='word_1_403' title='bbox 3427 2384 3561 2452; x_wconf 80' lang='lat' dir='ltr'>post.</span> 
     </span>
    </p>
   </div>
   <div class='ocr_carea' id='block_1_55' title="bbox 1916 2462 3561 2537">
    <p class='ocr_par' dir='ltr' id='par_1_55' title="bbox 1916 2462 3561 2537">
     <span class='ocr_line' id='line_1_55' title="bbox 1916 2462 3561 2537; baseline 0.002 -17"><span class='ocrx_word' id='word_1_404' title='bbox 1916 2468 2142 2520; x_wconf 78' lang='lat' dir='ltr'>aetatem</span> <span class='ocrx_word' id='word_1_405' title='bbox 2177 2466 2434 2518; x_wconf 88' lang='lat' dir='ltr'>nostram</span> <span class='ocrx_word' id='word_1_406' title='bbox 2459 2462 2853 2533; x_wconf 85' lang='lat' dir='ltr'>generationis</span> <span class='ocrx_word' id='word_1_407' title='bbox 2875 2468 3014 2518; x_wconf 89' lang='lat' dir='ltr'>sunt</span> <span class='ocrx_word' id='word_1_408' title='bbox 3040 2466 3353 2537; x_wconf 81' lang='lat' dir='ltr'>propagine</span> <span class='ocrx_word' id='word_1_409' title='bbox 3376 2469 3561 2524; x_wconf 89' lang='lat' dir='ltr'>nasci-</span> 
     </span>
    </p>
   </div>
   <div class='ocr_carea' id='block_1_56' title="bbox 1916 2551 3558 2625">
    <p class='ocr_par' dir='ltr' id='par_1_56' title="bbox 1916 2551 3558 2625">
     <span class='ocr_line' id='line_1_56' title="bbox 1916 2551 3558 2625; baseline 0.004 -16"><span class='ocrx_word' id='word_1_410' title='bbox 1916 2552 2051 2621; x_wconf 93' lang='lat' dir='ltr'>turi,</span> <span class='ocrx_word' id='word_1_411' title='bbox 2078 2553 2232 2625; x_wconf 90' lang='lat' dir='ltr'>apud</span> <span class='ocrx_word' id='word_1_412' title='bbox 2256 2552 2439 2607; x_wconf 91' lang='lat' dir='ltr'>Deum</span> <span class='ocrx_word' id='word_1_413' title='bbox 2471 2555 2527 2605; x_wconf 87' lang='lat' dir='ltr'>et</span> <span class='ocrx_word' id='word_1_414' title='bbox 2547 2551 2674 2621; x_wconf 90' lang='lat' dir='ltr'>jam</span> <span class='ocrx_word' id='word_1_415' title='bbox 2706 2552 2821 2605; x_wconf 87' lang='lat' dir='ltr'>nati</span> <span class='ocrx_word' id='word_1_416' title='bbox 2848 2556 3007 2619; x_wconf 86' lang='lat' dir='ltr'>sunt,</span> <span class='ocrx_word' id='word_1_417' title='bbox 3030 2554 3349 2612; x_wconf 87' lang='lat' dir='ltr'>etdecurso</span> <span class='ocrx_word' id='word_1_418' title='bbox 3380 2558 3558 2614; x_wconf 87' lang='lat' dir='ltr'>totius</span> 
     </span>
    </p>
   </div>
   <div class='ocr_carea' id='block_1_57' title="bbox 1916 2640 3559 2711">
    <p class='ocr_par' dir='ltr' id='par_1_57' title="bbox 1916 2640 3559 2711">
     <span class='ocr_line' id='line_1_57' title="bbox 1916 2640 3559 2711; baseline 0.004 -14"><span class='ocrx_word' id='word_1_419' title='bbox 1916 2643 2042 2697; x_wconf 77' lang='lat' dir='ltr'>vitm</span> <span class='ocrx_word' id='word_1_420' title='bbox 2074 2645 2331 2711; x_wconf 88' lang='lat' dir='ltr'>tempore</span> <span class='ocrx_word' id='word_1_421' title='bbox 2361 2640 2735 2705; x_wconf 87' lang='lat' dir='ltr'>transierunt,</span> <span class='ocrx_word' id='word_1_422' title='bbox 2763 2640 2816 2694; x_wconf 91' lang='lat' dir='ltr'>in</span> <span class='ocrx_word' id='word_1_423' title='bbox 2852 2640 2947 2696; x_wconf 95' lang='lat' dir='ltr'>illo</span> <span class='ocrx_word' id='word_1_424' title='bbox 2973 2642 3356 2701; x_wconf 90' lang='lat' dir='ltr'>nihilominus</span> <span class='ocrx_word' id='word_1_425' title='bbox 3381 2645 3559 2703; x_wconf 89' lang='lat' dir='ltr'>divini</span> 
     </span>
    </p>
   </div>
   <div class='ocr_carea' id='block_1_58' title="bbox 1917 2727 3559 2805">
    <p class='ocr_par' dir='ltr' id='par_1_58' title="bbox 1917 2727 3559 2805">
     <span class='ocr_line' id='line_1_58' title="bbox 1917 2727 3559 2805; baseline 0.003 -19"><span class='ocrx_word' id='word_1_426' title='bbox 1917 2731 2156 2786; x_wconf 89' lang='lat' dir='ltr'>obtutus</span> <span class='ocrx_word' id='word_1_427' title='bbox 2187 2727 2406 2783; x_wconf 91' lang='lat' dir='ltr'>lumine</span> <span class='ocrx_word' id='word_1_428' title='bbox 2460 2735 2888 2799; x_wconf 84' lang='lat' dir='ltr'>permanentes.</span> <span class='ocrx_word' id='word_1_429' title='bbox 2920 2730 3071 2785; x_wconf 84' lang='lat' dir='ltr'>Deus</span> <span class='ocrx_word' id='word_1_430' title='bbox 3122 2731 3297 2800; x_wconf 88' lang='lat' dir='ltr'>enim,</span> <span class='ocrx_word' id='word_1_431' title='bbox 3322 2734 3421 2805; x_wconf 91' lang='lat' dir='ltr'>qui</span> <span class='ocrx_word' id='word_1_432' title='bbox 3456 2753 3559 2792; x_wconf 85' lang='lat' dir='ltr'>nec</span> 
     </span>
    </p>
   </div>
   <div class='ocr_carea' id='block_1_59' title="bbox 1917 2817 3558 2895">
    <p class='ocr_par' dir='ltr' id='par_1_59' title="bbox 1917 2817 3558 2895">
     <span class='ocr_line' id='line_1_59' title="bbox 1917 2817 3558 2895; baseline 0.004 -21"><span class='ocrx_word' id='word_1_433' title='bbox 1917 2820 2040 2874; x_wconf 93' lang='lat' dir='ltr'>loco</span> <span class='ocrx_word' id='word_1_434' title='bbox 2071 2817 2518 2895; x_wconf 34' lang='lat' dir='ltr'>clauditur,.nee</span> <span class='ocrx_word' id='word_1_435' title='bbox 2579 2822 2837 2887; x_wconf 89' lang='lat' dir='ltr'>tempore</span> <span class='ocrx_word' id='word_1_436' title='bbox 2894 2821 3259 2890; x_wconf 67' lang='lat' dir='ltr'>praevenitur,</span> <span class='ocrx_word' id='word_1_437' title='bbox 3292 2823 3558 2881; x_wconf 88' lang='lat' dir='ltr'>omnium</span> 
     </span>
    </p>
   </div>
   <div class='ocr_carea' id='block_1_60' title="bbox 1918 2906 3561 2979">
    <p class='ocr_par' dir='ltr' id='par_1_60' title="bbox 1918 2906 3561 2979">
     <span class='ocr_line' id='line_1_60' title="bbox 1918 2906 3561 2979; baseline 0.003 -17"><span class='ocrx_word' id='word_1_438' title='bbox 1918 2924 2111 2963; x_wconf 88' lang='lat' dir='ltr'>rerum</span> <span class='ocrx_word' id='word_1_439' title='bbox 2136 2910 2254 2962; x_wconf 90' lang='lat' dir='ltr'>tam</span> <span class='ocrx_word' id='word_1_440' title='bbox 2278 2906 2700 2978; x_wconf 81' lang='lat' dir='ltr'>praeteritarum</span> <span class='ocrx_word' id='word_1_441' title='bbox 2725 2907 3024 2974; x_wconf 84' lang='lat' dir='ltr'>memoria,</span> <span class='ocrx_word' id='word_1_442' title='bbox 3045 2926 3221 2979; x_wconf 90' lang='lat' dir='ltr'>quam</span> <span class='ocrx_word' id='word_1_443' title='bbox 3254 2909 3561 2968; x_wconf 85' lang='lat' dir='ltr'>imminen-</span> 
     </span>
    </p>
   </div>
   <div class='ocr_carea' id='block_1_61' title="bbox 1918 2993 3561 3066">
    <p class='ocr_par' dir='ltr' id='par_1_61' title="bbox 1918 2993 3561 3066">
     <span class='ocr_line' id='line_1_61' title="bbox 1918 2993 3561 3066; baseline 0.003 -15"><span class='ocrx_word' id='word_1_444' title='bbox 1918 2996 2067 3052; x_wconf 89' lang='lat' dir='ltr'>tium</span> <span class='ocrx_word' id='word_1_445' title='bbox 2098 2993 2344 3050; x_wconf 88' lang='lat' dir='ltr'>scientia</span> <span class='ocrx_word' id='word_1_446' title='bbox 2374 2993 2581 3066; x_wconf 89' lang='lat' dir='ltr'>plenus</span> <span class='ocrx_word' id='word_1_447' title='bbox 2611 2998 2698 3048; x_wconf 86' lang='lat' dir='ltr'>est</span> <span class='ocrx_word' id='word_1_448' title='bbox 2724 3010 2736 3047; x_wconf 89' lang='lat'>:</span> <span class='ocrx_word' id='word_1_449' title='bbox 2764 3012 2866 3048; x_wconf 87' lang='lat' dir='ltr'>nec</span> <span class='ocrx_word' id='word_1_450' title='bbox 2906 2995 3284 3053; x_wconf 89' lang='lat' dir='ltr'>reminiscens</span> <span class='ocrx_word' id='word_1_451' title='bbox 3314 2998 3561 3057; x_wconf 86' lang='lat' dir='ltr'>volvitur</span> 
     </span>
    </p>
   </div>
   <div class='ocr_carea' id='block_1_62' title="bbox 1918 3082 3562 3156">
    <p class='ocr_par' dir='ltr' id='par_1_62' title="bbox 1918 3082 3562 3156">
     <span class='ocr_line' id='line_1_62' title="bbox 1918 3082 3562 3156; baseline 0.004 -17"><span class='ocrx_word' id='word_1_452' title='bbox 1918 3084 1978 3139; x_wconf 93' lang='lat' dir='ltr'>in</span> <span class='ocrx_word' id='word_1_453' title='bbox 2010 3082 2386 3156; x_wconf 64' lang='lat' dir='ltr'>praeteritum,</span> <span class='ocrx_word' id='word_1_454' title='bbox 2412 3099 2515 3137; x_wconf 89' lang='lat' dir='ltr'>nec</span> <span class='ocrx_word' id='word_1_455' title='bbox 2548 3098 2789 3153; x_wconf 88' lang='lat' dir='ltr'>sperans</span> <span class='ocrx_word' id='word_1_456' title='bbox 2814 3083 3070 3138; x_wconf 85' lang='lat' dir='ltr'>tenditur</span> <span class='ocrx_word' id='word_1_457' title='bbox 3100 3085 3157 3140; x_wconf 92' lang='lat' dir='ltr'>in</span> <span class='ocrx_word' id='word_1_458' title='bbox 3183 3085 3466 3144; x_wconf 84' lang='lat' dir='ltr'>futurum.</span> <span class='ocrx_word' id='word_1_459' title='bbox 3492 3090 3562 3146; x_wconf 86' lang='lat' dir='ltr'>Et</span> 
     </span>
    </p>
   </div>
   <div class='ocr_carea' id='block_1_63' title="bbox 1919 3171 3563 3246">
    <p class='ocr_par' dir='ltr' id='par_1_63' title="bbox 1919 3171 3563 3246">
     <span class='ocr_line' id='line_1_63' title="bbox 1919 3171 3563 3246; baseline 0.004 -18"><span class='ocrx_word' id='word_1_460' title='bbox 1919 3189 2281 3246; x_wconf 64' lang='lat' dir='ltr'>quiscunque</span> <span class='ocrx_word' id='word_1_461' title='bbox 2311 3171 2547 3225; x_wconf 90' lang='lat' dir='ltr'>omnino</span> <span class='ocrx_word' id='word_1_462' title='bbox 2588 3176 2747 3241; x_wconf 89' lang='lat' dir='ltr'>sunt,</span> <span class='ocrx_word' id='word_1_463' title='bbox 2770 3189 2895 3242; x_wconf 72' lang='lat' dir='ltr'>qua:</span> <span class='ocrx_word' id='word_1_464' title='bbox 2939 3176 3265 3245; x_wconf 85' lang='lat' dir='ltr'>temporum</span> <span class='ocrx_word' id='word_1_465' title='bbox 3306 3176 3563 3235; x_wconf 85' lang='lat' dir='ltr'>motibus</span> 
     </span>
    </p>
   </div>
   <div class='ocr_carea' id='block_1_64' title="bbox 1921 3258 3565 3335">
    <p class='ocr_par' dir='ltr' id='par_1_64' title="bbox 1921 3258 3565 3335">
     <span class='ocr_line' id='line_1_64' title="bbox 1921 3258 3565 3335; baseline 0.002 -16"><span class='ocrx_word' id='word_1_466' title='bbox 1921 3262 2238 3335; x_wconf 82' lang='lat' dir='ltr'>agitantur,</span> <span class='ocrx_word' id='word_1_467' title='bbox 2269 3272 2303 3315; x_wconf 85' lang='lat' dir='ltr'>a</span> <span class='ocrx_word' id='word_1_468' title='bbox 2329 3277 2394 3316; x_wconf 91' lang='lat' dir='ltr'>eo</span> <span class='ocrx_word' id='word_1_469' title='bbox 2434 3258 2716 3332; x_wconf 88' lang='lat' dir='ltr'>principio</span> <span class='ocrx_word' id='word_1_470' title='bbox 2774 3259 2833 3314; x_wconf 91' lang='lat' dir='ltr'>in</span> <span class='ocrx_word' id='word_1_471' title='bbox 2872 3278 2989 3332; x_wconf 79' lang='lat' dir='ltr'>quo</span> <span class='ocrx_word' id='word_1_472' title='bbox 3048 3266 3169 3317; x_wconf 91' lang='lat' dir='ltr'>erat</span> <span class='ocrx_word' id='word_1_473' title='bbox 3198 3263 3474 3333; x_wconf 81' lang='lat' dir='ltr'>Verbum,</span> <span class='ocrx_word' id='word_1_474' title='bbox 3507 3270 3565 3323; x_wconf 82' lang='lat' dir='ltr'>et.</span> 
     </span>
    </p>
   </div>
   <div class='ocr_carea' id='block_1_65' title="bbox 152 3327 3562 3425">
    <p class='ocr_par' dir='ltr' id='par_1_65' title="bbox 152 3327 3562 3425">
     <span class='ocr_line' id='line_1_65' title="bbox 152 3327 3562 3425; baseline 0.001 -19"><span class='ocrx_word' id='word_1_475' title='bbox 152 3327 345 3424; x_wconf 71' lang='lat' dir='ltr'>ptenea</span> <span class='ocrx_word' id='word_1_476' title='bbox 377 3327 931 3424; x_wconf 47' lang='lat' dir='ltr'>praedestinanquia</span> <span class='ocrx_word' id='word_1_477' title='bbox 953 3350 1124 3422; x_wconf 88' lang='lat' dir='ltr'>quale</span> <span class='ocrx_word' id='word_1_478' title='bbox 1156 3327 1419 3405; x_wconf 78' lang='lat' dir='ltr'>futurum</span> <span class='ocrx_word' id='word_1_479' title='bbox 1452 3350 1530 3406; x_wconf 88' lang='lat' dir='ltr'>sit</span> <span class='ocrx_word' id='word_1_480' title='bbox 1559 3327 1806 3423; x_wconf 74' lang='lat' dir='ltr'>praescit.</span> <span class='ocrx_word' id='word_1_481' title='bbox 1840 3327 1883 3395; x_wconf 61' lang='grc' dir='ltr'>(ἶ</span> <span class='ocrx_word' id='word_1_482' title='bbox 1920 3327 2174 3407; x_wconf 61' lang='lat' dir='ltr'>verbum</span> <span class='ocrx_word' id='word_1_483' title='bbox 2225 3327 2350 3405; x_wconf 86' lang='lat' dir='ltr'>erat</span> <span class='ocrx_word' id='word_1_484' title='bbox 2397 3327 2551 3421; x_wconf 83' lang='lat' dir='ltr'>apud</span> <span class='ocrx_word' id='word_1_485' title='bbox 2585 3327 2791 3417; x_wconf 80' lang='lat' dir='ltr'>Deum,</span> <span class='ocrx_word' id='word_1_486' title='bbox 2826 3327 2909 3404; x_wconf 44' lang='lat' dir='ltr'>et-</span> <span class='ocrx_word' id='word_1_487' title='bbox 2930 3351 3082 3406; x_wconf 89' lang='lat' dir='ltr'>Deus</span> <span class='ocrx_word' id='word_1_488' title='bbox 3134 3356 3257 3408; x_wconf 89' lang='lat' dir='ltr'>erat</span> <span class='ocrx_word' id='word_1_489' title='bbox 3284 3327 3562 3425; x_wconf 82' lang='lat' dir='ltr'>Verbum,</span> 
     </span>
    </p>
   </div>
   <div class='ocr_carea' id='block_1_66' title="bbox 152 3438 1817 3512">
    <p class='ocr_par' dir='ltr' id='par_1_66' title="bbox 152 3438 1817 3512">
     <span class='ocr_line' id='line_1_66' title="bbox 152 3438 1817 3512; baseline 0 -15"><span class='ocrx_word' id='word_1_490' title='bbox 152 3440 278 3497; x_wconf 83' lang='lat' dir='ltr'>Ideo</span> <span class='ocrx_word' id='word_1_491' title='bbox 310 3446 372 3495; x_wconf 90' lang='lat' dir='ltr'>et</span> <span class='ocrx_word' id='word_1_492' title='bbox 404 3438 764 3512; x_wconf 83' lang='lat' dir='ltr'>Apostolus:</span> <span class='ocrx_word' id='word_1_493' title='bbox 800 3440 944 3494; x_wconf 90' lang='lat' dir='ltr'>Nam</span> <span class='ocrx_word' id='word_1_494' title='bbox 998 3456 1129 3511; x_wconf 79' lang='lat' dir='ltr'>quos</span> <span class='ocrx_word' id='word_1_495' title='bbox 1171 3441 1471 3511; x_wconf 66' lang='lat' dir='ltr'>prmscivit,</span> <span class='ocrx_word' id='word_1_496' title='bbox 1522 3439 1732 3511; x_wconf 89' lang='lat' dir='ltr'>inquit,</span> <span class='ocrx_word' id='word_1_497' title='bbox 1765 3448 1817 3497; x_wconf 85' lang='lat' dir='ltr'>et</span> 
     </span>
    </p>
   </div>
   <div class='ocr_carea' id='block_1_67' title="bbox 147 3528 1815 3601">
    <p class='ocr_par' dir='ltr' id='par_1_67' title="bbox 147 3528 1815 3601">
     <span class='ocr_line' id='line_1_67' title="bbox 147 3528 1815 3601; baseline 0.002 -20"><span class='ocrx_word' id='word_1_498' title='bbox 147 3529 573 3601; x_wconf 68' lang='lat' dir='ltr'>pra’destinavit</span> <span class='ocrx_word' id='word_1_499' title='bbox 592 3529 769 3597; x_wconf 79' lang='lat' dir='ltr'>(Rom.</span> <span class='ocrx_word' id='word_1_500' title='bbox 784 3545 906 3593; x_wconf 87' lang='lat' dir='ltr'>vm,</span> <span class='ocrx_word' id='word_1_501' title='bbox 922 3528 1070 3597; x_wconf 82' lang='lat'>29).»</span> <span class='ocrx_word' id='word_1_502' title='bbox 1087 3528 1155 3583; x_wconf 87' lang='lat' dir='ltr'>Et</span> <span class='ocrx_word' id='word_1_503' title='bbox 1174 3528 1232 3582; x_wconf 90' lang='lat' dir='ltr'>in</span> <span class='ocrx_word' id='word_1_504' title='bbox 1255 3528 1402 3583; x_wconf 89' lang='lat' dir='ltr'>libro</span> <span class='ocrx_word' id='word_1_505' title='bbox 1422 3529 1492 3583; x_wconf 93' lang='lat' dir='ltr'>de</span> <span class='ocrx_word' id='word_1_506' title='bbox 1515 3528 1671 3584; x_wconf 91' lang='lat' dir='ltr'>Bono</span> <span class='ocrx_word' id='word_1_507' title='bbox 1693 3545 1815 3601; x_wconf 89' lang='lat' dir='ltr'>per-</span> 
     </span>
    </p>
   </div>
   <div class='ocr_carea' id='block_1_68' title="bbox 149 3616 1813 3688">
    <p class='ocr_par' dir='ltr' id='par_1_68' title="bbox 149 3616 1813 3688">
     <span class='ocr_line' id='line_1_68' title="bbox 149 3616 1813 3688; baseline -0.001 -13"><span class='ocrx_word' id='word_1_508' title='bbox 149 3616 494 3675; x_wconf 73' lang='lat' dir='ltr'>severantia:</span> <span class='ocrx_word' id='word_1_509' title='bbox 508 3620 653 3688; x_wconf 72' lang='lat' dir='ltr'>(cap.</span> <span class='ocrx_word' id='word_1_510' title='bbox 676 3617 834 3687; x_wconf 82' lang='grc'>14);‹‹</span> <span class='ocrx_word' id='word_1_511' title='bbox 861 3616 984 3671; x_wconf 64' lang='lat' dir='ltr'>llaec</span> <span class='ocrx_word' id='word_1_512' title='bbox 1011 3621 1099 3671; x_wconf 88' lang='lat' dir='ltr'>est</span> <span class='ocrx_word' id='word_1_513' title='bbox 1130 3616 1556 3688; x_wconf 71' lang='lat' dir='ltr'>prmdestinatio</span> <span class='ocrx_word' id='word_1_514' title='bbox 1584 3621 1813 3674; x_wconf 89' lang='lat' dir='ltr'>saneto-</span> 
     </span>
    </p>
   </div>
   <div class='ocr_carea' id='block_1_69' title="bbox 150 3704 1817 3778">
    <p class='ocr_par' dir='ltr' id='par_1_69' title="bbox 150 3704 1817 3778">
     <span class='ocr_line' id='line_1_69' title="bbox 150 3704 1817 3778; baseline -0.001 -15"><span class='ocrx_word' id='word_1_515' title='bbox 150 3724 276 3763; x_wconf 86' lang='lat' dir='ltr'>rum</span> <span class='ocrx_word' id='word_1_516' title='bbox 296 3705 454 3763; x_wconf 87' lang='lat' dir='ltr'>nihil</span> <span class='ocrx_word' id='word_1_517' title='bbox 473 3706 659 3772; x_wconf 87' lang='lat' dir='ltr'>aliud,</span> <span class='ocrx_word' id='word_1_518' title='bbox 677 3704 1041 3778; x_wconf 72' lang='lat' dir='ltr'>priescientia</span> <span class='ocrx_word' id='word_1_519' title='bbox 1057 3704 1277 3760; x_wconf 77' lang='lat' dir='ltr'>scilicet</span> <span class='ocrx_word' id='word_1_520' title='bbox 1293 3709 1346 3759; x_wconf 89' lang='lat' dir='ltr'>et</span> <span class='ocrx_word' id='word_1_521' title='bbox 1364 3705 1706 3777; x_wconf 67' lang='lat' dir='ltr'>praeparatio</span> <span class='ocrx_word' id='word_1_522' title='bbox 1724 3706 1817 3761; x_wconf 90' lang='lat' dir='ltr'>be-</span> 
     </span>
    </p>
   </div>
   <div class='ocr_carea' id='block_1_70' title="bbox 150 3781 1818 3866">
    <p class='ocr_par' dir='ltr' id='par_1_70' title="bbox 150 3781 1818 3866">
     <span class='ocr_line' id='line_1_70' title="bbox 150 3781 1818 3866; baseline -0.002 -13"><span class='ocrx_word' id='word_1_523' title='bbox 150 3798 502 3853; x_wconf 86' lang='lat' dir='ltr'>neficiorum</span> <span class='ocrx_word' id='word_1_524' title='bbox 517 3793 869 3866; x_wconf 88' lang='lat' dir='ltr'>Dei,quibus</span> <span class='ocrx_word' id='word_1_525' title='bbox 887 3794 1211 3849; x_wconf 88' lang='lat' dir='ltr'>certissime</span> <span class='ocrx_word' id='word_1_526' title='bbox 1235 3781 1559 3849; x_wconf 86' lang='lat' dir='ltr'>liberantur</span> <span class='ocrx_word' id='word_1_527' title='bbox 1575 3794 1818 3865; x_wconf 88' lang='lat' dir='ltr'>quicun-</span> 
     </span>
    </p>
   </div>
   <div class='ocr_carea' id='block_1_71' title="bbox 150 3881 1814 3958">
    <p class='ocr_par' dir='ltr' id='par_1_71' title="bbox 150 3881 1814 3958">
     <span class='ocr_line' id='line_1_71' title="bbox 150 3881 1814 3958; baseline -0.003 -15"><span class='ocrx_word' id='word_1_528' title='bbox 150 3902 259 3958; x_wconf 88' lang='lat' dir='ltr'>que</span> <span class='ocrx_word' id='word_1_529' title='bbox 284 3886 649 3942; x_wconf 87' lang='lat' dir='ltr'>liberantur.</span> <span class='ocrx_word' id='word_1_530' title='bbox 664 3883 774 3938; x_wconf 73' lang='lat' dir='ltr'>nEt</span> <span class='ocrx_word' id='word_1_531' title='bbox 794 3882 853 3937; x_wconf 93' lang='lat' dir='ltr'>in</span> <span class='ocrx_word' id='word_1_532' title='bbox 876 3882 1020 3936; x_wconf 88' lang='lat' dir='ltr'>libro</span> <span class='ocrx_word' id='word_1_533' title='bbox 1044 3883 1113 3937; x_wconf 89' lang='lat' dir='ltr'>de</span> <span class='ocrx_word' id='word_1_534' title='bbox 1144 3881 1655 3937; x_wconf 73' lang='lat' dir='ltr'>Prmdestinatione</span> <span class='ocrx_word' id='word_1_535' title='bbox 1682 3900 1814 3939; x_wconf 88' lang='lat' dir='ltr'>san-</span> 
     </span>
    </p>
   </div>
   <div class='ocr_carea' id='block_1_72' title="bbox 152 3970 1815 4046">
    <p class='ocr_par' dir='ltr' id='par_1_72' title="bbox 152 3970 1815 4046">
     <span class='ocr_line' id='line_1_72' title="bbox 152 3970 1815 4046; baseline -0.004 -14"><span class='ocrx_word' id='word_1_536' title='bbox 152 3980 385 4032; x_wconf 81' lang='lat' dir='ltr'>ctorum</span> <span class='ocrx_word' id='word_1_537' title='bbox 411 3991 463 4030; x_wconf 82' lang='grc'>;‹‹</span> <span class='ocrx_word' id='word_1_538' title='bbox 492 3974 629 4046; x_wconf 85' lang='lat' dir='ltr'>Ipsa</span> <span class='ocrx_word' id='word_1_539' title='bbox 649 3977 759 4039; x_wconf 83' lang='lat' dir='ltr'>est,</span> <span class='ocrx_word' id='word_1_540' title='bbox 776 3970 1435 4045; x_wconf 72' lang='lat' dir='ltr'>inquit,prtedestinati0</span> <span class='ocrx_word' id='word_1_541' title='bbox 1458 3976 1815 4037; x_wconf 88' lang='lat' dir='ltr'>sanctorum,</span> 
     </span>
    </p>
   </div>
   <div class='ocr_carea' id='block_1_73' title="bbox 152 4059 1816 4137">
    <p class='ocr_par' dir='ltr' id='par_1_73' title="bbox 152 4059 1816 4137">
     <span class='ocr_line' id='line_1_73' title="bbox 152 4059 1816 4137; baseline -0.003 -17"><span class='ocrx_word' id='word_1_542' title='bbox 152 4080 277 4137; x_wconf 64' lang='lat' dir='ltr'>qua</span> <span class='ocrx_word' id='word_1_543' title='bbox 322 4063 386 4119; x_wconf 88' lang='lat' dir='ltr'>in</span> <span class='ocrx_word' id='word_1_544' title='bbox 418 4064 640 4119; x_wconf 88' lang='lat' dir='ltr'>Sancto</span> <span class='ocrx_word' id='word_1_545' title='bbox 689 4065 1028 4117; x_wconf 88' lang='lat' dir='ltr'>sanctorum</span> <span class='ocrx_word' id='word_1_546' title='bbox 1079 4060 1330 4115; x_wconf 81' lang='lat' dir='ltr'>maxime</span> <span class='ocrx_word' id='word_1_547' title='bbox 1378 4059 1605 4128; x_wconf 85' lang='lat' dir='ltr'>claruit,</span> <span class='ocrx_word' id='word_1_548' title='bbox 1641 4077 1816 4132; x_wconf 90' lang='lat' dir='ltr'>quam</span> 
     </span>
    </p>
   </div>
   <div class='ocr_carea' id='block_1_74' title="bbox 154 4148 1818 4225">
    <p class='ocr_par' dir='ltr' id='par_1_74' title="bbox 154 4148 1818 4225">
     <span class='ocr_line' id='line_1_74' title="bbox 154 4148 1818 4225; baseline -0.004 -15"><span class='ocrx_word' id='word_1_549' title='bbox 154 4169 373 4225; x_wconf 82' lang='lat' dir='ltr'>negare</span> <span class='ocrx_word' id='word_1_550' title='bbox 395 4152 536 4225; x_wconf 90' lang='lat' dir='ltr'>quis</span> <span class='ocrx_word' id='word_1_551' title='bbox 563 4155 756 4224; x_wconf 89' lang='lat' dir='ltr'>potest</span> <span class='ocrx_word' id='word_1_552' title='bbox 780 4155 930 4205; x_wconf 89' lang='lat' dir='ltr'>recte</span> <span class='ocrx_word' id='word_1_553' title='bbox 954 4149 1403 4222; x_wconf 89' lang='lat' dir='ltr'>intelligentium</span> <span class='ocrx_word' id='word_1_554' title='bbox 1426 4148 1657 4222; x_wconf 89' lang='lat' dir='ltr'>eloquia</span> <span class='ocrx_word' id='word_1_555' title='bbox 1672 4150 1818 4204; x_wconf 90' lang='lat' dir='ltr'>veri-</span> 
     </span>
    </p>
   </div>
   <div class='ocr_carea' id='block_1_75' title="bbox 154 4237 1819 4313">
    <p class='ocr_par' dir='ltr' id='par_1_75' title="bbox 154 4237 1819 4313">
     <span class='ocr_line' id='line_1_75' title="bbox 154 4237 1819 4313; baseline -0.004 -15"><span class='ocrx_word' id='word_1_556' title='bbox 154 4243 337 4298; x_wconf 82' lang='lat' dir='ltr'>tatis?</span> <span class='ocrx_word' id='word_1_557' title='bbox 359 4242 511 4298; x_wconf 79' lang='lat' dir='ltr'>Nam</span> <span class='ocrx_word' id='word_1_558' title='bbox 546 4244 604 4295; x_wconf 87' lang='lat' dir='ltr'>et</span> <span class='ocrx_word' id='word_1_559' title='bbox 638 4240 831 4313; x_wconf 88' lang='lat' dir='ltr'>ipsum</span> <span class='ocrx_word' id='word_1_560' title='bbox 854 4239 1167 4294; x_wconf 90' lang='lat' dir='ltr'>Dominum</span> <span class='ocrx_word' id='word_1_561' title='bbox 1200 4237 1415 4311; x_wconf 73' lang='lat' dir='ltr'>glorize,</span> <span class='ocrx_word' id='word_1_562' title='bbox 1442 4237 1499 4292; x_wconf 91' lang='lat' dir='ltr'>in</span> <span class='ocrx_word' id='word_1_563' title='bbox 1532 4242 1819 4310; x_wconf 87' lang='lat' dir='ltr'>quantum</span> 
     </span>
    </p>
   </div>
   <div class='ocr_carea' id='block_1_76' title="bbox 153 4326 1820 4401">
    <p class='ocr_par' dir='ltr' id='par_1_76' title="bbox 153 4326 1820 4401">
     <span class='ocr_line' id='line_1_76' title="bbox 153 4326 1820 4401; baseline -0.004 -14"><span class='ocrx_word' id='word_1_564' title='bbox 153 4331 332 4388; x_wconf 85' lang='lat' dir='ltr'>homo</span> <span class='ocrx_word' id='word_1_565' title='bbox 368 4331 567 4387; x_wconf 80' lang='lat' dir='ltr'>factus</span> <span class='ocrx_word' id='word_1_566' title='bbox 598 4334 657 4385; x_wconf 91' lang='lat' dir='ltr'>et</span> <span class='ocrx_word' id='word_1_567' title='bbox 686 4328 786 4384; x_wconf 91' lang='lat' dir='ltr'>Dei</span> <span class='ocrx_word' id='word_1_568' title='bbox 828 4327 1029 4395; x_wconf 83' lang='lat' dir='ltr'>Filius,</span> <span class='ocrx_word' id='word_1_569' title='bbox 1064 4326 1538 4401; x_wconf 82' lang='lat' dir='ltr'>praedestinatum</span> <span class='ocrx_word' id='word_1_570' title='bbox 1576 4343 1703 4383; x_wconf 89' lang='lat' dir='ltr'>esse</span> <span class='ocrx_word' id='word_1_571' title='bbox 1735 4326 1820 4381; x_wconf 87' lang='lat' dir='ltr'>di-</span> 
     </span>
    </p>
   </div>
   <div class='ocr_carea' id='block_1_77' title="bbox 152 4415 1823 4487">
    <p class='ocr_par' dir='ltr' id='par_1_77' title="bbox 152 4415 1823 4487">
     <span class='ocr_line' id='line_1_77' title="bbox 152 4415 1823 4487; baseline -0.004 -11"><span class='ocrx_word' id='word_1_572' title='bbox 152 4419 441 4476; x_wconf 88' lang='lat' dir='ltr'>dicimus.</span> <span class='ocrx_word' id='word_1_573' title='bbox 468 4440 497 4468; x_wconf 82' lang='lat'>»</span> <span class='ocrx_word' id='word_1_574' title='bbox 520 4419 595 4473; x_wconf 87' lang='lat' dir='ltr'>Et</span> <span class='ocrx_word' id='word_1_575' title='bbox 626 4418 765 4473; x_wconf 89' lang='lat' dir='ltr'>item</span> <span class='ocrx_word' id='word_1_576' title='bbox 801 4417 857 4470; x_wconf 92' lang='lat' dir='ltr'>in</span> <span class='ocrx_word' id='word_1_577' title='bbox 889 4416 1091 4473; x_wconf 90' lang='lat' dir='ltr'>eodem</span> <span class='ocrx_word' id='word_1_578' title='bbox 1126 4416 1271 4470; x_wconf 82' lang='lat' dir='ltr'>libro</span> <span class='ocrx_word' id='word_1_579' title='bbox 1303 4418 1442 4487; x_wconf 80' lang='lat' dir='ltr'>(cap.</span> <span class='ocrx_word' id='word_1_580' title='bbox 1469 4416 1554 4483; x_wconf 88' lang='grc'>10)</span> <span class='ocrx_word' id='word_1_581' title='bbox 1580 4433 1637 4470; x_wconf 84' lang='grc'>;‹‹</span> <span class='ocrx_word' id='word_1_582' title='bbox 1670 4415 1823 4470; x_wconf 89' lang='lat' dir='ltr'>Inter</span> 
     </span>
    </p>
   </div>
   <div class='ocr_carea' id='block_1_78' title="bbox 154 4503 1823 4583">
    <p class='ocr_par' dir='ltr' id='par_1_78' title="bbox 154 4503 1823 4583">
     <span class='ocr_line' id='line_1_78' title="bbox 154 4503 1823 4583; baseline -0.004 -18"><span class='ocrx_word' id='word_1_583' title='bbox 154 4510 410 4583; x_wconf 81' lang='lat' dir='ltr'>gratiam</span> <span class='ocrx_word' id='word_1_584' title='bbox 439 4523 614 4580; x_wconf 89' lang='lat' dir='ltr'>porro</span> <span class='ocrx_word' id='word_1_585' title='bbox 633 4511 691 4562; x_wconf 86' lang='lat' dir='ltr'>et</span> <span class='ocrx_word' id='word_1_586' title='bbox 712 4504 1280 4578; x_wconf 65' lang='lat' dir='ltr'>praedestinationem</span> <span class='ocrx_word' id='word_1_587' title='bbox 1307 4503 1413 4559; x_wconf 85' lang='lat' dir='ltr'>hoc</span> <span class='ocrx_word' id='word_1_588' title='bbox 1436 4506 1664 4559; x_wconf 89' lang='lat' dir='ltr'>tantum</span> <span class='ocrx_word' id='word_1_589' title='bbox 1686 4504 1823 4559; x_wconf 89' lang='lat' dir='ltr'>inte-</span> 
     </span>
    </p>
   </div>
   <div class='ocr_carea' id='block_1_79' title="bbox 154 4591 1819 4670">
    <p class='ocr_par' dir='ltr' id='par_1_79' title="bbox 154 4591 1819 4670">
     <span class='ocr_line' id='line_1_79' title="bbox 154 4591 1819 4670; baseline -0.005 -15"><span class='ocrx_word' id='word_1_590' title='bbox 154 4606 295 4661; x_wconf 79' lang='lat' dir='ltr'>rest,</span> <span class='ocrx_word' id='word_1_591' title='bbox 317 4597 481 4670; x_wconf 89' lang='lat' dir='ltr'>quod</span> <span class='ocrx_word' id='word_1_592' title='bbox 513 4595 617 4652; x_wconf 68' lang='lat'><strong>82</strong></span> <span class='ocrx_word' id='word_1_593' title='bbox 644 4593 1078 4667; x_wconf 74' lang='lat' dir='ltr'>prmdestinatio</span> <span class='ocrx_word' id='word_1_594' title='bbox 1110 4597 1198 4649; x_wconf 91' lang='lat' dir='ltr'>est</span> <span class='ocrx_word' id='word_1_595' title='bbox 1227 4591 1425 4665; x_wconf 68' lang='lat' dir='ltr'>gratia:</span> <span class='ocrx_word' id='word_1_596' title='bbox 1456 4592 1819 4664; x_wconf 66' lang='lat' dir='ltr'>praeparatio,</span> 
     </span>
    </p>
   </div>
   <div class='ocr_carea' id='block_1_80' title="bbox 1924 3438 3564 3513">
    <p class='ocr_par' dir='ltr' id='par_1_80' title="bbox 1924 3438 3564 3513">
     <span class='ocr_line' id='line_1_80' title="bbox 1924 3438 3564 3513; baseline 0.003 -17"><span class='ocrx_word' id='word_1_597' title='bbox 1924 3456 2110 3512; x_wconf 90' lang='lat' dir='ltr'>usque</span> <span class='ocrx_word' id='word_1_598' title='bbox 2134 3439 2189 3493; x_wconf 92' lang='lat' dir='ltr'>in</span> <span class='ocrx_word' id='word_1_599' title='bbox 2214 3440 2389 3493; x_wconf 86' lang='lat' dir='ltr'>finem</span> <span class='ocrx_word' id='word_1_600' title='bbox 2407 3438 2670 3492; x_wconf 92' lang='lat' dir='ltr'>omnium</span> <span class='ocrx_word' id='word_1_601' title='bbox 2693 3438 3039 3493; x_wconf 70' lang='lat' dir='ltr'>sa‘culorum</span> <span class='ocrx_word' id='word_1_602' title='bbox 3054 3442 3143 3511; x_wconf 85' lang='lat' dir='ltr'>(de</span> <span class='ocrx_word' id='word_1_603' title='bbox 3164 3459 3277 3513; x_wconf 92' lang='lat' dir='ltr'>quo</span> <span class='ocrx_word' id='word_1_604' title='bbox 3296 3443 3410 3499; x_wconf 84' lang='lat' dir='ltr'>fine</span> <span class='ocrx_word' id='word_1_605' title='bbox 3428 3460 3564 3500; x_wconf 89' lang='lat' dir='ltr'>cum</span> 
     </span>
    </p>
   </div>
   <div class='ocr_carea' id='block_1_81' title="bbox 1923 3527 3566 3605">
    <p class='ocr_par' dir='ltr' id='par_1_81' title="bbox 1923 3527 3566 3605">
     <span class='ocr_line' id='line_1_81' title="bbox 1923 3527 3566 3605; baseline -0.001 -20"><span class='ocrx_word' id='word_1_606' title='bbox 1923 3530 2141 3585; x_wconf 88' lang='lat' dir='ltr'>diceret</span> <span class='ocrx_word' id='word_1_607' title='bbox 2173 3528 2377 3583; x_wconf 89' lang='lat' dir='ltr'>beatus</span> <span class='ocrx_word' id='word_1_608' title='bbox 2409 3527 2634 3599; x_wconf 66' lang='lat' dir='ltr'>Moyses</span> <span class='ocrx_word' id='word_1_609' title='bbox 2670 3542 2683 3582; x_wconf 89' lang='lat'><strong>:</strong></span> <span class='ocrx_word' id='word_1_610' title='bbox 2714 3529 2957 3593; x_wconf 82' lang='lat' dir='ltr'>Domine,</span> <span class='ocrx_word' id='word_1_611' title='bbox 2994 3528 3201 3600; x_wconf 88' lang='lat' dir='ltr'>inquit,</span> <span class='ocrx_word' id='word_1_612' title='bbox 3238 3533 3335 3603; x_wconf 86' lang='lat' dir='ltr'>qui</span> <span class='ocrx_word' id='word_1_613' title='bbox 3371 3548 3566 3605; x_wconf 76' lang='lat' dir='ltr'>regnas</span> 
     </span>
    </p>
   </div>
   <div class='ocr_carea' id='block_1_82' title="bbox 1923 3616 3568 3691">
    <p class='ocr_par' dir='ltr' id='par_1_82' title="bbox 1923 3616 3568 3691">
     <span class='ocr_line' id='line_1_82' title="bbox 1923 3616 3568 3691; baseline 0.003 -18"><span class='ocrx_word' id='word_1_614' title='bbox 1923 3620 1984 3673; x_wconf 79' lang='lat' dir='ltr'>in</span> <span class='ocrx_word' id='word_1_615' title='bbox 2012 3617 2279 3673; x_wconf 65' lang='lat' dir='ltr'>.szeculum</span> <span class='ocrx_word' id='word_1_616' title='bbox 2307 3624 2358 3671; x_wconf 82' lang='lat' dir='ltr'>ct</span> <span class='ocrx_word' id='word_1_617' title='bbox 2389 3618 2445 3671; x_wconf 86' lang='lat' dir='ltr'>in</span> <span class='ocrx_word' id='word_1_618' title='bbox 2476 3617 2759 3681; x_wconf 66' lang='lat' dir='ltr'>szeculum,</span> <span class='ocrx_word' id='word_1_619' title='bbox 2792 3623 2842 3670; x_wconf 81' lang='lat' dir='ltr'>et</span> <span class='ocrx_word' id='word_1_620' title='bbox 2869 3616 3087 3683; x_wconf 73' lang='lat' dir='ltr'>adium),</span> <span class='ocrx_word' id='word_1_621' title='bbox 3122 3634 3225 3672; x_wconf 87' lang='lat' dir='ltr'>nec</span> <span class='ocrx_word' id='word_1_622' title='bbox 3257 3625 3568 3691; x_wconf 88' lang='lat' dir='ltr'>sperantur</span> 
     </span>
    </p>
   </div>
   <div class='ocr_carea' id='block_1_83' title="bbox 1924 3704 3567 3779">
    <p class='ocr_par' dir='ltr' id='par_1_83' title="bbox 1924 3704 3567 3779">
     <span class='ocr_line' id='line_1_83' title="bbox 1924 3704 3567 3779; baseline 0.003 -18"><span class='ocrx_word' id='word_1_623' title='bbox 1924 3707 2139 3775; x_wconf 84' lang='lat' dir='ltr'>futura,</span> <span class='ocrx_word' id='word_1_624' title='bbox 2169 3722 2273 3759; x_wconf 89' lang='lat' dir='ltr'>nec</span> <span class='ocrx_word' id='word_1_625' title='bbox 2305 3704 2592 3776; x_wconf 59' lang='lat' dir='ltr'>pragterita</span> <span class='ocrx_word' id='word_1_626' title='bbox 2636 3705 3012 3767; x_wconf 88' lang='lat' dir='ltr'>transierunt,</span> <span class='ocrx_word' id='word_1_627' title='bbox 3037 3708 3136 3769; x_wconf 82' lang='lat' dir='ltr'>sed</span> <span class='ocrx_word' id='word_1_628' title='bbox 3170 3707 3227 3761; x_wconf 93' lang='lat' dir='ltr'>in</span> <span class='ocrx_word' id='word_1_629' title='bbox 3258 3710 3567 3779; x_wconf 72' lang='lat' dir='ltr'>prmseutia</span> 
     </span>
    </p>
   </div>
   <div class='ocr_carea' id='block_1_84' title="bbox 1925 3791 3566 3864">
    <p class='ocr_par' dir='ltr' id='par_1_84' title="bbox 1925 3791 3566 3864">
     <span class='ocr_line' id='line_1_84' title="bbox 1925 3791 3566 3864; baseline 0.002 -14"><span class='ocrx_word' id='word_1_630' title='bbox 1925 3793 2245 3850; x_wconf 88' lang='lat' dir='ltr'>divinitatis</span> <span class='ocrx_word' id='word_1_631' title='bbox 2269 3791 2535 3864; x_wconf 68' lang='lat' dir='ltr'>praesenti</span> <span class='ocrx_word' id='word_1_632' title='bbox 2559 3810 2788 3863; x_wconf 79' lang='lat' dir='ltr'>semper</span> <span class='ocrx_word' id='word_1_633' title='bbox 2807 3791 2932 3848; x_wconf 81' lang='lat' dir='ltr'>luce</span> <span class='ocrx_word' id='word_1_634' title='bbox 2951 3798 3324 3850; x_wconf 83' lang='lat' dir='ltr'>cernuntur.»</span> <span class='ocrx_word' id='word_1_635' title='bbox 3339 3798 3407 3851; x_wconf 83' lang='lat' dir='ltr'>Et</span> <span class='ocrx_word' id='word_1_636' title='bbox 3427 3798 3566 3853; x_wconf 90' lang='lat' dir='ltr'>item</span> 
     </span>
    </p>
   </div>
   <div class='ocr_carea' id='block_1_85' title="bbox 1926 3880 3565 3955">
    <p class='ocr_par' dir='ltr' id='par_1_85' title="bbox 1926 3880 3565 3955">
     <span class='ocr_line' id='line_1_85' title="bbox 1926 3880 3565 3955; baseline 0.002 -17"><span class='ocrx_word' id='word_1_637' title='bbox 1926 3887 2057 3955; x_wconf 85' lang='lat' dir='ltr'>post</span> <span class='ocrx_word' id='word_1_638' title='bbox 2088 3882 2389 3952; x_wconf 88' lang='lat' dir='ltr'>aliquanta</span> <span class='ocrx_word' id='word_1_639' title='bbox 2412 3885 2548 3951; x_wconf 81' lang='lat' dir='ltr'>(cap.</span> <span class='ocrx_word' id='word_1_640' title='bbox 2577 3882 2661 3951; x_wconf 83' lang='lat'>13)</span> <span class='ocrx_word' id='word_1_641' title='bbox 2688 3897 2733 3934; x_wconf 73' lang='grc' dir='ltr'>ει(</span> <span class='ocrx_word' id='word_1_642' title='bbox 2764 3881 2840 3934; x_wconf 87' lang='lat' dir='ltr'>De</span> <span class='ocrx_word' id='word_1_643' title='bbox 2864 3880 2953 3934; x_wconf 89' lang='lat' dir='ltr'>his</span> <span class='ocrx_word' id='word_1_644' title='bbox 2976 3882 3191 3951; x_wconf 84' lang='lat' dir='ltr'>puibus</span> <span class='ocrx_word' id='word_1_645' title='bbox 3214 3901 3442 3955; x_wconf 72' lang='lat' dir='ltr'>pmnam</span> <span class='ocrx_word' id='word_1_646' title='bbox 3476 3903 3565 3941; x_wconf 89' lang='lat' dir='ltr'>se-</span> 
     </span>
    </p>
   </div>
   <div class='ocr_carea' id='block_1_86' title="bbox 1924 3970 3569 4041">
    <p class='ocr_par' dir='ltr' id='par_1_86' title="bbox 1924 3970 3569 4041">
     <span class='ocr_line' id='line_1_86' title="bbox 1924 3970 3569 4041; baseline 0.002 -15"><span class='ocrx_word' id='word_1_647' title='bbox 1924 3971 2139 4026; x_wconf 87' lang='lat' dir='ltr'>veritas</span> <span class='ocrx_word' id='word_1_648' title='bbox 2163 3971 2325 4041; x_wconf 88' lang='lat' dir='ltr'>juste</span> <span class='ocrx_word' id='word_1_649' title='bbox 2351 3970 2698 4034; x_wconf 82' lang='lat' dir='ltr'>decreverat,</span> <span class='ocrx_word' id='word_1_650' title='bbox 2724 3970 3046 4023; x_wconf 87' lang='lat' dir='ltr'>secundum</span> <span class='ocrx_word' id='word_1_651' title='bbox 3072 3970 3422 4028; x_wconf 74' lang='lat' dir='ltr'>ineffabilem</span> <span class='ocrx_word' id='word_1_652' title='bbox 3456 3974 3569 4031; x_wconf 75' lang='lat' dir='ltr'>dis-</span> 
     </span>
    </p>
   </div>
   <div class='ocr_carea' id='block_1_87' title="bbox 1927 4056 3568 4135">
    <p class='ocr_par' dir='ltr' id='par_1_87' title="bbox 1927 4056 3568 4135">
     <span class='ocr_line' id='line_1_87' title="bbox 1927 4056 3568 4135; baseline 0.002 -20"><span class='ocrx_word' id='word_1_653' title='bbox 1927 4057 2233 4133; x_wconf 76' lang='lat' dir='ltr'>positionis</span> <span class='ocrx_word' id='word_1_654' title='bbox 2273 4058 2510 4113; x_wconf 70' lang='lat' dir='ltr'>occulta:</span> <span class='ocrx_word' id='word_1_655' title='bbox 2552 4056 3031 4126; x_wconf 81' lang='lat' dir='ltr'>miscricordiam,</span> <span class='ocrx_word' id='word_1_656' title='bbox 3065 4059 3239 4133; x_wconf 82' lang='lat' dir='ltr'>elegit</span> <span class='ocrx_word' id='word_1_657' title='bbox 3267 4078 3406 4117; x_wconf 90' lang='lat' dir='ltr'>vasa</span> <span class='ocrx_word' id='word_1_658' title='bbox 3440 4080 3568 4135; x_wconf 67' lang='lat' dir='ltr'>qua:</span> 
     </span>
    </p>
   </div>
   <div class='ocr_carea' id='block_1_88' title="bbox 1930 4145 3569 4211">
    <p class='ocr_par' dir='ltr' id='par_1_88' title="bbox 1930 4145 3569 4211">
     <span class='ocr_line' id='line_1_88' title="bbox 1930 4145 3569 4211; baseline 0.002 -7"><span class='ocrx_word' id='word_1_659' title='bbox 1930 4150 2143 4205; x_wconf 82' lang='lat' dir='ltr'>faceret</span> <span class='ocrx_word' id='word_1_660' title='bbox 2204 4147 2261 4201; x_wconf 90' lang='lat' dir='ltr'>in</span> <span class='ocrx_word' id='word_1_661' title='bbox 2322 4146 2621 4211; x_wconf 87' lang='lat' dir='ltr'>honorem,</span> <span class='ocrx_word' id='word_1_662' title='bbox 2652 4151 2709 4201; x_wconf 89' lang='lat' dir='ltr'>et</span> <span class='ocrx_word' id='word_1_663' title='bbox 2748 4145 2891 4201; x_wconf 85' lang='lat' dir='ltr'>alios</span> <span class='ocrx_word' id='word_1_664' title='bbox 2925 4164 2957 4201; x_wconf 90' lang='lat' dir='ltr'>a</span> <span class='ocrx_word' id='word_1_665' title='bbox 2987 4152 3229 4203; x_wconf 89' lang='lat' dir='ltr'>ventura</span> <span class='ocrx_word' id='word_1_666' title='bbox 3285 4149 3373 4205; x_wconf 88' lang='lat' dir='ltr'>ira</span> <span class='ocrx_word' id='word_1_667' title='bbox 3419 4151 3569 4208; x_wconf 89' lang='lat' dir='ltr'>dono</span> 
     </span>
    </p>
   </div>
   <div class='ocr_carea' id='block_1_89' title="bbox 1928 4234 3571 4311">
    <p class='ocr_par' dir='ltr' id='par_1_89' title="bbox 1928 4234 3571 4311">
     <span class='ocr_line' id='line_1_89' title="bbox 1928 4234 3571 4311; baseline 0.003 -19"><span class='ocrx_word' id='word_1_668' title='bbox 1928 4237 2194 4311; x_wconf 66' lang='lat' dir='ltr'>gratuita:</span> <span class='ocrx_word' id='word_1_669' title='bbox 2226 4234 2543 4291; x_wconf 89' lang='lat' dir='ltr'>vocationis</span> <span class='ocrx_word' id='word_1_670' title='bbox 2584 4234 2848 4301; x_wconf 80' lang='lat' dir='ltr'>absolvit,</span> <span class='ocrx_word' id='word_1_671' title='bbox 2883 4235 3027 4291; x_wconf 82' lang='lat' dir='ltr'>alios</span> <span class='ocrx_word' id='word_1_672' title='bbox 3057 4236 3467 4309; x_wconf 82' lang='lat' dir='ltr'>derelinquens</span> <span class='ocrx_word' id='word_1_673' title='bbox 3498 4240 3571 4297; x_wconf 88' lang='lat' dir='ltr'>ad</span> 
     </span>
    </p>
   </div>
   <div class='ocr_carea' id='block_1_90' title="bbox 1930 4322 3571 4401">
    <p class='ocr_par' dir='ltr' id='par_1_90' title="bbox 1930 4322 3571 4401">
     <span class='ocr_line' id='line_1_90' title="bbox 1930 4322 3571 4401; baseline 0.001 -19"><span class='ocrx_word' id='word_1_674' title='bbox 1930 4325 2280 4398; x_wconf 69' lang='lat' dir='ltr'>aequalitatis</span> <span class='ocrx_word' id='word_1_675' title='bbox 2304 4322 2595 4395; x_wconf 86' lang='lat' dir='ltr'>judicium</span> <span class='ocrx_word' id='word_1_676' title='bbox 2630 4324 2973 4379; x_wconf 82' lang='lat' dir='ltr'>reservavit:</span> <span class='ocrx_word' id='word_1_677' title='bbox 3002 4324 3143 4379; x_wconf 88' lang='lat' dir='ltr'>nulli</span> <span class='ocrx_word' id='word_1_678' title='bbox 3180 4330 3370 4381; x_wconf 86' lang='lat' dir='ltr'>tamen</span> <span class='ocrx_word' id='word_1_679' title='bbox 3394 4344 3571 4401; x_wconf 83' lang='lat' dir='ltr'>agno-</span> 
     </span>
    </p>
   </div>
   <div class='ocr_carea' id='block_1_91' title="bbox 1931 4412 3572 4488">
    <p class='ocr_par' dir='ltr' id='par_1_91' title="bbox 1931 4412 3572 4488">
     <span class='ocr_line' id='line_1_91' title="bbox 1931 4412 3572 4488; baseline 0 -17"><span class='ocrx_word' id='word_1_680' title='bbox 1931 4415 2155 4471; x_wconf 68' lang='lat' dir='ltr'>scenda:</span> <span class='ocrx_word' id='word_1_681' title='bbox 2186 4413 2443 4469; x_wconf 81' lang='lat' dir='ltr'>veritatis</span> <span class='ocrx_word' id='word_1_682' title='bbox 2490 4412 2733 4467; x_wconf 86' lang='lat' dir='ltr'>abstulit</span> <span class='ocrx_word' id='word_1_683' title='bbox 2773 4412 3127 4469; x_wconf 79' lang='lat' dir='ltr'>facultatem.</span> <span class='ocrx_word' id='word_1_684' title='bbox 3164 4417 3229 4469; x_wconf 77' lang='lat' dir='ltr'>Et</span> <span class='ocrx_word' id='word_1_685' title='bbox 3269 4416 3351 4471; x_wconf 89' lang='lat' dir='ltr'>ita</span> <span class='ocrx_word' id='word_1_686' title='bbox 3388 4416 3572 4488; x_wconf 87' lang='lat' dir='ltr'>pleni-</span> 
     </span>
    </p>
   </div>
   <div class='ocr_carea' id='block_1_92' title="bbox 1930 4501 3575 4577">
    <p class='ocr_par' dir='ltr' id='par_1_92' title="bbox 1930 4501 3575 4577">
     <span class='ocr_line' id='line_1_92' title="bbox 1930 4501 3575 4577; baseline 0.001 -17"><span class='ocrx_word' id='word_1_687' title='bbox 1930 4505 2071 4560; x_wconf 87' lang='lat' dir='ltr'>tudo</span> <span class='ocrx_word' id='word_1_688' title='bbox 2103 4503 2307 4558; x_wconf 67' lang='lat' dir='ltr'>divinaz</span> <span class='ocrx_word' id='word_1_689' title='bbox 2344 4501 2713 4573; x_wconf 68' lang='lat' dir='ltr'>prrescientia:</span> <span class='ocrx_word' id='word_1_690' title='bbox 2746 4501 2804 4556; x_wconf 85' lang='lat' dir='ltr'>in</span> <span class='ocrx_word' id='word_1_691' title='bbox 2838 4502 2981 4557; x_wconf 87' lang='lat' dir='ltr'>alios</span> <span class='ocrx_word' id='word_1_692' title='bbox 3024 4508 3295 4559; x_wconf 88' lang='lat' dir='ltr'>manante</span> <span class='ocrx_word' id='word_1_693' title='bbox 3328 4506 3426 4561; x_wconf 79' lang='lat'>88</span> <span class='ocrx_word' id='word_1_694' title='bbox 3450 4506 3575 4577; x_wconf 84' lang='lat' dir='ltr'>jus-</span> 
     </span>
    </p>
   </div>
   <div class='ocr_carea' id='block_1_93' title="bbox 1932 4589 3573 4667">
    <p class='ocr_par' dir='ltr' id='par_1_93' title="bbox 1932 4589 3573 4667">
     <span class='ocr_line' id='line_1_93' title="bbox 1932 4589 3573 4667; baseline 0.001 -18"><span class='ocrx_word' id='word_1_695' title='bbox 1932 4593 2083 4665; x_wconf 88' lang='lat' dir='ltr'>titia,</span> <span class='ocrx_word' id='word_1_696' title='bbox 2105 4591 2165 4647; x_wconf 91' lang='lat' dir='ltr'>in</span> <span class='ocrx_word' id='word_1_697' title='bbox 2197 4590 2341 4646; x_wconf 88' lang='lat' dir='ltr'>alios</span> <span class='ocrx_word' id='word_1_698' title='bbox 2367 4589 2552 4664; x_wconf 87' lang='lat' dir='ltr'>gratia</span> <span class='ocrx_word' id='word_1_699' title='bbox 2580 4591 2902 4662; x_wconf 81' lang='lat' dir='ltr'>profluente</span> <span class='ocrx_word' id='word_1_700' title='bbox 2935 4592 3221 4664; x_wconf 90' lang='lat' dir='ltr'>completa</span> <span class='ocrx_word' id='word_1_701' title='bbox 3251 4598 3357 4662; x_wconf 89' lang='lat' dir='ltr'>est,</span> <span class='ocrx_word' id='word_1_702' title='bbox 3382 4598 3447 4649; x_wconf 86' lang='lat' dir='ltr'>ut</span> <span class='ocrx_word' id='word_1_703' title='bbox 3475 4611 3573 4667; x_wconf 87' lang='lat' dir='ltr'>pe-</span> 
     </span>
    </p>
   </div>
   <div class='ocr_carea' id='block_1_94' title="bbox 154 4679 3578 4763">
    <p class='ocr_par' dir='ltr' id='par_1_94' title="bbox 154 4679 3578 4763">
     <span class='ocr_line' id='line_1_94' title="bbox 154 4679 3578 4763; baseline -0.001 -20"><span class='ocrx_word' id='word_1_704' title='bbox 154 4687 353 4759; x_wconf 75' lang='lat' dir='ltr'>gmtia</span> <span class='ocrx_word' id='word_1_705' title='bbox 383 4702 524 4741; x_wconf 86' lang='lat' dir='ltr'>vero</span> <span class='ocrx_word' id='word_1_706' title='bbox 549 4685 679 4756; x_wconf 89' lang='lat' dir='ltr'>jam</span> <span class='ocrx_word' id='word_1_707' title='bbox 711 4683 839 4757; x_wconf 88' lang='lat' dir='ltr'>ipsa</span> <span class='ocrx_word' id='word_1_708' title='bbox 866 4680 1122 4738; x_wconf 86' lang='lat' dir='ltr'>donatio.</span> <span class='ocrx_word' id='word_1_709' title='bbox 1148 4705 1174 4731; x_wconf 90' lang='grc'><strong>››</strong></span> <span class='ocrx_word' id='word_1_710' title='bbox 1200 4682 1269 4736; x_wconf 87' lang='lat' dir='ltr'>Et</span> <span class='ocrx_word' id='word_1_711' title='bbox 1299 4685 1429 4753; x_wconf 90' lang='lat' dir='ltr'>post</span> <span class='ocrx_word' id='word_1_712' title='bbox 1464 4679 1771 4753; x_wconf 91' lang='lat' dir='ltr'>paululum</span> <span class='ocrx_word' id='word_1_713' title='bbox 1808 4698 1820 4736; x_wconf 93' lang='lat'>:</span> <span class='ocrx_word' id='word_1_714' title='bbox 1853 4696 1901 4763; x_wconf 71' lang='grc' dir='ltr'>ι)</span> <span class='ocrx_word' id='word_1_715' title='bbox 1934 4681 2240 4737; x_wconf 88' lang='lat' dir='ltr'>reuntibus</span> <span class='ocrx_word' id='word_1_716' title='bbox 2275 4697 2423 4752; x_wconf 88' lang='lat' dir='ltr'>quos</span> <span class='ocrx_word' id='word_1_717' title='bbox 2456 4679 2783 4752; x_wconf 67' lang='lat' dir='ltr'>prazscierat</span> <span class='ocrx_word' id='word_1_718' title='bbox 2824 4680 2977 4736; x_wconf 91' lang='lat' dir='ltr'>Deus</span> <span class='ocrx_word' id='word_1_719' title='bbox 3011 4700 3138 4737; x_wconf 85' lang='lat' dir='ltr'>esse</span> <span class='ocrx_word' id='word_1_720' title='bbox 3177 4682 3489 4753; x_wconf 89' lang='lat' dir='ltr'>perituros,</span> <span class='ocrx_word' id='word_1_721' title='bbox 3520 4686 3578 4739; x_wconf 87' lang='lat' dir='ltr'>et</span> 
     </span>
    </p>
   </div>
   <div class='ocr_carea' id='block_1_95' title="bbox 154 4769 1828 4843">
    <p class='ocr_par' dir='ltr' id='par_1_95' title="bbox 154 4769 1828 4843">
     <span class='ocr_line' id='line_1_95' title="bbox 154 4769 1828 4843; baseline -0.004 -12"><span class='ocrx_word' id='word_1_722' title='bbox 154 4802 181 4823; x_wconf 77' lang='grc' dir='ltr'>σι</span> <span class='ocrx_word' id='word_1_723' title='bbox 207 4772 665 4831; x_wconf 68' lang='lat' dir='ltr'>Praedestinatio</span> <span class='ocrx_word' id='word_1_724' title='bbox 690 4775 778 4826; x_wconf 84' lang='lat' dir='ltr'>est</span> <span class='ocrx_word' id='word_1_725' title='bbox 798 4788 924 4843; x_wconf 73' lang='lat' dir='ltr'>qua)</span> <span class='ocrx_word' id='word_1_726' title='bbox 953 4770 1079 4826; x_wconf 88' lang='lat' dir='ltr'>sine</span> <span class='ocrx_word' id='word_1_727' title='bbox 1111 4769 1477 4843; x_wconf 72' lang='lat' dir='ltr'>prmscicntia</span> <span class='ocrx_word' id='word_1_728' title='bbox 1500 4786 1612 4825; x_wconf 93' lang='lat' dir='ltr'>non</span> <span class='ocrx_word' id='word_1_729' title='bbox 1638 4773 1828 4842; x_wconf 88' lang='lat' dir='ltr'>potest</span> 
     </span>
    </p>
   </div>
   <div class='ocr_carea' id='block_1_96' title="bbox 155 4859 1824 4939">
    <p class='ocr_par' dir='ltr' id='par_1_96' title="bbox 155 4859 1824 4939">
     <span class='ocr_line' id='line_1_96' title="bbox 155 4859 1824 4939; baseline -0.004 -19"><span class='ocrx_word' id='word_1_730' title='bbox 155 4882 286 4922; x_wconf 80' lang='lat' dir='ltr'>esse</span> <span class='ocrx_word' id='word_1_731' title='bbox 311 4882 326 4921; x_wconf 91' lang='lat'><strong>:</strong></span> <span class='ocrx_word' id='word_1_732' title='bbox 354 4867 557 4939; x_wconf 84' lang='lat' dir='ltr'>potest</span> <span class='ocrx_word' id='word_1_733' title='bbox 587 4865 785 4918; x_wconf 87' lang='lat' dir='ltr'>autem</span> <span class='ocrx_word' id='word_1_734' title='bbox 817 4878 943 4917; x_wconf 88' lang='lat' dir='ltr'>esse</span> <span class='ocrx_word' id='word_1_735' title='bbox 975 4862 1100 4916; x_wconf 88' lang='lat' dir='ltr'>sine</span> <span class='ocrx_word' id='word_1_736' title='bbox 1144 4859 1648 4933; x_wconf 71' lang='lat' dir='ltr'>prmdestinatione</span> <span class='ocrx_word' id='word_1_737' title='bbox 1681 4877 1824 4932; x_wconf 71' lang='lat' dir='ltr'>prm-</span> 
     </span>
    </p>
   </div>
   <div class='ocr_carea' id='block_1_97' title="bbox 158 4948 1827 5022">
    <p class='ocr_par' dir='ltr' id='par_1_97' title="bbox 158 4948 1827 5022">
     <span class='ocr_line' id='line_1_97' title="bbox 158 4948 1827 5022; baseline -0.004 -11"><span class='ocrx_word' id='word_1_738' title='bbox 158 4955 434 5011; x_wconf 79' lang='lat' dir='ltr'>scientia.</span> <span class='ocrx_word' id='word_1_739' title='bbox 472 4949 988 5009; x_wconf 66' lang='lat' dir='ltr'>Praedestinatione</span> <span class='ocrx_word' id='word_1_740' title='bbox 1036 4950 1249 5022; x_wconf 89' lang='lat' dir='ltr'>quippe</span> <span class='ocrx_word' id='word_1_741' title='bbox 1298 4949 1451 5004; x_wconf 90' lang='lat' dir='ltr'>Deus</span> <span class='ocrx_word' id='word_1_742' title='bbox 1490 4963 1558 5003; x_wconf 90' lang='lat' dir='ltr'>ea</span> <span class='ocrx_word' id='word_1_743' title='bbox 1599 4948 1827 5020; x_wconf 66' lang='lat' dir='ltr'>praescit</span> 
     </span>
    </p>
   </div>
   <div class='ocr_carea' id='block_1_98' title="bbox 158 5038 1828 5115">
    <p class='ocr_par' dir='ltr' id='par_1_98' title="bbox 158 5038 1828 5115">
     <span class='ocr_line' id='line_1_98' title="bbox 158 5038 1828 5115; baseline -0.002 -18"><span class='ocrx_word' id='word_1_744' title='bbox 158 5060 289 5115; x_wconf 67' lang='lat' dir='ltr'>quae</span> <span class='ocrx_word' id='word_1_745' title='bbox 317 5044 511 5097; x_wconf 81' lang='lat' dir='ltr'>fuerat</span> <span class='ocrx_word' id='word_1_746' title='bbox 534 5041 662 5113; x_wconf 87' lang='lat' dir='ltr'>ipse</span> <span class='ocrx_word' id='word_1_747' title='bbox 685 5039 967 5109; x_wconf 81' lang='lat' dir='ltr'>facturus,</span> <span class='ocrx_word' id='word_1_748' title='bbox 986 5039 1140 5093; x_wconf 90' lang='lat' dir='ltr'>unde</span> <span class='ocrx_word' id='word_1_749' title='bbox 1157 5038 1377 5093; x_wconf 90' lang='lat' dir='ltr'>dictum</span> <span class='ocrx_word' id='word_1_750' title='bbox 1400 5043 1517 5092; x_wconf 89' lang='lat' dir='ltr'>est:</span> <span class='ocrx_word' id='word_1_751' title='bbox 1542 5039 1685 5093; x_wconf 82' lang='lat' dir='ltr'>Fecit</span> <span class='ocrx_word' id='word_1_752' title='bbox 1703 5053 1828 5110; x_wconf 64' lang='lat' dir='ltr'>qua:</span> 
     </span>
    </p>
   </div>
   <div class='ocr_carea' id='block_1_99' title="bbox 159 5125 1826 5202">
    <p class='ocr_par' dir='ltr' id='par_1_99' title="bbox 159 5125 1826 5202">
     <span class='ocr_line' id='line_1_99' title="bbox 159 5125 1826 5202; baseline -0.003 -16"><span class='ocrx_word' id='word_1_753' title='bbox 159 5136 357 5201; x_wconf 69' lang='lat' dir='ltr'>[antra</span> <span class='ocrx_word' id='word_1_754' title='bbox 384 5137 553 5198; x_wconf 71' lang='lat' dir='ltr'>sunt;</span> <span class='ocrx_word' id='word_1_755' title='bbox 585 5128 855 5202; x_wconf 66' lang='lat' dir='ltr'>praescire</span> <span class='ocrx_word' id='word_1_756' title='bbox 896 5131 1087 5183; x_wconf 85' lang='lat' dir='ltr'>autem</span> <span class='ocrx_word' id='word_1_757' title='bbox 1120 5130 1325 5198; x_wconf 85' lang='lat' dir='ltr'>potens</span> <span class='ocrx_word' id='word_1_758' title='bbox 1366 5129 1453 5180; x_wconf 89' lang='lat' dir='ltr'>est</span> <span class='ocrx_word' id='word_1_759' title='bbox 1491 5125 1667 5180; x_wconf 90' lang='lat' dir='ltr'>etiam</span> <span class='ocrx_word' id='word_1_760' title='bbox 1701 5144 1826 5199; x_wconf 72' lang='lat' dir='ltr'>qua:</span> 
     </span>
    </p>
   </div>
   <div class='ocr_carea' id='block_1_100' title="bbox 164 5214 1831 5293">
    <p class='ocr_par' dir='ltr' id='par_1_100' title="bbox 164 5214 1831 5293">
     <span class='ocr_line' id='line_1_100' title="bbox 164 5214 1831 5293; baseline -0.002 -20"><span class='ocrx_word' id='word_1_761' title='bbox 164 5221 293 5293; x_wconf 80' lang='lat' dir='ltr'>ipse</span> <span class='ocrx_word' id='word_1_762' title='bbox 326 5220 489 5285; x_wconf 79' lang='lat' dir='ltr'>facit,</span> <span class='ocrx_word' id='word_1_763' title='bbox 520 5218 677 5273; x_wconf 82' lang='lat' dir='ltr'>sicut</span> <span class='ocrx_word' id='word_1_764' title='bbox 708 5233 1072 5289; x_wconf 65' lang='lat' dir='ltr'>quiscunque</span> <span class='ocrx_word' id='word_1_765' title='bbox 1104 5218 1339 5287; x_wconf 87' lang='lat' dir='ltr'>peccata</span> <span class='ocrx_word' id='word_1_766' title='bbox 1373 5232 1385 5270; x_wconf 95' lang='lat'>:</span> <span class='ocrx_word' id='word_1_767' title='bbox 1420 5214 1517 5286; x_wconf 92' lang='lat' dir='ltr'>qui</span> <span class='ocrx_word' id='word_1_768' title='bbox 1552 5215 1659 5269; x_wconf 86' lang='lat' dir='ltr'>etsi</span> <span class='ocrx_word' id='word_1_769' title='bbox 1693 5217 1831 5270; x_wconf 88' lang='lat' dir='ltr'>sunt</span> 
     </span>
    </p>
   </div>
   <div class='ocr_carea' id='block_1_101' title="bbox 166 5302 1834 5381">
    <p class='ocr_par' dir='ltr' id='par_1_101' title="bbox 166 5302 1834 5381">
     <span class='ocr_line' id='line_1_101' title="bbox 166 5302 1834 5381; baseline -0.004 -17"><span class='ocrx_word' id='word_1_770' title='bbox 166 5310 442 5381; x_wconf 57' lang='lat' dir='ltr'>quaedam</span> <span class='ocrx_word' id='word_1_771' title='bbox 477 5326 609 5379; x_wconf 65' lang='lat' dir='ltr'>qua:</span> <span class='ocrx_word' id='word_1_772' title='bbox 644 5305 726 5361; x_wconf 88' lang='lat' dir='ltr'>ita</span> <span class='ocrx_word' id='word_1_773' title='bbox 758 5310 994 5378; x_wconf 89' lang='lat' dir='ltr'>peccata</span> <span class='ocrx_word' id='word_1_774' title='bbox 1020 5309 1176 5371; x_wconf 89' lang='lat' dir='ltr'>sunt,</span> <span class='ocrx_word' id='word_1_775' title='bbox 1202 5308 1266 5359; x_wconf 93' lang='lat' dir='ltr'>ut</span> <span class='ocrx_word' id='word_1_776' title='bbox 1298 5321 1477 5375; x_wconf 72' lang='lat' dir='ltr'>poena:</span> <span class='ocrx_word' id='word_1_777' title='bbox 1511 5302 1629 5358; x_wconf 87' lang='lat' dir='ltr'>sint</span> <span class='ocrx_word' id='word_1_778' title='bbox 1659 5303 1834 5358; x_wconf 86' lang='lat' dir='ltr'>etiam</span> 
     </span>
    </p>
   </div>
   <div class='ocr_carea' id='block_1_102' title="bbox 166 5392 1835 5470">
    <p class='ocr_par' dir='ltr' id='par_1_102' title="bbox 166 5392 1835 5470">
     <span class='ocr_line' id='line_1_102' title="bbox 166 5392 1835 5470; baseline -0.003 -18"><span class='ocrx_word' id='word_1_779' title='bbox 166 5403 549 5470; x_wconf 84' lang='lat' dir='ltr'>peccatorum</span> <span class='ocrx_word' id='word_1_780' title='bbox 584 5395 766 5469; x_wconf 89' lang='lat' dir='ltr'>(unde</span> <span class='ocrx_word' id='word_1_781' title='bbox 807 5394 1030 5449; x_wconf 89' lang='lat' dir='ltr'>dictum</span> <span class='ocrx_word' id='word_1_782' title='bbox 1074 5398 1162 5449; x_wconf 82' lang='lat' dir='ltr'>est</span> <span class='ocrx_word' id='word_1_783' title='bbox 1194 5411 1206 5448; x_wconf 91' lang='lat'>:</span> <span class='ocrx_word' id='word_1_784' title='bbox 1246 5392 1489 5448; x_wconf 81' lang='lat' dir='ltr'>Tradidit</span> <span class='ocrx_word' id='word_1_785' title='bbox 1527 5393 1648 5446; x_wconf 84' lang='lat' dir='ltr'>illos</span> <span class='ocrx_word' id='word_1_786' title='bbox 1696 5393 1835 5448; x_wconf 75' lang='lat' dir='ltr'>Deus</span> 
     </span>
    </p>
   </div>
   <div class='ocr_carea' id='block_1_103' title="bbox 166 5483 1833 5558">
    <p class='ocr_par' dir='ltr' id='par_1_103' title="bbox 166 5483 1833 5558">
     <span class='ocr_line' id='line_1_103' title="bbox 166 5483 1833 5558; baseline -0.003 -17"><span class='ocrx_word' id='word_1_787' title='bbox 166 5491 223 5541; x_wconf 72' lang='lat' dir='ltr'>in</span> <span class='ocrx_word' id='word_1_788' title='bbox 259 5487 549 5558; x_wconf 74' lang='lat' dir='ltr'>rcprobam</span> <span class='ocrx_word' id='word_1_789' title='bbox 582 5492 841 5540; x_wconf 69' lang='lat' dir='ltr'>mentem.</span> <span class='ocrx_word' id='word_1_790' title='bbox 866 5491 923 5538; x_wconf 85' lang='lat' dir='ltr'>ut</span> <span class='ocrx_word' id='word_1_791' title='bbox 954 5485 1161 5553; x_wconf 79' lang='lat' dir='ltr'>faciant</span> <span class='ocrx_word' id='word_1_792' title='bbox 1190 5499 1314 5553; x_wconf 64' lang='grc' dir='ltr'>([ιιίι·</span> <span class='ocrx_word' id='word_1_793' title='bbox 1336 5499 1440 5536; x_wconf 81' lang='lat' dir='ltr'>non</span> <span class='ocrx_word' id='word_1_794' title='bbox 1467 5483 1833 5552; x_wconf 65' lang='lat' dir='ltr'>commnizmt),</span> 
     </span>
    </p>
   </div>
   <div class='ocr_carea' id='block_1_104' title="bbox 164 5570 1835 5645">
    <p class='ocr_par' dir='ltr' id='par_1_104' title="bbox 164 5570 1835 5645">
     <span class='ocr_line' id='line_1_104' title="bbox 164 5570 1835 5645; baseline -0.005 -13"><span class='ocrx_word' id='word_1_795' title='bbox 164 5578 350 5645; x_wconf 79' lang='lat' dir='ltr'>(Rom.</span> <span class='ocrx_word' id='word_1_796' title='bbox 383 5592 421 5643; x_wconf 82' lang='grc' dir='ltr'>ι,</span> <span class='ocrx_word' id='word_1_797' title='bbox 444 5581 562 5644; x_wconf 63' lang='lat'>28),</span> <span class='ocrx_word' id='word_1_798' title='bbox 599 5590 716 5629; x_wconf 91' lang='lat' dir='ltr'>non</span> <span class='ocrx_word' id='word_1_799' title='bbox 775 5571 853 5627; x_wconf 91' lang='lat' dir='ltr'>ibi</span> <span class='ocrx_word' id='word_1_800' title='bbox 917 5576 1219 5643; x_wconf 83' lang='lat' dir='ltr'>peccatum</span> <span class='ocrx_word' id='word_1_801' title='bbox 1256 5570 1347 5625; x_wconf 81' lang='lat' dir='ltr'>Dei</span> <span class='ocrx_word' id='word_1_802' title='bbox 1384 5575 1490 5636; x_wconf 84' lang='lat' dir='ltr'>est,</span> <span class='ocrx_word' id='word_1_803' title='bbox 1516 5570 1612 5625; x_wconf 86' lang='lat' dir='ltr'>sed</span> <span class='ocrx_word' id='word_1_804' title='bbox 1668 5570 1835 5641; x_wconf 89' lang='lat' dir='ltr'>judi-</span> 
     </span>
    </p>
   </div>
   <div class='ocr_carea' id='block_1_105' title="bbox 165 5658 1832 5735">
    <p class='ocr_par' dir='ltr' id='par_1_105' title="bbox 165 5658 1832 5735">
     <span class='ocr_line' id='line_1_105' title="bbox 165 5658 1832 5735; baseline -0.004 -15"><span class='ocrx_word' id='word_1_805' title='bbox 165 5663 665 5732; x_wconf 81' lang='lat' dir='ltr'>cium.Quocirca</span> <span class='ocrx_word' id='word_1_806' title='bbox 696 5660 1130 5735; x_wconf 66' lang='lat' dir='ltr'>praedestinatio</span> <span class='ocrx_word' id='word_1_807' title='bbox 1159 5659 1258 5715; x_wconf 87' lang='lat' dir='ltr'>Dei</span> <span class='ocrx_word' id='word_1_808' title='bbox 1290 5677 1417 5731; x_wconf 74' lang='lat' dir='ltr'>qua:</span> <span class='ocrx_word' id='word_1_809' title='bbox 1448 5658 1506 5713; x_wconf 89' lang='lat' dir='ltr'>in</span> <span class='ocrx_word' id='word_1_810' title='bbox 1542 5658 1692 5713; x_wconf 89' lang='lat' dir='ltr'>bono</span> <span class='ocrx_word' id='word_1_811' title='bbox 1724 5663 1832 5724; x_wconf 90' lang='lat' dir='ltr'>est,</span> 
     </span>
    </p>
   </div>
   <div class='ocr_carea' id='block_1_106' title="bbox 167 5746 1835 5827">
    <p class='ocr_par' dir='ltr' id='par_1_106' title="bbox 167 5746 1835 5827">
     <span class='ocr_line' id='line_1_106' title="bbox 167 5746 1835 5827; baseline -0.005 -16"><span class='ocrx_word' id='word_1_812' title='bbox 167 5753 377 5827; x_wconf 73' lang='lat' dir='ltr'>gratiae</span> <span class='ocrx_word' id='word_1_813' title='bbox 407 5758 515 5821; x_wconf 87' lang='lat' dir='ltr'>est,</span> <span class='ocrx_word' id='word_1_814' title='bbox 542 5757 608 5809; x_wconf 90' lang='lat' dir='ltr'>ut</span> <span class='ocrx_word' id='word_1_815' title='bbox 639 5749 784 5817; x_wconf 82' lang='lat' dir='ltr'>dixi,</span> <span class='ocrx_word' id='word_1_816' title='bbox 830 5748 1171 5821; x_wconf 68' lang='lat' dir='ltr'>praeparatio</span> <span class='ocrx_word' id='word_1_817' title='bbox 1205 5765 1217 5802; x_wconf 90' lang='lat'><strong>:</strong></span> <span class='ocrx_word' id='word_1_818' title='bbox 1254 5747 1441 5819; x_wconf 79' lang='lat' dir='ltr'>gratia</span> <span class='ocrx_word' id='word_1_819' title='bbox 1471 5764 1602 5801; x_wconf 87' lang='lat' dir='ltr'>vero</span> <span class='ocrx_word' id='word_1_820' title='bbox 1649 5746 1835 5819; x_wconf 89' lang='lat' dir='ltr'>ipsius</span> 
     </span>
    </p>
   </div>
   <div class='ocr_carea' id='block_1_107' title="bbox 1937 4768 3574 4843">
    <p class='ocr_par' dir='ltr' id='par_1_107' title="bbox 1937 4768 3574 4843">
     <span class='ocr_line' id='line_1_107' title="bbox 1937 4768 3574 4843; baseline 0 -18"><span class='ocrx_word' id='word_1_821' title='bbox 1937 4769 2174 4826; x_wconf 91' lang='lat' dir='ltr'>salvatis</span> <span class='ocrx_word' id='word_1_822' title='bbox 2204 4786 2350 4840; x_wconf 89' lang='lat' dir='ltr'>quos</span> <span class='ocrx_word' id='word_1_823' title='bbox 2382 4769 2437 4823; x_wconf 93' lang='lat' dir='ltr'>in</span> <span class='ocrx_word' id='word_1_824' title='bbox 2474 4768 2570 4823; x_wconf 85' lang='lat' dir='ltr'>illa</span> <span class='ocrx_word' id='word_1_825' title='bbox 2601 4772 2821 4823; x_wconf 88' lang='lat' dir='ltr'>secreta</span> <span class='ocrx_word' id='word_1_826' title='bbox 2861 4787 2967 4823; x_wconf 89' lang='lat' dir='ltr'>sua</span> <span class='ocrx_word' id='word_1_827' title='bbox 3004 4768 3279 4825; x_wconf 89' lang='lat' dir='ltr'>electione</span> <span class='ocrx_word' id='word_1_828' title='bbox 3311 4770 3574 4843; x_wconf 73' lang='lat' dir='ltr'>prmseie-</span> 
     </span>
    </p>
   </div>
   <div class='ocr_carea' id='block_1_108' title="bbox 1934 4856 3578 4929">
    <p class='ocr_par' dir='ltr' id='par_1_108' title="bbox 1934 4856 3578 4929">
     <span class='ocr_line' id='line_1_108' title="bbox 1934 4856 3578 4929; baseline -0.002 -15"><span class='ocrx_word' id='word_1_829' title='bbox 1934 4864 2023 4914; x_wconf 88' lang='lat' dir='ltr'>rat</span> <span class='ocrx_word' id='word_1_830' title='bbox 2053 4875 2179 4913; x_wconf 87' lang='lat' dir='ltr'>esse</span> <span class='ocrx_word' id='word_1_831' title='bbox 2204 4856 2532 4925; x_wconf 86' lang='lat' dir='ltr'>salvandos,</span> <span class='ocrx_word' id='word_1_832' title='bbox 2560 4860 2677 4911; x_wconf 90' lang='lat' dir='ltr'>toto</span> <span class='ocrx_word' id='word_1_833' title='bbox 2700 4858 2835 4911; x_wconf 84' lang='lat' dir='ltr'>orbe</span> <span class='ocrx_word' id='word_1_834' title='bbox 2856 4857 3069 4913; x_wconf 73' lang='lat' dir='ltr'>diffusa</span> <span class='ocrx_word' id='word_1_835' title='bbox 3091 4857 3578 4929; x_wconf 87' lang='lat' dir='ltr'>multiplicaretur</span> 
     </span>
    </p>
   </div>
   <div class='ocr_carea' id='block_1_109' title="bbox 1936 4944 3577 5019">
    <p class='ocr_par' dir='ltr' id='par_1_109' title="bbox 1936 4944 3577 5019">
     <span class='ocr_line' id='line_1_109' title="bbox 1936 4944 3577 5019; baseline -0.003 -16"><span class='ocrx_word' id='word_1_836' title='bbox 1936 4946 2213 5003; x_wconf 83' lang='lat' dir='ltr'>Ecclesia.</span> <span class='ocrx_word' id='word_1_837' title='bbox 2237 4970 2263 4995; x_wconf 87' lang='grc'>››</span> <span class='ocrx_word' id='word_1_838' title='bbox 2292 4948 2359 5001; x_wconf 80' lang='lat' dir='ltr'>Et</span> <span class='ocrx_word' id='word_1_839' title='bbox 2398 4950 2529 5018; x_wconf 85' lang='lat' dir='ltr'>post</span> <span class='ocrx_word' id='word_1_840' title='bbox 2570 4944 2874 5017; x_wconf 85' lang='lat' dir='ltr'>paululum</span> <span class='ocrx_word' id='word_1_841' title='bbox 2906 4952 3041 5019; x_wconf 70' lang='lat' dir='ltr'>(cap.</span> <span class='ocrx_word' id='word_1_842' title='bbox 3080 4948 3167 5015; x_wconf 76' lang='lat' dir='ltr'>t’i,</span> <span class='ocrx_word' id='word_1_843' title='bbox 3202 4948 3288 5013; x_wconf 83' lang='grc'>15)</span> <span class='ocrx_word' id='word_1_844' title='bbox 3312 4963 3363 4999; x_wconf 84' lang='lat'><strong>:«</strong></span> <span class='ocrx_word' id='word_1_845' title='bbox 3395 4945 3450 5000; x_wconf 89' lang='lat' dir='ltr'>Si</span> <span class='ocrx_word' id='word_1_846' title='bbox 3484 4945 3577 5017; x_wconf 89' lang='lat' dir='ltr'>pie</span> 
     </span>
    </p>
   </div>
   <div class='ocr_carea' id='block_1_110' title="bbox 1937 5032 3579 5107">
    <p class='ocr_par' dir='ltr' id='par_1_110' title="bbox 1937 5032 3579 5107">
     <span class='ocr_line' id='line_1_110' title="bbox 1937 5032 3579 5107; baseline -0.002 -15"><span class='ocrx_word' id='word_1_847' title='bbox 1937 5038 2008 5092; x_wconf 93' lang='lat' dir='ltr'>de</span> <span class='ocrx_word' id='word_1_848' title='bbox 2039 5037 2152 5091; x_wconf 93' lang='lat' dir='ltr'>Deo</span> <span class='ocrx_word' id='word_1_849' title='bbox 2184 5036 2337 5091; x_wconf 89' lang='lat' dir='ltr'>sicut</span> <span class='ocrx_word' id='word_1_850' title='bbox 2367 5036 2596 5107; x_wconf 82' lang='lat' dir='ltr'>expedit</span> <span class='ocrx_word' id='word_1_851' title='bbox 2628 5033 2935 5100; x_wconf 86' lang='lat' dir='ltr'>sentimus,</span> <span class='ocrx_word' id='word_1_852' title='bbox 2962 5036 3137 5090; x_wconf 91' lang='lat' dir='ltr'>etiam</span> <span class='ocrx_word' id='word_1_853' title='bbox 3172 5032 3451 5089; x_wconf 87' lang='lat' dir='ltr'>Pharaoni</span> <span class='ocrx_word' id='word_1_854' title='bbox 3483 5033 3579 5088; x_wconf 85' lang='lat' dir='ltr'>da-</span> 
     </span>
    </p>
   </div>
   <div class='ocr_carea' id='block_1_111' title="bbox 1938 5120 3578 5195">
    <p class='ocr_par' dir='ltr' id='par_1_111' title="bbox 1938 5120 3578 5195">
     <span class='ocr_line' id='line_1_111' title="bbox 1938 5120 3578 5195; baseline -0.003 -14"><span class='ocrx_word' id='word_1_855' title='bbox 1938 5129 2058 5181; x_wconf 86' lang='lat' dir='ltr'>tum</span> <span class='ocrx_word' id='word_1_856' title='bbox 2090 5123 2548 5179; x_wconf 77' lang='lat' dir='ltr'>misericordiam</span> <span class='ocrx_word' id='word_1_857' title='bbox 2594 5124 2937 5195; x_wconf 86' lang='lat' dir='ltr'>reperimus.</span> <span class='ocrx_word' id='word_1_858' title='bbox 2973 5123 3253 5178; x_wconf 84' lang='lat' dir='ltr'>Patientia</span> <span class='ocrx_word' id='word_1_859' title='bbox 3290 5121 3444 5176; x_wconf 88' lang='lat' dir='ltr'>enim</span> <span class='ocrx_word' id='word_1_860' title='bbox 3476 5120 3578 5178; x_wconf 89' lang='lat' dir='ltr'>Dei</span> 
     </span>
    </p>
   </div>
   <div class='ocr_carea' id='block_1_112' title="bbox 1938 5212 3579 5283">
    <p class='ocr_par' dir='ltr' id='par_1_112' title="bbox 1938 5212 3579 5283">
     <span class='ocr_line' id='line_1_112' title="bbox 1938 5212 3579 5283; baseline 0 -16"><span class='ocrx_word' id='word_1_861' title='bbox 1938 5215 2127 5270; x_wconf 82' lang='lat' dir='ltr'>valere</span> <span class='ocrx_word' id='word_1_862' title='bbox 2159 5214 2205 5269; x_wconf 80' lang='lat' dir='ltr'>ei</span> <span class='ocrx_word' id='word_1_863' title='bbox 2242 5214 2441 5268; x_wconf 88' lang='lat' dir='ltr'>debuit</span> <span class='ocrx_word' id='word_1_864' title='bbox 2472 5214 2541 5267; x_wconf 87' lang='lat' dir='ltr'>ad</span> <span class='ocrx_word' id='word_1_865' title='bbox 2579 5212 2822 5266; x_wconf 49' lang='lat' dir='ltr'>salutem</span> <span class='ocrx_word' id='word_1_866' title='bbox 2852 5230 2863 5267; x_wconf 91' lang='lat'><strong>:</strong></span> <span class='ocrx_word' id='word_1_867' title='bbox 2891 5212 3027 5283; x_wconf 77' lang='lat' dir='ltr'>quia</span> <span class='ocrx_word' id='word_1_868' title='bbox 3050 5213 3318 5265; x_wconf 76' lang='lat' dir='ltr'>differens</span> <span class='ocrx_word' id='word_1_869' title='bbox 3345 5212 3579 5281; x_wconf 87' lang='lat' dir='ltr'>justum</span> 
     </span>
    </p>
   </div>
   <div class='ocr_carea' id='block_1_113' title="bbox 1945 5300 3584 5376">
    <p class='ocr_par' dir='ltr' id='par_1_113' title="bbox 1945 5300 3584 5376">
     <span class='ocr_line' id='line_1_113' title="bbox 1945 5300 3584 5376; baseline -0.001 -17"><span class='ocrx_word' id='word_1_870' title='bbox 1945 5305 2335 5376; x_wconf 90' lang='lat' dir='ltr'>meritumque</span> <span class='ocrx_word' id='word_1_871' title='bbox 2366 5303 2721 5374; x_wconf 85' lang='lat' dir='ltr'>supplicium</span> <span class='ocrx_word' id='word_1_872' title='bbox 2756 5300 3168 5355; x_wconf 82' lang='lat' dir='ltr'>miraculorum</span> <span class='ocrx_word' id='word_1_873' title='bbox 3198 5301 3439 5356; x_wconf 88' lang='lat' dir='ltr'>verbera</span> <span class='ocrx_word' id='word_1_874' title='bbox 3466 5317 3584 5357; x_wconf 89' lang='lat' dir='ltr'>cre-</span> 
     </span>
    </p>
   </div>
   <div class='ocr_carea' id='block_1_114' title="bbox 1946 5388 3583 5462">
    <p class='ocr_par' dir='ltr' id='par_1_114' title="bbox 1946 5388 3583 5462">
     <span class='ocr_line' id='line_1_114' title="bbox 1946 5388 3583 5462; baseline -0.001 -15"><span class='ocrx_word' id='word_1_875' title='bbox 1946 5394 2050 5448; x_wconf 84' lang='lat' dir='ltr'>bra</span> <span class='ocrx_word' id='word_1_876' title='bbox 2071 5394 2370 5447; x_wconf 85' lang='lat' dir='ltr'>densabat.</span> <span class='ocrx_word' id='word_1_877' title='bbox 2396 5390 2669 5462; x_wconf 75' lang='lat' dir='ltr'>Nunquid</span> <span class='ocrx_word' id='word_1_878' title='bbox 2698 5408 2807 5444; x_wconf 85' lang='lat' dir='ltr'>non</span> <span class='ocrx_word' id='word_1_879' title='bbox 2835 5388 3210 5459; x_wconf 79' lang='lat' dir='ltr'>potuit,sicut</span> <span class='ocrx_word' id='word_1_880' title='bbox 3232 5389 3476 5461; x_wconf 82' lang='lat' dir='ltr'>ﬂagellis</span> <span class='ocrx_word' id='word_1_881' title='bbox 3497 5397 3583 5445; x_wconf 76' lang='lat'>06&#39;-</span> 
     </span>
    </p>
   </div>
   <div class='ocr_carea' id='block_1_115' title="bbox 1945 5479 3581 5553">
    <p class='ocr_par' dir='ltr' id='par_1_115' title="bbox 1945 5479 3581 5553">
     <span class='ocr_line' id='line_1_115' title="bbox 1945 5479 3581 5553; baseline -0.002 -16"><span class='ocrx_word' id='word_1_882' title='bbox 1945 5483 2088 5537; x_wconf 79' lang='lat' dir='ltr'>dens</span> <span class='ocrx_word' id='word_1_883' title='bbox 2110 5481 2329 5553; x_wconf 77' lang='lat' dir='ltr'>expulit</span> <span class='ocrx_word' id='word_1_884' title='bbox 2360 5480 2658 5552; x_wconf 79' lang='lat' dir='ltr'>populum,</span> <span class='ocrx_word' id='word_1_885' title='bbox 2687 5480 2763 5531; x_wconf 77' lang='lat' dir='ltr'>ita</span> <span class='ocrx_word' id='word_1_886' title='bbox 2798 5479 3094 5531; x_wconf 66' lang='lat' dir='ltr'>miraculis</span> <span class='ocrx_word' id='word_1_887' title='bbox 3124 5480 3364 5534; x_wconf 69' lang='lat' dir='ltr'>credens</span> <span class='ocrx_word' id='word_1_888' title='bbox 3398 5481 3581 5535; x_wconf 81' lang='lat' dir='ltr'>llcum</span> 
     </span>
    </p>
   </div>
   <div class='ocr_carea' id='block_1_116' title="bbox 1945 5565 3581 5640">
    <p class='ocr_par' dir='ltr' id='par_1_116' title="bbox 1945 5565 3581 5640">
     <span class='ocr_line' id='line_1_116' title="bbox 1945 5565 3581 5640; baseline -0.001 -15"><span class='ocrx_word' id='word_1_889' title='bbox 1945 5575 2115 5625; x_wconf 71' lang='lat' dir='ltr'>tanta:</span> <span class='ocrx_word' id='word_1_890' title='bbox 2132 5571 2361 5625; x_wconf 81' lang='lat' dir='ltr'>virtutis</span> <span class='ocrx_word' id='word_1_891' title='bbox 2376 5585 2687 5640; x_wconf 69' lang='lat' dir='ltr'>agnoscere</span> <span class='ocrx_word' id='word_1_892' title='bbox 2700 5568 2725 5619; x_wconf 70' lang='lat'>1’</span> <span class='ocrx_word' id='word_1_893' title='bbox 2740 5567 2847 5621; x_wconf 76' lang='lat' dir='ltr'>Sed</span> <span class='ocrx_word' id='word_1_894' title='bbox 2866 5565 3206 5639; x_wconf 70' lang='lat' dir='ltr'>diciturjain</span> <span class='ocrx_word' id='word_1_895' title='bbox 3226 5569 3581 5624; x_wconf 80' lang='lat' dir='ltr'>Pharaonem</span> 
     </span>
    </p>
   </div>
   <div class='ocr_carea' id='block_1_117' title="bbox 1944 5654 3581 5732">
    <p class='ocr_par' dir='ltr' id='par_1_117' title="bbox 1944 5654 3581 5732">
     <span class='ocr_line' id='line_1_117' title="bbox 1944 5654 3581 5732; baseline -0.002 -17"><span class='ocrx_word' id='word_1_896' title='bbox 1944 5677 2059 5715; x_wconf 90' lang='lat' dir='ltr'>non</span> <span class='ocrx_word' id='word_1_897' title='bbox 2092 5660 2347 5732; x_wconf 86' lang='lat' dir='ltr'>potuisse</span> <span class='ocrx_word' id='word_1_898' title='bbox 2372 5654 2902 5726; x_wconf 83' lang='lat' dir='ltr'>mutari,quiaeum</span> <span class='ocrx_word' id='word_1_899' title='bbox 2936 5658 3263 5728; x_wconf 66' lang='lat' dir='ltr'>pPiL‘SClCI‘ﬂt</span> <span class='ocrx_word' id='word_1_900' title='bbox 3284 5660 3435 5713; x_wconf 90' lang='lat' dir='ltr'>Deus</span> <span class='ocrx_word' id='word_1_901' title='bbox 3468 5674 3581 5711; x_wconf 89' lang='lat' dir='ltr'>non</span> 
     </span>
    </p>
   </div>
   <div class='ocr_carea' id='block_1_118' title="bbox 1946 5745 3579 5818">
    <p class='ocr_par' dir='ltr' id='par_1_118' title="bbox 1946 5745 3579 5818">
     <span class='ocr_line' id='line_1_118' title="bbox 1946 5745 3579 5818; baseline -0.003 -14"><span class='ocrx_word' id='word_1_902' title='bbox 1946 5766 2071 5804; x_wconf 85' lang='lat' dir='ltr'>esse</span> <span class='ocrx_word' id='word_1_903' title='bbox 2095 5748 2441 5804; x_wconf 90' lang='lat' dir='ltr'>mutandum</span> <span class='ocrx_word' id='word_1_904' title='bbox 2462 5763 2474 5800; x_wconf 91' lang='lat'>:</span> <span class='ocrx_word' id='word_1_905' title='bbox 2498 5745 2883 5816; x_wconf 84' lang='lat' dir='ltr'>respondetur</span> <span class='ocrx_word' id='word_1_906' title='bbox 2904 5745 3001 5801; x_wconf 83' lang='lat' dir='ltr'>Dei</span> <span class='ocrx_word' id='word_1_907' title='bbox 3028 5746 3447 5818; x_wconf 69' lang='lat' dir='ltr'>praescientiam</span> <span class='ocrx_word' id='word_1_908' title='bbox 3467 5762 3579 5799; x_wconf 87' lang='lat' dir='ltr'>non</span> 
     </span>
    </p>
   </div>
  </div>
