4002 6460
379 397 494 463 M7

1304 397 1686 462 HINCMARI
1731 393 2180 459 RHEMENSIS
2223 391 2842 483 ARCHIEPISCOPI.

3659 389 3781 454 148

377 549 583 609 cogere
603 533 900 591 hominem
923 536 986 590 ut
1009 532 1143 590 talis
1163 532 1240 588 sit
1261 532 1491 606 qualem
1516 531 1803 605 praescivit
1822 531 1976 586 Deus
2001 547 2013 585 :
2047 529 2101 596 Α
2129 527 2269 600 quia
2295 528 2471 584 verba
2503 545 2628 600 qum
2660 527 2806 583 dixit
2835 527 3009 584 etiam
3043 543 3146 600 per
3174 527 3477 584 doctorum
3509 527 3777 584 studium

378 625 476 679 sed
495 624 767 696 praescire
783 623 954 678 talem
978 623 1445 694 futurumqualis
1463 623 1696 676 futurus
1709 625 2026 691 est,quam-

375 714 470 768 vis
495 731 631 769 eum
662 729 775 768 non
810 713 892 766 sic
939 711 1135 766 fecerit
1165 711 1337 766 Deus.
1363 711 1646 776 Quoniam
1698 709 1744 764 si
1797 713 2028 778 cogeret

382 819 530 869 esse,
555 802 663 857 hoc
687 801 887 873 utique
916 805 1146 872 cogeret
1166 801 1322 872 quod
1355 817 1464 854 non
1499 804 1606 854 est.
1634 799 1805 854 Porro
1837 798 1882 853 si
1917 797 2026 852 hoc

382 891 718 964 praescierat
745 892 1008 946 futurum
1041 906 1168 945 esse
1198 889 1352 960 quod
1384 905 1496 942 non
1525 893 1633 954 est,
1667 886 2028 958 praescientia

381 997 496 1034 non
519 986 609 1034 est
633 995 646 1032 :
670 980 825 1050 quod
849 980 918 1034 de
949 979 1064 1033 Deo
1099 994 1274 1050 quam
1306 975 1481 1048 impie
1513 975 1758 1043 dicatur,
1783 974 2029 1030 advertit

381 1067 758 1138 quisque,qui
784 1067 1037 1138 peccatis
1061 1065 1194 1120 inde
1216 1065 1696 1136 blanditur,quod
1719 1065 1871 1119 Deus
1893 1080 2026 1117 eum

383 1160 746 1226 peccatorem
771 1155 1034 1210 futurum
1067 1170 1194 1209 esse
1226 1153 1540 1224 praescierit
1586 1175 1612 1201 ››

457 1245 600 1299 Ecce
621 1245 691 1299 de
712 1261 961 1315 quorum
986 1243 1177 1298 verbis
1199 1242 1522 1314 capitulum
1553 1241 1710 1297 istud
1741 1241 2028 1312 excerpsi-

385 1349 542 1388 mus.
574 1333 904 1388 Ascendant
935 1331 1379 1404 reprehensores
1402 1336 1453 1386 et
1473 1336 1901 1402 oppugnatores
1934 1347 2028 1384 no-

388 1421 513 1488 stri,
539 1420 657 1476 imo
689 1422 1128 1494 impugnatores
1149 1421 1249 1476 sed
1279 1437 1392 1475 non
1415 1426 1838 1491 expugnatores
1865 1423 2030 1474 rectae

387 1511 542 1576 fidei,
559 1515 616 1565 et
635 1511 880 1566 afferant
902 1526 1128 1581 ungues
1155 1509 1528 1564 aculissimos
1553 1526 1684 1564 cum
1715 1508 2030 1564 subtilissi-

388 1599 502 1653 mis
522 1599 765 1669 acubus,
780 1605 834 1653 et
854 1598 913 1652 in
938 1615 1156 1653 morem
1179 1597 1526 1654 feminarum
1551 1597 2028 1669 acupingentium

387 1688 722 1756 extendant,
743 1692 799 1740 et
821 1686 1064 1742 diversis
1089 1686 1379 1742 coloribus
1409 1703 1717 1757 pravorum
1749 1704 2028 1742 sensuum

387 1791 628 1830 suorum
660 1775 942 1830 divariare
973 1779 1148 1845 atque
1169 1774 1498 1830 decolorare
1520 1774 1844 1846 capitulum
1870 1775 2028 1831 istud

385 1867 669 1919 attentent
699 1881 710 1919 :
747 1869 803 1918 et
842 1863 1175 1934 ubicunque
1205 1863 1292 1918 vel
1333 1863 1391 1918 in
1431 1863 1554 1918 solo
1593 1865 2029 1937 verbo,quanto

385 1953 574 2025 magis
597 1952 654 2006 in
680 1952 1210 2017 sensu,orthodoxe
1233 1952 1365 2006 ﬁdei
1387 1970 1452 2008 ac
1483 1952 1900 2008 catholicorum
1927 1955 2028 2008 Pa-

385 2045 540 2096 trum
570 2041 844 2096 doctrinee
889 2042 1196 2095 adversum
1227 2041 1314 2096 vel
1355 2041 1648 2096 diversum
1681 2042 2027 2108 invenerint,

385 2129 724 2183 minutatim
758 2133 1210 2199 transpungant.
1231 2129 1388 2193 Quod
1417 2127 1464 2183 si
1491 2128 1746 2184 invenire
1769 2127 2032 2200 nequive-

386 2217 528 2283 rint,
547 2217 783 2272 malitize
802 2235 920 2270 suae
943 2233 1220 2270 mucrone
1243 2218 1556 2287 perl’ossos,
1571 2222 1627 2271 et
1645 2216 1880 2272 victoria
1894 2215 2035 2270 veri-

387 2306 528 2361 tatis
559 2307 1049 2376 confusos,atque
1082 2305 1489 2377 redargutione
1519 2305 1706 2376 ipsius
1737 2304 1888 2360 beati
1916 2305 2033 2359 Au-

387 2394 606 2466 gustini
632 2398 806 2466 atque
826 2393 1368 2465 Prosperi,quorum
1391 2411 1450 2448 se
1468 2395 1640 2448 dictis
1657 2393 1900 2450 viclores
1915 2398 2038 2467 jac-

385 2482 974 2550 tabant,verecundia:
997 2482 1204 2536 rubore
1224 2482 1490 2554 perfusos
1512 2482 2034 2553 intelligentes,nos

387 2589 624 2643 carpere
650 2571 938 2637 desinant,
964 2576 1022 2625 et
1047 2588 1187 2626 sane
1221 2571 1538 2626 intellectui
1561 2589 1773 2626 manus
1794 2574 2030 2628 donent.

459 2661 621 2726 Quod
648 2660 696 2714 si
720 2666 775 2715 et
806 2659 995 2714 adhuc
1026 2677 1194 2730 agere
1216 2661 1766 2725 detractant,vcniat
1797 2668 2035 2717 sanctus

387 2749 793 2822 Gregorius,ct
824 2748 1107 2820 percutiat
1135 2766 1253 2812 eos,
1277 2766 1390 2802 non
1422 2748 1582 2803 clava
1612 2749 2034 2814 Herculeafsed

386 2837 732 2894 auctoritate
769 2837 1186 2907 ecclesiastica,
1225 2838 1393 2893 beato
1436 2838 2034 2909 Petro’apostolorum

385 2925 572 2998 primo
605 2944 638 2981 a
667 2925 928 2982 vivorum
973 2931 1028 2980 et
1069 2926 1667 2996 mortuorumfjudice
1705 2928 1937 2992 tradita,
1972 2933 2037 2983 ut

387 3019 760 3072 convertatur
780 3015 946 3071 dolor
971 3033 1171 3070 eorum
1196 3016 1252 3068 in
1278 3020 1452 3086 caput
1483 3015 1764 3087 ipsorum,
1789 3023 1842 3070 et
1865 3035 2036 3072 arcus

383 3122 587 3160 eorum
617 3106 1112 3177 confringatur,et
1144 3104 1202 3158 in
1226 3105 1494 3158 verticem
1528 3105 1788 3176 ipsorum
1821 3105 2034 3177 iniqui-

385 3198 478 3251 tas
509 3211 710 3250 eorum
743 3195 1058 3248 descendat
1091 3211 1102 3248 :
1140 3211 1245 3248 nos
1275 3198 1466 3248 autem
1502 3195 1885 3250 confiteamnr
1922 3197 2032 3251 Do-

2134 617 2306 673 scribi
2341 618 2585 690 largitus
2614 623 2720 681 est,
2755 618 2814 672 in
2863 634 3042 672 manu
3085 616 3378 673 calamum
3425 616 3634 672 tenuit.
3668 617 3780 682 Qui

2134 706 2396 761 calamus
2420 723 2704 760 mensurae
2728 706 2961 772 dicitur,
2986 707 3126 778 quia
3153 705 3284 778 ipsa
3304 706 3618 762 Doctorum
3652 711 3781 761 stu-

2134 795 2232 848 dia
2249 795 2356 850 sub
2376 795 2623 866 quadam
2641 794 3068 865 occultijudicii
3083 795 3516 867 dispensatione
3532 795 3787 851 retinen-

2133 887 2248 948 tur,
2267 888 2330 938 ut
2349 887 2408 938 et
2427 882 2556 939 aliis
2582 883 2910 956 legentibus
2943 885 3187 956 prosint,
3211 889 3270 940 et
3292 885 3424 940 aliis
3448 883 3782 956 legentibus

2135 973 2409 1044 prodesse
2442 989 2554 1027 non
2587 973 2832 1044 possint.
2852 973 3013 1028 Unde
3041 977 3100 1028 et
3129 972 3315 1028 sancti
3347 973 3613 1045 apostoli,
3643 991 3782 1030 cum

2137 1061 2476 1131 magistram
2502 1061 2798 1116 veritatem
2822 1061 2932 1116 sibi
2955 1063 3214 1133 apertius
3239 1061 3568 1134 loquentem
3592 1061 3786 1134 requi-

2137 1154 2329 1204 rerent
2350 1166 2454 1204 cur
2473 1150 2660 1205 turbis
2681 1149 2738 1204 in
2763 1150 3054 1222 parabolis
3074 1150 3425 1223 loqueretur,
3443 1152 3781 1208 audierunt.

2131 1237 2278 1304 'Quia
2298 1238 2444 1293 vobis
2468 1237 2651 1292 datum
2681 1247 2760 1293 est
2785 1254 2942 1294 nosse
2969 1242 3288 1311 mysterium
3315 1242 3474 1312 regni
3499 1242 3782 1310 cwlorum,

2138 1327 2254 1381 illis
2299 1334 2479 1381 autem
2523 1343 2634 1381 non
2665 1326 2864 1395 (Matth.
2888 1327 3264 1400 xm,il).Vel
3314 1333 3468 1385 certe
3515 1329 3786 1386 calamus

2139 1431 2426 1470 mensurae
2456 1415 2718 1487 est,quia
2747 1416 2805 1470 in
2837 1416 2962 1487 ipso
2991 1433 3156 1472 sacro
3186 1418 3315 1489 ejus
3346 1417 3598 1492 eloquio,
3622 1420 3784 1492 quod

2139 1502 2307 1558 nobis
2332 1505 2724 1576 conscriptum
2752 1509 2862 1570 est,
2887 1505 3144 1562 occultas
3165 1523 3293 1563 esse
3312 1507 3786 1581 dispensationes

2137 1591 2265 1660 ejus
2296 1593 2690 1664 agnoscimus.
2726 1595 2869 1650 Nam
2903 1611 3007 1666 per
3036 1594 3622 1668 incomprehensibile
3652 1599 3788 1670 ejus

2129 1679 2443 1749 judicium,
2469 1679 2615 1736 alter
2645 1681 2798 1736 intra
2819 1699 3156 1738 mensuram
3179 1683 3495 1741 electorum
3519 1687 3786 1756 metitur,

2137 1773 2194 1822 et
2223 1767 2366 1822 alter
2401 1769 2552 1826 foras
2582 1769 2950 1842 relinquitur,
2974 1777 3038 1827 ut
3066 1772 3226 1829 nullo
3253 1775 3426 1830 modo
3463 1776 3535 1830 ad
3569 1777 3788 1833 electo-

2061 1889 2106 1954 Β
2139 1873 2268 1910 rum
2293 1875 2602 1912 numerum
2631 1860 2912 1930 pertinere
2936 1865 3245 1917 mereatur.
3266 1863 3449 1919 Habet
3467 1881 3602 1938 ergo
3627 1865 3788 1922 funi-

2138 1945 2360 2011 culum,
2383 1947 2556 2002 habet
2577 1948 2636 2003 in
2661 1967 2840 2004 manu
2865 1968 3152 2006 mensurae
3173 1951 3598 2021 calamum.Qui
3623 1955 3788 2012 enim

2139 2033 2399 2090 funiculo
2457 2035 2647 2092 locum
2709 2039 2966 2106 metitur,
2998 2039 3136 2096 alibi
3197 2042 3523 2099 funiculum
3579 2046 3788 2114 trahit,

2141 2122 2375 2179 aliunde
2406 2126 2667 2195 reti-abit,
2691 2132 2749 2184 et
2771 2127 2884 2184 huc
2915 2129 3075 2184 ducit
3103 2147 3276 2202 quem
3300 2131 3534 2188 aliunde
3558 2135 3789 2190 subdu-

2141 2211 2238 2266 cit.
2265 2213 2357 2268 Sic
2389 2213 2666 2270 nimirum
2701 2217 2784 2272 sic
2815 2218 3167 2291 Redemptor
3195 2225 3392 2277 noster
3419 2223 3478 2277 in
3499 2223 3793 2281 collectio-

2143 2317 2213 2355 ne
2244 2301 2548 2358 hominum
2585 2307 2738 2374 facit,
2771 2308 2912 2362 dum
2962 2308 3108 2364 alios
3138 2325 3172 2364 a
3201 2309 3326 2366 suis
3374 2311 3791 2384 iniquitatibus

2141 2391 2448 2459 abstrahit,
2473 2399 2528 2447 ct
2571 2393 2716 2448 alios
2747 2394 2806 2450 in
2839 2413 2948 2452 sua
2976 2395 3284 2470 iniquitate
3313 2399 3684 2474 derelinquit.
3720 2403 3788 2459 In

2141 2476 2234 2533 his
2263 2480 2420 2534 enim
2453 2498 2600 2552 quos
2631 2481 2900 2554 colligere
2921 2485 3200 2557 dignatus
3221 2492 3330 2554 est,
3357 2489 3595 2545 occultae
3627 2508 3794 2547 men-

2143 2585 2291 2622 surae
2323 2569 2646 2626 funiculum
2676 2573 2868 2638 traxit,
2887 2579 2945 2628 et
2965 2575 3036 2629 ab
3067 2573 3160 2630 his
3191 2591 3338 2648 quos
3369 2577 3792 2651 relinquendos

2141 2657 2584 2728 essejudicavit,
2601 2661 2740 2733 quid
2763 2661 2920 2716 aliud
2943 2663 3055 2718 nisi
3080 2663 3405 2721 funiculum
3424 2668 3700 2724 retraxit?
3724 2675 3796 2725 ut

2143 2750 2199 2800 et
2230 2747 2364 2802 boni
2399 2747 2552 2803 intra
2610 2767 2946 2806 mensuram
2980 2750 3231 2808 ccelestis
3261 2753 3490 2810 fabricae
3548 2759 3792 2812 tenean-

2144 2839 2258 2902 tur,
2285 2841 2340 2891 et
2371 2836 2508 2892 mali
2531 2844 2688 2892 extra
2709 2839 3009 2906 fabricam,
3039 2839 3098 2894 in
3129 2840 3343 2912 quibus
3366 2843 3518 2899 bona
3539 2861 3666 2916 qua:
3687 2864 3796 2902 aes-

2143 2923 2429 2980 timantur
2450 2943 2562 2980 non
2595 2928 2934 3000 sunt,quasi
2958 2929 3085 2985 sine
3117 2947 3394 2987 mensura
3422 2941 3792 2992 remaneant.

2144 3014 2308 3070 Hunc
2332 3015 2656 3071 funiculum
2681 3021 2728 3070 et
2756 3035 3044 3073 mensurae
3067 3018 3356 3076 calamum
3385 3020 3444 3076 in
3477 3039 3656 3078 manu
3679 3041 3798 3081 sua

2145 3103 2496 3175 Redemptor
2509 3109 2702 3160 noster
2715 3105 3058 3172 tennit,cum
3077 3107 3318 3163 Paulum
3333 3111 3662 3181 apostolum
3685 3130 3796 3185 per

2143 3199 2518 3263 apparentem
2540 3193 2726 3248 virum
2763 3195 3132 3251 Macedonem
3165 3197 3478 3254 admonere
3507 3199 3796 3272 dignatus

387 3283 546 3338 mino
570 3282 628 3336 in
653 3282 1047 3352 ejusjustitia.
1068 3281 1161 3336 Ait
1191 3281 1342 3336 enim
1379 3281 1433 3335 in
1460 3282 1708 3338 Homilia
1737 3284 2028 3355 Evangelii
2058 3255 2101 3320 (ἶ
2137 3255 2260 3336 θέιῖ
2291 3281 2372 3336 ita
2405 3288 2469 3338 ut
2501 3282 2684 3338 isdem
2719 3285 2953 3340 Macedo
2985 3287 3072 3340 vir
3101 3287 3338 3343 diceret.
3369 3255 3791 3347 ΤντιηςίιζηισέῨαςᾶζ

385 3370 614 3427 decima
671 3371 921 3442 septima
954 3386 1005 3422 :«
1038 3373 1102 3424 In
1151 3385 1470 3442 quacunque
1524 3371 1762 3438 domum,
1816 3373 2025 3445 inquit,

385 3459 740 3526 intraveritis,
759 3461 1003 3530 primum
1031 3459 1194 3513 dicite
1215 3477 1232 3512 :
1254 3459 1376 3514 Pax
1405 3460 1532 3514 huic
1560 3460 1765 3529 domui,
1787 3470 1838 3517 el
1865 3463 1917 3518 si
1948 3463 2030 3518 ibi

382 3548 554 3618 fuerit
579 3548 730 3618 ﬁlius
755 3549 928 3618 pacis,
951 3550 1246 3618 requiescet
1281 3564 1446 3617 super
1484 3550 1640 3604 illam
1667 3567 1777 3620 pax
1805 3559 2028 3616 vestra;

381 3637 470 3690 sin
501 3643 700 3704 autem,
733 3636 802 3690 ad
843 3653 930 3690 res
961 3645 1258 3692 revertetur
1286 3638 1432 3708 (Luc.
1459 3655 1510 3704 x,
1534 3639 1610 3704 5).
1639 3639 1750 3694 Pax
1789 3657 1916 3710 quae
1955 3641 2027 3695 ab

381 3740 478 3778 ore
509 3723 902 3794 prazdicatoris
933 3725 1190 3790 aII'ertur,
1212 3731 1313 3779 aut
1343 3725 1652 3796 requiescit
1680 3727 1734 3780 in
1761 3726 2028 3794 domo,‘si

379 3812 440 3867 in
473 3830 540 3868 ea
573 3813 728 3869 illius
762 3815 919 3885 pacis
944 3813 1130 3877 fuerit,
1152 3819 1253 3868 aut
1284 3815 1354 3868 ad
1389 3815 1659 3870 eumdem
1691 3815 2027 3886 przedicalo-

379 3919 502 3956 rem
529 3903 836 3957 revertitur
860 3919 870 3957 :
899 3903 1037 3974 quia
1058 3907 1160 3957 aut
1179 3903 1288 3957 erit
1309 3903 1558 3974 quisque.
1582 3905 2029 3975 praedestinatus

377 3991 450 4044 ad
483 3990 682 4053 vitam,
710 3995 766 4045 et
800 3990 1030 4045 cmleste
1060 3991 1299 4045 verbum
1333 3991 1598 4062 sequitur
1627 3994 1778 4062 quod
1813 3993 1978 4048 audit
2010 4010 2024 4048 :

378 4083 478 4132 aut
510 4077 557 4132 si
590 4077 787 4133 nullus
819 4078 1019 4133 audire
1064 4077 1330 4144 voluerit,
1363 4079 1486 4150 ipse
1528 4081 1871 4150 praedicator
1903 4084 2028 4136 sine

379 4168 572 4220 fructu
606 4183 722 4220 non
755 4167 886 4227 erit.
909 4167 1049 4238 quia
1077 4167 1146 4220 ad
1181 4183 1315 4221 eum
1349 4184 1460 4237 pax
1491 4171 1810 4223 revertetur
1839 4185 1850 4223 :
1883 4187 2025 4240 quo-

379 4254 538 4308 n'iam
570 4253 621 4308 ei
652 4271 686 4308 a
715 4252 962 4309 Domino
996 4271 1097 4325 pro
1125 4254 1325 4309 labore
1351 4253 1442 4309 sui
1475 4256 1667 4326 operis
1699 4275 1920 4312 merces
1950 4277 2030 4313 rc-

375 4347 854 4412 compensatur.»
877 4343 978 4398 84
1012 4344 1332 4398 Attendunt
1369 4349 1426 4398 et
1466 4345 1798 4415 appendant
1837 4365 2025 4418 repre-

378 4429 662 4486 hensores
685 4430 854 4486 istius
876 4431 1244 4502 capituli,qui
1263 4431 1466 4487 volunt
1492 4433 1576 4488 sic
1598 4451 1632 4488 a
1655 4437 1764 4488 Deo
1787 4437 2030 4505 praedes-

377 4517 598 4572 tinatos
631 4519 784 4573 credi
809 4525 866 4573 et
886 4519 996 4574 dici
1023 4520 1094 4573 ad
1129 4519 1450 4589 interitum,
1474 4523 1765 4592 quomodo
1787 4526 2028 4580 credun-

2127 3371 2264 3442 juva
2290 3389 2388 3426 nos
2419 3372 2550 3444 (Act.
2579 3389 2692 3441 xw,
2717 3373 2790 3442 9),
2815 3377 2873 3428 et
2903 3378 3098 3429 tamen
3141 3374 3470 3434 volentibus
3499 3379 3791 3451 apostolis

2137 3460 2208 3513 ad
2242 3461 2672 3530 praedicandum
2704 3461 2785 3516 ire
2812 3462 2870 3517 in
2891 3462 3087 3518 Asiam
3110 3481 3221 3520 non
3248 3465 3512 3537 permisit
3535 3467 3789 3540 spiritus

2135 3549 2296 3604 Jesu.
2319 3548 2464 3614 Quid
2491 3555 2581 3604 est
2602 3551 2752 3620 quod
2786 3551 2968 3607 sancti
2993 3543 3240 3623 apostoli
3262 3561 3542 3610 vocantur
3562 3557 3788 3624 ire,ubi

2137 3639 2384 3693 fortasse
2408 3638 2489 3692 ire
2515 3656 2625 3693 non
2651 3640 3077 3710 cogitabant.et
3098 3641 3237 3698 illuc
3255 3643 3350 3698 ubi
3372 3645 3798 3704 desiderabant

2138 3743 2394 3797 pergere,
2429 3727 2511 3783 ire
2556 3727 2954 3800 perhibentur,
2989 3729 3098 3786 nisi
3131 3731 3271 3802 quia
3317 3733 3528 3789 occulti
3570 3735 3793 3806 judicii

2139 3815 2436 3871 funiculus
2467 3821 2524 3872 et
2556 3835 2843 3872 mensurae
2874 3818 3136 3876 calamus
3163 3823 3468 3878 tenelurin
3494 3839 3696 3892 manu,
3727 3831 3800 3882 ut

2136 3909 2194 3959 et
2222 3903 2318 3959 alii
2353 3905 2527 3960 verba
2553 3905 2682 3960 vitae
2715 3907 2978 3975 audiant,
3003 3913 3060 3962 et
3088 3908 3184 3963 alii
3220 3909 3554 3968 nullatenus
3585 3913 3798 3972 audire

2137 3994 2506 4048 mercantur?
2527 3994 2843 4051 Funiculus
2859 4013 2994 4069 ergo
3013 4014 3298 4053 mensurae
3314 4001 3527 4072 est,qui
3547 4000 3792 4060 aliunde

2135 4087 2358 4137 tractus
2389 4087 2496 4149 est,
2521 4083 2758 4139 aliunde
2789 4090 3092 4142 retractus.
3119 4087 3331 4144 Sancto
3352 4105 3584 4161 quoque
3606 4091 3795 4148 Evan-

2137 4170 2285 4242 gelio
2318 4177 2462 4226 teste
2503 4171 2836 4239 didicimus,
2863 4175 3012 4244 quod
3047 4175 3206 4230 venit
3254 4177 3353 4248 qui
3404 4177 3639 4245 diceret,
3674 4180 3794 4236 Ma-

2135 4261 2323 4329 gister,
2353 4275 2551 4330 sequar
2575 4267 2624 4314 tr
2645 4275 2960 4332 quocunque
2990 4263 3122 4317 ieris
3146 4281 3164 4317 :
3188 4263 3282 4317 cui
3304 4280 3647 4336 responsum
3672 4274 3790 4335 est,

2137 4347 2234 4403 85
2287 4349 2474 4419 Vulpes
2531 4351 2712 4418 forees
2768 4349 2984 4416 lucent,
3013 4359 3064 4406 et
3118 4353 3360 4409 volucres
3415 4356 3539 4410 caeli
3591 4357 3792 4424 nidos;

2135 4438 2315 4491 Filius
2345 4445 2524 4492 autem
2561 4437 2798 4492 hominis
2837 4453 2948 4493 non
2987 4439 3145 4494 habet
3171 4441 3268 4496 ubi
3305 4450 3465 4514 caput
3499 4460 3666 4499 suum
3705 4463 3794 4502 re-

2134 4526 2299 4580 clinet
2326 4525 2536 4592 (ΜηιιΙι.
2570 4543 2690 4588 vm,
2723 4529 2812 4593 99,
2846 4529 2956 4598 30).
2985 4527 3155 4583 Venit
3203 4529 3349 4586 alter
3392 4531 3491 4602 qui
3543 4533 3790 4601 diceret,

371 4611 468 4661 tur
490 4607 846 4661 etdicunlur
865 4625 899 4660 a
921 4607 1190 4663 lidelibus
1215 4610 1728 4679 prtlithSllllaliSLd
1750 4613 1822 4666 ad
1847 4613 2020 4668 vitam
2054 4619 2097 4684 Ι)
2131 4613 2398 4682 Magister,
2432 4615 2552 4668 sine
2607 4631 2694 4667 me
2739 4617 2986 4684 primum
3041 4619 3124 4672 ire
3180 4626 3232 4674 et
3285 4621 3517 4690 sepelire
3572 4630 3792 4692 patrem

371 4694 559 4760 electi,
593 4700 651 4750 et
691 4695 918 4766 reprobi
973 4714 1084 4750 non
1139 4697 1525 4766 pra-destinati
1583 4700 1683 4752 sed
1733 4699 1914 4754 relicti
1949 4703 2021 4756 ad

369 4782 897 4854 interitum,quare
939 4803 1054 4840 non
1111 4786 1254 4840 dixit
1304 4791 1544 4842 sanctus
1594 4790 1924 4858 Gregorius.
1959 4793 2026 4845 Et

365 4871 475 4926 erit
505 4871 754 4943 quisque
789 4871 1235 4944 praedestinalus
1268 4875 1338 4928 ad
1372 4874 1696 4936 interitum,
1723 4883 1781 4930 et
1805 4895 1914 4932 non
1941 4897 2023 4933 se-

366 4965 582 5031 quetur
612 4963 848 5016 verbum
897 4962 1051 5032 quod
1091 4963 1360 5028 audierit,
1383 4963 1535 5017 sicut
1576 4963 1740 5028 dixit,
1771 4972 1874 5019 aut
1911 4968 2022 5020 erit

367 5049 616 5120 quisque
639 5050 1007 5121 praedestinal
1022 5067 1086 5102 us
1107 5051 1176 5103 ad
1197 5051 1368 5104 vitam
1383 5093 1394 5113 ,
1411 5055 1465 5103 et
1488 5059 1762 5122 sequetur
1781 5056 2015 5109 verbum

365 5137 596 5192 cwleste
619 5139 772 5209 quod
807 5139 990 5192 audit.
1014 5139 1098 5192 Ad
1134 5139 1608 5209 praedestinatum
1639 5140 1790 5194 enim
1826 5143 1898 5196 ad
1930 5143 2016 5197 vi-

363 5229 484 5278 tam
518 5225 682 5293 dixit,
707 5231 985 5298 sequetur
1011 5228 1253 5282 verbum
1283 5243 1296 5280 :
1323 5227 1394 5280 ad
1429 5244 1539 5282 non
1575 5231 2015 5300 preedestinatos

365 5318 582 5381 autem,
619 5315 718 5368 sed
752 5315 808 5368 in
858 5333 1054 5371 massa
1085 5315 1427 5386 perditionis
1477 5316 1704 5373 relictos
1753 5319 2008 5383 veniens,

364 5401 412 5456 si
448 5400 646 5456 nullus
675 5403 877 5458 audire
907 5404 1150 5458 voluerit
1179 5403 1342 5457 dixit.

433 5490 592 5553 Quod
623 5489 672 5544 si
716 5491 849 5546 hinc
880 5493 1177 5546 veritatem
1229 5510 1341 5546 non
1394 5500 1638 5564 possunt
1689 5497 2002 5566 percipere,

357 5579 598 5632 audiant
627 5578 766 5650 quid
815 5579 873 5633 in
923 5579 1146 5634 decima
1180 5581 1348 5636 tertia
1397 5582 1645 5637 Humilia
1689 5583 2002 5639 Ezechielis

353 5665 647 5748 prophetae
681 5667 815 5721 dicit
849 5685 862 5722 :
891 5693 914 5716 ι(
956 5669 1304 5740 Redemptor
1336 5671 1513 5742 igitur
1543 5678 1761 5737 noster,
1787 5671 1997 5744 inquit,

2129 4719 2311 4756 nurum
2342 4720 2360 4755 :
2395 4701 2486 4757 cui
2522 4702 2758 4768 dicitur,
2793 4703 2923 4758 Sine
2951 4715 3210 4774 mortuos,
3243 4709 3508 4779 sepeliant
3540 4719 3790 4768 mortuos

2129 4807 2254 4846 suos
2280 4808 2298 4844 :
2331 4799 2390 4844 tu
2418 4799 2599 4844 autem
2626 4808 2712 4845 me
2751 4809 2994 4864 sequere,
3023 4801 3074 4849 ct
3108 4799 3378 4852 annuntio
3419 4813 3648 4868 regnum
3685 4800 3792 4856 Dei

2130 4880 2334 4946 (ΜαιίΙι.
2351 4897 2472 4946 vm,
2495 4881 2554 4933 21
2573 4881 2710 4950 ,22).
2727 4881 2871 4946 Quid
2899 4887 2987 4937 est
3007 4885 3163 4955 quod
3187 4884 3283 4940 ille
3305 4886 3596 4957 promittit
3616 4903 3678 4942 se
3700 4887 3789 4943 ire

2129 4975 2185 5023 et
2207 4967 2513 5035 deseritur,
2537 4967 2644 5022 iste
2667 4969 2907 5024 domum
2930 4971 3054 5026 vult
3074 4971 3280 5039 redire,
3305 4977 3361 5028 et
3381 4979 3576 5030 tamen
3599 4979 3664 5030 ut
3685 4993 3786 5032 sc-

2128 5056 2225 5126 qui
2251 5057 2461 5109 debeat
2483 5057 2767 5125 jubetur?
2794 5058 2889 5114 ille
2921 5077 3036 5114 non
3069 5061 3406 5134 suscipitur,
3428 5063 3538 5119 iste
3569 5081 3674 5120 nec
3706 5067 3786 5122 ad

2128 5145 2282 5200 horae
2301 5151 2665 5200 momentum
2686 5147 2758 5201 ab
2773 5149 3052 5220 obsequio
3071 5149 3388 5207 relaxatur?
3403 5153 3783 5227 lnternoergo

2127 5234 2354 5288 occulto
2375 5234 2602 5304 judicio
2626 5236 2923 5292 funiculus
2941 5243 2995 5292 et
3018 5255 3304 5294 mensura:
3327 5240 3590 5296 calamus
3607 5243 3784 5298 duci--

2122 5323 2304 5400 tur,in
2329 5339 2442 5394 quo
2461 5329 2517 5378 et
2535 5322 2642 5379 istc
2661 5324 2997 5391 trahitur,ct
3017 5325 3109 5381 ille
3127 5327 3558 5400 relinquitur,ul
3585 5332 3786 5389 cmles-

2119 5410 2196 5465 tis
2214 5399 2429 5465 l'abrica
2444 5429 2555 5464 non
2576 5411 2620 5464 si
2633 5429 2701 5466 ne
2721 5412 2812 5482 pio
2828 5418 2876 5468 cl
2891 5415 3054 5482 justo
3070 5399 3332 5472 examine
3344 5423 3741 5476 construatur.
3755 5443 3786 5474 ‹‹

2187 5500 2256 5554 Et
2288 5501 2421 5554 item
2459 5506 2698 5555 sanctus
2731 5501 3044 5571 Gregorius
3077 5503 3132 5557 in
3167 5504 3316 5559 libro
3349 5505 3660 5562 Moralium
3695 5511 3787 5564 vi-

2111 5587 2336 5659 gesimo
2361 5589 2564 5658 quinto
2591 5591 2728 5660 (cap.
2755 5594 2811 5658 ὃ)
2836 5607 2884 5643 ;‹‹
2911 5593 3105 5647 Polum
3133 5609 3316 5650 meum
3347 5611 3473 5650 eum
3500 5597 3632 5665 ﬂetu
3657 5605 3791 5654 tem-

2107 5677 2364 5748 peratam
2401 5679 2574 5743 (Psal.
2603 5694 2677 5746 ei,
2707 5679 2812 5749 10).
2837 5679 3011 5736 Polus
3043 5681 3255 5753 quippe
3289 5683 3360 5738 ab
3393 5685 3784 5744 exterioribus
