4002 6464
148 415 233 474 161
820 414 923 476 DE
967 415 1716 477 PRJEDESTINATIONE
1760 415 2278 477 DlSSEltTATlO
2324 417 2786 479 POSTElthlt.

3394 420 3514 480 162

144 547 238 604 boli
268 551 524 602 tenentur
555 546 802 614 astricti,
826 565 959 604 cum
992 548 1219 621 possint
1249 550 1437 605 dicere
1462 566 1474 604 :
1510 551 1754 605 Disrum-
1780 558 1831 622 Α
1864 548 2102 605 eundum
2132 566 2289 621 opera
2321 566 2423 605 sua
2446 567 2465 603 :
2495 549 2583 604 his
2614 549 2831 621 quidem
2860 552 2956 621 qui
2984 551 3279 607 secundum
3304 554 3515 624 patien-

140 654 303 709 pamus
334 632 545 691 vincula
574 652 784 691 eorum.
822 636 989 692 Dedit
1020 637 1175 692 enim
1212 637 1311 692 tibi
1351 630 1651 710 Scriptura
1681 638 1762 692 di-

142 724 352 789 vina,ut
404 741 517 779 non
571 724 765 779 solum
821 742 1024 781 caveas
1073 724 1291 781 diaboli
1336 726 1634 798 laqueum,
1663 727 1762 781 sed

142 813 287 869 etiam
310 830 405 886 per
429 812 838 884 paznitentiam
864 814 992 885 ejus
1021 814 1255 870 vincula
1284 815 1638 888 disrumpas.
1660 838 1687 865 η

200 904 468 967 Quantum
491 919 746 974 namque
770 902 925 958 Deus
942 903 1339 976 paenitentiam
1356 905 1547 960 omnis
1570 921 1762 976 pecca-

149 991 268 1046 toris
293 996 545 1061 acceptet
575 996 635 1046 et
666 990 895 1063 diligat,
923 993 1021 1064 qui
1054 1010 1169 1048 non
1200 992 1324 1047 vult
1354 998 1598 1048 mortem
1624 1010 1759 1091 pec-

144 1078 342 1145 catoris,
361 1080 457 1135 sed
484 1084 547 1134 ut
569 1084 940 1135 convertatur
961 1086 1016 1135 et
1035 1080 1207 1147 vivat,
1232 1086 1287 1136 et
1311 1081 1364 1136 in
1389 1078 1757 1154 evangelicis,

142 1168 256 1224 etin
277 1166 624 1240 apostolicis,
640 1167 776 1223 etin
811 1167 1163 1241 propheticis
1185 1169 1490 1242 scripturis
1512 1170 1633 1242 ipse
1656 1172 1758 1225 de-

145 1260 415 1312 monstrat.
442 1256 660 1312 Videns
682 1256 839 1312 enim
874 1257 1165 1313 civitatem
1198 1258 1574 1330 peccatricem
1607 1259 1762 1315 ﬂevit

143 1363 291 1418 super
342 1344 499 1400 illam
550 1344 773 1414 dicens,
802 1346 938 1414 Quia
985 1348 1036 1401 si
1080 1349 1414 1418 cegnovisses
1442 1356 1494 1404 et
1518 1356 1577 1403 tu
1606 1350 1756 1416 (Luc.

143 1454 234 1501 nx,
263 1436 362 1501 42),
403 1434 784 1503 subauditur,
831 1435 1183 1508 pcunitentia:
1232 1435 1503 1510 lacrymis
1555 1439 1756 1505 fleres;

144 1522 257 1594 quia
277 1522 555 1595 gaudium
577 1528 666 1579 est
690 1540 868 1596 super
892 1541 1006 1579 uno
1030 1530 1327 1597 peccatore
1357 1526 1758 1597 pmnitentiam

144 1618 318 1681 agente
346 1612 497 1681 (Luc.
530 1628 624 1677 xv,
655 1614 733 1681 7),
768 1629 895 1683 qua:
935 1613 1235 1669 multolies
1274 1614 1639 1685 praedicatur,
1674 1620 1757 1681 ut,

143 1702 491 1757 Panitentiam
518 1702 681 1772 agite,
714 1703 1177 1774 appropinquavit
1210 1706 1359 1758 enim
1397 1720 1624 1774 regnum
1653 1720 1759 1758 ca;-

142 1791 291 1845 lorum
312 1789 511 1861 (Matth.
537 1806 622 1857 ιιι,
661 1790 732 1857 1).
766 1790 834 1844 Et
894 1790 953 1845 in
1009 1790 1317 1864 Evangelio
1377 1792 1576 1859 Marci,
1612 1793 1764 1848 Venit

141 1880 267 1934 Iesus
291 1882 346 1932 in
374 1878 663 1934 Galila‘am
682 1878 994 1950 praedicans
1015 1880 1369 1951 Evangelium
1392 1882 1545 1951 regni
1573 1882 1687 1945 Dei,
1711 1888 1761 1937 et

140 1967 293 2022 diam
314 1986 332 2021 :
354 1968 625 2035 Quoniam
650 1929 931 2039 impletum
954 1977 1033 2024 est
1052 1929 1280 2041 tempus,
1300 1978 1351 2025 ct
1370 1929 1767 2042 appropinqua-
1799 1929 1841 2001 Β

149 2060 208 2110 rit
244 2072 453 2127 regnum
516 2056 634 2121 Dei,
684 2059 1028 2128 pcenitemini
1082 2066 1133 2113 et
1188 2059 1387 2114 credite
1441 2061 1760 2132 Evangelia.

142 2145 296 2211 (llarc.
327 2162 363 2214 ι,
410 2146 522 2217 14.)
558 2146 628 2200 Et
682 2146 941 2201 Joannes
1002 2147 1284 2219 Baptista,
1327 2149 1505 2204 Facite
1554 2150 1765 2218 fructus

145 2235 304 2303 dignos
345 2236 665 2307 pwnientiae
702 2236 852 2308 (Luc.
887 2253 970 2303 ιιι,
1017 2238 1094 2307 8).
1140 2237 1207 2290 lit
1261 2236 1484 2304 Petrus,
1539 2239 1769 2293 I’wnite-

145 2327 259 2378 uiui
290 2334 339 2379 et
363 2326 752 2380 convertimini
780 2332 840 2379 ut
866 2324 1152 2380 deleantur
1185 2333 1352 2380 vestra
1389 2334 1603 2397 peccata
1630 2328 1763 2394 (.let.

146 2430 211 2469 ιιι.
242 2416 335 2481 t'J}.
359 2414 424 2467 Et
462 2412 607 2468 item
662 2413 984 2485 Scriptura,
1019 2416 1302 2470 Misereris
1350 2417 1616 2480 omnium,
1663 2417 1766 2470 Do-

144 2506 282 2567 mine,
312 2511 361 2557 et
388 2502 536 2557 nihil
570 2501 737 2558 odisti
774 2519 962 2557 eorum
1004 2518 1130 2574 qua:
1175 2502 1377 2576 fecisti,
1410 2504 1765 2559 dissimulans

143 2600 323 2662 parata
354 2591 643 2647 hominum
686 2599 910 2663 propter
952 2594 1327 2663 pienitentiam
1361 2594 1507 2665 (Sap.
1540 2610 1618 2661 x1,
1650 2595 1761 2661 24),

256 2688 429 2747 Quam
453 2680 555 2752 qui
593 2697 762 2751 agere
786 2680 952 2751 l‘ugit,
984 2698 1096 2735 non
1135 2681 1229 2735 Uoi
1260 2682 1766 2753 prmdestinatione

148 2769 286 2839 perit,
317 2770 415 2825 sed
462 2769 595 2842 ipse
628 2769 687 2823 in
718 2768 1105 2841 perditionem
1143 2788 1206 2825 se
1245 2769 1441 2842 ipsum
1471 2770 1762 2839 dimergit,

149 2856 362 2913 Domino
391 2860 711 2913 attestante
744 2856 803 2911 in
830 2856 1139 2929 Evangelio
1171 2858 1359 2926 Lucae,
1384 2860 1516 2913 Cum
1543 2860 1595 2913 ei
1621 2876 1765 2913 nun-

148 2952 307 3000 tiatum
329 2954 462 3002 esset
489 2963 523 3000 a
558 2945 885 3017 quibusdam
915 2945 979 3000 de
1001 2946 1263 3014 Galiheis,
1285 2964 1515 3020 quorum
1548 2950 1768 3018 sangui-

146 3054 243 3089 ιτς-ιιι
288 3036 499 3092 Pilatus
530 3036 761 3090 miscuit
787 3051 911 3090 eum
938 3036 1228 3105 sacriﬁciis
1285 3053 1501 3103 eorum;
1550 3037 1766 3108 quibus

146 3125 469 3195 respondens
499 3122 691 3179 dixit:
717 3124 927 3179 Putatis
951 3123 1089 3194 quod
1118 3124 1179 3179 hi
1210 3126 1428 3181 GaliL'ei
1448 3143 1563 3197 prie
1589 3128 1766 3181 omni-

147 3212 222 3266 bus
251 3214 483 3271 Galiltris
506 3220 815 3286 peccatores
843 3214 1087 3284 fuerunt,
1112 3215 1241 3286 quia
1266 3216 1401 3270 talia
1425 3217 1579 3285 passi
1607 3219 1769 3270 sunt?

1871 640 1999 691 tiam
2025 638 2153 692 boni
2170 640 2366 709 operis.
2381 640 2613 709 gloriam
2637 646 2686 693 et
2708 638 2961 693 honorem
2981 647 3032 695 et
3054 641 3515 711 incorruptionem

1870 735 2145 798 qua’runt,
2175 729 2337 783 vitam
2359 736 2653 793 .‘etemam;
2684 727 2770 781 his
2804 743 2923 782 vero
2943 728 3039 798 qui
3063 735 3191 783 sunt
3210 745 3278 783 ea:
3304 738 3516 784 conten-

1868 817 2033 882 tione,
2056 825 2107 871 et
2136 819 2233 889 qui
2260 833 2368 871 non
2405 818 2754 887 acquiescant
2800 818 3031 881 veritati,
3068 816 3293 872 credunt
3336 824 3516 872 autem

1870 905 2171 975 iniquitati,
2206 907 2292 960 ira
2324 913 2376 961 et
2407 905 2732 976 indignatio,
2755 912 2805 959 et
2833 907 3087 976 angustia
3115 922 3278 977 super
3304 921 3517 960 omnem

1866 996 2111 1048 animum
2144 995 2387 1049 honu’nis
2415 995 2688 1066 operantis
2722 994 2931 1048 malum
2965 995 3136 1065 (Item.
3171 1011 3233 1060 ιι,
3266 993 3403 1065 4-9).
3436 994 3518 1050 De

1869 1081 2083 1152 quibus
2118 1082 2446 1148 l’salmista,
2481 1083 2799 1137 Statuerunt
2844 1084 3025 1138 oculos
3071 1099 3197 1138 suos
3244 1082 3519 1137 declinare

1870 1172 1926 1225 in
1952 1178 2174 1235 terram,
2194 1178 2245 1226 et
2289 1188 2404 1226 ecce
2435 1173 2531 1243 qui
2558 1173 2820 1244 elongant
2842 1188 2899 1226 se
2927 1189 2961 1226 a
2990 1180 3057 1235 te,
3094 1172 3343 1239 Domine,
3368 1172 3518 1243 peri-

1868 1258 2003 1313 bunt
2030 1260 2198 1329 (Psal.
2224 1278 2338 1325 xv1,
2376 1262 2486 1328 11).
2520 1261 2589 1314 Et
2622 1276 2634 1314 :
2667 1260 2966 1315 Perdidisti
3001 1275 3185 1315 omnes
3216 1262 3313 1331 qui
3339 1261 3519 1331 fomi-

1865 1356 2061 1403 cantur
2089 1349 2183 1404 abs
2214 1357 2263 1404 te
2289 1350 2457 1417 (Psal.
2484 1366 2653 1414 1.xxn,
2676 1352 2785 1417 27).
2813 1352 2968 1415 Quos
2996 1348 3205 1404 invitat
3235 1348 3520 1404 Dominus

1868 1436 2066 1491 dicens
2092 1453 2105 1491 :
2129 1436 2290 1501 Audi,
2310 1438 2545 1509 populus
2585 1454 2754 1505 meus,
2780 1444 2830 1492 et
2856 1437 3187 1493 contestabor
3217 1444 3295 1505 te;
3322 1437 3517 1505 Israel,

1865 1527 1917 1580 si
1943 1525 2189 1581 audieris
2220 1543 2321 1581 me.
2344 1527 2460 1581 Non
2484 1528 2591 1582 erit
2618 1528 2677 1581 in
2704 1534 2752 1582 te
2782 1526 2914 1582 deus
2959 1543 3162 1594 recens,
3187 1543 3360 1598 neque
3383 1525 3522 1581 ado-

1867 1614 2017 1669 rabis
2047 1614 2207 1670 deum
2254 1616 2519 1670 alienum.
2553 1616 2668 1687 Ego
2716 1616 2869 1669 enim
2909 1631 3033 1669 sum
3070 1615 3334 1670 Dominus
3380 1615 3522 1670 Deus

1868 1711 1992 1758 tuus
2028 1705 2196 1773 (Psal.
2224 1721 2384 1771 uvxx,
2409 1704 2585 1775 9-11).
2613 1704 2682 1757 Et
2704 1704 2773 1757 de
2796 1704 3009 1774 quibus
3042 1703 3251 1757 iterum
3275 1719 3523 1774 conque-

1869 1792 2017 1846 ritur
2045 1791 2288 1847 dicens:
2323 1794 2519 1848 Etnon
2580 1792 2795 1846 audivit
2845 1791 3081 1863 populus
3136 1807 3288 1846 meus
3343 1808 3522 1847 vocem

1870 1897 2064 1948 meam,
2096 1890 2148 1935 et
2200 1883 2367 1936 Israel
2396 1897 2505 1937 non
2566 1880 2800 1935 intendit
2829 1880 2988 1935 mihi.
3023 1879 3142 1935 Ideo
3197 1879 3389 1934 dimisi
3433 1896 3523 1935 eos

1870 1970 2167 2025 secundum
2196 1969 2466 2025 desideria
2498 1969 2672 2025 cordis
2702 1986 2889 2024 eorum
2918 1987 2936 2021 :
2970 1969 3127 2023 ibunt
3168 1970 3227 2023 in
3265 1968 3522 2023 adiuven-

1874 2059 2112 2114 tionibus
2140 2061 2276 2114 suis.
2312 2058 2375 2113 Si
2416 2058 2650 2129 populus
2678 2074 2828 2112 meus
2874 2056 3114 2112 audisset
3141 2073 3243 2121 me,
3276 2056 3443 2111 Israel
3470 2057 3524 2111 si

1877 2150 1931 2202 in
1969 2150 2071 2203 viis
2099 2150 2231 2202 meis
2269 2148 2617 2211 ambulasset,
2648 2162 2747 2217 pro
2776 2146 2956 2200 nihilo
2993 2147 3225 2216 forsihm
3272 2146 3524 2200 inimicos

1872 2253 2058 2293 eorum
2097 2236 2491 2303 humiliassmz,
2516 2244 2565 2290 et
2594 2252 2757 2305 super
2789 2234 3109 2290 tribulantcs
3138 2250 3224 2289 eos
3254 2235 3525 2289 misissem

1876 2343 2097 2380 manum
2130 2343 2323 2380 meam.
2353 2326 2573 2380 Inimici
2596 2324 2816 2378 Domini
2844 2325 3060 2378 mentiti
3086 2331 3216 2379 sunt
3241 2325 3313 2389 ei,
3345 2331 3395 2378 et
3420 2324 3527 2379 erit

1874 2424 2081 2487 tempus
2110 2432 2297 2470 eorum
2331 2419 2389 2470 in
2416 2414 2621 2470 smcula
2669 2412 2853 2481 (ibid.,
2890 2413 3097 2481 12-16).
3133 2414 3287 2478 Quos
3334 2411 3525 2468 adhuc

1875 2504 1933 2558 in
1967 2503 2247 2575 singulari
2284 2520 2531 2575 persona
2556 2502 2933 2574 Evangelium
2961 2502 3126 2557 Luca:
3158 2501 3426 2557 hortatur
3446 2500 3527 2556 di-

1877 2610 2013 2648 eens
2046 2610 2059 2647 :
2095 2594 2227 2647 Cum
2258 2601 2436 2647 autem
2469 2591 2618 2646 radis
2657 2607 2781 2645 cum
2820 2590 3134 2646 adversario
3162 2597 3252 2646 tuo
3280 2589 3350 2645 ad
3373 2590 3528 2661 prin-

1876 2683 2047 2752 cipem
2080 2683 2133 2735 in
2170 2682 2274 2747 via,
2303 2681 2371 2735 da
2402 2697 2619 2752 operam
2651 2680 2881 2734 liberari
2908 2679 2975 2733 ab
3008 2679 3123 2744 illo,
3156 2694 3224 2733 ne
3250 2680 3389 2749 forte
3419 2686 3527 2733 ινα-

1874 2770 1966 2824 dat
1995 2779 2043 2824 te
2072 2770 2216 2840 apud
2252 2769 2515 2841 judicem,
2546 2777 2597 2823 et
2626 2768 2804 2840 judec
2847 2767 3027 2824 tradat
3079 2775 3128 2823 te
3179 2768 3442 2833 exactori,
3475 2773 3533 2822 et

1874 2867 2092 2915 exactor
2120 2860 2296 2913 mittat
2325 2859 2381 2912 in
2412 2874 2681 2912 carcerem
2708 2858 2861 2925 (Luc.
2884 2874 2983 2923 xu,
3006 2857 3120 2923 58).
3143 2854 3527 2910 Adversarius

1878 2952 2092 3014 noster,
2117 2946 2501 3017 inquitiBeda,
2526 2945 2585 2999 in
2616 2944 2706 3000 via
2737 2950 2823 3000 est
2854 2960 3045 2999 sermo
3078 2943 3177 2999 Dei
3200 2942 3527 2998 contrarius

1877 3034 2094 3091 nostris
2123 3034 2455 3089 carnalibus
2476 3032 2781 3089 desideriis
2810 3032 2870 3087 in
2899 3030 3170 3105 praisenti
3198 3031 3337 3086 vita:
3358 3049 3391 3087 a
3411 3046 3527 3104 quo

1880 3125 2002 3197 ipse
2025 3124 2309 3178 liberatur
2325 3105 2422 3194 qui
2448 3122 2746 3195 praeceptis
2764 3122 2892 3192 ejus
2914 3120 3213 3175 humiliter
3232 3119 3523 3176 subditur.

1877 3212 2143 3285 Alioquin
2162 3209 2745 3282 adversariusjudici,
2762 3210 3011 3280 etjndex
3032 3209 3221 3264 tradet
3238 3208 3524 3277 exactori;

145 3301 258 3365 Non,
278 3301 391 3358 dico
418 3302 608 3369 vobis;
639 3301 732 3356 sed
760 3303 873 3356 nisi
898 3304 1271 3373 panitentiam
1301 3303 1625 3372 habueritis,
1657 3322 1764 3359 om-
1794 3298 1836 3363 C
1876 3303 2014 3375 quia
2043 3321 2110 3357 ex
2142 3319 2408 3357 sermone
2454 3299 2679 3355 Domini
2713 3303 3044 3370 contempto
3077 3315 3209 3353 reus
3256 3302 3522 3369 peccator

149 3408 217 3443 Res
242 3391 491 3447 similiter
515 3392 796 3463 peribitis.
820 3392 971 3446 Sicut
996 3399 1049 3446 et
1078 3392 1167 3447 illi
1194 3392 1371 3447 decem
1390 3401 1441 3449 et
1461 3401 1572 3448 octo
1598 3411 1768 3465 supra

147 3498 249 3549 quos
275 3480 463 3535 cecidit
491 3481 673 3536 turris
705 3482 765 3534 in
794 3480 957 3547 Siloe,
980 3488 1031 3536 et
1057 3481 1249 3536 occidit
1277 3499 1384 3547 eos,
1405 3484 1608 3553 putatis
1640 3485 1769 3555 quia

145 3577 184 3622 ct
208 3570 302 3640 ipsi
326 3570 596 3625 debitores
622 3570 851 3638 filerunt
891 3578 1095 3641 prceter
1123 3587 1306 3626 omnes
1340 3571 1586 3627 homines
1612 3571 1768 3626 habi-

146 3666 286 3715 tantes
314 3662 371 3715 in
397 3658 714 3716 Ierusalem
734 3662 760 3712 .9
789 3658 926 3727 Non,
962 3659 1080 3715 dico
1113 3660 1289 3727 vobis;
1318 3661 1410 3716 sed
1441 3663 1493 3715 si
1526 3677 1636 3716 non
1659 3678 1767 3732 pa:-

148 3750 397 3803 nitentiam
425 3749 685 3821 egeritis,
712 3763 896 3803 omnes
917 3749 1175 3805 similiter
1198 3750 1449 3819 peribitis
1472 3752 1620 3816 (Luc.
1646 3768 1767 3816 xui,

150 3836 407 3893 l-5.L’nde
434 3838 595 3893 Beda
621 3853 633 3890 :
662 3837 732 3891 Et
766 3835 859 3891 isti
902 3836 1355 3908 llierosolymita:
1389 3840 1771 3909 quemadmo-

149 3923 261 3978 dum
282 3932 335 3979 et
364 3926 443 3979 illi
477 3924 731 3991 Galilaei,
758 3942 871 3979 non
903 3926 1007 3980 soli
1032 3928 1268 3981 fuerunt
1297 3933 1646 3999 peccatores,
1671 3928 1771 3982 sed

150 4010 192 4064 in
210 4018 467 4070 terrorem
487 4020 637 4070 sunt
658 4013 1015 4086 reliquorum
1037 4015 1229 4087 puniti
1250 4032 1262 4069 :
1284 4017 1381 4087 qui
1406 4017 1576 4072 ruina
1594 4017 1774 4072 turris

148 4104 371 4170 oppressi
394 4103 805 4176 praenuntiant
821 4120 1022 4159 omnes
1038 4104 1138 4175 qui
1160 4104 1439 4176 pwnitere
1462 4106 1776 4161 noluerunt

150 4192 419 4259 perituros.
443 4191 668 4259 Quales
708 4191 934 4264 plangit
977 4193 1192 4250 Paulus
1223 4193 1443 4260 dicens,
1472 4196 1535 4251 Ut
1562 4195 1777 4267 lugeam

149 4279 311 4335 multos
336 4298 404 4337 ea:
435 4282 528 4338 his
561 4283 665 4353 qui
716 4290 843 4337 ante
891 4291 1266 4354 peccaverunt,
1298 4290 1350 4339 et
1394 4301 1505 4339 non
1550 4301 1780 4355 egerqu

145 4370 481 4436 prudentiam
515 4370 594 4442 (II
624 4370 747 4426 Cor.
772 4387 873 4430 xu.
898 4372 1012 4439 lt);
1048 4375 1105 4427 et
1146 4373 1217 4428 de
1257 4373 1531 4444 qualibus
1580 4375 1777 4430 Domi-

154 4472 239 4512 nus
265 4458 419 4527 dicit,
467 4460 693 4526 l’ocari,
725 4457 925 4515 dicens
972 4459 1374 4531 paenitentiam
1408 4461 1582 4533 agite,
1615 4472 1667 4519 et
1694 4481 1778 4520 re-

152 4546 317 4603 uuistis
346 4567 364 4603 :
390 4549 624 4606 extendi
652 4564 882 4603 manum
924 4565 1120 4617 meam,
1143 4558 1196 4605 et
1222 4567 1329 4605 non
1358 4552 1468 4620 fuit
1506 4553 1602 4622 qui
1625 4555 1780 4625 aspi-

1877 3393 2169 3448 tenebitur
2201 3390 2256 3445 in
2289 3389 2553 3445 examine
2576 3388 2832 3459 judicis;
2864 3404 3038 3459 quem
3060 3386 3245 3457 judex
3270 3385 3523 3441 exactori

1878 3483 2082 3545 tradet,
2107 3481 2244 3552 quia
2276 3480 2431 3533 hunc
2465 3477 2720 3549 maligno
2743 3475 2975 3547 spiritui
3002 3476 3073 3530 ad
3097 3474 3377 3529 ultionem
3412 3478 3527 3529 tra-

1878 3572 2013 3625 here
2044 3570 2356 3641 permittet,
2384 3573 2447 3622 ut
2477 3566 2841 3638 compulsam
2870 3565 3128 3620 animam
3164 3564 3286 3635 ipse
3310 3564 3382 3617 ad
3417 3580 3530 3634 pa:-

1881 3678 2015 3714 nam
2048 3660 2119 3712 de
2149 3674 2387 3728 corpore
2431 3656 2643 3727 exigat,
2674 3672 2799 3726 qua:
2830 3653 2881 3709 ei
2916 3654 2987 3708 ad
3039 3651 3270 3735 culppm
3318 3656 3529 3722 sponte

1880 3748 2193 3804 consensit.
2216 3748 2456 3800 Exactor
2476 3744 2655 3799 mittit
2676 3743 2733 3797 in
2758 3758 3066 3807 carcerem,
3082 3740 3219 3812 quia
3241 3757 3343 3812 per
3365 3738 3526 3794 mali-

1881 3855 2061 3907 gnum
2084 3835 2354 3905 spiritum
2383 3834 2439 3887 in
2466 3832 2691 3887 inl'erno
2716 3830 3054 3895 retruditur,
3072 3845 3379 3899 quousque
3402 3827 3527 3882 dies

1873 3925 2083 3997 judieii
2112 3922 2322 3989 veniat,
2358 3940 2426 3976 cx
2455 3938 2571 3991 quo
2595 3920 2719 3988 jam
2754 3918 2813 3972 in
2846 3916 3055 3971 inferni
3089 3915 3319 3987 ignibus
3350 3913 3526 3969 simul

1882 4021 1939 4071 et
1971 4015 2091 4085 ipse
2138 4012 2448 4066 crucietur.
2474 4009 2612 4064 Dico
2646 4007 2769 4073 tibi,
2803 4006 2927 4061 Non
2976 4005 3130 4059 exies
3177 4004 3311 4059 inde
3344 4004 3529 4060 donec

1884 4104 2059 4159 etiam
2092 4099 2474 4156 novissimum
2516 4097 2811 4152 minutum
2857 4095 3087 4160 reddas,
3122 4093 3178 4148 id
3219 4097 3309 4148 est
3349 4092 3531 4148 donec

1885 4192 2057 4248 etiam
2087 4189 2332 4245 minima
2361 4192 2595 4260 peccata
2625 4182 2919 4257 persolvas
2944 4200 2956 4237 :
2979 4199 3107 4254 qua:
3137 4181 3276 4254 quia
3304 4198 3535 4253 semper

1886 4281 2105 4337 scivere
2144 4295 2343 4351 pcenas
2390 4275 2680 4348 patiendo,
2716 4273 2815 4328 sed
2851 4289 3155 4343 nunquam
3212 4269 3535 4342 persolvere

1894 4370 2113 4427 veniam
2136 4365 2544 4438 conscquendo
2576 4362 2813 4435 poteris,
2839 4378 3028 4432 neque
3056 4360 3212 4415 enim
3245 4359 3323 4413 ibi
3357 4359 3532 4414 venite

1889 4461 2052 4516 locus
2080 4458 2209 4522 erit,
2235 4470 2536 4525 nunquam
2569 4452 2724 4507 exies
2754 4450 2908 4517 inde,
2935 4449 3032 4504 ubi
3068 4453 3376 4521 perpetuas
3406 4463 3535 4520 ope-

1891 4566 2021 4604 rum
2055 4565 2255 4619 pwnas
2303 4544 2449 4609 lues,
2475 4542 2695 4597 scilicet
2745 4539 3155 4612 praedestinato
3194 4538 3421 4611 judicio
3468 4554 3536 4593 ex

152 4644 280 4701 ceret,
309 4637 644 4709 Despexistis
684 4653 843 4693 omne
879 4639 1172 4694 consilium
1202 4655 1401 4705 meum,
1434 4642 1777 4713 et-inerepa-
1810 4669 1855 4733 Ι)
1892 4637 2270 4693 retributione
2294 4631 2562 4705 justitiw.

150 4725 359 4790 pauones
384 4743 538 4783 mea:
568 4726 901 4799 neglexistis
923 4728 1102 4798 (Prov.
1126 4744 1167 4795 ι,
1188 4729 1300 4795 24).
1328 4728 1601 4801 Proptera
1634 4748 1775 4801 prce-

155 4809 477 4870 dcstinatum
507 4816 662 4871 tales
712 4815 1233 4887 punietjudieium
1279 4818 1349 4873 de
1398 4834 1512 4889 quo
1558 4818 1776 4874 ibidem

156 4898 522 4975 subsequitur,
546 4905 670 4978 Ego
701 4920 909 4976 quoque
947 4906 1003 4960 in
1038 4907 1264 4960 interitu
1306 4916 1475 4962 vestro
1506 4908 1706 4973 ridebo,
1729 4916 1781 4964 et

156 4988 481 5061 mbsannabo,
503 5011 636 5049 cum
666 4993 817 5049 vobis
850 4994 989 5066 quod
1018 4995 1288 5050 timebatis
1317 4996 1630 5051 (ulvenerit:
1658 5015 1780 5053 cum

159 5076 352 5135 irruerit
378 5084 674 5154 repentina
703 5080 1082 5150 calamitas,’et
1099 5084 1375 5156 judicium
1399 5086 1478 5140 vel
1502 5086 1778 5142 damnatio

159 5168 288 5234 quasi
307 5177 591 5243 tempestas
623 5172 928 5241 ingruerit;
958 5189 1092 5227 cum
1125 5176 1330 5229 venerit
1362 5191 1526 5245 super
1558 5193 1643 5230 vos
1674 5177 1779 5231 tri-

160 5254 330 5313 bulatio
358 5261 457 5316 98
488 5270 542 5316 et
570 5262 831 5333 angustia
862 5263 1043 5327 (Prov.
1073 5278 1113 5329 1,
1137 5265 1226 5329 26,
1251 5265 1363 5331 27).
1394 5264 1604 5329 Quales
1635 5264 1782 5319 allo-

161 5342 328 5411 quitur
356 5347 595 5416 Paulus,
620 5350 706 5404 An
745 5349 969 5406 divitias
1002 5352 1259 5407 bonitatis
1288 5354 1386 5408 Dei
1414 5361 1466 5408 et
1505 5355 1785 5425 patientiae

160 5440 455 5493 contemnis?
486 5442 714 5511 ignoras
766 5442 1025 5512 quoniam
1052 5440 1258 5497 bonitas
1288 5444 1403 5513 ejus
1433 5442 1502 5498 ad
1530 5445 1786 5515 pcmiten-

160 5521 269 5575 tiam
293 5531 340 5580 te
364 5526 630 5584 adducit?
671 5536 731 5584 tu
776 5537 958 5585 autem
1001 5530 1298 5585 secundum
1328 5531 1590 5587 duritiam
1637 5540 1786 5587 tuam

149 5616 202 5671 ,α
224 5627 303 5666 cor
327 5614 697 5690 impaenitens,
730 5619 1071 5676 tliesauriz-as
1104 5620 1206 5675 tibi
1236 5621 1377 5677 iram
1407 5622 1463 5676 in
1494 5620 1582 5676 die
1612 5624 1714 5677 irze
1738 5630 1790 5678 et

152 5701 473 5783 inﬂationis
491 5709 644 5786 justi
668 5708 879 5785 judicii
905 5710 1023 5781 Dei,
1056 5710 1152 5787 qui
1178 5709 1360 5769 reddet
1388 5712 1684 5789 unicuique
1711 5728 1789 5772 se-

1957 4728 2025 4782 Et
2053 4726 2191 4798 quia
2220 4724 2352 4796 plus
2385 4738 2559 4777 sensu
2594 4718 2991 4791 pertinacibus
3015 4734 3191 4789 quam
3213 4716 3532 4783 vivacibus,

1886 4822 1941 4872 et
1974 4816 2167 4887 potius
2198 4811 2443 4869 curiosis
2476 4827 2652 4881 quam
2687 4807 2970 4863 studiosis
3001 4807 3267 4879 cogimur
3298 4822 3534 4877 respon-

1886 4905 2321 4973 dere,dicamus
2348 4900 2462 4954 illis
2485 4899 2639 4969 quod
2664 4902 2903 4952 sanctus
2921 4895 3283 4968 Augustinus
3307 4894 3363 4948 in
3389 4893 3534 4947 libro

1887 4995 1958 5049 de
1983 4989 2493 5048 Prmdestinatione
2526 4991 2861 5042 sanctorum
2896 4985 3018 5039 suis
3053 4981 3349 5055 respondit
3370 4981 3535 5034 dero-

1888 5082 2187 5156 gatoribus
2213 5098 2260 5135 :u
2288 5077 2490 5142 Multa,
2520 5074 2732 5147 inquit,
2759 5073 3034 5139 diximus,
3058 5077 3114 5127 et
3141 5074 3385 5125 fortasse
3408 5069 3536 5139 jam

1889 5174 2109 5229 dudum
2132 5168 2428 5242 potuimus
2452 5165 2800 5237 persuadere
2820 5181 2945 5234 qua:
2968 5161 3257 5224 volumus,
3274 5162 3329 5211 et
3346 5157 3536 5212 adhuc

1892 5270 2009 5319 tam
2030 5260 2196 5317 bonis
2216 5257 2464 5328 ingeniis
2484 5254 2566 5309 sic
2584 5253 2879 5324 loquimur
2895 5248 3061 5322 quasi
3089 5246 3380 5313 obtunsis,
3405 5245 3535 5318 qui-

1893 5356 2002 5409 bus
2027 5357 2081 5407 et
2104 5349 2257 5421 quod
2292 5345 2541 5401 nimium
2573 5348 2679 5407 est,
2705 5358 2817 5395 non
2851 5345 2939 5393 est
2968 5336 3131 5392 satis.
3153 5335 3263 5391 Sed
3285 5335 3426 5392 dent
3444 5352 3543 5399 γθτ

1894 5443 2080 5497 niam:
2100 5456 2244 5494 nova
2261 5434 2417 5493 enim
2438 5431 2679 5504 quaestio
2696 5429 2766 5483 ad
2785 5428 2893 5482 hoc
2912 5444 3018 5481 nos
3030 5422 3367 5497 compulit.»
3380 5424 3541 5481 Unde

1892 5533 1992 5588 99
2016 5535 2071 5586 et
2092 5528 2377 5601 explosor,
2398 5523 2514 5576 imo
2540 5518 2873 5591 quicunque
2897 5515 3115 5571 fuerint
3131 5515 3201 5571 de
3222 5514 3422 5571 schola
3436 5515 3542 5570 Go-

1893 5617 2169 5677 thescalci
2200 5608 2462 5670 IllOLlCl'Dl
2509 5602 3185 5676 Prwdcstinutiani,quia
3229 5602 3543 5658 audierunt

1896 5728 2021 5790 qua:
2054 5710 2261 5767 beatus
2289 5696 2653 5776 Augustinus
2681 5698 2739 5753 et
2770 5699 3009 5756 sanctus
3035 5693 3280 5769 Prosper
3299 5690 3543 5767 scripse-
