4020 6474
488 431 605 491 163

1417 425 1805 488 HINCMARI
1853 424 2302 487 RHEMENSIS
2351 393 2962 486 meammeam.

3780 421 3892 483 164

485 567 617 620 rant
647 565 848 618 contra
873 560 1089 625 Gallos,
1114 559 1402 632 accipiant
1430 577 1558 632 quas
1591 561 1745 616 idem
1778 561 1986 616 beatus
2016 561 2130 614 Au-
2161 561 2212 626 Α
2246 556 2472 623 tificati.
2498 557 2658 622 Quod
2690 561 2884 612 autem
2916 557 3110 630 posuit
3139 557 3200 611 in
3232 556 3368 623 fine,
3388 555 3514 612 illos
3544 562 3598 612 et
3620 555 3898 626 gloriﬁca-

456 676 462 682 ·
483 651 758 726 gustinus
780 649 1097 720 scripserat
1118 652 1322 702 contra
1341 648 1644 702 Africanos
1671 646 2134 702 Praedestinatia-

483 757 591 796 nos
614 739 672 794 in
696 738 844 793 libro
867 738 937 792 de
956 737 1329 808 Correptione
1351 741 1408 791 et
1429 737 1650 804 Gratia,
1666 737 1737 791 de
1759 752 1873 808 quo
1901 739 2141 790 sanctus

485 831 743 899 Prosper
763 827 834 881 ad
869 825 1106 881 beatum
1149 823 1545 897 Augustinum
1577 825 1740 890 dicit,
1789 825 1850 879 in
1893 821 2142 896 epistola

483 933 588 990 pro
618 895 960 986 hujusmodi
1011 895 1345 986 negotiovad
1379 912 1547 968 illum
1595 895 2137 969 directazaEvcnit.

484 1005 698 1077 inquit,
731 1021 798 1059 ex
838 1001 1220 1074 dispositione
1279 1001 1695 1057 misericordiae
1741 1001 1854 1068 Dei,
1890 1006 1955 1056 ut
2001 1017 2136 1056 cum

484 1094 727 1166 quidam
758 1093 914 1147 intra
946 1091 1199 1146 Africam
1247 1089 1464 1146 similia
1503 1090 1840 1156 movissent,
1875 1089 2138 1145 videlicet

485 1182 638 1238 sicut
665 1181 791 1254 ipse
821 1179 1197 1252 praescripsit,
1231 1179 1325 1234 his
1357 1179 1458 1251 qui
1501 1179 1558 1233 in
1592 1178 1942 1235 Massiliensi
1993 1178 2135 1233 urbe

485 1269 833 1333 consistunt,
857 1268 1071 1323 librum
1105 1268 1176 1322 de
1198 1267 1570 1340 Correptione
1591 1273 1648 1322 et
1667 1268 1865 1323 Gratia
1893 1267 2132 1340 plenum

483 1359 689 1415 divinae
729 1357 1091 1413 auctoritatis
1141 1357 1458 1412 emitteres.
1495 1357 1574 1411 De
1625 1373 1760 1428 quo,
1795 1355 1948 1410 sicut
1977 1360 2034 1410 et
2061 1355 2132 1409 de

482 1447 616 1504 aliis
642 1447 810 1502 libris
853 1463 1000 1517 quos
1044 1445 1655 1512 commemoravimus,
1697 1443 2133 1500 convenientius

481 1543 572 1592 est
591 1536 664 1590 ad
682 1533 1056 1590 revincendos
1079 1551 1302 1589 errores
1323 1533 1588 1606 exempla
1610 1551 1842 1606 ponere,
1860 1550 1964 1606 per
1985 1549 2130 1606 quos

480 1624 662 1680 voluit
683 1625 808 1696 ipse
839 1623 1074 1678 eosdem
1105 1637 1328 1677 errores
1361 1622 1672 1690 revincere,
1699 1639 1874 1695 quam
1900 1621 2129 1687 deillis,

481 1728 628 1782 quos
659 1710 718 1764 in
748 1709 914 1764 libris
945 1709 1077 1762 istis
1109 1709 1336 1763 studuit
1375 1709 1531 1764 sicut
1567 1714 1658 1766 est
1696 1715 1919 1764 certum
1951 1709 2128 1764 corri-

478 1815 632 1872 gere.
668 1799 783 1853 Nos
815 1797 870 1851 in
905 1797 1242 1869 prmscripto
1275 1797 1548 1869 capitulo,
1584 1799 1736 1853 sicut
1768 1815 1948 1870 supra
1976 1803 2131 1852 taxa-

475 1893 601 1942 tum
635 1890 746 1951 est,
779 1885 1036 1940 diximus
1070 1901 1083 1938 :
1118 1885 1270 1939 Deus
1303 1885 1492 1940 bonus
1533 1891 1591 1940 et
1623 1887 1826 1958 justus
1857 1885 2031 1958 elegit
2059 1903 2129 1941 ex

477 1977 682 2032 eadem
715 1991 913 2030 massa
953 1973 1294 2046 perditionis
1334 1977 1658 2030 secundum
1702 1977 2129 2048 przescientiam

477 2081 645 2120 suam
679 2079 826 2134 quos
857 2079 960 2134 per
987 2063 1235 2133 gratiam
1269 2063 1702 2134 prmdestinavit
1730 2065 1800 2119 ad
1855 2065 2052 2131 vitam,
2077 2069 2134 2120 et

480 2153 655 2207 vitam
686 2151 802 2205 illis
833 2150 1270 2221 praedestinavit
1298 2156 1574 2206 internum
1599 2167 1612 2206 :
1641 2157 1878 2206 caateros
1911 2157 2128 2219 autem,

479 2259 626 2313 quos
651 2243 814 2310 jule
839 2238 1063 2310 judicio
1086 2237 1144 2292 in
1169 2256 1366 2293 massa
1390 2239 1734 2310 perditionis
1757 2239 2008 2312 reliquit,
2032 2257 2128 2312 pe-

479 2329 696 2384 rituros
721 2326 1024 2400 praescivit,
1051 2327 1151 2382 sed
1176 2343 1287 2382 non
1310 2333 1374 2382 ut
1395 2327 1650 2398 perirent
1671 2328 2125 2400 pmdcstinavit,

479 2433 709 2489 poenam
740 2421 934 2471 autem
968 2415 1083 2470 illis
1139 2415 1280 2487 quia
1301 2417 1500 2485 justus
1558 2421 1647 2472 est
1701 2416 2131 2489 praedestinavit

478 2513 813 2562 aeternam.»
836 2505 907 2559 Et
931 2504 1136 2559 beatus
1161 2503 1519 2577 Augustinus
1544 2506 1599 2559 in
1633 2511 1952 2560 memorato
1981 2505 2128 2560 libro

483 2597 554 2652 de
585 2595 961 2666 Correptione
992 2597 1050 2648 et
1070 2593 1270 2648 Gratia
1290 2595 1428 2666 (cap.
1449 2597 1508 2662 7)
1534 2611 1581 2648 :«
1607 2595 1710 2659 Qui
1735 2611 1888 2658 vero,
1913 2594 2127 2666 inquit,

478 2682 898 2757 perseveraturi
933 2699 1046 2736 non
1081 2687 1239 2748 sunt,
1273 2700 1338 2736 ac
1384 2682 1468 2736 sic
1500 2701 1534 2736 a
1566 2683 1675 2737 fide
1704 2683 2042 2754 (Christiana
2073 2690 2130 2738 et

477 2769 914 2828 conversatione
942 2769 1162 2840 lapsuri
1195 2775 1352 2836 sunt,
1387 2775 1451 2824 ut
1481 2770 1626 2824 tales
1656 2788 1754 2825 eos
1783 2771 1912 2824 vita:
1946 2770 2126 2842 hujus

477 2860 614 2916 ﬁnis
641 2857 920 2926 inveniat,
945 2856 1145 2930 procul
1186 2857 1364 2912 dubio
1413 2875 1518 2912 nec
1561 2857 1662 2913 illo
1705 2863 1964 2930 tempore
2009 2874 2124 2929 quo

477 2951 624 3006 bene
673 2948 881 3020 pieque
930 2946 1131 3001 vivunt
1177 2945 1238 3000 in
1289 2947 1830 3018 przedestinatorum
1881 2964 2124 3002 numero

476 3037 854 3110 computandi
879 3039 1038 3090 sunt.
1059 3035 1182 3090 Non
1207 3035 1363 3090 enim
1383 3041 1522 3091 sunt
1547 3054 1580 3091 a
1601 3053 1798 3092 massa
1818 3035 1918 3091 illa
1939 3035 2124 3108 perdi-

475 3127 652 3183 tionis
683 3125 1048 3198 praescientia
1078 3125 1171 3178 Dei
1204 3129 1262 3180 et
1293 3125 1799 3196 praedestinatione
1829 3124 2122 3180 discreti.»

478 3217 546 3270 Et
573 3216 710 3270 item
738 3215 876 3286 (cap.
908 3213 964 3279 9)
990 3230 1039 3268 :u
1063 3213 1177 3267 Nec
1209 3230 1316 3266 nos
1353 3218 1599 3279 moveat,
1633 3215 1786 3285 quod
1822 3213 1958 3268 [iliis
1999 3213 2123 3269 suis

2249 647 2345 709 vit,
2369 644 2658 716 siquidem
2693 645 2786 700 illa
2811 645 2994 718 gloria
3025 651 3114 701 est
3144 645 3237 699 hic
3267 643 3668 715 intelligenda,
3691 644 3766 699 de
3788 660 3900 716 qua

2247 731 2402 787 idem
2435 733 2596 799 dicit,
2623 733 2759 788 Cum
2788 734 3034 789 Christus
3064 734 3384 806 apparuerit
3409 735 3522 788 vita
3549 739 3750 797 vestra,
3776 739 3900 788 tum:

2246 829 2299 876 et
2328 838 2414 878 vos
2443 823 2776 894 apparebitis
2805 839 2929 878 cum
2951 825 3067 895 ipso
3098 825 3155 877 in
3185 823 3364 894 gloria
3383 823 3523 890 (Col.
3547 838 3633 888 In,
3659 823 3738 889 4),
3764 837 3902 876 non-

2248 910 2390 964 dum
2423 911 2640 965 factum
2671 915 2778 965 est.
2813 911 3088 976 Quamvis
3128 915 3187 965 et
3226 909 3327 965 illa
3355 913 3492 977 duo,
3527 910 3584 964 id
3618 913 3712 965 est
3739 925 3898 965 voea-

2245 999 2325 1052 vit
2350 1006 2402 1054 et
2421 999 2765 1070 justiﬁeavit,
2791 1015 2906 1053 non
2938 999 2996 1053 in
3022 999 3298 1054 omnibus
3328 999 3480 1054 facta
3507 997 3648 1066 sint,
3672 999 3747 1053 de
3780 997 3901 1070 qui-

2245 1085 2356 1142 bus
2387 1087 2543 1142 dicta
2573 1092 2749 1142 sunt:
2775 1087 2966 1142 adhuc
2997 1087 3152 1142 enim
3179 1103 3366 1159 usque
3393 1086 3454 1140 in
3487 1087 3666 1141 tinem
3700 1085 3898 1142 saeculi

2244 1175 2414 1229 multi
2444 1175 2687 1230 vocandi
2719 1179 2776 1231 et
2797 1175 3164 1246 justilieandi
3199 1180 3374 1230 sunt:
3409 1180 3466 1230 et
3493 1180 3693 1232 tamen
3723 1177 3899 1231 verba

2241 1265 2516 1335 praeteriti
2548 1269 2828 1337 temporis
2877 1259 3074 1336 posuit
3102 1264 3172 1320 de
3203 1265 3378 1320 rebus
3427 1263 3603 1320 etiam
3656 1263 3894 1332 futuris,

2241 1357 2522 1424 tanquam
2547 1352 2672 1424 jam
2703 1353 2901 1408 fecerit
2939 1357 3108 1420 Deus,
3141 1369 3265 1424 quae
3306 1354 3433 1424 jam
3481 1357 3548 1408 ut
3590 1354 3804 1408 fierent
3833 1369 3898 1408 ex

2241 1442 2560 1497 aeternitate
2592 1441 2903 1513 disposuit.
2938 1443 3072 1498 Ideo
3105 1443 3176 1498 de
3205 1441 3304 1498 illo
3337 1441 3479 1497 dicit
3512 1446 3568 1498 et
3613 1441 3900 1515 propheta

2241 1531 2424 1586 Isaias
2449 1548 2461 1586 :
2489 1531 2596 1598 Qui
2621 1533 2752 1603 fecit
2769 1531 3111 1604 qumj'fulura
3139 1539 3286 1587 sunt.
3311 1531 3658 1604 Quicunque
3677 1548 3819 1604 ergo
3839 1531 3898 1588 in

2239 1618 2338 1674 Dei
2371 1619 2880 1691 providentissima
2927 1620 3311 1692 dispositione
3357 1620 3632 1693 praesciti,
3674 1621 3894 1693 praede-

2239 1706 2458 1773 stinati,
2477 1707 2812 1779 justiﬁcati,
2834 1713 2890 1764 et
2909 1709 3216 1781 glorificati
3238 1714 3396 1778 sunt,
3421 1726 3536 1764 non
3565 1709 3698 1764 dico
3720 1710 3896 1764 etiam

2237 1797 2498 1850 nondum
2541 1797 2750 1866 renati,
2785 1798 2885 1852 sed
2918 1797 3094 1853 etiam
3148 1799 3408 1854 nondum
3461 1799 3605 1866 nati,
3629 1799 3760 1870 jam
3795 1798 3898 1854 ﬁlii

2235 1884 2334 1938 Dei
2369 1889 2613 1952 sunt,‘,et
2642 1887 2889 1940 'omnino
2920 1887 3108 1958 perire
3155 1904 3268 1942 non
3303 1891 3568 1960 possunt.
3600 1908 3630 1936 »
3653 1887 3727 1942 Et
3767 1892 3897 1960 post

2242 1973 2702 2045 aliquantaﬂmp.
2730 1975 2816 2045 10)
2833 1991 2884 2028 :«
2907 1975 2966 2029 Si
2989 1975 3143 2030 enim
3169 1976 3492 2032 secundum
3518 1977 3892 2050 propositum

2238 2067 2479 2117 vocatus
2510 2062 2641 2133 iste,
2663 2063 2862 2134 procul
2884 2063 3060 2118 dubio
3092 2062 3175 2118 illi
3204 2063 3376 2118 etiam
3401 2065 3556 2136 quod
3579 2063 3898 2137 corripitur

2242 2150 2394 2204 Deus
2407 2157 2750 2222 cooperatur
2766 2151 2822 2204 in
2839 2151 3290 2208 bonum.Utrum
3307 2157 3503 2208 autem
3515 2152 3629 2209 ista
3639 2153 3899 2209 sitvoca-

2238 2238 2625 2309 tio,quoniam
2641 2238 2738 2310 qui
2753 2238 2992 2310 corripit
3009 2240 3398 2306 nescit,faciat
3413 2239 3536 2312 ipse
3555 2257 3690 2296 cum
3709 2241 3898 2296 chari-

2237 2331 2353 2381 tate
2367 2326 2519 2398 quod
2539 2326 2647 2380 scit
2658 2343 2785 2382 esse
2799 2327 3280 2384 faciendum.Scit
3294 2328 3448 2384 enim
3463 2329 3564 2384 tali
3578 2328 3900 2401 corripien-

2237 2416 2310 2469 do
2331 2415 2616 2469 facturum
2638 2415 2820 2470 Denm
2839 2421 2940 2471 aut
2963 2416 3421 2473 miscricordiam
3442 2422 3544 2472 aut
3556 2418 3860 2489 judicium
3883 2434 3898 2475 :

2237 2503 2692 2558 misericordiam
2710 2505 3024 2576 quidem,si
3044 2523 3076 2560 a
3095 2524 3289 2562 massa
3309 2507 3654 2578 perditionis
3671 2506 3775 2562 ille
3792 2509 3898 2578 qui

2237 2593 2550 2664 corripitur
2564 2592 2760 2662 gratia:
2779 2593 3046 2666 largitate
3064 2595 3354 2652 discretus
3371 2599 3542 2660 est,et
3565 2613 3679 2650 non
3699 2601 3792 2650 est
3814 2597 3901 2650 in-

2236 2685 2325 2735 ter
2352 2697 2490 2736 vasa
2520 2681 2782 2754 irimque:
2813 2683 3066 2754 perfecta
3095 2689 3234 2739 sunt
3263 2685 3319 2738 in
3352 2683 3760 2756 perditionem,
3788 2685 3897 2739 sed

2235 2770 2386 2824 inter
2400 2787 2536 2824 vasa
2551 2770 3114 2843 misericordiaque;
3137 2773 3478 2844 praaparavit
3499 2773 3555 2827 in
3577 2772 3833 2845 gloriam
3847 2818 3857 2828 .
3869 2796 3898 2823 »

2303 2857 2465 2914 Unde
2486 2862 2542 2913 et
2563 2858 2717 2914 idem
2743 2859 2950 2915 beatus
2970 2861 3335 2932 Augustinus
3368 2861 3424 2916 in
3459 2861 3609 2917 libro
3633 2861 3704 2917 de
3739 2861 3896 2918 Prae-

2235 2947 2619 3003 destinatione
2647 2947 2846 3019 gratia:
2880 2947 3020 3004 dicit
3039 2949 3179 3022 (cap.
3203 2949 3257 3021 5)
3284 2967 3333 3006 :«
3353 2951 3439 3006 Ab
3471 2949 3570 3005 illo
3601 2967 3762 3023 ergo,
3787 2951 3900 3024 qui

2232 3039 2562 3107 aiternus:et
2585 3036 2882 3108 praescius,
2897 3038 2998 3109 qui
3020 3042 3079 3092 et
3096 3039 3298 3110 justus
3317 3043 3374 3094 et
3395 3039 3527 3112 pius
3547 3044 3656 3106 est,
3691 3041 3797 3112 qui
3822 3047 3888 3097 et

2231 3125 2410 3181 exerit
2455 3125 2711 3180 debitam
2760 3127 3144 3194 severitatem,
3177 3131 3234 3182 et
3271 3128 3500 3184 exhibet
3548 3128 3886 3186 indebitam

2231 3215 2526 3286 pietatem,
2541 3219 2598 3269 et
2618 3213 2794 3270 habet
2815 3214 2872 3270 in
2895 3217 3160 3272 creandis
3181 3221 3355 3289 atque
3377 3217 3662 3290 eligendis
3683 3218 3887 3274 homi-

478 3303 832 3375 quibusdam
857 3301 1010 3355 Deus
1032 3317 1147 3354 non
1171 3300 1271 3355 dat
1290 3301 1464 3354 istam
1486 3302 1995 3371 perseverantiam.
2014 3303 2120 3356 Ab-
2149 3289 2191 3354 C
2226 3303 2421 3371 nibus,
2454 3303 2607 3359 sicut
2637 3303 2694 3358 in
2735 3303 2858 3358 luto
2890 3303 3124 3376 ﬁgulus,
3160 3289 3525 3377 potestatem.
3551 3307 3704 3362 facta
3737 3313 3892 3364 sunt

399 3431 406 3437 ο
479 3393 556 3446 sit
575 3391 730 3446 enim
759 3393 822 3444 ut
848 3388 930 3444 ita
951 3393 1122 3453 esset,
1147 3388 1194 3442 si
1219 3389 1288 3442 de
1311 3387 1427 3443 illis
1458 3389 1884 3460 prmdestinatis
1905 3394 2122 3457 essent,

478 3488 536 3536 et
565 3478 888 3535 secundum
922 3477 1286 3548 propositum
1307 3477 1545 3545 vocatis,
1571 3478 1670 3549 qui
1693 3495 1821 3534 vere
1847 3483 1988 3534 sunt
2021 3479 2121 3533 lilii

375 3561 394 3577 “
479 3566 908 3642 promissionis.
932 3565 1078 3620 Nam
1105 3564 1201 3621 isti
1227 3583 1358 3620 cum
1388 3567 1478 3639 pie
1503 3566 1703 3622 vivunt
1723 3568 2001 3622 dicuntur
2021 3567 2123 3622 filii

481 3659 620 3715 Dei:
647 3657 743 3712 sed
779 3654 1059 3730 quoniam
1099 3653 1304 3710 victuri
1337 3660 1477 3710 sunt
1505 3655 1703 3728 impie,
1728 3661 1785 3711 et
1813 3655 1872 3711 in
1919 3657 2123 3711 eadem

477 3748 775 3820 impietate
801 3743 1086 3810 morituri,
1103 3761 1216 3799 non
1239 3761 1337 3799 cos
1359 3745 1500 3799 dicit.
1523 3745 1671 3799 ﬁlios
1699 3744 1794 3800 Dei
1819 3744 2122 3817 prmscien-

479 3839 563 3893 tia
597 3835 718 3892 Dei.
757 3858 784 3885 υ
823 3833 1069 3888 Attende
1107 3850 1284 3906 quare
1305 3851 1416 3888 non
1443 3833 1587 3888 dixit
1622 3833 2126 3898 l'iic,sicutdicunt

480 3922 999 3989 Prmdestinatiani,
1034 3923 1105 3978 ad
1159 3915 1460 3977 interitum
1511 3923 1941 3994 praedestinatio
1972 3923 2070 3980 Dei
2108 3943 2120 3982 :

479 4017 580 4072 sed
604 4013 748 4069 dixit
769 4015 838 4069 de
857 4011 1056 4068 electis
1075 4011 1320 4083 loquens
1342 4011 2007 4084 prredestinationem,de
2037 4031 2124 4070 re-

480 4103 679 4176 probis
694 4106 888 4156 autem
907 4100 1351 4172 praiscientiam.
1371 4102 1437 4155 Et
1454 4105 1585 4172 post
1602 4118 1788 4172 pauca
1802 4117 1849 4154 :«
1872 4102 1977 4167 Qui
1996 4119 2126 4159 vere

481 4190 588 4246 filii
619 4193 778 4255 sunt,
813 4187 1062 4258 praesciti
1091 4193 1148 4242 et
1191 4188 1583 4259 praedestinati
1623 4193 1762 4244 sunt
1799 4191 2126 4247 cont’ormes

481 4277 758 4351 imaginis
790 4275 894 4330 ﬁlii
924 4277 1073 4346 ejus,
1099 4280 1157 4330 et
1188 4277 1510 4332 secundum
1545 4276 1908 4348 prepositum
1939 4279 2126 4336 vocati

481 4371 622 4424 sunt
649 4369 714 4421 ut
744 4363 908 4420 electi
937 4369 1153 4420 essent.
1178 4365 1302 4420 Non
1331 4363 1486 4420 enim
1519 4365 1669 4438 perit
1697 4365 1853 4422 [ilius
1884 4369 2129 4438 promis-

481 4455 695 4523 sionis;
729 4453 829 4510 sed
863 4451 1019 4508 ﬁlius
1064 4453 1426 4524 perditionis.
1463 4455 1721 4510 Fuerunt
1751 4472 1886 4528 ergo
1931 4457 2025 4512 isti
2059 4475 2128 4514 ex

483 4541 860 4600 multitudine
880 4545 1237 4608 vocatorum,
1255 4559 1324 4598 ex
1343 4543 1659 4600 electorum
1693 4548 1888 4600 autem
1923 4547 2127 4618 pauci-

481 4637 599 4688 tate
619 4648 735 4686 non
759 4631 1015 4687 fuerunt.
1038 4631 1162 4686 Non
1187 4631 1366 4702 igitur
1387 4631 1523 4687 filiis
1556 4633 1680 4688 suis
1703 4634 2128 4705 prtedestinatis

481 4723 636 4778 Deus
658 4718 1145 4793 perseverantiam
1167 4737 1279 4774 non
1300 4720 1477 4776 dedit.
1494 4720 1783 4776 Haberent
1799 4722 1954 4778 enim
1972 4740 2122 4796 eam,

481 4811 530 4868 si
554 4811 613 4866 in
637 4827 702 4865 eo
724 4807 976 4864 ﬁliorum
1005 4823 1246 4863 numero
1269 4813 1484 4864 essent.
1511 4809 1623 4880 Ipsi
1653 4813 1793 4864 sunt
1821 4813 2125 4881 praedesti-

481 4901 622 4969 nati,
647 4897 730 4954 illi
762 4896 1151 4970 przedestinati
1186 4901 1244 4952 et
1273 4898 1596 4952 secundum
1629 4899 1992 4970 propositum
2023 4919 2126 4958 vo-

480 4990 614 5058 cati,
640 5003 888 5062 quorum
913 4985 1110 5041 nullus
1138 4986 1342 5058 perit.»
1364 4988 1432 5041 Et
1451 4985 1590 5041 item
1616 5003 1666 5042 :«
1691 4988 1759 5041 Et
1780 4987 1904 5058 jam
1938 4989 1997 5043 in
2029 4991 2126 5046 illa

481 5076 993 5152 praedostinatione
1018 5074 1119 5129 filii
1141 5079 1279 5130 sunt
1309 5077 1496 5148 ejus.»
1519 5077 1588 5130 Et
1617 5081 1746 5148 post
1777 5076 2074 5148 aliquanta
2109 5097 2121 5135 :

485 5171 692 5234 «Quos
731 5171 864 5223 ante
904 5164 1194 5238 praescivit
1231 5170 1288 5220 et
1325 5165 1756 5237 prtedestinavit
1800 5167 2125 5224 conformes

481 5255 757 5328 imaginis
783 5255 912 5312 Filii
933 5255 1062 5328 ejus
1086 5270 1099 5308 :
1125 5271 1273 5326 quos
1303 5259 1496 5309 autem
1523 5254 1970 5325 praedestinavit,
1993 5257 2125 5314 illos

485 5348 542 5400 et
562 5345 816 5399 vocavit:
837 5361 982 5416 quos
1008 5349 1202 5400 autem
1232 5342 1473 5410 vocavit,
1501 5341 1631 5398 illos
1659 5347 1716 5397 et
1737 5343 2082 5412 justiﬁcavit
2108 5364 2121 5402 :

484 5449 632 5505 quos
667 5437 865 5488 autem
888 5433 1254 5504 justiﬁcavit.
1287 5432 1448 5505 ipsos
1499 5436 1558 5487 et
1603 5431 1948 5504 gloriticavit
1981 5451 1992 5489 :
2026 5435 2127 5492 illa

485 5521 638 5578 100
655 5519 984 5590 omniajam
1003 5522 1154 5577 facta
1169 5525 1328 5588 sunt,
1350 5519 1658 5594 praescivit,
1674 5521 2122 5591 praedestinavit,

483 5607 726 5674 vocavit,
744 5608 1114 5680 justiﬁcavit;
1139 5609 1414 5683 quoniam
1437 5612 1493 5664 et
1511 5608 1853 5680 omnesjam
1877 5614 2125 5682 praesciti

485 5715 553 5760 ac
574 5695 967 5778 praedestinati
992 5702 1150 5772 sunt,
1174 5702 1232 5758 et
1252 5697 1420 5758 multi
1444 5699 1572 5775 jam
1590 5696 1780 5758 vocati
1799 5703 1974 5776 atque
1995 5703 2126 5777 jus-

2233 3391 2346 3447 alia
2367 3392 2602 3463 quidem
2623 3408 2764 3446 vasa
2785 3391 2846 3446 in
2879 3392 3180 3462 honorem,
3203 3393 3317 3450 alia
3335 3412 3467 3450 vero
3487 3395 3545 3450 in
3571 3400 3891 3454 contume-

2231 3480 2392 3536 liam.
2410 3481 2737 3550 Antequam
2760 3481 2974 3536 iaceret
3003 3483 3290 3554 priescivit
3310 3501 3435 3551 nos,
3452 3490 3510 3540 et
3527 3483 3586 3539 in
3617 3484 3750 3557 ipsa
3773 3503 3894 3543 nos

2232 3568 2594 3642 prteseientia
2615 3582 2748 3624 cum
2777 3569 3038 3625 nondum
3073 3571 3304 3628 fecisset
3331 3572 3524 3646 elegit.
3551 3574 3660 3630 Sed
3694 3591 3731 3630 ο.
3762 3591 3893 3648 quo

2233 3657 2342 3713 hoc
2364 3657 2486 3711 ﬁeri
2509 3657 2720 3728 potuit,
2745 3657 2854 3712 nisi
2879 3659 2949 3713 ab
2973 3676 3038 3714 eo
3061 3661 3156 3732 qui
3185 3670 3335 3716 vocat
3361 3678 3426 3718 ea
3455 3677 3579 3734 qua:
3597 3679 3706 3718 nou
3726 3674 3892 3731 sunt,

2233 3756 2492 3819 tanquam
2520 3763 2582 3802 ea
2615 3763 2739 3818 quae
2767 3756 2896 3802 sunt
2914 3749 3088 3816 (Rom.
3113 3767 3188 3815 ιν,
3219 3752 3347 3820 17)?
3375 3751 3688 3824 Apostolus
3718 3753 3892 3810 enim

2233 3837 2376 3892 dicit
2399 3855 2412 3892 ε
2439 3839 2554 3908 ()ui
2575 3837 2735 3908 elegit
2758 3854 2858 3894 nos
2885 3846 3008 3894 ante
3036 3839 3232 3896 mundi
3255 3843 3689 3898 constitutionem
3718 3843 3892 3916 (Eph.

2232 3945 2272 3995 1,
2297 3928 2370 3997 4).
2401 3929 2556 3981 Intra
2585 3926 2873 3981 mundum
2905 3927 3043 3983 facti
3074 3945 3302 4001 sumus,
3334 3935 3390 3986 et
3420 3935 3554 3986 ante
3586 3933 3894 3990 mundum

2233 4016 2397 4073 electi
2430 4033 2670 4084 sumus;
2705 4020 2879 4088 atque
2907 4017 2989 4072 ita
3017 4035 3133 4073 uno
3173 4020 3516 4092 eodemque,
3539 4038 3645 4077 nec
3678 4025 3894 4079 trans-

2233 4111 2427 4174 eunte,
2447 4121 2553 4160 nec
2584 4105 2799 4170 futuro,
2823 4105 2924 4161 sed
2956 4105 3230 4164 continuo
3260 4109 3646 4181 tempore,vel
3679 4109 3730 4166 si
3763 4128 3894 4184 quo

2235 4195 2348 4250 alio
2371 4194 2543 4250 modo
2565 4193 2676 4250 dici
2705 4199 2912 4267 potest,
2938 4196 3040 4252 sed
3063 4200 3255 4253 tamen
3288 4202 3495 4270 potest,
3515 4199 3666 4270 apud
3693 4199 3894 4258 Deum

2234 4289 2340 4346 est.
2365 4288 2421 4338 et
2448 4283 2736 4355 prmscire,
2762 4288 2818 4339 et
2847 4285 3051 4354 facere,
3078 4291 3134 4341 et
3162 4285 3394 4359 eligere,
3427 4292 3483 4342 et
3514 4287 3898 4360 prwscientia

2233 4389 2343 4429 sua
2358 4371 2917 4428 incommutabiliter
2936 4379 3310 4446 permanente
3325 4375 3536 4450 eligere
3557 4377 3894 4450 faciendos,

2235 4478 2384 4533 quos
2407 4462 2668 4517 facturus
2690 4463 2878 4518 fuerat
2899 4463 3252 4536 eligendos.«
3276 4465 3347 4520 Et
3372 4465 3510 4520 item
3534 4465 3688 4522 idem
3710 4466 3772 4522 in
3795 4484 3900 4525 eo-

2235 4553 2368 4606 dem
2398 4551 2546 4607 libro
2577 4555 2716 4624 (cap.
2744 4553 2827 4624 16)
2848 4569 2900 4606 :«
2930 4554 3084 4609 llanc
3113 4553 3310 4626 itaque
3355 4553 3610 4610 divinam
3645 4554 3896 4613 electio-

2155 4661 2205 4726 D
2235 4657 2389 4706 nem,
2415 4658 2528 4696 non
2563 4639 2786 4696 meritis
2817 4642 3002 4712 reddi,
3036 4643 3135 4698 sed
3180 4641 3304 4698 sola
3332 4643 3652 4700 voluntatis
3681 4647 3899 4702 muni-

2235 4730 2465 4785 ficentia
2494 4729 2695 4784 donari
2739 4729 3098 4797 hominibus,
3131 4731 3358 4804 Moyses
3389 4749 3522 4788 cum
3561 4733 3687 4812 jam
3739 4737 3901 4792 tunc

2232 4818 2500 4890 quamvis
2533 4818 2824 4874 carnalem
2867 4820 3150 4892 populum
3201 4821 3434 4878 doceret
3477 4821 3752 4878 ostendit.
3787 4824 3901 4882 Sic

2231 4908 2386 4962 enim
2420 4907 2479 4962 in
2512 4908 2958 4965 Deuteronomio
2987 4909 3126 4965 dicit
3163 4910 3234 4965 ad
3274 4909 3596 4983 populum:
3625 4911 3758 4967 Ecce
3787 4911 3899 4968 do-

2231 4997 2372 5051 mini
2401 4997 2500 5052 Dei
2535 4999 2618 5052 tui
2673 4999 2888 5065 aetum,
2919 5006 2970 5054 et
2995 5001 3189 5054 etclam
3218 5001 3360 5066 caeli,
3393 5009 3539 5056 terra
3591 5007 3646 5057 et
3696 5005 3901 5060 omnia

2235 5101 2358 5156 aute
2385 5094 2514 5141 sunt
2541 5088 2600 5141 in
2627 5103 2708 5142 ea.
2727 5087 3101 5144 Verumtamen
3137 5097 3317 5160 patres
3358 5097 3558 5146 vestros
3595 5089 3760 5162 elegit
3790 5090 3905 5148 Do-

2230 5177 2418 5230 minus
2445 5176 2673 5248 diligere
2700 5193 2806 5247 eos,
2833 5178 2930 5248 qui
2955 5179 3116 5250 elegit
3143 5196 3324 5235 semen
3351 5195 3538 5235 eorum
3565 5187 3687 5251 post
3712 5179 3898 5251 ipsos,

2232 5279 2323 5319 vos
2351 5278 2471 5335 pra:
2507 5264 2758 5320 omnibus
2801 5265 3050 5335 gentibus
3079 5267 3254 5336 (Deut.
3277 5285 3331 5334 Ι,
3357 5268 3466 5340 14).
3499 5267 3569 5322 Et
3616 5265 3837 5338 adjecit
3879 5285 3898 5326 :

2235 5352 2710 5408 Circumcidimini
2727 5369 2851 5424 ergo
2869 5370 2904 5408 a
2922 5353 3132 5410 duritia
3151 5356 3328 5412 cordis
3347 5358 3531 5425 vestri,
3553 5363 3605 5413 et
3621 5357 3906 5414 cervicem

2233 5451 2466 5498 vestram
2492 5459 2564 5498 ne
2592 5442 2862 5498 imluretis
2891 5445 3130 5516 amplius
3153 5446 3336 5514 (ibid.,
3361 5445 3468 5518 16).
3495 5445 3604 5502 Sed
3637 5444 3795 5501 hanc
3822 5445 3901 5504 in

2237 5535 2382 5588 101
2420 5531 2504 5588 eis
2525 5530 2814 5586 mansisse
2835 5532 3114 5590 duritiam
3135 5533 3348 5602 cordis,
3373 5535 3527 5590 sicut
3552 5550 3736 5607 supra
3752 5533 3905 5606 jam

2236 5622 2375 5689 dixi,
2399 5622 2605 5677 beatus
2627 5619 2957 5692 Stephanus
2979 5639 3112 5679 cum
3141 5623 3362 5682 Iudaeos
3393 5624 3655 5698 increpat
3683 5625 3902 5682 osten-

2235 5709 2340 5768 dit.
2373 5709 2438 5769 In
2467 5708 2709 5769 Actibus
2747 5708 2904 5770 enim
2955 5711 3355 5790 apostolorum
3383 5711 3510 5794 ipse
3555 5711 3642 5773 sic
3687 5710 3840 5776 dicit
3875 5728 3898 5779 :
