4020 6462
181 422 287 482 165

858 420 960 481 DE
1005 418 1770 482 PRIEDESTINATIONE
1814 418 2334 484 DlSSERTATIO
2377 420 2844 486 POSTERIOR.

3443 425 3556 488 166

175 561 312 614 θνα
362 554 562 608 cervice
589 559 641 609 et
685 553 1062 609 incircumcisi
1111 554 1270 610 corde
1325 561 1377 610 et
1425 554 1677 619 auribus,
1711 570 1798 609 vos
1827 557 1882 622 Α
1915 554 2164 610 rantiam
2191 572 2378 626 usque
2401 555 2458 609 in
2484 557 2681 610 tinem.
2702 556 2832 612 Hzec
2853 557 3007 613 Deus
3029 560 3320 614 facturum
3344 575 3407 615 se
3430 575 3559 616 esse

177 659 362 714 semper
383 641 622 713 Spiritui
664 649 848 697 sancto
897 643 1172 697 restitistis
1204 643 1336 712 (Art.
1369 659 1468 708 vn,
1499 643 1611 710 51).
1641 642 1799 698 Unde

180 733 306 788 dura
323 729 502 786 cervix
524 731 582 784 in
605 747 672 786 eo
696 729 1044 802 populo,qui
1066 748 1134 786 ex
1159 732 1378 786 mundo
1399 731 1616 787 electus
1638 732 1796 786 est?»

179 823 236 878 Et
279 823 398 891 post
451 817 750 891 aliqnanta
779 835 838 874 τα
867 821 1008 873 Cum
1069 818 1187 884 illo,
1221 819 1445 874 scilicct
1499 818 1796 890 Apostolo,

179 909 382 984 quando
401 908 470 964 de
489 907 708 963 talibus
729 907 1015 979 quaeritur
1038 907 1419 975 admiremur,
1445 913 1502 963 et
1531 912 1801 962 manente

177 998 436 1054 sententia
456 997 612 1069 quod
635 1012 748 1052 non
773 995 852 1052 sit
873 994 1156 1068 iniquitas
1175 997 1325 1068 apud
1354 996 1562 1065 Deum,
1587 996 1634 1051 si
1659 995 1801 1068 quid

175 1087 298 1144 illud
323 1086 554 1142 modum
578 1084 762 1141 nostri
796 1101 1008 1141 sensus
1029 1085 1363 1150 excesserit,
1385 1089 1442 1139 et
1471 1084 1803 1139 intellectus

175 1174 334 1232 nostri
357 1190 466 1229 non
492 1174 774 1246 dignatur
792 1173 1118 1245 angustias,
1144 1173 1202 1228 in
1229 1173 1607 1244 illajustitize,
1635 1173 1805 1228 mise-

181 1263 433 1328 ricordiae,
450 1261 946 1334 prisscientizaque
967 1262 1174 1317 divinae
1196 1261 1560 1334 plenitudine
1583 1277 1804 1334 perma-

179 1369 295 1408 nere
323 1352 671 1407 inconcussa
718 1350 990 1422 aequitate
1029 1351 1376 1406 fateamur.»
1407 1351 1476 1404 Et
1507 1351 1646 1406 item
1696 1348 1801 1404 ali-

177 1447 370 1514 quanto
396 1439 671 1513 superius
696 1440 834 1510 (cap.
863 1441 950 1506 13)
975 1455 1028 1494 ε»
1053 1438 1239 1511 Elegit
1267 1456 1406 1494 vasa
1427 1456 1554 1510 quae
1586 1439 1803 1494 faceret

175 1531 225 1586 in
253 1529 542 1596 honorem,
566 1534 624 1583 et
651 1527 781 1584 illos
807 1545 840 1583 a
866 1532 1111 1583 ventura
1135 1527 1220 1583 ira
1243 1527 1396 1583 dono
1417 1526 1681 1600 gratuitas
1704 1544 1801 1582 vo-

172 1618 389 1674 cationis
417 1616 870 1684 absolvit,.alios
901 1615 1318 1688 derelinquens
1349 1616 1419 1671 ad
1451 1615 1802 1687 zequalitatis

164 1707 424 1781 judicium
459 1705 816 1761 reservavit:
843 1704 986 1759 nulli
1020 1709 1214 1759 tamen
1247 1704 1626 1776 agnoscenda:
1655 1703 1800 1759 veri-

171 1796 290 1850 tatis
326 1794 570 1850 abstulit
603 1793 963 1849 facultatem.
988 1793 1059 1848 Et
1107 1792 1190 1847 ita
1230 1793 1533 1865 plenitudo
1592 1792 1799 1847 divina:

171 1883 520 1958 praescientias
547 1882 607 1938 in
632 1882 780 1938 alios
801 1881 1414 1952 manantejnstitia,in
1444 1881 1588 1935 alios
1610 1881 1801 1951 gratia

172 1974 461 2046 proﬂuente
491 1970 790 2042 completa
821 1975 928 2026 est.
957 1994 984 2020 »
1008 1971 1150 2026 Item
1197 1971 1399 2025 beatus
1428 1969 1794 2041 Augustinus

172 2061 218 2116 in
247 2060 380 2116 libro
414 2061 484 2116 de
525 2058 905 2132 Correptione
958 2064 1015 2113 et
1063 2059 1258 2113 Gratia
1278 2064 1416 2130 (cap.
1452 2059 1537 2128 i2)
1563 2075 1575 2113 :
1604 2081 1631 2107 ‹‹
1671 2057 1797 2130 Ipse

171 2151 323 2222 igitur
340 2167 436 2206 eos
455 2149 602 2205 facit
624 2165 988 2221 perseverare
1009 2148 1067 2203 in
1093 2148 1264 2213 bono,
1289 2147 1388 2219 qui
1415 2147 1551 2202 facit
1573 2147 1755 2201 bonos
1781 2161 1794 2200 :

171 2239 254 2310 qui
280 2244 467 2294 autem
499 2237 728 2293 cadunt
758 2240 815 2292 et
845 2240 1109 2308 pereunt,
1142 2234 1200 2290 in
1247 2235 1795 2308 praedestinatorum

173 2345 389 2383 numero
421 2344 538 2382 non
574 2326 835 2381 fuerunt.
865 2347 892 2374 »

227 2417 424 2472 Audiat
450 2431 592 2471 cum
643 2413 848 2492 schola
901 2430 1009 2470 sua
1059 2412 1473 2470 Gnthesealcus
1527 2413 1797 2485 princeps

172 2510 536 2571 narraturum,
565 2508 624 2559 et
655 2503 834 2573 hujus
866 2503 1078 2574 iniqua:
1110 2501 1486 2557 fabulationis
1517 2499 1798 2556 ressusci-

171 2599 262 2656 tor,
281 2593 414 2666 quid
431 2594 596 2648 dicat
616 2597 858 2648 sanctus
879 2591 1244 2664 Augustinus
1269 2607 1316 2644 :u
1344 2591 1407 2646 In
1430 2588 1800 2663 prardestina-

169 2686 336 2738 torum
369 2697 617 2738 numero
650 2697 768 2736 non
816 2681 1069 2735 fuerunt.
1091 2678 1148 2734 Si
1180 2677 1350 2733 vellet
1397 2684 1452 2733 et
1481 2675 1797 2743 debuisset,

171 2771 552 2826 convenienter
579 2769 772 2825 dicere
805 2769 1110 2840 potuisset,
1131 2767 1236 2834 Qui
1268 2771 1462 2823 autem
1497 2766 1714 2821 cadunt
1744 2770 1802 2819 et

171 2863 408 2933 pereunt,
431 2859 508 2916 ad
538 2858 849 2914 interitum
870 2855 1277 2930 prmdestinati
1311 2857 1562 2920 fuerunt,
1587 2858 1643 2908 et
1673 2853 1801 2908 ideo

170 2949 477 3004 ceciderunt
507 2951 570 3004 et
600 2945 965 3020 perierunt.»
987 2945 1056 3000 Et
1085 2945 1223 3001 item
1255 2948 1495 3000 sanctus
1524 2941 1799 3012 Augusti-

171 3053 264 3092 nus
293 3037 348 3093 in
378 3037 624 3110 przefato
654 3034 803 3092 libro
853 3035 924 3090 ad
975 3033 1164 3089 locum
1190 3036 1331 3104 (mp.
1358 3033 1447 3100 13)
1471 3048 1485 3086 :
1511 3054 1538 3082 «
1567 3031 1694 3086 lizcc
1731 3025 1802 3085 de

169 3125 250 3181 his
275 3127 479 3199 loquor
506 3125 612 3199 qui
643 3122 1040 3197 praedestinati
1090 3126 1231 3179 sunt
1275 3122 1348 3177 ad
1403 3136 1646 3193 regnum
1679 3119 1800 3190 Dei,

169 3230 394 3287 quorum
423 3215 509 3270 ita
537 3218 738 3271 certus
763 3217 850 3268 est
881 3228 1184 3282 numerus,
1213 3214 1275 3266 ut
1304 3225 1409 3265 nec
1441 3209 1688 3264 addatur
1717 3210 1802 3262 eis

1911 643 2235 715 prmsrivit:
2272 644 2398 714 ipsa
2429 648 2519 698 est
2559 644 2994 716 prmdestinatio
3025 651 3379 711 sanctorum,
3409 663 3559 718 quos

1909 731 2086 804 elegit
2115 732 2172 786 in
2205 732 2434 787 Christo
2457 738 2590 787 ante
2613 732 3091 789 constitutionem
3123 735 3350 802 mundi,
3374 741 3438 790 ut
3467 752 3557 791 es-

1910 825 2041 875 sent
2061 821 2244 876 sancti
2277 826 2334 874 et
2364 820 2726 877 immaculati
2761 821 2818 876 in
2845 826 3158 894 conspectu
3183 823 3310 892 ejus
3342 822 3397 878 in
3429 823 3561 880 cha-

1910 909 2101 975 ritate,
2127 908 2550 980 prcedestinans
2572 927 2672 965 eos
2693 909 2752 965 in
2776 910 3150 982 ad0ptionem
3183 910 3436 966 filiorum
3461 928 3560 983 per

1909 997 2110 1053 Jesum
2141 997 2462 1052 Christum.
2486 1020 2512 1046 »
2536 999 2606 1053 Et
2634 999 2773 1054 item
2799 1015 2847 1053 τα
2876 999 3021 1055 Illud
3057 1010 3250 1056 tamen
3292 999 3560 1056 ﬁdelibus

1910 1086 2077 1141 debet
2100 1103 2226 1141 esse
2249 1086 2664 1156 certissimum,
2690 1087 2995 1161 huneesse
3016 1105 3085 1144 ex
3111 1087 3560 1161 prmdestinatis.

1912 1173 2078 1228 illum
2111 1191 2226 1229 non
2257 1191 2405 1229 esse.
2425 1196 2454 1224 »
2832 1158 2855 1178 '

1981 1263 2050 1316 Et
2095 1262 2480 1318 Cassiodorus
2525 1263 2583 1318 in
2636 1264 2935 1320 Psalmum
2969 1283 3065 1322 xxv
3095 1283 3110 1321 ε
3135 1289 3164 1316 ‹‹
3197 1267 3432 1332 Revera,
3467 1265 3560 1320 in—

1911 1350 2058 1422 quit,
2081 1349 2192 1423 ipsi
2221 1352 2490 1408 restituta
2522 1358 2610 1408 est
2641 1353 3078 1421 haereditas,cui
3111 1359 3244 1410 ante
3275 1354 3560 1410 conditio-

1912 1456 2045 1494 nem
2077 1456 2272 1494 rerum
2307 1440 2494 1495 fuerat
2536 1442 2595 1495 in
2637 1442 3145 1513 praedestinatione
3182 1441 3413 1498 collata.
3441 1464 3468 1490 »
3490 1443 3562 1498 Et

1910 1528 2087 1584 item:
2115 1551 2143 1578 «
2177 1527 2493 1585 Hmreditas
2523 1529 2738 1586 Christi
2783 1535 2872 1586 est
2911 1531 3324 1604 praedestinata
3362 1530 3560 1587 multi-

1909 1618 2052 1672 tudo
2083 1621 2445 1673 sanctorum.
2475 1641 2502 1667 »
2522 1619 2593 1672 Et
2636 1619 2696 1674 in
2740 1619 2972 1675 Psalmo
3018 1637 3146 1675 xux
3171 1637 3185 1676 :
3209 1643 3237 1670 α
3272 1620 3560 1675 Memento

1909 1707 2065 1776 quod
2090 1723 2191 1777 per
2211 1705 2317 1762 has
2340 1705 2657 1762 allusiones
2679 1707 3219 1779 prtedestinatorum
3247 1724 3559 1764 numerum

1908 1793 2219 1864 significat,
2245 1811 2358 1849 non
2383 1795 2454 1850 de
2485 1795 2609 1851 sola
2640 1797 2946 1868 Synagoga
2968 1797 3328 1863 Judzeorum,
3353 1798 3452 1854 sed
3489 1797 3560 1853 de

1907 1883 2137 1937 cunctis
2167 1883 2440 1954 gentibus
2471 1900 2599 1938 esse
2638 1885 3015 1956 completum.
3073 1907 3100 1934 »
3130 1887 3199 1941 Et
3229 1885 3288 1940 in
3331 1885 3560 1941 Psalmo

1919 1987 2100 2026 LXXVII
2126 1988 2175 2026 τα
2212 1973 2430 2028 Parasti
2457 1975 2518 2028 in
2546 1972 2833 2029 dulcedine
2862 1982 2956 2030 tua
2981 1977 3228 2047 pauperi.
3264 1976 3422 2042 Deus,
3454 1974 3558 2030 Pa-

1906 2059 2072 2125 rasti,
2095 2059 2391 2131 signiﬁcat
2414 2061 2981 2134 prtedestinatos,qui
3005 2063 3078 2118 ab
3101 2061 3324 2134 origine
3351 2062 3559 2118 mundi

1906 2147 2032 2219 ipso
2049 2147 2360 2207 miserante
2373 2149 2676 2221 praeparati
2689 2155 2882 2206 sunt.»
2892 2153 2959 2206 Et
2975 2151 3034 2206 in
3051 2150 3279 2206 Psalmo
3295 2167 3558 2206 Lxxsvm:

1907 2259 1935 2284 «
1957 2237 2240 2292 Exaltetur
2264 2235 2484 2292 dextera
2511 2245 2624 2292 tua.
2644 2237 3010 2294 Clarificetur
3038 2255 3322 2294 numerus
3350 2239 3566 2311 praede-

1906 2323 2283 2391 stinatorum,
2311 2323 2410 2396 qui
2443 2329 2533 2380 est
2556 2326 2634 2380 ad
2681 2325 2977 2381 dexteram
3011 2326 3406 2382 collocandus.
3432 2347 3459 2375 »
3493 2326 3564 2381 Et

1908 2412 1967 2466 in
2001 2411 2232 2466 Psalmo
2264 2430 2332 2467 xc
2355 2429 2406 2469 τι(
2437 2414 2561 2468 Νοη
2591 2413 2746 2469 enim
2781 2419 3030 2485 possunt
3059 2431 3093 2470 a
3123 2413 3302 2470 latere
3338 2414 3562 2469 Domini

1905 2499 1994 2556 vel
2027 2518 2061 2555 a
2089 2500 2308 2556 dextris
2339 2503 2467 2572 ejus
2498 2501 2726 2571 cadere,
2751 2503 2849 2574 qui
2873 2503 3002 2573 jam
3036 2503 3093 2558 in
3127 2503 3436 2559 beatorum
3460 2519 3566 2558 nu-

1911 2606 2070 2646 mero
2088 2590 2482 2662 prmdestinati
2507 2607 2636 2646 esse
2669 2595 3012 2647 noscuntur.
3036 2592 3146 2650 Sed
3179 2591 3288 2648 hoc
3317 2592 3389 2648 de
3419 2608 3563 2664 prai-

1909 2678 2314 2750 sumptoribus
2349 2679 2492 2733 bene
2514 2679 2748 2747 dicitur,
2768 2679 2865 2752 qui
2896 2679 3040 2735 illud
3065 2697 3124 2736 se
3150 2680 3426 2752 consequi
3449 2697 3568 2736 cre-

1909 2769 2058 2822 dunt
2075 2769 2227 2838 quod
2253 2767 2495 2822 minime
2520 2774 2982 2840 promerentur.»
3006 2769 3071 2824 Et
3095 2769 3152 2823 in
3183 2769 3410 2824 Psalmo
3431 2786 3522 2824 xei
3547 2785 3560 2824 :

1911 2879 1937 2905 ‹‹
1955 2856 2103 2910 Dum
2129 2855 2412 2926 plantatio
2432 2857 2666 2922 dicitur,
2687 2857 3120 2929 prmdestinatio
3139 2857 3369 2912 Domini
3389 2858 3567 2930 signi-

1911 2945 2137 3010 ticatur,
2162 2944 2302 3015 quia
2336 2943 2448 2998 nisi
2479 2945 2613 3016 quis
2647 2946 2706 3000 in
2751 2962 2819 3000 ea
2867 2945 3167 3017 plantatus
3217 2945 3410 3012 fuerit,
3441 2962 3562 3000 cre-

1910 3037 2173 3088 mentum
2208 3032 2614 3089 felicissimum
2667 3051 2782 3089 non
2813 3033 3056 3089 habebit
3087 3051 3101 3090 :
3131 3055 3158 3082 »
3180 3033 3251 3089 Et
3298 3032 3358 3087 in
3404 3031 3563 3089 Psal-

1912 3138 2006 3176 mo
2027 3139 2132 3178 xcv
2157 3138 2204 3176 :«
2230 3121 2450 3178 Domus
2493 3121 2648 3177 enim
2701 3121 2836 3187 ista,
2859 3122 2915 3177 id
2946 3127 3037 3178 est
3083 3119 3429 3177 universalis
3456 3122 3561 3177 Ec-

1911 3209 2107 3274 clesia,
2142 3227 2258 3282 qua
2281 3210 2546 3265 Christus
2578 3211 2890 3278 inhabitat,
2911 3211 3057 3267 vivis
3089 3209 3388 3283 lapidibus
3418 3226 3566 3266 sem-

170 3285 486 3376 quisquam,
503 3319 614 3359 nec
632 3302 938 3358 minuatur
958 3317 1025 3356 ex
1047 3300 1163 3355 eis:
1187 3316 1300 3354 non
1327 3299 1398 3353 do
1421 3297 1513 3353 his
1534 3297 1804 3369 qui,cum
1837 3285 1879 3350 C
1915 3316 2016 3370 per
2045 3299 2385 3366 exstruitur,
2406 3299 2546 3370 quia
2567 3299 2826 3372 quotidie
2857 3301 2928 3355 de
2950 3299 3366 3355 confitentibus
3393 3298 3569 3354 aedifi-

169 3393 556 3450 annuntiasset
587 3397 645 3449 et
679 3390 912 3446 locutus
941 3392 1116 3453 esset,
1136 3386 1506 3459 multiplicati
1539 3389 1674 3441 sunt
1707 3403 1804 3441 su-

172 3497 258 3553 per
275 3498 645 3538 numerum.»
666 3480 736 3534 Et
757 3479 897 3534 item
919 3477 977 3532 in
1000 3478 1202 3533 eodem
1227 3475 1376 3531 libro
1392 3492 1440 3530 :«
1463 3474 1529 3529 lli
1549 3491 1683 3530 vero
1705 3475 1804 3546 qui

173 3585 267 3624 non
298 3570 592 3642 pertinent
613 3568 690 3624 ad
713 3568 869 3622 hunc
894 3565 1442 3639 praedestinatorum
1468 3579 1803 3630 numerum,

171 3674 298 3729 quos
323 3659 418 3715 Dei
449 3657 667 3731 gratia,
694 3656 814 3713 sive
847 3655 1105 3710 nondum
1131 3653 1412 3708 habentes
1444 3651 1630 3706 ullum
1663 3651 1804 3706 libe-

173 3763 283 3802 rum
328 3765 446 3803 sure
475 3745 804 3802 voluntatis
853 3741 1328 3812 arbitrium,sive
1378 3757 1512 3795 cum
1564 3739 1807 3795 arbitrio

171 3835 484 3904 voluntatis,
507 3835 642 3890 ideo
669 3850 804 3889 vero
834 3831 1015 3886 libero
1039 3830 1177 3902 quia
1207 3847 1310 3902 per
1341 3828 1528 3900 ipsam
1558 3827 1808 3899 gratiam

174 3921 414 3991 liberato,
435 3921 712 3998 perducit
742 3921 815 3977 ad
849 3936 1115 3992 regnum,
1141 3919 1198 3973 hi
1229 3917 1502 3989 ergo,qui
1534 3933 1648 3971 non
1679 3933 1809 3988 per-

173 4012 334 4069 tinent
355 4015 425 4070 ad
457 4014 649 4069 istum
674 4009 1071 4066 certissimum
1093 4013 1149 4063 et
1169 4006 1586 4063 electissimum
1613 4022 1810 4060 nume-

173 4116 305 4172 rum,
327 4119 427 4174 pro
459 4100 696 4158 meritis
726 4098 1061 4170 justissima
1092 4096 1495 4168 judicantur.»
1519 4096 1588 4149 Et
1631 4094 1805 4150 item:

175 4212 196 4238 ι
216 4189 268 4244 Si
287 4190 333 4246 is
354 4191 451 4264 qui
476 4188 804 4261 corripitur
823 4187 895 4241 ad
924 4184 1470 4259 przedestinatorum
1497 4199 1810 4239 numerum

173 4277 416 4347 pertinet,
437 4279 517 4334 sit
540 4278 594 4334 ei
621 4273 909 4346 correptio
936 4273 1170 4330 salubre
1202 4271 1695 4328 medicamentum
1721 4288 1734 4327 :
1760 4267 1810 4326 si

173 4371 344 4423 autem
379 4383 494 4423 non
531 4364 810 4439 pertinet,
835 4362 914 4418 sit
933 4362 986 4418 ei
1010 4361 1296 4434 correptio
1318 4360 1543 4434 pmnale
1565 4365 1816 4416 tormen-

175 4457 302 4510 tum.
323 4477 352 4506 ιο
375 4457 445 4512 Et
493 4455 645 4512 item
667 4453 812 4525 (cap.
837 4453 923 4522 15)
951 4467 964 4505 :
993 4475 1020 4500 ‹‹
1047 4450 1226 4506 Nobis
1274 4450 1512 4522 quidem
1560 4453 1721 4516 tunc,
1754 4448 1811 4502 id

175 4547 248 4599 est
271 4545 502 4617 quando
533 4541 1033 4615 evangelizamus,
1058 4539 1264 4611 incipit
1302 4555 1430 4594 esse
1467 4537 1716 4610 quisque
1748 4538 1812 4591 tl-

1915 3387 2162 3442 eationis
2195 3388 2378 3442 sumit
2421 3393 2957 3460 augmentum,ncc
3005 3387 3278 3443 aedificari
3327 3387 3564 3456 desinit,
3623 3423 3634 3430 -

1915 3476 2097 3530 donec
2121 3493 2307 3548 usque
2333 3477 2402 3531 ad
2437 3478 2612 3532 ﬁnem
2646 3477 2842 3533 sa'culi
2875 3477 3422 3550 praedestinatorum
3457 3493 3565 3532 nu-

1916 3582 2112 3620 merus
2135 3564 2503 3636 impleatur.»
2517 3566 2585 3619 Et
2605 3565 2662 3620 in
2687 3566 2914 3621 Psalmo
2937 3583 3034 3621 cur
3053 3582 3102 3620 :«
3124 3567 3188 3622 Et
3205 3565 3354 3621 cedri
3377 3564 3570 3620 Libani

1915 3670 2049 3725 quas
2079 3654 2360 3725 plautasti,
2395 3654 2452 3709 id
2487 3658 2577 3708 est
2606 3673 2734 3726 quin
2765 3661 2866 3710 tua
2895 3655 3401 3726 prtedestinatione
3431 3658 3570 3709 sunt

1916 3741 1973 3796 in
2010 3741 2306 3814 religionis
2337 3743 2739 3798 amrenissimo
2768 3744 3040 3814 paradiso
3062 3743 3414 3798 constitutae.
3441 3764 3467 3790 »
3499 3743 3570 3798 Et

1917 3829 2053 3884 item
2087 3831 2144 3885 in
2178 3832 2380 3886 eodem
2407 3848 2454 3886 τα
2481 3832 2687 3886 Omnis
2716 3832 2915 3902 justus
2947 3848 3080 3886 cum
3115 3831 3216 3886 Dei
3249 3829 3565 3886 Ecclesium

1917 3921 2078 3994 cupit
2107 3921 2328 3992 augeri,
2349 3926 2679 3994 peccatores
2703 3924 2861 3992 optat
2894 3920 3019 3974 sine
3040 3919 3402 3974 dubitatione
3423 3935 3564 3974 con-

1915 4011 2091 4065 verti:
2115 4011 2364 4065 maxime
2387 4026 2520 4072 cum
2544 4009 2765 4064 noverit
2781 4006 3228 4063 desiderabilem
3251 4007 3566 4063 adventum

1920 4098 2147 4154 Domini
2174 4116 2357 4170 usque
2379 4099 2450 4152 ad
2485 4098 3029 4170 praedestinatorum
3051 4113 3363 4152 numerum
3397 4111 3568 4167 posse

1919 4188 2223 4260 suspendi.
2251 4211 2277 4236 ››
2301 4188 2370 4242 Et
2415 4187 2472 4242 in
2533 4186 2760 4241 Psalmo
2791 4203 2960 4241 cxvm
2985 4202 2998 4240 :
3024 4209 3052 4236 α
3077 4185 3200 4241 Non
3247 4185 3568 4257 incongrue

1919 4275 2235 4332 Ecclesiam
2260 4275 2628 4342 catholicam,
2650 4292 2776 4347 qua:
2797 4274 2988 4330 adhuc
3013 4274 3071 4329 in
3093 4273 3204 4330 isto
3226 4274 3446 4329 mundo
3469 4290 3568 4346 ge-

1921 4365 2088 4432 ritur,
2117 4370 2368 4438 quatuor
2396 4365 2666 4420 cardines
2697 4363 2900 4419 mundi
2933 4363 3191 4419 indicare
3223 4367 3565 4431 noscuntur,

1922 4455 2158 4527 quando
2189 4454 2380 4509 adimo
2411 4453 2753 4525 imperfecta
2784 4457 2892 4519 est,
2921 4453 3106 4508 donec
3137 4451 3570 4524 prindestinato-

1923 4561 2053 4599 rum
2087 4560 2396 4598 numerum
2429 4545 2827 4614 competenter
2855 4539 3138 4613 acquirat.
3163 4563 3190 4590 »
3213 4542 3282 4596 Et
3309 4539 3368 4595 in
3403 4539 3568 4596 Psal-

177 4629 272 4718 lius
301 4633 458 4704 pacis
489 4648 636 4689 cum
666 4628 951 4718 obedierit
982 4627 1120 4718 huic
1152 4626 1574 4718 gEvangeliopet
1602 4643 1670 4681 ex
1704 4626 1816 4681 {ide
1843 4654 1892 4718 Β
1923 4649 2019 4687 mo
2068 4649 2236 4686 cxuu
2263 4648 2310 4686 :u
2339 4635 2590 4702 Reputas
2623 4647 2782 4700 eum,
2804 4630 3006 4702 utique
3032 4630 3090 4685 in
3121 4629 3328 4685 ovibus
3358 4628 3476 4685 tuis
3506 4629 3566 4686 in

171 4715 505 4790 iustiﬁcatus
529 4735 742 4794 pacem
766 4718 837 4773 ad
861 4717 1044 4773 Deum
1071 4716 1284 4771 habere
1313 4714 1584 4787 coeperit:
1606 4732 1811 4770 secun-

179 4806 297 4864 dum
323 4807 908 4882 praedestinationem
939 4811 1135 4861 autem
1168 4805 1290 4874 Dei,
1304 4806 1432 4877 jam
1465 4804 1621 4860 ﬁlius
1653 4805 1812 4877 pacis

179 4903 300 4954 erat.
323 4899 522 4972 Neque
547 4896 710 4954 enim
736 4895 958 4951 dictum
990 4900 1098 4963 est,
1122 4911 1298 4966 super
1317 4911 1490 4967 quem
1515 4895 1810 4966 requieve-

180 4985 241 5040 rit
267 5004 369 5059 pax
398 4993 624 5054 vestra,
649 4987 748 5042 ﬁet
779 4985 937 5041 filius
979 4983 1140 5058 pacis
1173 5001 1186 5040 :
1221 4984 1318 5038 sed
1367 4983 1464 5040 Ubi
1500 4985 1690 5055 fuerit,
1723 4983 1811 5038 in-

181 5073 306 5144 quit,
332 5077 483 5148 ﬁtias
509 5077 698 5150 pacis,
729 5076 1025 5146 requiescet
1060 5089 1225 5145 super
1256 5073 1412 5128 illam
1449 5072 1670 5128 domum
1699 5090 1815 5145 pan:

180 5171 328 5220 vestra
357 5167 510 5233 (Luc.
534 5183 594 5231 ι,
617 5166 744 5231 6).»
772 5163 841 5219 Et
873 5163 1012 5218 item
1037 5179 1050 5217 :
1075 5185 1102 5212 «
1138 5161 1380 5217 Proinde
1421 5166 1707 5232 quantum
1739 5162 1811 5216 ad

181 5265 270 5306 nos
293 5253 679 5326 pertinet,qui
714 5252 1158 5325 prmdestinatos
1179 5268 1212 5307 a
1235 5268 1348 5306 non
1383 5251 1813 5323 prmdestinatis

182 5337 482 5399 discernere
534 5358 656 5398 non
705 5340 987 5396 valemus.
1028 5363 1056 5390 »
1087 5341 1158 5396 Et
1215 5339 1310 5396 hic
1367 5340 1810 5409 attendendum,

183 5440 338 5500 qam
367 5448 481 5487 non
516 5430 668 5486 dixit
699 5433 942 5487 sanctus
971 5429 1356 5502 Augustinus,
1381 5429 1481 5502 qui
1515 5429 1812 5501 praedesti-

183 5523 328 5574 natos
355 5521 508 5578 102
550 5519 628 5576 ad
667 5517 846 5574 vitam
872 5535 908 5574 a
936 5518 1364 5590 praedestinatis
1395 5519 1466 5574 ad
1511 5519 1810 5573 interitum

186 5603 489 5666 discernere
521 5624 641 5665 non
671 5606 959 5664 valemus.
983 5608 1053 5663 Et
1075 5608 1228 5680 quod
1251 5608 1379 5680 jam
1412 5607 1716 5680 posuimus
1745 5624 1815 5664 ex

185 5689 316 5758 libro
341 5696 411 5761 de
441 5695 608 5760 Bono
637 5695 1083 5778 perseverantiae
1107 5712 1156 5756 :«
1178 5696 1332 5760 Deus
1354 5696 1532 5756 donat
1559 5713 1818 5775 perseve-

1923 4737 2168 4776 numero
2215 4719 2783 4791 praedestinatorum.
2811 4718 2963 4778 »His
3000 4718 3283 4774 sententis
3329 4723 3564 4773 sancto-

1919 4827 2050 4865 rnm
2081 4810 2384 4864 doctorum
2428 4808 2807 4864 animadverti
2842 4812 3052 4880 potest,
3085 4807 3225 4880 quia
3254 4824 3366 4863 non
3421 4825 3565 4879 pras-

1919 4899 2307 4956 destinatione
2339 4898 2434 4952 Dei
2471 4898 2784 4969 quisquam
2817 4897 2988 4969 perit,
3022 4914 3126 4952 nec
3161 4896 3344 4952 Judas
3375 4894 3562 4968 periit,

1921 5005 2025 5044 nec
2057 4988 2230 5043 etiam
2260 4987 2383 5059 ipse
2420 4987 2816 5042 Antichristus
2862 4986 3154 5041 maximus
3204 4984 3384 5056 periet
3415 4999 3429 5039 ε
3463 4983 3561 5039 sed

1922 5075 2263 5132 infidelitate
2293 5079 2349 5129 et
2380 5073 2770 5146 perseveranti
2816 5073 3123 5145 iniquitate
3153 5075 3398 5142 pereunt
3434 5069 3566 5142 qui-

1921 5181 2152 5236 cunque
2185 5167 2454 5236 pereunt;
2488 5162 2629 5234 quia
2659 5163 2812 5217 Deus
2843 5160 3136 5216 neminem
3168 5157 3380 5214 deserit
3411 5163 3569 5214 ante-

1920 5271 2096 5326 quam
2126 5253 2448 5308 deseratur.
2476 5252 2766 5307 Prazscivit
2797 5256 2989 5304 tamen
3022 5249 3175 5304 Deus
3206 5251 3337 5305 ante
3367 5247 3568 5304 omnia

1922 5342 2152 5410 saecula,
2177 5341 2330 5396 sicut
2350 5346 2406 5396 et
2435 5341 2669 5405 Judam,
2695 5356 2896 5394 omnes
2919 5337 3208 5409 perituros
3229 5337 3566 5410 quicunque

1922 5429 2288 5505 pereunt,vel
2314 5428 2556 5502 perituri
2589 5433 2744 5494 sunt,
2762 5427 2935 5497 juxta
2956 5426 3112 5498 quod
3136 5426 3420 5500 scripturn
3453 5431 3564 5494 est,

1920 5521 2132 5578 Sciebat
2157 5521 2304 5576 enim
2335 5519 2486 5575 108
2516 5519 2669 5574 Iesus
2711 5516 2806 5586 qui
2839 5524 3017 5572 essent
3045 5533 3157 5573 non
3193 5517 3486 5582 credentes,
3515 5522 3569 5572 et

1922 5613 2044 5685 quis
2073 5610 2377 5666 traditurus
2405 5614 2542 5662 esset
2567 5621 2688 5660 eum
2720 5605 2878 5672 (Joan
2905 5621 2981 5673 vr,
3010 5606 3125 5675 65).

1992 5700 2062 5758 Et
2081 5696 2356 5777 quoniam
2379 5697 2618 5754 sanctus
2637 5692 3003 5769 Augustinus
3025 5695 3190 5773 plura
3225 5695 3456 5755 locutus
3477 5698 3565 5754 est
