4020 6464
202 432 299 494 173
883 434 985 495 DE
1027 435 1789 499 PRZEDESTINATIONE
1832 439 2350 502 DISSElt'l‘ATIO
2393 443 2857 508 POSTERIOR.
3446 453 3560 514 174

197 565 259 621 ad
288 578 529 637 penam,
561 564 633 619 ad
665 580 842 636 quam
873 582 979 637 per
1005 568 1190 638 pmnis
1221 567 1400 639 digna
1429 585 1599 641 opera
1623 586 1815 641 perve-
1840 584 1893 650 Α
1926 571 2123 644 sbyter
2144 573 2264 628 :«In
2295 573 2583 631 haereticis
2612 579 2670 631 et
2697 576 2870 634 malis
2897 578 3198 637 catholicis
3228 598 3342 638 non
3372 599 3563 640 sacra-

198 654 363 719 nitur;
393 652 531 723 quia
557 658 616 708 et
645 652 964 709 inﬁdelitas
994 655 1221 726 pmnale
1243 674 1389 727 opus
1418 663 1525 724 est,
1560 658 1712 713 sicut
1752 663 1811 713 et
1921 666 2116 716 menta
2145 663 2502 730 communia,
2534 664 2591 718 in
2623 664 2839 736 quibus
2869 665 3174 724 nobiscum
3201 675 3359 737 sunt,
3376 676 3435 728 et
3462 673 3562 728 ad-

196 759 324 817 opus
350 740 557 798 salutis
584 747 675 798 est
704 742 870 809 fides,
893 742 1121 800 dicente
1143 744 1388 801 Domino
1420 763 1432 801 :
1470 751 1587 802 (loc
1606 755 1692 803 est
1711 763 1811 803 au-

194 844 292 889 tem
310 847 446 900 opus
472 832 619 901 ejus,
644 840 708 887 ut
736 832 989 889 credatis
1031 833 1091 888 in
1130 848 1262 889 eum
1310 850 1479 905 quem
1523 836 1681 891 misit
1712 837 1810 891 ille

193 927 357 991 (locu.
388 937 464 985 vl,
494 921 616 988 29);
649 925 714 975 ut
743 921 1081 992 quicunque
1108 922 1180 978 ad
1213 939 1444 994 pmnam
1483 924 1660 992 vadit,
1692 925 1807 979 ori-

190 1009 349 1085 ginali
376 1007 461 1064 vel
493 1008 707 1064 actuali
732 1015 969 1081 peccato
990 1010 1049 1065 in
1070 1010 1413 1067 inﬁdelitate
1435 1029 1803 1083 permanens,

189 1103 277 1156 aut
300 1115 409 1155 non
437 1098 857 1165 credendo,aut
886 1098 1059 1155 malis
1089 1100 1545 1171 operibus,sicut
1570 1104 1808 1174 Apostc

188 1189 267 1244 lus
292 1186 445 1251 dicit,
481 1187 666 1244 Deum
696 1189 987 1259 negando,
1015 1205 1129 1244 non
1164 1189 1675 1259 praedestinatione
1704 1189 1806 1245 Dei

187 1277 247 1333 ad
275 1276 424 1332 illam
456 1275 741 1347 pervenit.
771 1275 1045 1349 Alioquin
1094 1276 1326 1349 opiﬁcio
1372 1276 1532 1333 illius
1572 1284 1804 1350 reputa-

187 1370 342 1431 retur,
390 1369 454 1420 ut
484 1365 804 1436 deputatur
847 1366 979 1438 ejus
1019 1364 1252 1437 opilicio
1295 1367 1453 1438 quod
1509 1366 1804 1438 praedesti-

187 1453 288 1510 ιιιῑὶ
316 1454 384 1510 ad
411 1452 595 1509 vitam
624 1452 973 1525 perveniunt
1014 1454 1452 1527 sempiternam.
1488 1454 1651 1510 Sicut
1699 1472 1805 1511 nec

184 1544 387 1615 primus
443 1541 621 1598 homo
679 1541 773 1598 Dei
836 1542 1342 1614 praedestinatione
1398 1544 1675 1615 peccavit,
1714 1544 1803 1600 vel

184 1630 669 1704 pmdestinatione
697 1636 943 1687 mortem
993 1630 1262 1697 incurrit,
1295 1631 1436 1704 quia
1482 1632 1637 1687 Deus
1687 1648 1802 1687 non

181 1721 530 1794 prodestinat
551 1719 666 1775 nisi
687 1735 756 1776 ea
776 1737 903 1793 quae
924 1720 1053 1793 ipso
1076 1724 1310 1778 auctore
1341 1725 1481 1778 sunt
1516 1721 1799 1777 facienda.

182 1810 261 1866 Sic
287 1809 453 1867 etiam
487 1812 547 1863 et
571 1810 645 1864 de
674 1809 1039 1881 prmscientia
1087 1809 1185 1864 Dei
1232 1810 1606 1865 sentiendum
1654 1814 1742 1866 est
1783 1826 1798 1866 :

1916 765 2150 804 versum
2182 767 2289 807 nos
2328 768 2444 807 non
2494 757 2652 823 sunt,
2700 754 2804 809 sed
2852 754 3198 813 divisionem
3246 758 3374 831 paci
3419 760 3564 817 veri-

1917 836 2143 909 tatique
2168 840 2666 913 contrariam,qua
2692 842 3001 899 adversum
3034 861 3142 901 nos
3171 851 3334 915 sunt,
3359 852 3419 904 et
3446 848 3558 905 Do-

1917 924 2143 981 minum
2166 944 2281 982 non
2305 934 2635 1000 sequuntur
2654 931 3264 1009 nobiscum,detestari
3294 940 3354 992 et
3371 936 3562 1008 prohi-

1915 1017 2050 1069 bere
2078 1016 2379 1073 debemus.
2410 1038 2441 1068 »

1987 1103 2273 1168 Quoniam
2297 1105 2714 1164 Gothescalcus
2733 1112 2790 1164 et
2810 1109 2902 1165 sui
2924 1110 3240 1183 complices
3259 1113 3558 1185 geminam

1916 1192 2486 1263 praedestinationem
2527 1196 2752 1264 dicunt,
2786 1214 2902 1253 non
2931 1215 3034 1271 per
3058 1204 3246 1257 totum
3277 1218 3468 1275 neque
3496 1202 3556 1261 in

1913 1285 2035 1335 toto
2065 1280 2174 1336 hoc
2204 1282 2457 1339 refutare
2484 1284 2786 1352 debemus,
2829 1287 2932 1343 sed
2971 1304 3212 1344 sensum
3259 1290 3557 1348 catholicis

1914 1367 2050 1423 ﬁdei
2096 1370 2455 1427 contrarium
2488 1372 2549 1428 in
2580 1372 2691 1430 hoc
2719 1373 2895 1440 dicto,
2944 1392 3060 1448 quo
3100 1378 3559 1449 prondestinatio-

1914 1471 2047 1511 nem
2072 1456 2173 1512 Dei
2202 1459 2498 1530 geminam
2519 1465 2814 1530 astruunt,
2833 1463 2967 1519 ﬁdei
2987 1463 3287 1520 catholicas
3308 1465 3411 1522 filii
3428 1467 3561 1523 abo-

1916 1542 2128 1599 minari
2159 1550 2216 1600 et
2247 1546 2741 1605 anathematizare
2770 1550 3075 1607 debemus.
3127 1552 3340 1609 Dicunt
3375 1554 3556 1623 enim,

1913 1636 1979 1687 ut
2009 1633 2569 1707 prasmisimus,quia
2583 1636 2738 1693 sicut
2752 1637 2921 1695 electi
2946 1656 2981 1695 a
3001 1640 3117 1696 Deo
3145 1642 3560 1714 praedestinan-

1912 1724 2008 1774 tur
2034 1722 2106 1776 ad
2136 1721 2339 1789 vitam,
2373 1724 2455 1779 ita
2485 1724 2713 1798 reprobi
2744 1744 2778 1782 a
2811 1731 2921 1783 Deo
2950 1729 3440 1800 praadestinantur
3481 1734 3554 1789 ad

1912 1813 2180 1865 mortem.
2211 1810 2319 1876 Qui
2354 1816 2471 1867 tam
2512 1813 2731 1869 vitandi
2763 1820 2903 1870 sunt
2933 1816 3224 1884 Ecclesiae,
3254 1822 3321 1874 ut
3346 1819 3395 1874 si
3426 1820 3552 1876 fieri

180 1899 297 1971 quia
322 1898 470 1954 sicut
500 1914 620 1953 non
653 1897 1016 1970 prtescientia
1054 1898 1177 1964 Dei,
1228 1899 1328 1953 sed
1383 1898 1616 1970 proprio
1662 1897 1802 1954 vitio
1833 1945 1881 2010 Β
1915 1901 2123 2010 Ipotest,
2158 1899 2409 2010 sicutde
2440 1900 2684 1972 leprosis
2733 1902 3032 1961 haereticos
3080 1906 3553 1977 significantibus

180 1988 380 2059 primus
422 1986 604 2043 homo
652 1987 909 2059 peccavit
950 1992 1007 2043 et
1054 1987 1282 2051 cecidit,
1316 1988 1397 2042 ita
1423 1988 1597 2043 etiam
1631 2003 1801 2044 nemo

178 2076 488 2150 propaginis
518 2075 684 2132 illius
713 2076 1076 2149 praascientia
1107 2076 1205 2131 Dei
1238 2077 1295 2131 in
1337 2075 1557 2148 peccati
1602 2092 1802 2133 massa

177 2169 377 2237 cogitur
403 2181 770 2238 permanere,
801 2164 889 2220 vel
927 2166 998 2221 ad
1052 2182 1281 2236 pcnnam
1312 2164 1630 2237 pervenire,
1662 2164 1800 2236 quia

179 2253 407 2309 nonideo
422 2254 657 2325 primus
688 2253 861 2309 homo
883 2254 1139 2326 peccavit
1154 2253 1294 2324 quia
1310 2253 1463 2307 Deus
1485 2251 1652 2307 illum
1674 2269 1800 2324 pec—

175 2347 414 2397 caturum
449 2341 764 2414 prtescivit,
797 2342 897 2396 sed
931 2340 1068 2412 quia
1098 2345 1444 2412 peccaturus
1471 2346 1596 2395 erat
1624 2340 1797 2396 homo

174 2431 559 2503 primus,I)eus
575 2429 879 2502 praescivit.
891 2429 1173 2485 Similiter
1194 2446 1307 2484 non
1327 2428 1553 2501 reprobi
1577 2446 1798 2501 perma-

173 2527 291 2576 nent
317 2520 544 2595 reprobi
581 2520 721 2592 quia
745 2520 898 2575 Deus
929 2518 1037 2574 hoc
1068 2518 1373 2590 praascivit,
1408 2519 1504 2573 sed
1542 2517 1794 2590 quia.illi

172 2609 511 2681 permansuri
543 2612 715 2665 erant
744 2607 994 2680 reprobi,
1027 2608 1180 2662 Deus
1212 2606 1516 2678 praescivit,
1548 2606 1648 2662 sed
1678 2623 1795 2661 non

171 2697 614 2769 praedestinavit:
638 2696 777 2769 quia
797 2696 952 2769 quod
977 2697 1239 2751 futurum
1269 2702 1493 2751 estnon
1528 2696 1795 2766 praescire

172 2786 302 2842 Dens
329 2803 442 2843 non
474 2785 853 2859 potest,sicut
872 2790 932 2841 et
951 2786 1107 2857 quod
1138 2785 1290 2840 Deus
1312 2784 1542 2857 prmscit
1560 2802 1673 2839 non
1699 2801 1796 2856 po-

168 2880 263 2930 test
282 2892 390 2931 non
402 2892 537 2932 esse
549 2873 849 2940 futurum;
872 2873 1051 2929 veluti
1074 2890 1188 2929 non
1211 2873 1367 2928 aliud
1383 2888 1487 2928 nec
1504 2872 1789 2939 aliterest,

170 2962 418 3020 nisisicut
439 2964 601 3020 Deus
621 2962 879 3035 praescit:
895 2978 1001 3018 nec
1022 2961 1190 3017 aliter
1208 2961 1294 3016 vel
1316 2961 1475 3016 aliud
1490 2960 1643 3016 Deus
1655 2977 1794 3032 prie-

167 3052 276 3115 scit,
292 3052 401 3108 nisi
434 3052 595 3109 sicut
623 3057 683 3107 et
711 3051 865 3124 quod
895 3055 984 3107 est
1011 3067 1115 3122 pro
1134 3055 1292 3106 certe
1322 3052 1609 3105 futurum.
1644 3049 1790 3104 Ρτω-

166 3140 381 3196 scientia
411 3141 601 3213 igitur
644 3140 744 3196 Dei
793 3140 853 3195 in
903 3139 1074 3195 malis
1114 3139 1240 3195 sine
1287 3138 1791 3210 praedestinatione

164 3230 273 3298 ejus
292 3228 346 3284 in
369 3229 542 3285 bonis
564 3234 763 3284 autem
788 3244 921 3283 cum
947 3227 1307 3300 prtescientia
1331 3231 1387 3281 et
1416 3226 1789 3298 praedestina-

1912 1985 2409 2059 legiturglongius
2457 1990 2663 2045 remoti
2695 2007 2907 2065 magno
2953 1992 3207 2050 clamore
3252 1994 3549 2054 Christum

1907 2071 2294 2146 interpellent,
2326 2082 2383 2131 et
2413 2094 2547 2133 cum
2576 2077 2707 2135 aliis
2744 2079 2932 2136 turbis
2977 2098 3094 2137 non
3135 2082 3547 2156 comprimunt,

1907 2161 1979 2217 de
2010 2163 2227 2233 quibus
2258 2164 2489 2237 legitur,
2522 2167 2622 2239 qui
2647 2177 2932 2224 steterunt
2961 2186 2999 2224 a
3030 2170 3194 2241 longe
3222 2171 3378 2243 (Luc.
3407 2188 3549 2241 xvu,

1906 2250 2015 2321 12).
2050 2252 2156 2317 Qui
2206 2269 2339 2308 vero
2387 2254 2445 2308 in
2499 2254 2633 2310 sinu
2680 2256 2977 2313 catholicas
3027 2259 3235 2316 matris
3281 2259 3549 2319 Ecclesia

1906 2339 2151 2409 positus,
2180 2339 2262 2396 ita
2301 2341 2401 2397 Dei
2449 2344 3018 2414 przedestinationem
3065 2346 3313 2404 voluerit
3357 2348 3551 2407 dicere

1904 2428 2220 2498 geminam,
2254 2434 2320 2484 ut
2362 2430 2420 2485 in
2471 2430 2677 2487 ell‘ectu
2708 2448 2950 2504 operum
2981 2434 3105 2502 Dei,
3135 2436 3236 2508 qui
3258 2437 3398 2507 fecit
3424 2452 3550 2511 qua

1897 2516 2107 2585 futura
2123 2518 2393 2588 sunt,hoc
2413 2523 2568 2575 recto
2590 2536 2771 2576 sensu
2793 2520 3111 2596 intelligat;
3144 2523 3370 2582 scilicet
3387 2530 3454 2585 ut
3472 2526 3546 2583 ad

1902 2604 2116 2661 electos
2145 2607 2362 2661 donum
2394 2607 2593 2680 gratiae
2626 2608 2996 2680 pertinere,et
3024 2612 3350 2669 secundum
3382 2630 3550 2687 supe-

1902 2693 2113 2749 riorem
2143 2711 2382 2751 sensum
2411 2696 2483 2752 ad
2519 2697 2794 2768 reprobos
2823 2698 3265 2757 retributionem
3298 2702 3546 2773 justitio

1901 2782 2170 2852 fateatur,
2204 2787 2271 2839 ut
2299 2784 2450 2840 dono
2480 2785 2677 2857 gratia:
2706 2786 2872 2843 electi
2903 2786 3022 2844 sint
3047 2789 3444 2861 praedestinati
3470 2791 3545 2848 ad

1899 2870 2100 2942 vitam,
2133 2876 2191 2927 et
2220 2871 2337 2927 illis
2366 2873 2482 2928 vita
2514 2873 2591 2929 sit
2617 2875 3013 2945 praedestinati
3045 2880 3279 2949 aeterna,
3312 2879 3542 2952 reprobi

1900 2963 2094 3015 autem
2127 2977 2241 3016 non
2289 2978 2324 3016 a
2372 2960 2487 3017 Deo
2534 2962 3024 3035 prtedestinentur
3046 2966 3119 3022 ad
3150 2983 3402 3039 poenam,
3437 2968 3540 3024 sed

1899 3048 2281 3104 retributione
2284 3048 2656 3119 justitimillis
2669 3066 2838 3123 pmna
2848 3053 3539 3124 prmdestinetursterna,

1899 3152 2015 3191 non
2035 3136 2327 3192 discordat
2354 3154 2390 3192 a
2415 3154 2568 3206 vero,
2587 3139 2636 3194 si
2668 3138 2817 3195 hanc
2848 3139 2949 3196 Dei
2971 3141 3542 3213 praedestinationem

1900 3224 1984 3281 sic
2015 3225 2159 3280 dicit
2187 3225 2505 3297 geminam,
2525 3227 2677 3283 sicut
2703 3228 2974 3285 catholici
3005 3230 3271 3289 doctores
3297 3231 3544 3290 charita-

165 3317 232 3369 tio
250 3317 339 3373 Dei
361 3321 485 3386 est;
510 3323 572 3374 et
594 3315 1027 3390 praedestinatio
1052 3316 1149 3371 Dei
1174 3314 1483 3387 semperjn
1505 3315 1656 3370 bono
1679 3321 1785 3382 est,
1818 3308 1862 3376 C
1902 3318 2017 3367 tem
2048 3314 2342 3385 geminam
2376 3314 2740 3387 dicunt,qute
2773 3332 2893 3371 una
2921 3321 3033 3385 est,
3063 3323 3120 3375 et
3147 3318 3209 3375 in
3237 3320 3542 3393 praceptis

166 3421 291 3476 quae,
321 3405 475 3463 sicut
504 3408 735 3462 dictum
764 3410 872 3472 est,
906 3410 1007 3460 aut
1034 3404 1106 3459 ad
1137 3404 1511 3459 donationem
1542 3403 1793 3475 pertinet

166 3493 356 3564 gratiae,
389 3499 491 3550 aut
521 3494 600 3550 ad
652 3493 1095 3550 retributionem
1139 3492 1404 3563 justitize,
1437 3497 1493 3548 et
1538 3492 1788 3564 praesciti

164 3598 216 3637 ac
243 3583 655 3662 praedestinati.
685 3582 997 3639 donatione
1037 3582 1234 3653 gratia:
1266 3581 1337 3637 ad
1366 3580 1546 3635 vitam
1591 3598 1789 3653 perve-

166 3671 400 3740 niunt,et
425 3673 548 3729 vita
578 3672 701 3729 illis
729 3672 982 3727 donatur
1009 3675 1227 3726 aeterna
1260 3686 1273 3724 :
1307 3670 1556 3743 prmsciti
1589 3673 1787 3725 autem

165 3764 365 3818 tantum
394 3766 454 3818 et
483 3779 605 3818 non
635 3759 1129 3834 praedestinati,ad
1160 3775 1390 3831 pmnam
1423 3759 1786 3830 perveniunt,

164 3854 293 3906 etex
328 3850 718 3907 retributione
748 3847 994 3922 justitim
1040 3865 1212 3920 poma
1256 3846 1373 3902 illis
1421 3847 1689 3919 pressoita
1732 3852 1789 3903 et

165 3938 553 4009 praedestinata
605 3938 874 3995 redditur
920 3936 1295 4010 sempiterna.
1343 3934 1622 4003 Quocirca
1672 3953 1789 3992 una

163 4032 235 4082 est
273 4027 368 4084 Dei
417 4026 858 4102 praedestinatio
906 4043 1033 4099 quae
1080 4042 1314 4097 semper
1358 4024 1418 4079 in
1467 4026 1618 4081 bono
1666 4030 1784 4092 est;

163 4122 209 4169 et
231 4122 310 4172 est
337 4133 372 4173 a
397 4118 517 4174 Dm
548 4114 986 4189 przedestinatio
1012 4115 1327 4170 electorum
1359 4114 1430 4169 ad
1463 4114 1785 4181 vitam,non

163 4210 329 4263 autem
359 4211 449 4263 est
466 4224 503 4263 a
533 4207 654 4263 Deo
675 4203 1108 4278 prmdestinatio
1134 4204 1512 4276 reproborum
1546 4203 1618 4259 ad
1640 4219 1788 4259 mor-

164 4297 280 4349 tem.

218 4381 438 4453 Verum,
472 4388 541 4441 ut
572 4383 922 4440 venerabilis
972 4383 1125 4439 Beda
1168 4382 1468 4455 presbyter
1514 4381 1573 4435 in
1618 4384 1784 4436 Com-

164 4478 333 4528 mento
359 4472 664 4547 Evangelii
696 4473 864 4528 Lucae
893 4470 1035 4528 dicit
1067 4488 1114 4528 :«
1149 4469 1322 4526 Nulla
1354 4470 1500 4525 falsa
1521 4469 1787 4524 doctrina

161 4565 371 4633 estquae
402 4580 520 4618 non
555 4561 759 4634 aliqua
778 4577 914 4616 vera
944 4559 1358 4616 intermisceat.
1395 4580 1422 4607 »
1445 4558 1513 4613 Et
1546 4561 1785 4614 sanctus

1900 3401 2465 3469 duobus,dilectione
2494 3403 2761 3460 videlicet
2790 3404 2889 3461 Dei
2919 3410 2978 3461 et
3002 3407 3272 3479 proximi,
3283 3408 3540 3481 gemina,

1898 3490 2130 3545 dicitur.
2147 3491 2258 3545 Sed
2291 3508 2405 3548 non
2436 3490 2552 3548 alia
2582 3496 2672 3548 est
2697 3492 2955 3550 charitas
2982 3511 3110 3566 qua
3139 3495 3333 3570 diligit
3350 3497 3542 3571 proxi.

1897 3595 2062 3634 mum
2077 3596 2254 3651 quam
2271 3578 2373 3636 illa
2391 3597 2519 3653 qua:
2535 3580 2728 3654 diligit
2748 3582 2962 3652 Deum;
2996 3584 3264 3656 quamvis
3284 3584 3362 3641 sit
3379 3584 3541 3642 aliud

1898 3666 2072 3733 Deus,
2107 3667 2267 3724 aliud
2296 3668 2819 3741 proximus,tamen
2852 3689 2970 3728 una
2997 3672 3279 3730 charitate
3301 3672 3544 3748 diligen-

1897 3756 2008 3811 dus
2030 3762 2120 3812 est
2142 3757 2295 3813 Deus
2325 3763 2383 3813 et
2412 3758 2811 3830 proximus.Et
2833 3759 2987 3816 sicut
3005 3778 3160 3817 unus
3178 3766 3269 3818 est
3288 3762 3542 3834 Spiritus

1897 3848 1953 3899 et
1982 3845 2097 3900 duo
2128 3846 2283 3912 data,
2306 3845 2388 3901 ita
2414 3862 2533 3901 una
2561 3851 2651 3903 est
2678 3846 2773 3903 Dei
2804 3849 3256 3920 praedestinatio,
3278 3866 3408 3923 quae
3438 3855 3542 3909 aut

1896 3934 1968 3989 ad
1998 3934 2217 3989 donum
2256 3934 2509 4006 pertinet
2553 3934 2774 4007 gratias,
2824 3941 2928 3992 aut
2974 3937 3048 3992 ad
3095 3936 3539 3996 retributionem

1887 4022 2153 4093 justitiaa.
2187 4022 2334 4090 Quia
2362 4023 2515 4079 sicut
2544 4023 2751 4081 beatus
2779 4024 3094 4098 Gregorius
3115 4025 3175 4082 in
3200 4024 3443 4084 humilia
3473 4028 3541 4084 17

1893 4113 2020 4180 (sub
2043 4112 2320 4181 medium)
2351 4112 2665 4169 Ezechielis
2692 4112 2985 4185 prophetae
3015 4113 3158 4171 dicit
3188 4130 3239 4170 ις(
3270 4115 3396 4173 Non
3425 4114 3543 4174 alia

1895 4199 2243 4273 cogitatione
2273 4201 2429 4257 Deus
2450 4201 2649 4273 justos
2680 4201 3121 4275 adjuvat,atque
3141 4202 3257 4260 alia
3284 4203 3541 4277 iniustos

1895 4289 2264 4359 damnat,sed
2284 4306 2403 4345 una
2416 4290 2739 4362 eademque
2754 4290 2806 4345 vi
2826 4296 3045 4347 natura:
3074 4291 3413 4366 singularis,
3426 4294 3540 4352 sibi

1894 4394 2124 4449 semper
2145 4377 2472 4449 dissimilis,
2517 4377 2832 4435 dissimilia
2876 4379 3157 4453 disponit.
3189 4381 3307 4438 Cur
3343 4387 3540 4441 autem

1894 4466 2005 4522 hoc
2033 4468 2104 4522 de
2134 4467 2397 4538 potentia
2442 4467 2732 4525 Creatoris
2761 4467 3141 4538 admiremur,
3175 4470 3276 4543 qui
3308 4470 3541 4529 virtutis

1893 4557 2024 4627 ejus
2049 4556 2294 4628 vestigia
2337 4560 2394 4611 et
2437 4556 2497 4611 in
2547 4562 2813 4613 creatura
2849 4558 3293 4631 conspicimus?
3320 4559 3542 4618 Natura

162 4645 381 4718 Cyl-illus
408 4651 480 4707 ad
515 4650 830 4724 Eulogium
863 4649 1396 4723 presbyterum(sub
1419 4647 1649 4703 initium
1669 4648 1784 4716 epi-
1812 4672 1861 4740 Β
1897 4644 2112 4717 quippe
2144 4644 2252 4740 luti
2282 4649 2341 4700 et
2369 4661 2510 4701 certe
2529 4646 2769 4740 diversa
2810 4650 2923 4716 est,
2971 4646 3114 4740 solis
3157 4664 3290 4704 vero
3338 4649 3541 4740 radius

161 4740 502 4807 slot:):«Non
533 4737 1341 4811 omnia,inquit,quaecunque
1370 4737 1575 4792 dicunt
1605 4736 1783 4792 haere-

163 4823 263 4891 tici,
289 4827 483 4902 fugere
514 4832 575 4884 et
605 4827 858 4884 refutare
884 4827 1065 4882 decet.
1100 4825 1282 4881 Multa
1311 4824 1465 4879 enim
1507 4826 1785 4880 confitcn-

165 4915 243 4969 tar
266 4916 411 4974 sicut
442 4923 502 4975 et
534 4935 645 4975 nos
675 4916 1042 4973 confitemur.
1086 4914 1259 4970 Velut
1304 4914 1501 4970 Ariani
1551 4916 1786 4985 quando

165 5001 580 5063 dieuntPatnem
603 5006 744 5079 quia
763 5004 1100 5061 Creatorest
1115 5004 1379 5059 omnium
1402 5008 1457 5059 et
1479 5003 1782 5073 Dominus,

166 5093 397 5165 nunquid
420 5100 665 5168 propter
691 5093 800 5150 hoc
833 5092 1032 5165 fugere
1061 5109 1423 5165 consequens
1452 5096 1542 5147 est
1586 5092 1788 5163 hujus-

168 5181 299 5236 modi
327 5182 762 5241 confessiones?
790 5183 885 5240 Sic
915 5186 975 5239 et
1002 5181 1061 5237 in
1105 5180 1387 5248 Nestorio,
1441 5183 1596 5237 110
1652 5181 1786 5238 licet

167 5265 290 5325 duas
316 5276 557 5329 naturas
587 5271 765 5340 dicat,
798 5269 1192 5327 diversitatem
1225 5269 1564 5342 signiﬁcans
1594 5270 1787 5327 carnis

167 5360 214 5409 α
236 5356 414 5432 Verbi,
445 5361 637 5419 altera
672 5360 831 5417 enim
860 5358 1033 5417 Verbi
1084 5364 1313 5424 natura,
1366 5358 1546 5414 altera
1593 5358 1785 5415 carnis

167 5449 257 5517 est,
286 5450 379 5506 sed
408 5455 611 5507 tamen
640 5465 1015 5523 nequaquam
1047 5449 1331 5505 unitatem
1363 5450 1673 5504 conﬁtetur
1691 5465 1789 5504 no-

169 5526 388 5594 hiscum.
408 5540 528 5596 Nos
554 5542 753 5595 autem
800 5538 921 5594 haec
969 5537 1237 5593 unientes
1266 5537 1326 5592 in
1359 5554 1564 5605 unum,
1598 5554 1784 5593 unum

169 5621 651 5699 Christum,unum
682 5627 893 5685 Filium
922 5627 1407 5693 eumdem,unum
1437 5631 1616 5681 Deum
1648 5643 1783 5683 con-

170 5710 429 5776 ﬁtemur.»
452 5717 525 5778 Et
554 5718 697 5778 item
719 5717 819 5777 ubi
851 5733 1032 5794 supra
1061 5715 1458 5776 memorabilis
1481 5715 1636 5775 Beda
1664 5733 1787 5794 pre-

1895 4750 2010 4788 non
2036 4737 2125 4787 est
2151 4732 2418 4790 diversus
2445 4748 2459 4787 :
2489 4737 2547 4788 et
2574 4738 2772 4789 tamen
2814 4749 2951 4789 cum
2999 4733 3266 4792 diversus
3293 4751 3410 4792 non
3441 4734 3541 4806 sit,

1897 4824 2125 4878 diversa
2153 4826 2293 4877 sunt
2321 4838 2450 4893 quae
2482 4821 2542 4878 in
2572 4822 2695 4877 luto
2713 4828 2989 4894 operatur
3006 4828 3065 4879 et
3084 4840 3244 4880 cera:
3262 4824 3402 4896 quia
3422 4840 3539 4879 uno

1897 4914 2219 4984 eodemque
2244 4911 2336 4967 sui
2370 4911 2522 4982 ignis
2553 4911 2742 4967 calore
2782 4911 2973 4968 lutum
3022 4912 3196 4969 durat
3240 4918 3300 4969 et
3344 4927 3537 4968 ceram

1898 5002 2103 5074 liquat.
2139 5002 2247 5058 Sed
2280 5002 2523 5056 fortasse
2556 5000 2665 5057 hoc
2695 5001 2754 5056 in
2787 5006 2997 5057 natura
3026 5000 3133 5058 luti
3153 5000 3237 5058 vel
3259 5017 3401 5057 cerae
3425 5004 3537 5071 est,

1898 5108 2011 5146 non
2044 5092 2101 5145 in
2130 5090 2258 5162 ipsa
2286 5089 2428 5145 solis
2457 5090 2942 5162 substantia,quaa
2967 5089 3025 5144 in
3049 5087 3274 5145 naturis
3293 5086 3538 5146 diversis

1894 5180 2410 5236 diversavideturl
2424 5181 2462 5234 I
2478 5180 2515 5234 Ι
2533 5176 3538 5251 operari.0mnipotensautemDeus

1897 5270 1955 5324 in
1970 5267 2285 5340 semetipso
2306 5268 2482 5323 habet
2505 5266 3052 5324 sineimmutatione
3079 5264 3390 5323 mutabilia
3408 5267 3536 5325 dis-

1896 5375 2127 5430 ponere,
2162 5357 2289 5413 sine
2311 5356 2645 5413 diversitate
2670 5355 2761 5411 sui
2784 5354 3012 5410 diversa
3028 5370 3219 5428 agere,
3240 5354 3367 5412 sine
3387 5358 3541 5431 cogi-

1895 5447 2184 5502 tationum
2217 5444 2619 5500 vicissitudine
2669 5441 2980 5497 dissimilia
3026 5442 3296 5501 formare.
3343 5444 3540 5519 Longe

1893 5553 2029 5609 ergo
2059 5534 2422 5591 dissimiliter
2448 5536 2723 5605 operatur
2750 5531 3061 5590 dissimilia
3090 5549 3396 5608 nunquam
3425 5533 3540 5592 sibi

1894 5624 2199 5682 dissimilis
2213 5625 2388 5691 Deus,
2407 5622 2508 5695 qui
2521 5626 2577 5680 et
2591 5620 2807 5695 ubique
2818 5625 2974 5679 estet
2991 5622 3208 5699 ubique
3218 5627 3378 5681 totus
3388 5627 3536 5680 est.»

1964 5714 2035 5773 Et
2064 5714 2218 5773 sicut
2248 5712 2461 5772 Paulus
2490 5711 2632 5771 dicit
2663 5728 2678 5770 :
2715 5712 2936 5774 Christi
2959 5714 3137 5777 bonus
3164 5713 3312 5776 odor
3336 5727 3536 5776 sum”
