4020 6454
204 431 318 512 επ,

888 431 991 494 DE
1032 432 1798 498 PREDESTINATIONE
1842 437 2360 504 DISSERTATIO
2402 441 2863 508 POSTERIOR.

3455 446 3573 511 178

199 560 308 622 dies
335 560 532 620 aderit.
545 561 899 656 Quinetiam
928 563 989 621 in
1023 567 1398 656 assumendis
1423 567 1697 627 ﬁdelibus
1726 570 1817 626 m-
1841 570 1906 641 Α
1929 573 2119 629 sancti
2150 574 2402 648 Spiritus
2430 576 2587 633 dona
2613 592 2718 650 per
2743 576 3177 650 impositionem
3201 596 3416 640 manus
3441 579 3572 656 epi-

197 657 370 709 turnm
397 667 524 708 esse
542 650 858 709 discrimen
881 655 1160 724 ostendit,
1185 673 1320 712 cum
1342 658 1575 714 duobus
1591 657 1650 713 in
1673 675 1812 732 agro
1919 661 2173 734 scopulis
2202 667 2262 719 et
2289 663 2791 737 consignationem
2815 665 2966 722 sacri
2987 666 3320 726 chrismatis
3348 669 3409 726 in
3437 650 3572 728 oon-

196 739 378 816 positis
393 741 719 798 assumitur
737 759 915 809 unus,
929 746 987 798 et
1009 743 1164 800 alius
1184 744 1556 818 relinquitur,
1581 752 1640 803 et
1668 749 1812 805 dua-

195 832 291 888 bus
303 828 650 886 molentibus
669 829 1034 902 improbetur
1047 832 1248 899 altera,
1262 837 1320 890 et
1339 834 1521 892 altera
1538 835 1812 910 eligatur,

190 923 238 978 et
261 937 322 977 ex
346 917 573 975 duobus
602 917 702 992 qui
731 919 794 974 in
837 918 986 976 lecto
1024 925 1215 989 erunt,
1248 922 1542 979 adhtereat
1569 941 1726 981 unus
1755 930 1814 982 et

191 1007 322 1065 alius
347 1008 668 1064 deseratur.
694 1006 1022 1064 Infidelium
1049 1009 1206 1065 enim
1234 1015 1291 1066 et
1320 1011 1582 1068 fidelium
1613 1013 1812 1069 discri-

191 1113 307 1152 men
337 1096 390 1152 in
422 1095 825 1168 relinquendis
843 1095 978 1154 aliis
999 1101 1056 1153 et
1076 1096 1208 1153 aliis
1231 1101 1606 1157 assumendis
1623 1101 1810 1158 docet.

190 1183 277 1242 Dei
297 1184 444 1241 enim
475 1183 566 1240 ira
584 1183 1044 1256 ingravescente,
1066 1187 1277 1252 sancti,
1300 1191 1366 1242 ut
1395 1188 1681 1261 Propheta
1709 1189 1811 1257 ait,

189 1274 240 1329 in
265 1271 676 1346 promptuariis
704 1273 1114 1341 recondentur,
1139 1274 1344 1347 perfidi
1373 1292 1507 1332 vero
1537 1279 1608 1333 ad
1639 1277 1814 1334 caele-

187 1361 282 1418 stis
316 1360 464 1435 ignis
509 1360 816 1416 materiem
865 1360 1290 1434 relinquentur.
1324 1368 1478 1420 Duos
1526 1365 1706 1438 igitur
1751 1366 1813 1422 in

187 1465 329 1524 agro,
355 1449 411 1504 id
441 1452 532 1506 est
559 1449 710 1504 duos
742 1447 990 1522 populos
1017 1450 1280 1507 ﬁdelium
1310 1455 1368 1507 et
1395 1451 1721 1509 inﬁdelium
1751 1454 1813 1510 in

183 1537 396 1606 seculo,
425 1543 714 1612 tanquam
745 1539 806 1594 in
835 1537 964 1596 vitai
995 1538 1175 1611 hujus
1205 1557 1396 1613 opere,
1425 1541 1551 1598 dies
1582 1542 1814 1598 Domini

185 1627 579 1702 deprehendet.
611 1620 1054 1700 Separabuntur
1099 1633 1320 1696 tamen,
1355 1629 1555 1687 relicto
1605 1629 1719 1687 alio
1757 1635 1816 1687 et

179 1717 280 1775 alio
303 1721 625 1790 assumpto.
651 1715 731 1772 De
753 1715 1108 1774 metentibus
1129 1734 1358 1790 quoque
1388 1735 1494 1790 par
1523 1717 1670 1775 ratio
1699 1723 1810 1776 est.

180 1807 314 1865 Mela
337 1823 483 1880 opus
515 1805 668 1879 legis
692 1810 800 1862 est.
833 1806 944 1862 Sed
977 1806 1117 1879 quia
1160 1823 1298 1879 pars
1341 1806 1702 1877 Judaaorum,
1738 1813 1804 1865 ut

177 1911 266 1970 per
285 1893 578 1968 apostolos
603 1891 873 1964 credidit,
885 1893 977 1971 ita
1017 1910 1121 1967 per
1147 1893 1336 1950 Eliam
1367 1899 1459 1952 est
1486 1895 1804 1964 creditura,

176 1991 228 2043 et
243 1984 623 2060 justiﬁesnda
643 1999 748 2057 per
767 1982 942 2039 fidem
965 1987 1057 2039 est
1079 1999 1093 2038 :
1119 1983 1250 2040 ideo
1271 1999 1390 2039 una
1415 2000 1519 2056 per
1548 1986 1816 2043 eamdem

173 2074 331 2130 ﬁdem
361 2072 496 2130 boni
528 2071 725 2144 operis
745 2071 1236 2144 apprehendetur,
1261 2071 1378 2128 alia
1393 2089 1532 2129 vero
1559 2073 1619 2129 in
1639 2073 1821 2131 infru-

179 2169 362 2219 ctuose
393 2161 546 2235 legis
576 2176 748 2233 opere
789 2159 1174 2232 relinquetur,
1207 2159 1437 2216 molens
1467 2160 1528 2216 in
1559 2177 1818 2233 cassum,

182 2268 282 2309 non
310 2251 540 2308 factura
582 2248 835 2306 caelestis
865 2249 980 2304 cibi
1027 2264 1262 2321 panem.
1284 2249 1410 2305 Duo
1439 2252 1636 2306 autem
1683 2255 1824 2308 sunt

181 2341 234 2396 in
253 2340 414 2411 lecto,
435 2339 714 2396 eamdem
735 2335 1028 2410 passionis
1049 2337 1364 2394 Dominice
1384 2337 1644 2410 requiem
1676 2357 1820 2413 prae-

181 2429 442 2497 dicautes,
465 2428 629 2485 circa
657 2442 838 2500 quam
877 2430 938 2482 et
980 2425 1386 2483 hereticorum
1417 2431 1476 2483 et
1501 2427 1822 2485 catholico-

183 2534 300 2573 rum
319 2517 523 2574 eadem
548 2519 729 2588 atque
757 2530 878 2570 una
896 2514 1185 2571 confessio
1205 2518 1314 2571 est.
1339 2516 1451 2571 Sed
1482 2515 1614 2588 qnis
1638 2517 1826 2574 unita-

181 2611 288 2662 tem
310 2606 496 2663 Patris
515 2609 580 2661 et
603 2603 754 2673 Filii,
775 2608 833 2661 et
850 2620 1222 2659 communem
1255 2621 1458 2659 eorum
1484 2604 1819 2672 theoteiam,

183 2711 344 2768 quam
373 2694 662 2750 deitatem
693 2707 1131 2764 nuncupamus,
1163 2691 1583 2748 catholicorum
1613 2693 1824 2748 veritas

185 2782 518 2857 praedicavit,
534 2787 596 2837 et
607 2781 878 2838 eamdem
901 2797 1136 2836 rursum
1161 2779 1430 2853 plurimis
1450 2780 1826 2838 contumeliis

182 2871 577 2930 hereticorum
601 2868 830 2926 falsitas
851 2868 1237 2942 impugnavit,
1266 2869 1480 2928 idcirco
1500 2886 1568 2926 ex
1593 2870 1824 2926 duobus

181 2960 234 3017 in
264 2959 404 3017 lecto
437 2959 600 3016 alius
629 2957 1010 3030 relinquetur,
1029 2962 1090 3014 et
1107 2956 1260 3014 alius
1290 2963 1628 3014 assumatur
1649 2975 1663 3014 :
1687 2958 1827 3031 quia

183 3050 340 3106 ﬁdem
372 3047 773 3107 confessionis
802 3047 1109 3120 utriusque
1135 3046 1192 3102 in
1220 3064 1338 3103 uno
1369 3048 1746 3114 assumendo,
1770 3051 1827 3104 et

182 3138 282 3196 alio
313 3138 727 3212 relinquendo,
760 3135 940 3192 divini
972 3135 1197 3192 arbitrii
1231 3135 1524 3208 judicium
1554 3153 1824 3210 compro-

185 3227 350 3286 habit.
379 3251 408 3278 ι»

1845 1936 1896 2002 Β

1923 750 2252 808 firmatione
2282 752 2547 808 ﬁdelium
2589 753 2820 810 caelitus
2863 753 3163 828 largiendo
3191 762 3395 815 sancta
3419 758 3569 818 cele-

1922 837 2055 894 brat
2072 843 2128 895 et
2148 839 2478 912 frequentat
2495 840 2810 897 Ecclesia.»
2823 842 2986 898 Unde
3003 843 3212 901 beatus
3225 846 3570 905 Ambrosius

1920 927 1983 982 in
2004 927 2176 984 tertio
2206 927 2354 984 libro
2375 929 2447 984 de
2467 928 2864 984 Sacramentis
2885 933 3026 1002 (cap.
3047 931 3098 1003 1)
3122 930 3267 988 dicit
3288 949 3341 988 εκ
3363 932 3568 1006 Sequi-

1919 1019 2020 1071 tur
2046 1015 2306 1088 spiritale
2335 1015 2731 1089 signaculum,
2753 1017 2910 1089 quod
2953 1019 3202 1076 audisti
3231 1019 3404 1077 hodie
3431 1020 3566 1096 legi,

1921 1103 2062 1176 quia
2081 1108 2214 1176 post
2232 1103 2451 1160 fontem
2474 1108 2740 1177 superest
2757 1111 2824 1162 ut
2841 1106 3115 1179 perfectio
3135 1108 3264 1178 fiat;
3289 1109 3568 1182 quoniam

1924 1193 1996 1248 ad
2023 1191 2450 1250 invocationem
2483 1193 2802 1249 sacerdotis
2835 1193 3089 1266 Spiritus
3117 1201 3362 1254 sanctus
3380 1197 3571 1255 infun-

1919 1277 2103 1345 ditur,
2123 1277 2370 1350 spiritus
2391 1279 2692 1351 sapientie
2715 1283 2773 1336 et
2803 1280 3152 1351 intellectus,
3174 1283 3420 1357 spiritus
3438 1299 3572 1344 con-

1923 1365 2040 1422 silii
2071 1371 2247 1438 atque
2273 1367 2528 1435 virtutis,
2550 1367 2794 1440 spiritus
2813 1371 3164 1442 cognitionis
3187 1376 3362 1445 atque
3391 1373 3570 1448 pieta-

1919 1453 2020 1520 tis,
2047 1453 2300 1527 Spiritus
2338 1456 2528 1512 sancti
2576 1455 2827 1514 timoris.
2859 1459 3094 1530 Septem
3124 1459 3295 1532 quasi
3321 1460 3565 1520 virtutes

1922 1546 2063 1598 sunt
2090 1547 2149 1598 et
2174 1559 2381 1600 omnes
2419 1543 2660 1616 quidem
2689 1545 2937 1603 virtutes
2966 1548 3040 1604 ad
3079 1548 3362 1622 Spiritum
3390 1549 3566 1623 perti-

1923 1634 2064 1686 nent
2093 1647 2108 1686 :
2141 1631 2244 1687 sed
2275 1630 2400 1688 istae
2429 1633 2599 1704 quasi
2628 1633 2976 1703 cardinales,
3007 1637 3178 1708 quasi
3215 1637 3565 1712 principales

1923 1718 2048 1775 istis
2079 1723 2220 1775 sunt
2248 1723 2470 1792 septem
2502 1719 2762 1788 virtutes,
2793 1739 2941 1794 quas
2969 1723 3186 1796 accipis
3217 1725 3453 1798 quando
3483 1727 3566 1784 si-

1921 1807 2143 1880 gnaria.
2167 1807 2408 1875 Nam,ut
2428 1807 2510 1865 ait
2527 1809 2840 1880 Apostolus
2861 1816 3123 1879 sanctus,
3149 1812 3288 1884 quia
3299 1814 3574 1886 multifor-

1925 1897 2031 1952 mis
2057 1904 2138 1952 est
2157 1897 2428 1968 sapientia
2445 1897 2667 1954 Domini
2683 1899 2879 1965 nostri,
2896 1906 2949 1956 et
2971 1901 3329 1972 multiformis
3355 1903 3566 1975 sapien-

1927 1986 2007 2041 tia
2035 1986 2135 2042 Dei
2157 1984 2375 2058 (Ephes.
2398 2002 2485 2049 ιιι,
2510 1987 2596 2054 10,
2629 1986 2713 2043 ita
2759 1986 3136 2044 multiformis
3184 1993 3274 2045 est
3320 1987 3578 2062 Spiritus

1929 2078 2190 2140 sanctus,
2222 2073 2326 2146 qui
2381 2073 2597 2130 haheat
2650 2075 2912 2132 diversas
2960 2076 3268 2149 variasque
3310 2075 3577 2134 virtutes.

1930 2161 2094 2218 Unde
2109 2161 2264 2218 Deus
2275 2161 2560 2218 virtutum
2571 2160 2964 2234 dicitur,quod
2987 2161 3174 2234 aptari
3196 2167 3390 2235 potest
3402 2163 3577 2233 Patri,

1929 2252 1987 2305 et
2008 2247 2173 2314 Filio,
2186 2252 2247 2304 et
2265 2247 2510 2320 Spiritui
2533 2253 2794 2306 sancto.»
2817 2251 2887 2306 Et
2915 2255 3156 2308 sanctus
3175 2252 3490 2325 Gregorius
3516 2251 3579 2309 in

1931 2335 2080 2392 libro
2112 2335 2421 2392 Moralium
2451 2353 2600 2392 xxxv
2620 2339 2815 2409 (cap.'7
2841 2355 2890 2394 :«
2920 2337 3178 2395 Joannes
3215 2343 3440 2412 septem
3469 2341 3580 2398 Ec-

1929 2424 2124 2482 clesiis
2154 2423 2216 2480 in
2243 2423 2590 2497 Apocalypsi
2639 2425 2879 2497 scripsit
2916 2425 3098 2498 (Apoc.
3126 2442 3166 2495 ι,
3191 2428 3268 2498 4),
3299 2444 3405 2501 per
3433 2445 3583 2501 quas

1931 2513 2320 2570 universalem
2364 2512 2685 2570 Ecclesium
2727 2512 2972 2586 intelligi
2996 2513 3198 2570 voluit.
3223 2519 3358 2582 Quae
3408 2516 3582 2572 nimi-

1932 2619 2063 2658 rum
2087 2600 2431 2658 universalis
2451 2600 2709 2657 Ecclesia
2729 2606 2794 2656 ut
2812 2602 2985 2674 plena
3003 2602 3363 2676 septiformis
3381 2605 3580 2680 gratim

1931 2690 2142 2764 spiritu
2187 2689 2541 2761 signaretur,
2573 2690 2817 2746 Elis-eus
2865 2708 3044 2764 super
3090 2696 3390 2749 mortuum
3437 2710 3579 2767 pue-

1931 2796 2062 2835 rum
2083 2777 2302 2850 septies
2322 2776 2603 2834 oscitasse
2625 2777 2992 2834 describitur.
3018 2780 3206 2853 Super
3224 2781 3578 2840 exstinctum

1931 2867 2148 2940 quippe
2197 2864 2483 2938 populum
2514 2865 2799 2923 Dominus
2852 2867 3090 2924 veniens
3137 2869 3307 2941 quasi
3359 2869 3580 2944 septies

1932 2953 2318 3026 oscitat,quia
2334 2952 2386 3009 ei
2409 2953 2562 3010 dona
2584 2953 2840 3026 Spiritus
2870 2956 3229 3028 septiformis
3255 2957 3453 3031 gratim
3475 2957 3581 3017 mi-

1932 3041 2302 3100 sericorditer
2330 3042 2570 3115 aspirat.
2602 3044 2672 3100 Et
2701 3043 2951 3099 haeretici
2984 3047 3163 3116 atque
3190 3044 3250 3102 hi
3283 3043 3385 3118 qui
3416 3062 3581 3119 teque

1933 3137 2095 3190 extra
2113 3131 2418 3190 ecclesiam
2441 3131 2613 3205 positi
2642 3137 2802 3200 sunt,
2817 3135 3013 3190 reatus
3037 3132 3128 3190 sui
3151 3133 3582 3194 absolutionem

1932 3240 2050 3280 non
2081 3221 2394 3294 accipiunt,
2428 3220 2542 3278 nisi
2580 3220 2778 3293 gratiae
2819 3220 3176 3296 septiformis
3204 3221 3416 3298 spiritu
3445 3223 3584 3282 uni-

243 3316 397 3373 Unde
419 3314 755 3390 praemissis
774 3313 1055 3387 exemplis
1075 3313 1444 3387 apertissime
1465 3315 1825 3371 demonstra-
1847 3301 1892 3370 (ἶ
1928 3309 2138 3368 versali
2185 3309 2334 3382 paci,
2367 3327 2402 3366 a
2431 3326 2549 3381 qua
2595 3309 2772 3366 excisi
2821 3311 3070 3380 fuerant,
3105 3315 3516 3388 aggregentur.
3551 3334 3582 3363 »

177 3409 282 3475 tur,
305 3405 446 3479 quia
474 3404 607 3461 haec
630 3403 732 3460 Dei
766 3402 1199 3476 prmdestinatio
1231 3403 1313 3459 ita
1342 3407 1496 3460 recto
1521 3420 1698 3460 sensu
1729 3420 1826 3476 po-
1931 3399 2045 3456 Sed
2075 3403 2133 3456 et
2163 3398 2370 3454 beatus
2401 3397 2616 3454 Paulus
2635 3398 2816 3455 dicit:
2842 3399 2952 3455 Alii
2981 3398 3144 3456 datur
3167 3417 3344 3459 sermo
3371 3403 3584 3474 sapien-

179 3499 280 3552 test
305 3493 546 3569 gemina
581 3491 723 3558 dici,
750 3507 865 3548 non
897 3507 1013 3563 quo
1044 3508 1113 3548 ea
1149 3490 1281 3564 ipsa
1317 3491 1824 3564 praedestinatione

179 3582 253 3639 sic
281 3581 782 3658 prcdestinentur
809 3579 1039 3652 reprobi
1061 3580 1134 3635 ad
1157 3579 1478 3647 interitum,
1503 3580 1655 3636 sicut
1680 3598 1823 3653 prte-

179 3672 548 3728 destinantur
575 3668 745 3724 electi
791 3668 864 3724 ad
897 3669 1075 3724 vitam
1108 3684 1122 3725 :
1157 3669 1258 3724 sed
1289 3668 1429 3741 quia
1477 3667 1677 3726 electis
1726 3669 1828 3726 dat

179 3760 350 3836 gratia
365 3759 527 3834 quod
555 3773 675 3813 non
695 3761 956 3812 meretur
974 3756 1218 3824 malitia,
1235 3757 1468 3813 relectis
1483 3762 1681 3813 autem
1703 3758 1825 3814 red-

180 3849 254 3905 dit
282 3849 531 3922 equitas
553 3845 712 3920 quod
747 3849 1006 3902 meretur
1031 3843 1334 3917 iniquitas.
1359 3846 1469 3902 Sed
1493 3849 1549 3903 et
1569 3844 1826 3902 charita-

179 3939 303 4006 tem,
326 3955 458 4012 quae
508 3953 636 3993 una
681 3938 791 4002 est,
820 3933 959 4006 quia
985 3934 1139 3990 Deus
1169 3934 1426 3990 eharitas
1469 3939 1581 4005 est,
1602 3952 1730 4007 quae
1763 3937 1828 3990 ut

179 4029 230 4082 et
244 4043 411 4083 omne
431 4027 648 4082 datum
670 4023 982 4097 optimum,
998 4026 1057 4078 et
1070 4039 1242 4078 omne
1263 4022 1483 4078 donum
1506 4024 1825 4096 perfectum

179 4114 532 4172 descendens
565 4131 604 4170 a
633 4113 801 4168 Patre
831 4111 1126 4167 luminum
1157 4116 1266 4178 est,
1290 4128 1405 4166 non
1428 4111 1618 4168 solum
1651 4110 1829 4184 gemi-

179 4219 302 4260 nam
329 4205 474 4260 dicit
495 4204 714 4259 beatus
746 4200 1300 4273 Gregorius,vcrum
1340 4202 1494 4256 ιη
1530 4205 1589 4256 et
1628 4200 1698 4255 de
1727 4216 1828 4255 ea-

180 4293 298 4349 dem
328 4293 607 4350 scribens
628 4306 680 4345 :«
705 4289 869 4346 Sicut
897 4305 966 4344 ex
997 4306 1133 4357 una,
1167 4288 1379 4360 inquit,
1413 4287 1607 4344 radice
1656 4287 1828 4343 multi

181 4383 389 4438 arboris
437 4378 600 4437 rami
655 4377 968 4451 prodeunt,
999 4377 1080 4433 ita
1109 4382 1167 4432 et
1196 4394 1264 4432 ex
1317 4393 1435 4433 una
1487 4375 1828 4433 charitatem

179 4469 361 4526 multa:
383 4471 640 4525 virtutes
661 4471 1034 4538 generantur.
1055 4467 1123 4522 Et
1144 4465 1214 4521 de
1239 4471 1443 4521 sancto
1464 4464 1706 4538 Spiritu,
1730 4463 1830 4538 qui

181 4575 322 4616 unus
350 4565 463 4627 est,
490 4562 553 4614 et
581 4556 704 4612 duo
723 4559 864 4611 sunt
889 4555 1155 4630 ejusdem
1177 4553 1364 4609 sancti
1393 4553 1648 4626 Spiritus
1671 4555 1828 4622 data,

181 4664 301 4704 cum
329 4647 464 4704 laus
489 4644 804 4718 sapientiai
823 4643 1180 4700 describitur
1208 4641 1270 4698 in
1300 4641 1450 4698 libro
1471 4642 1571 4714 qui
1595 4642 1832 4698 nomine

181 4736 480 4810 Sapientiae
509 4733 807 4800 titulatur,
836 4736 1148 4805 postquam
1180 4731 1404 4786 dictum
1433 4736 1522 4787 est
1553 4747 1567 4787 :
1596 4732 1834 4804 Spiritus

183 4825 386 4881 Domini
443 4823 686 4896 replevit
739 4820 924 4877 orbem
969 4828 1241 4877 terrarum
1271 4820 1420 4891 (Sap.
1454 4822 1592 4889 1,7),
1624 4821 1833 4892 adjun-

182 4919 328 4971 ctum
356 4918 446 4970 est
480 4929 495 4968 :
527 4913 626 4967 Est
673 4911 825 4965 enim
883 4909 1005 4978 illa,
1037 4908 1180 4981 quin
1230 4907 1516 4980 sapientia
1549 4925 1563 4964 :
1597 4909 1836 4981 Spiritus

183 5004 496 5070 intellectu,
529 5000 770 5072 spiritus
806 4999 1024 5066 unicus,
1055 4998 1368 5068 multiplex,
1399 4997 1640 5063 subtilis,
1671 4998 1842 5054 mobi-

185 5091 264 5160 lis,
294 5093 604 5159 hermus,
634 5087 853 5145 smbilis
881 5087 1034 5159 (Sop.
1057 5103 1157 5151 vn,
1179 5086 1292 5156 22).
1316 5085 1424 5152 Qui
1461 5090 1652 5140 tamen
1685 5104 1838 5143 unus

183 5197 300 5240 esse
318 5199 433 5238 non
461 5177 885 5236 dubitatur.Et
906 5174 1123 5231 dicitur
1141 5174 1350 5230 unicus
1371 5173 1510 5246 quia
1531 5174 1838 5245 indivisus,

187 5270 481 5344 multiplex
535 5285 700 5340 vero,
740 5265 1022 5339 quoniam
1079 5264 1140 5319 in
1193 5263 1478 5320 virtutum
1535 5265 1837 5321 effectibus

187 5358 586 5416 multiformis.
609 5358 684 5413 Et
715 5356 774 5411 in
806 5354 1112 5428 prophetia
1140 5353 1322 5421 Isaiae,
1347 5369 1525 5425 quam
1556 5353 1837 5410 Dominus

187 5448 239 5505 in
267 5447 586 5522 Evangelia
627 5447 686 5502 in
719 5445 912 5518 seipse
945 5445 1258 5501 montra'vit
1295 5461 1422 5499 esse
1462 5443 1834 5516 completam,

187 5537 419 5596 dicitur:
445 5540 702 5612 Spiritus
728 5538 1014 5610 sapientire
1032 5543 1086 5591 et
1113 5536 1435 5601 intellectus,
1459 5537 1688 5606 spiritus
1717 5552 1839 5591 eon-

185 5628 297 5684 silii
319 5637 372 5687 et
395 5626 774 5701 fortitudinis,
803 5626 1053 5682 scientiae
1077 5633 1129 5680 et
1155 5625 1394 5696 pietatis,
1425 5631 1476 5678 et
1499 5624 1728 5695 spiritus
1758 5626 1834 5680 ti-

191 5720 342 5775 moris
395 5719 629 5774 Domini
673 5715 804 5782 (Isa.
837 5731 915 5782 xx,
949 5719 1009 5770 2:
1047 5715 1171 5768 Luc.
1207 5730 1282 5780 iv,
1315 5713 1437 5780 21);
1472 5729 1598 5782 quae
1649 5712 1835 5785 ipsius

1932 3490 2046 3561 tia',
2067 3488 2173 3544 alii
2199 3502 2376 3543 sermo
2405 3488 2664 3554 scientiae,
2689 3491 2746 3542 et
2774 3492 2979 3544 caatera
3009 3505 3198 3561 usque
3226 3490 3370 3546 dum
3401 3489 3578 3546 dicit:

1929 3578 2060 3635 Hwe
2087 3584 2268 3633 autem
2296 3577 2482 3632 omnia
2511 3583 2769 3647 operatur
2796 3592 2940 3632 unus
2973 3584 3134 3650 atque
3162 3576 3306 3634 idem
3331 3579 3580 3652 spiritus,

1931 3665 2180 3722 dividens
2225 3665 2465 3736 singulis
2509 3671 2672 3736 prout
2715 3665 2832 3720 vult
2873 3665 2922 3736 (Ι
2948 3665 3068 3721 Cor.
3099 3682 3200 3732 xu,
3231 3667 3400 3736 8-11).
3432 3667 3578 3724 Nam

1933 3756 2088 3814 sicut
2107 3756 2252 3811 fides
2272 3771 2421 3827 opus
2441 3757 2530 3810 est
2557 3753 2657 3809 Dei
2673 3754 2845 3825 juxta
2863 3754 3254 3825 evangelicam
3279 3754 3579 3814 veritatem

1933 3863 2064 3919 quis
2093 3843 2237 3900 dicit
2269 3861 2288 3899 i
2316 3844 2422 3898 Hoc
2467 3850 2544 3899 est
2590 3850 2772 3898 autem
2825 3858 2960 3913 opus
3006 3843 3121 3910 Dei,
3155 3852 3217 3899 ut
3259 3842 3488 3899 credatis
3519 3845 3581 3899 in

1933 3950 2059 3992 eum
2087 3949 2246 4005 quem
2272 3932 2425 3986 misit
2455 3931 2551 3986 ille
2575 3933 2758 3999 (Joan.
2785 3946 2860 3995 v1,
2883 3930 2994 4000 29),
3019 3930 3100 3985 ita
3127 3934 3185 3986 et
3213 3929 3446 4003 reliquae
3472 3929 3582 3987 vir-

1935 4029 2091 4080 tutes
2121 4023 2194 4079 ad
2223 4022 2510 4077 donorum
2555 4017 2910 4074 charismata
2955 4017 3153 4075 divina
3199 4024 3339 4076 sunt
3383 4036 3578 4093 opera,

1933 4130 2063 4186 quas
2095 4117 2235 4168 tunc
2261 4127 2330 4166 ex
2352 4109 2452 4165 Dei
2485 4107 2999 4181 praedestinatione
3020 4107 3322 4165 ell'cctibus
3341 4125 3584 4182 operum

1935 4201 2346 4266 ostenduntur,
2397 4214 2533 4253 cum
2590 4195 2860 4269 largitate
2917 4196 3195 4253 bonitatis
3250 4195 3585 4255 divitiarum

1938 4292 2087 4362 ejus,
2110 4288 2210 4361 qui
2232 4287 2392 4342 dives
2410 4289 2500 4340 est
2523 4285 2584 4341 in
2607 4283 2904 4352 omnibus,
2931 4301 3034 4356 pro
3058 4303 3168 4342 sua
3188 4284 3591 4344 misericordia

1936 4386 1996 4436 et
2015 4377 2312 4434 voluntate
2329 4375 2670 4432 hominibus
2691 4375 2764 4430 ad
2786 4373 3150 4430 credentium
3173 4374 3486 4432 utilitatem
3506 4375 3589 4432 di-

1939 4469 2332 4533 stribuuntur,
2358 4464 2510 4520 sicut
2533 4462 2674 4519 dicit
2701 4462 3016 4535 Apostolus
3048 4479 3059 4519 :
3101 4465 3404 4536 Unicuique
3426 4463 3590 4520 datur

1939 4557 2092 4614 “5
2131 4555 2501 4626 manifestatio
2542 4553 2772 4624 spiritus
2820 4550 2891 4607 ad
2939 4553 3228 4609 utilitatem
3257 4552 3304 4624 (1
3329 4555 3453 4610 Cor.
3485 4569 3586 4623 χιι,

1863 4667 1910 4733 D
1937 4649 2016 4716 7).
2049 4645 2118 4701 Hi
2149 4643 2308 4700 enim
2333 4658 2539 4698 omnes
2559 4639 2753 4733 operis
2782 4639 2960 4695 divini
2992 4641 3233 4697 eﬂ‘ectus
3260 4641 3332 4697 ad
3364 4641 3588 4698 donum

1943 4732 2141 4808 gratia:
2173 4730 2460 4805 pertinere
2495 4732 2838 4785 noscuntur.

2572 4833 2804 4890 CAPUT
2843 4833 2955 4889 ΧΧ.

1947 4929 2192 4998 Qualiter
2214 4926 2454 4996 intelligi
2479 4922 2833 4998 debeatguqd
2855 4923 3037 4998 beatus
3064 4923 3350 4998 Gregorius
3375 4920 3589 4992 plurali

2275 4994 2501 5053 nutriere
2523 4994 3031 5068 przedestinationes
3056 4996 3255 5067 posuit.

2019 5091 2228 5145 Beatus
2259 5085 2433 5142 etiam
2457 5083 2772 5156 Gregorius
2793 5084 3030 5138 elfectus
3064 5079 3590 5153 prmdestinationis

1946 5179 2048 5235 Dei
2071 5179 2128 5233 in
2152 5175 2299 5232 libro
2319 5172 2626 5230 Moralium
2643 5173 2837 5242 xxvm)
2851 5188 2968 5242 cap.
2989 5174 3077 5237 18)
3095 5167 3304 5241 plurali
3322 5185 3589 5242 numero,

1946 5264 2398 5340 dispositionum
2431 5261 2655 5317 scilicet
2685 5265 2742 5316 et
2773 5255 3373 5330 prwdcstinationum,
3403 5256 3591 5314 nomi-

1945 5358 2123 5423 navit,
2158 5354 2358 5410 dicens
2383 5368 2430 5406 :«
2457 5349 2753 5413 Ordinem,
2779 5346 2988 5416 inquit,
3018 5344 3144 5401 εωιὶ
3174 5363 3346 5402 nosse
3374 5350 3465 5404 est
3491 5364 3591 5404 su-

1946 5461 2264 5520 pernarum
2293 5438 2742 5512 dispositionum
2765 5433 3024 5489 occultas
3055 5435 3594 5507 prmdestinationes

1943 5536 2137 5592 videre
2169 5550 2182 5588 :
2217 5532 2506 5588 rationem
2555 5543 2686 5581 vero
2716 5524 2844 5594 ejus
2877 5523 2936 5579 in
2969 5529 3185 5580 terram
3236 5542 3449 5599 ponere
3479 5529 3590 5593 est,

1944 5630 2079 5682 ante
2109 5624 2369 5679 humana
2398 5615 2572 5672 corda
2603 5611 2809 5668 talium
2841 5618 3193 5670 secretorum
3222 5631 3432 5671 causas
3462 5627 3592 5684 ape-

1945 5715 2080 5771 rire.
2105 5735 2132 5764 »
2159 5713 2227 5766 Et
2258 5705 2429 5782 paulo
2461 5708 2590 5777 post
2630 5701 2848 5759 multos
2879 5703 3119 5760 eﬂ'ectus
3167 5701 3346 5758 divini
3395 5699 3586 5774 operis
