4020 6452
467 391 594 456 ’1Ἷ9

1324 399 1788 463 IllNCMARUS
1839 403 2286 468 ltIlEMENSlS
2331 407 3024 476 ARCHIEPISCOPUS.

3751 411 3868 480 180

475 531 795 618 computat,
817 529 917 604 qui
947 547 1154 589 omnes
1180 536 1280 589 aut
1309 533 1380 590 ad
1413 534 1632 591 donum
1664 535 1954 608 pertinent
1980 552 2112 609 gra-
2140 547 2198 615 Α
2223 537 2427 604 tinere,
2454 542 2608 599 sicut
2627 544 2918 618 scriptum
2933 550 3023 603 est
3045 563 3058 602 :
3083 547 3343 604 Ascensus
3372 549 3434 604 in
3456 546 3615 606 corde
3639 565 3741 605 suo
3759 548 3870 605 dis-

473 617 587 686 tim,
607 622 710 674 aut
727 619 799 675 ad
822 621 1260 678 retributionem
1276 623 1542 694 justitize.
1564 625 1715 680 Dicit
1733 625 1890 681 enim
1906 643 1955 681 τα
1974 627 2115 694 Quis

472 705 762 781 intelligat
789 725 916 780 quae
953 726 1084 766 esse
1131 711 1276 768 ratio
1324 718 1680 768 secretorum
1727 718 1937 786 potest,
1959 716 2112 786 quod

471 813 624 869 sape
641 797 942 868 virjustus
963 815 997 853 a
1009 799 1254 869 judicio,
1275 817 1389 856 non
1411 801 1600 856 solum
1623 819 1738 857 non
1761 802 2110 870 vindicatus,

469 885 574 942 sed
603 885 780 943 etiam
811 887 1052 960 punitus
1083 889 1317 945 redeat?
1344 911 1372 938 ››
1397 891 1553 962 quod
1584 891 1657 946 ad
1688 893 1908 948 donum
1939 891 2112 964 perti-

471 978 572 1031 net
599 973 818 1048 gratiae,
842 975 996 1032 sicut
1033 976 1316 1050 scriptum
1354 983 1463 1047 est,
1496 989 1715 1037 sanctus
1750 983 2116 1054 sanctiﬁcetur

469 1061 650 1118 adhuc
677 1063 856 1136 (Apoc.
887 1082 1024 1132 χχιι,
1055 1067 1165 1134 11).
1187 1066 1380 1123 Veluti
1411 1068 1599 1124 sancti
1628 1070 1728 1126 Dei
1761 1071 1820 1126 in
1852 1071 2114 1128 conciliis

469 1159 530 1212 et
557 1155 616 1211 in
649 1156 962 1228 synagogis
990 1155 1286 1228 ﬂagellati,
1309 1161 1366 1213 et
1395 1161 1528 1214 ante
1559 1175 1722 1231 reges
1753 1165 1809 1216 et
1838 1162 2113 1232 praesides

471 1245 632 1301 ducti
663 1249 722 1302 et
750 1245 1119 1301 condemnati
1146 1246 1398 1302 fuerunt.
1422 1247 1566 1304 Nam
1592 1253 1658 1304 ut
1685 1266 1791 1305 nos
1815 1251 1966 1306 dono
1989 1267 2114 1323 gra-

467 1334 562 1390 tias
591 1333 860 1402 salvaret,
887 1339 1123 1408 propter
1167 1353 1276 1392 nos
1323 1336 1590 1393 homines
1633 1341 1691 1394 et
1734 1343 1968 1411 propter
2003 1357 2111 1396 no-

469 1427 653 1480 stram
684 1422 955 1491 salutem,
981 1427 1039 1479 et
1066 1423 1241 1480 Jesus
1269 1425 1431 1480 stetit
1477 1431 1610 1482 ante
1650 1427 1977 1500 praesidem,
2011 1429 2110 1501 qui

469 1512 657 1586 alapis
685 1517 744 1570 et
771 1512 1143 1570 contumeliis
1164 1515 1408 1571 affectus
1428 1513 1565 1570 exiit
1594 1534 1628 1572 a
1649 1516 1874 1587 judicio
1896 1517 2112 1589 injuste

459 1603 785 1675 judicatus,
798 1606 855 1658 et
871 1603 1063 1659 veniet
1083 1603 1142 1658 in
1168 1604 1474 1676 majestate
1494 1622 1602 1660 sua
1617 1610 1674 1660 et
1693 1606 1881 1662 Patris
1898 1623 1964 1662 ac
1985 1624 2110 1663 san-

467 1695 696 1748 ctorum
743 1691 1086 1765 angelorum
1115 1691 1276 1748 vivos
1307 1697 1366 1748 et
1394 1697 1657 1749 mortuos
1699 1695 1859 1765 juste
1878 1696 2109 1767 judica-

465 1783 657 1838 turus.
680 1781 960 1852 Sequitur
986 1781 1042 1835 in
1074 1779 1266 1836 verbis
1295 1781 1481 1837 sancti
1513 1781 1770 1855 Gregorii
1800 1801 1813 1838 :
1839 1807 1868 1834 «
1900 1785 1970 1839 Et
1999 1785 2108 1839 ini-

463 1888 618 1945 quus
647 1872 776 1944 ejus
805 1869 1172 1926 adversarius
1203 1887 1317 1925 non
1351 1869 1542 1927 solum
1574 1888 1689 1926 non
1723 1871 1984 1944 punitus,
2008 1875 2108 1929 sed

464 1960 641 2018 etiam
671 1960 853 2018 victor
899 1959 1262 2017 abscedat?»
1289 1961 1441 2032 quod
1473 1964 1564 2016 est
1609 1979 1678 2016 ex
1728 1962 2111 2018 retributione

457 2049 725 2124 justitie,
740 2053 806 2105 ut
826 2049 926 2122 qui
949 2054 1117 2105 nocet
1137 2053 1342 2104 noceat
1370 2048 1582 2116 adhuc,
1597 2055 1886 2122 quatenus
1907 2055 2108 2124 justus

459 2133 820 2212 justiﬂcetur
849 2137 1059 2192 adhuc.
1093 2137 1237 2192 Item
1269 2139 1572 2210 sequitur:
1598 2162 1626 2189 «
1651 2140 1793 2206 Quis
1821 2141 2111 2215 intelligat

466 2247 573 2286 cur
597 2227 740 2285 vivit
768 2227 920 2284 alius
957 2226 1245 2283 insidians
1284 2226 1572 2284 mortibus
1609 2231 2004 2301 proximorum
2028 2235 2056 2289 ‘?
2082 2257 2102 2281 ιι

466 2319 623 2393 quod
653 2320 743 2374 est
770 2334 840 2373 ex
860 2315 1239 2374 retributione
1255 2317 1520 2389 justitiaa,
1545 2323 1612 2375 ut
1631 2320 1731 2392 qui
1756 2321 1814 2376 in
1835 2323 2109 2386 sordibus

465 2411 556 2466 est
583 2407 884 2464 sordescat
920 2405 1134 2474 adhuc,
1164 2407 1387 2484 Item.r«
1409 2407 1479 2462 Et
1517 2409 1767 2464 moritur
1803 2409 1972 2477 alius,
2006 2415 2104 2484 qui

465 2487 810 2572 profuturus
837 2500 991 2552 esset
1010 2494 1139 2550 vitae
1161 2483 1520 2551 multorum?
1545 2519 1570 2545 ››
1597 2499 1750 2569 quod
1781 2500 1853 2554 ad
1885 2483 2104 2558 donum

465 2586 717 2661 pertinet
751 2585 972 2660 gratiae,
1007 2585 1161 2641 sicut
1187 2584 1470 2658 scriptum
1502 2591 1590 2642 est
1613 2603 1626 2641 :
1653 2588 1852 2660 Raptus
1906 2598 1986 2646 est
2036 2607 2106 2646 ne

428 2679 680 2734 'malitia
726 2683 961 2733 mutaret
1005 2676 1334 2732 intellectum
1379 2677 1495 2750 ejus
1526 2676 1908 2748 (Sap.1v,11).
1943 2679 2105 2735 Unde

459 2764 825 2842 Augustinus
851 2765 910 2820 in
931 2765 1081 2820 libro
1103 2765 1172 2820 de
1197 2764 1706 2822 Praedestina'tione
1727 2771 2058 2824 sanctorum
2086 2785 2099 2824 :

463 2856 758 2912 «Dictum
807 2857 896 2912 est
941 2855 1052 2912 hoc
1109 2854 1434 2910 secundum
1494 2854 1752 2926 pericula
1808 2855 1935 2911 vita:
1991 2857 2099 2912 bu-

449 2946 572 3020 jus,
605 2962 724 3002 non
769 2945 1116 3016 secundum,
1165 2943 1591 3015 praescientiam
1641 2944 1764 3012 Dei,
1798 2948 1864 3000 ut
1911 2949 2099 3002 tenta-

459 3034 684 3092 tionum
728 3033 1174 3090 subtraheretur
1199 3033 1439 3100 incerto,
1474 3050 1589 3088 non
1631 3035 1782 3106 quod
1826 3039 2099 3105 peccatu-

455 3140 559 3180 rus
586 3127 764 3192 esset,
790 3121 890 3196 qui
921 3139 1238 3178 mansurus
1275 3121 1335 3177 in
1373 3123 1692 3178 tentatione
1722 3139 1837 3178 non
1869 3127 2040 3179 esset.
2069 3146 2098 3174 ››

2217 633 2404 701 posuit
2430 633 2490 686 in
2514 635 2757 689 convalle
2787 635 3158 708 laciymarum
3181 636 3348 708 (Psal.
3383 653 3613 704 Lxxxui,
3633 637 3712 705 6),
3741 635 3868 709 qui,

2223 722 2289 772 ut
2336 719 2550 775 Paulus
2596 721 2754 794 dicit,
2777 733 3072 781 renovatur
3105 724 3172 781 de
3213 725 3302 781 die
3349 727 3412 781 in
3455 725 3602 783 diem
3630 725 3708 794 (ιι
3736 726 3870 782 Car.

2223 823 2299 872 ιν,
2337 808 2443 879 16).
2476 809 2543 863 Et
2591 811 2728 868 item
2781 813 3044 884 psalmus
3077 830 3091 868 :
3125 813 3312 869 Adhuc
3354 814 3876 886 multiplicabuntur

2222 896 2282 950 in
2309 906 2520 953 senecta
2557 900 2714 956 uberi
2741 902 2911 968 (Psal.
2945 919 3056 969 XCI,
3089 901 3212 974 15);
3245 901 3523 974 quoniam
3569 901 3656 957 illi
3687 901 3748 957 in
3779 918 3872 958 se-

2223 988 2390 1040 necta
2419 987 2584 1042 uberi
2623 987 3112 1060 multiplieantur,
3146 1007 3395 1063 quorum
3425 990 3545 1046 vita
3582 1007 3721 1046 cum
3751 991 3872 1046 dif-

2221 1071 2422 1141 fertur,
2450 1091 2680 1147 scmper
2709 1078 2780 1132 ad
2812 1077 3022 1134 melius
3055 1079 3334 1134 fortitudo
3364 1078 3728 1150 producitur,
3748 1079 3872 1135 eis-

2221 1177 2334 1234 que
2351 1179 2454 1234 pcr
2468 1170 2850 1237 augmentum
2870 1171 3198 1240 temporum
3220 1171 3491 1223 crescunt
3504 1167 3680 1224 etiam
3705 1166 3872 1224 lucra

2222 1251 2582 1308 meritorum.
2619 1253 2759 1310 Item
2793 1259 3048 1325 econtra,
3077 1277 3107 1306 ‹‹
3137 1253 3288 1312 alius
3337 1254 3490 1312 male
3533 1255 3734 1312 vivens
3765 1255 3870 1313 diu

2221 1345 2550 1396 reservatur
2577 1347 2643 1398 ut
2667 1343 3018 1416 corrigatur;
3042 1366 3070 1396 »
3095 1345 3250 1416 quod
3273 1344 3348 1400 ad
3372 1345 3594 1401 donum
3615 1345 3874 1418 pertinet

2219 1429 2440 1501 gratiis,
2465 1431 2617 1487 sicut
2662 1431 2876 1488 Paulus
2923 1433 3067 1490 dicit
3101 1450 3114 1489 :
3146 1432 3350 1492 Fidelis
3391 1450 3588 1501 sermo,
3621 1434 3872 1491 Christus

2217 1517 2370 1573 Jesus
2404 1520 2551 1575 venit
2577 1523 2633 1576 in
2665 1520 2811 1577 hunc
2836 1522 3105 1578 mundum
3129 1529 3430 1595 peccatores
3459 1523 3638 1580 salvos
3665 1525 3870 1596 facere,

2219 1621 2450 1677 quorum
2464 1610 2680 1680 primus
2709 1626 2804 1681 ego
2829 1627 2973 1666 sum.
2994 1611 3099 1666 Sed
3129 1611 3248 1668 ideo
3273 1611 3710 1669 misericordiam
3741 1629 3872 1669 con-

2217 1702 2430 1751 secutus
2459 1713 2600 1762 sum,
2624 1699 2720 1768 qui
2749 1699 2910 1770 prius
2947 1699 3038 1770 fui
3066 1697 3428 1770 blasphemus,
3451 1706 3505 1754 et
3533 1706 3870 1771 persecutor,

2217 1790 2271 1838 et
2296 1785 2734 1846 contumeliosus.
2753 1793 2816 1841 ut
2839 1787 2900 1841 in
2927 1801 3015 1842 me
3055 1787 3236 1858 primo
3284 1785 3580 1843 ostenderet
3620 1787 3872 1844 Christus

2215 1871 2368 1928 Jcsus
2423 1889 2636 1929 omnem
2686 1875 3028 1946 patientiam,
3061 1874 3133 1930 ad
3179 1876 3622 1946 informationem
3677 1891 3872 1932 eorum

2219 1962 2316 2032 qui
2343 1961 2607 2017 credituri
2634 1971 2763 2018 sunt
2786 1964 2877 2018 illi
2903 1965 2963 2018 in
2984 1965 3152 2020 vitam
3173 1971 3440 2020 aeternam
3463 1964 3512 2036 (Ι
3534 1965 3668 2020 Tim.
3689 1981 3731 2032 ι,
3756 1965 3866 2034 15).

2225 2067 2247 2096 α
2270 2049 2434 2104 Alius
2453 2067 2585 2106 vero
2609 2051 2754 2106 bene
2777 2051 3013 2122 quidem
3035 2051 3264 2107 videtur
3285 2052 3471 2108 vivere
3500 2069 3514 2109 :
3538 2053 3640 2109 sed
3671 2052 3734 2109 in
3757 2053 3870 2110 hac

2217 2141 2334 2192 νήει
2361 2155 2617 2210 eousque
2646 2141 2838 2206 durat,
2863 2157 2978 2212 quo
3025 2141 3098 2196 ad
3145 2157 3414 2213 perversa
3442 2147 3811 2214 prorumpat.
3837 2164 3868 2193 ιι

2219 2227 2381 2291 Quod
2411 2229 2636 2284 occulto
2669 2231 2752 2294 tit,
2786 2230 2886 2285 sed
2920 2247 3036 2286 non
3079 2229 3320 2301 injuste,
3353 2230 3478 2297 Dei,
3509 2230 3567 2286 in
3595 2248 3714 2304 quo
3748 2249 3868 2288 non

2217 2319 2307 2368 est
2328 2313 2630 2387 iniquitas,
2654 2318 2900 2387 judicio.
2927 2319 3006 2374 De
3027 2317 3301 2390 qualibus
3325 2318 3610 2392 scriptum
3631 2325 3722 2377 est
3747 2337 3762 2376 :
3787 2321 3873 2377 Ad

2216 2409 2422 2474 tempus
2467 2406 2712 2472 credunt,
2745 2415 2796 2463 et
2841 2409 2902 2462 in
2949 2416 3183 2478 tempore
3235 2411 3548 2465 tentationis
3605 2409 3872 2468 recedunt

2215 2491 2507 2562 (Luc._vm,
2539 2496 2645 2566 13).
2671 2496 2833 2551 Sicut
2862 2496 3097 2553 Balaam
3131 2500 3262 2569 post
3289 2497 3655 2570 prophetiam
3680 2505 3740 2554 et
3769 2499 3866 2556 Ia-

2215 2597 2464 2653 crymas,
2485 2589 2541 2639 et
2559 2585 2743 2640 Judas
2764 2587 2836 2641 de
2857 2585 3182 2658 apostolatu
3205 2590 3338 2658 post
3357 2585 3526 2660 signa
3549 2587 3870 2646 miraculo-

2214 2686 2366 2737 rum,
2393 2673 2533 2743 quia
2559 2673 2896 2745 cupiditatis
2925 2673 3120 2747 ignem
3153 2673 3522 2747 exstinguere
3554 2675 3766 2746 noluit,
3789 2678 3870 2734 ad

2212 2766 2489 2832 perpetua
2509 2766 2806 2818 tormenta
2819 2763 3104 2835 pervenit;
3132 2765 3288 2836 quod
3311 2764 3563 2835 pertinet
3582 2765 3656 2820 ad
3682 2766 3862 2822 retri-

2213 2849 2512 2906 butionem
2531 2851 2798 2922 justitize.
2825 2852 2964 2906 Item
2991 2868 3044 2907 ει(
3063 2850 3228 2908 Alius
3248 2853 3307 2908 in
3329 2869 3522 2908 errore
3543 2852 3866 2912 inﬁdelita-

2208 2937 2285 2993 tis
2316 2945 2512 3005 natus,
2538 2939 2598 2995 in
2627 2958 2821 2996 errore
2858 2941 3081 3009 deﬁcit;
3115 2961 3141 2989 ››
3173 2941 3330 3013 quod
3379 2941 3627 3013 pertinet
3657 2943 3731 3000 ad
3765 2961 3868 3002 re—

2211 3027 2587 3083 tributionem
2605 3029 3024 3101 justitiaz.quia
3045 3030 3201 3102 quod
3226 3029 3284 3084 in
3307 3029 3500 3086 radice
3523 3031 3772 3102 putruit,
3797 3032 3864 3090 in

2208 3132 2370 3172 ramo
2399 3118 2652 3186 exaruit;
2684 3119 2754 3173 de
2787 3119 3009 3190 quibus
3033 3119 3318 3190 scriptum
3349 3123 3476 3175 est:
3510 3120 3866 3180 Erraverunt

455 3211 602 3268 Item
625 3227 676 3267 :«
698 3210 862 3268 Alius
881 3210 1112 3266 culmen
1138 3211 1446 3283 potestatis
1471 3210 1822 3283 assequitur,
1851 3211 1950 3284 qui
1983 3230 2096 3268 non
2205 3204 2272 3259 ab
2303 3213 2452 3262 αἰϐνο
2483 3207 2650 3278 (Ρεαι.
2676 3224 2808 3273 LVII,
2831 3209 2903 3278 4),
2931 3211 2996 3262 ut
3033 3207 3184 3262 Esau
3223 3206 3416 3264 adhuc
3461 3207 3520 3263 in
3559 3207 3732 3264 vulva
3762 3216 3864 3268 est

453 3299 568 3356 nisi
597 3300 805 3356 laedere
835 3300 1051 3355 studet.
1080 3321 1108 3349 »
1133 3299 1295 3366 Quod
1327 3303 1416 3355 est
1458 3315 1526 3354 ex
1555 3299 1802 3370 justitiae
1843 3301 2089 3358 retribu-
2121 3287 2166 3354 C
2203 3295 2566 3366 reprobatus.
2598 3317 2624 3350 α
2646 3296 2809 3351 Alius
2830 3296 2889 3351 in
2913 3294 3209 3354 catholica:
3230 3295 3364 3351 ﬁdei
3387 3297 3737 3354 rectitudine
3758 3316 3864 3373 gc-

450 3387 628 3458 tione,
663 3388 816 3444 sicut
863 3386 1146 3460 scriptum
1177 3391 1268 3443 est
1298 3404 1311 3444 :
1351 3389 1705 3445 Transierunt
1740 3392 1800 3446 in
1839 3391 2095 3466 affectum

451 3477 648 3535 cordis.
683 3477 823 3534 Item
849 3493 863 3532 :
889 3500 917 3527 ‹‹
941 3475 1104 3533 Alius
1134 3479 1540 3534 tantummodo
1570 3478 1739 3534 laesos
1787 3481 2092 3539 defendere

451 3565 830 3640 concupiscit,
852 3569 911 3622 et
939 3569 1135 3622 tamen
1166 3565 1292 3638 ipse
1335 3583 1650 3638 oppressus
1682 3569 1857 3640 jacet,
1882 3594 1910 3622 »
1935 3573 2089 3644 quod

449 3655 522 3711 ad
554 3654 772 3712 donum
821 3654 1075 3728 pertinet
1120 3654 1493 3728 gratize,quia
1540 3674 1690 3729 saepe
1739 3658 1978 3731 quidam
2030 3661 2089 3717 in

448 3743 811 3817 subjectione
841 3745 1070 3802 cautius
1099 3761 1161 3800 se
1191 3745 1546 3815 custodiunt,
1580 3751 1637 3802 et
1665 3747 1724 3802 in
1758 3748 2090 3820 prmlatione

446 3832 814 3908 delinquunt,
829 3838 896 3890 ut
913 3833 971 3890 in
995 3833 1172 3890 David
1186 3835 1460 3908 operibus
1481 3835 1965 3910 discimus,quem
1985 3840 2091 3896 Do-

445 3923 644 3981 minus
659 3922 1112 3980 misericorditer
1126 3927 1430 3997 temperat,
1451 3942 1522 3981 ne
1541 3926 1686 3982 forte
1703 3928 1800 3999 qui
1817 3926 1876 3982 in
1897 3927 2087 4000 planis

443 4009 660 4066 titubat
689 4008 749 4064 in
779 4009 1096 4082 praecipitio
1127 4011 1332 4082 pedem
1367 4017 1563 4083 ponat,
1591 4014 1744 4070 sicut
1771 4016 1923 4070 idem
1957 4033 2086 4072 san-

443 4100 574 4153 ctus
585 4097 899 4170 Gregorius
916 4097 978 4152 in
996 4097 1218 4171 Regula
1234 4101 1273 4154 l
1286 4101 1326 4154 Ι
1337 4101 1386 4155 6
1408 4101 1682 4171 pastorali
1699 4103 2082 4161 demonstrat.

441 4185 512 4241 Et
535 4183 689 4241 sicut
717 4184 1000 4257 scriptum
1049 4190 1140 4242 est
1173 4204 1186 4242 :
1220 4187 1448 4244 Sanctus
1495 4191 1860 4262 sanctiﬁcetur
1907 4193 2087 4250 adhuc

439 4273 619 4346 (Apoc.
651 4289 792 4341 χχιι,
822 4274 928 4346 11),
959 4277 1024 4328 ut
1061 4274 1274 4330 Tobias
1301 4280 1358 4331 ct
1405 4279 1593 4334 caeteri
1641 4279 1701 4334 in
1751 4281 2084 4353 captivitate

437 4361 624 4417 electi.
659 4361 802 4418 Item
837 4378 896 4419 :«
925 4362 1089 4419 Alius
1134 4381 1337 4421 vacare
1381 4367 1620 4440 appetit,
1653 4373 1710 4424 et
1757 4370 2082 4427 innumeris

439 4450 690 4524 negotiis
713 4449 1084 4524 implicatur:
1111 4452 1261 4509 alius
1283 4455 1530 4528 negotiis
1551 4456 1840 4530 implicari
1864 4459 2083 4516 deside-

437 4542 545 4609 rat,
569 4543 628 4595 et
656 4544 892 4596 coactus
922 4545 1105 4596 vacat.
1129 4563 1157 4592 »
1183 4545 1317 4610 Quae
1349 4562 1498 4618 saepe
1531 4547 1600 4600 ad
1635 4547 1852 4603 donum
1903 4549 2078 4620 perti-

435 4630 577 4684 nent
605 4627 824 4701 gratiae,
858 4645 1008 4702 saepe
1039 4631 1109 4685 ad
1153 4632 1588 4689 retributionem
1623 4636 1890 4706 justitize,
1926 4637 2081 4692 sicut
2113 4659 2160 4722 ι)

431 4715 588 4772 idem
619 4721 862 4773 sanctus
909 4718 1222 4790 Gregorius
1251 4725 1306 4775 et
1349 4721 1406 4775 in
1450 4722 1616 4778 libris
1662 4723 1997 4790 Moralilms,
2023 4726 2084 4780 et

427 4802 489 4862 in
525 4805 746 4880 Regula
775 4807 1050 4880 pastorali
1071 4809 1452 4866 demonstrat.
1479 4811 1618 4866 Item
1649 4829 1698 4866 :«
1732 4813 1894 4868 Alius
1920 4817 2071 4872 male

428 4895 714 4953 inchoans
744 4913 930 4968 usque
959 4897 1028 4952 ad
1060 4897 1187 4953 vita:
1237 4917 1356 4954 suze
1389 4901 1701 4955 terminum
1755 4903 1826 4957 ad
1874 4905 2069 4975 pejora

426 4985 826 5058 progreditur;
854 5009 880 5034 »
904 4987 1059 5059 quod
1109 4989 1356 5059 pertinet
1387 4990 1456 5044 ad
1502 4989 1942 5048 retributionem
1969 4995 2068 5064 ju-

424 5073 618 5140 stitiae,
641 5075 797 5132 sicut
839 5077 1211 5148 apertissima
1241 5079 1446 5134 exinde
1477 5079 1740 5150 exempla
1770 5081 2068 5139 multoties

425 5161 483 5216 in
511 5163 828 5237 Seripturis
859 5165 1208 5222 invenimus.
1233 5168 1301 5222 Et
1331 5167 1545 5222 Paulus
1568 5166 1709 5222 dicit
1729 5167 1784 5222 in
1809 5170 2067 5240 Epistola

397 5248 494 5303 ad
529 5250 842 5321 Romanos,
867 5255 938 5310 de
985 5254 1078 5310 his
1111 5255 1206 5328 qui
1241 5272 1372 5311 cum
1406 5256 1586 5311 Deum
1637 5259 2064 5329 cognovissent,

421 5352 535 5392 non
566 5337 718 5394 sicut
750 5340 931 5397 Deum
978 5343 1451 5416 gloriﬁcaverunt
1483 5361 1495 5399 :
1529 5346 1817 5418 Propterea
1843 5349 2072 5406 tradidit

417 5440 506 5480 eos
557 5426 698 5482 Deus
755 5430 814 5484 in
871 5433 1157 5503 reprobum
1209 5451 1428 5490 sensum
1457 5435 1630 5501 (Rom.
1665 5452 1701 5501 ι,
1735 5436 1848 5507 23),
1883 5442 1947 5492 ut
1997 5439 2066 5494 rle

419 5513 716 5572 Pharaone
738 5517 1006 5590 legitur.«
1027 5522 1190 5578 Alius
1207 5524 1353 5578 bene
1376 5523 1678 5595 incipiens,
1701 5542 1801 5596 per
1821 5526 2067 5600 longitu-

419 5603 615 5658 dinem
662 5609 988 5680 temporum
1023 5611 1251 5684 proﬁcit
1301 5613 1371 5667 ad
1417 5618 1795 5685 augmentum
1831 5617 2064 5673 merito-

421 5709 630 5762 rum;»
649 5695 802 5767 quod
837 5697 906 5753 ad
931 5698 1149 5757 donum
1183 5701 1379 5773 gratiae
1412 5718 1525 5758 non
1559 5702 1804 5759 dubium
1825 5710 1912 5760 est
1943 5723 2064 5778 per-

2203 3385 2382 3450 nitus,
2406 3385 2464 3440 in
2487 3385 2782 3441 catholicae
2815 3384 2946 3441 ﬁdei
2974 3383 3318 3440 rectitudine
3341 3391 3861 3444 consummatur.»

2201 3475 2362 3541 Quod
2394 3475 2466 3530 ad
2497 3475 2716 3530 donum
2759 3473 3012 3546 pertinet
3038 3473 3256 3546 gratiae,
3283 3473 3439 3530 sicut
3476 3473 3766 3532 Jeremias
3797 3482 3865 3535 et

2197 3565 2452 3620 Joannes
2473 3565 2544 3619 de
2572 3569 2771 3619 ventre
2797 3563 3004 3630 vocati,
3027 3567 3085 3619 et
3113 3563 3171 3617 in
3203 3567 3366 3618 utero
3394 3563 3768 3635 sanctiﬁcati,
3796 3571 3863 3624 et

2200 3654 2360 3710 Isaac
2389 3658 2704 3724 antequam
2743 3651 3142 3723 conciperetur
3170 3651 3540 3724 designatus,
3571 3657 3629 3709 et
3665 3653 3860 3713 Jacob

2196 3743 2493 3798 vocatione
2547 3741 2785 3797 electus.
2819 3741 3066 3796 Econtra
3103 3756 3255 3807 vero,
3283 3760 3312 3790 ‹‹
3344 3739 3497 3796 alius
3543 3741 3858 3800 catholica:

2197 3831 2402 3888 matris
2431 3835 2628 3887 ventre
2667 3829 2859 3885 editus
2882 3830 3074 3900 juxta,
3097 3827 3229 3883 vitae
3269 3828 3590 3885 terminum
3630 3831 3858 3890 erroris

2193 3920 2469 3994 voragine
2511 3920 2879 3984 devoratur,»
2903 3917 3053 3990 quod
3091 3915 3338 3988 pertinet
3385 3918 3458 3973 ad
3507 3917 3854 3976 retributio-

2195 4027 2327 4065 nem
2353 4008 2616 4080 justitiae,
2641 4008 2780 4079 quia
2809 4024 2940 4062 cum
2969 4006 3151 4062 Deum
3176 4006 3563 4079 cognovisset,
3600 4011 3664 4062 ut
3692 4007 3853 4066 Pau-

2193 4098 2286 4154 lus
2317 4098 2477 4165 dicit,
2508 4114 2620 4153 non
2647 4097 2790 4152 sicut
2823 4097 2993 4152 Deum
3029 4095 3410 4166 honoriﬁcavit
3438 4095 3609 4166 (Rom.
3644 4113 3684 4164 ι,
3715 4100 3852 4168 21);

2193 4193 2251 4244 et
2281 4188 2351 4244 de
2381 4185 2628 4252 diabolo,
2661 4185 2866 4239 talium
2900 4183 3167 4239 videlicet
3194 4183 3406 4255 capite,
3433 4183 3721 4256 scriptum
3755 4192 3856 4244 est

2194 4279 2324 4349 quia
2354 4279 2413 4332 in
2442 4278 2664 4332 veritate
2687 4291 2797 4329 non.
2827 4275 2970 4329 stetit
2989 4277 3171 4341 (Joan.
3192 4290 3314 4338 vm,
3338 4275 3450 4341 44),
3476 4273 3534 4329 in
3567 4291 3684 4346 qua
3713 4275 3852 4334 sine

2193 4367 2371 4422 dubia
2401 4365 2528 4432 fuit,
2553 4365 2653 4420 sed
2709 4381 2823 4418 non
2857 4363 2914 4416 in
2946 4379 3014 4418 ea
3042 4362 3386 4434 permansit,
3409 4363 3687 4434 quoniam
3741 4369 3851 4421 tu-

2191 4473 2358 4511 mens
2389 4457 2460 4510 de
2489 4455 2640 4509 dono
2670 4455 2816 4508 117
2853 4451 3050 4522 gratiae
3099 4451 3222 4517 Dei,
3263 4451 3334 4507 de
3382 4449 3620 4508 sublimi
3650 4453 3850 4510 excel-

2189 4545 2368 4601 lentia
2411 4561 2477 4599 cx
2525 4541 2906 4598 retributione
2947 4539 3192 4610 justitiaz
3245 4539 3456 4595 cecidit
3483 4540 3556 4595 ad
3587 4539 3850 4598 miseria;

2188 4633 2445 4690 intima.“
2463 4632 2624 4688 Alius
2643 4633 2836 4684 autem
2853 4629 3032 4684 vitam
3050 4644 3218 4683 suam
3237 4628 3294 4682 in
3315 4627 3600 4684 catholica
3621 4629 3851 4701 pietate

2194 4718 2698 4790 ronsummat,qui
2733 4723 2896 4773 ortus
2927 4717 2986 4772 in
3016 4716 3261 4788 perﬁdia
3285 4733 3420 4772 cum
3450 4716 3598 4774 lacte
3628 4720 3848 4778 matris

2180 4793 2460 4869 hauserat
2476 4809 2634 4864 virus
2658 4807 2898 4873 erroris;
2924 4807 3079 4878 quod
3102 4806 3173 4862 ad
3195 4807 3412 4861 donum
3435 4805 3687 4878 pertinet
3707 4824 3849 4879 gra-

2180 4903 2294 4966 tizr,
2329 4901 2479 4954 sicut
2523 4897 2806 4969 scriptum
2841 4900 2970 4950 est:
3005 4896 3193 4952 Gratia
3236 4896 3380 4951 salvi
3426 4897 3560 4966 facti
3601 4898 3754 4965 estis,
3787 4907 3850 4954 ct

2179 4993 2281 5047 hoc
2322 5006 2433 5044 non.
2461 5004 2531 5043 ea:
2561 4986 2726 5052 vobis,
2751 4984 2954 5040 donum
2999 4985 3149 5039 enim
3178 4985 3276 5039 Dei
3303 4992 3382 5040 est
3409 4983 3628 5055 (Ephes,
3652 5001 3715 5051 ιι,
3750 4987 3835 5058 8).

2177 5079 2340 5134 Alius
2372 5075 2777 5132 celsitudinem
2820 5074 2968 5129 bene
3012 5071 3239 5128 vivendi
3271 5077 3542 5144 appetere
3569 5076 3628 5128 et
3673 5073 3840 5132 volet

2175 5173 2229 5224 et
2259 5167 2410 5222 valet
2444 5183 2456 5220 :
2487 5187 2513 5214 ››
2535 5164 2690 5236 quod
2731 5162 2802 5217 ad
2846 5162 3064 5216 donum
3115 5161 3366 5232 pertinet
3411 5161 3634 5234 gratias.
3669 5162 3839 5222 sicut

2179 5255 2392 5312 Paulus
2421 5253 2560 5308 dicit
2586 5269 2598 5306 :
2627 5257 2823 5306 Datum
2851 5250 3007 5306 nobis
3045 5266 3158 5305 esse
3185 5267 3218 5305 a
3248 5251 3352 5306 Deo
3380 5259 3432 5306 et
3453 5251 3588 5306 velle
3614 5259 3666 5307 et
3691 5269 3836 5323 per-

2175 5348 2332 5418 ﬁcere
2355 5361 2452 5416 pro
2485 5343 2622 5397 bona
2651 5341 2923 5396 voluntate
2952 5339 3216 5411 (Philipp.
3249 5356 3311 5402 ιι,
3337 5341 3445 5410 13).
3470 5363 3496 5388 «
3524 5337 3687 5396 Alius
3721 5360 3835 5399 nec

2174 5435 2325 5490 volet
2358 5450 2462 5488 nec
2494 5430 2664 5492 valet,
2698 5427 2846 5483 alius
2877 5427 3028 5483 volet
3057 5434 3114 5484 et
3144 5445 3256 5484 non
3289 5428 3459 5493 valet,
3491 5427 3643 5484 alius
3673 5430 3841 5488 valet

2174 5530 2230 5580 et
2262 5541 2376 5578 non
2403 5521 2581 5587 volet;
2612 5541 2637 5567 ››
2671 5535 2796 5590 qum
2820 5516 3114 5588 pertinent
3145 5517 3217 5572 ad
3252 5517 3700 5573 retributionem
3725 5521 3834 5589 ju-

2175 5608 2651 5683 stitiamquoniam
2676 5607 2800 5673 hoc,
2828 5611 3048 5662 remoto
3078 5606 3252 5662 etiam
3277 5607 3680 5662 additamento
3712 5608 3836 5664 ini-

2175 5701 2416 5776 quitatis
2437 5701 2668 5763 nostrae,
2691 5694 3010 5767 promeruit.
3027 5694 3314 5767 generalis
3335 5711 3532 5752 massa
3550 5697 3840 5768 perditio-
