4020 6460
867 441 970 502 DE
1012 439 1776 503 PBIEDESTINATIUNE
1819 441 2336 506 DISSER'I‘ATIO
2375 443 2837 509 POSTERIOR.

3430 450 3544 512 186

183 595 208 624 α
233 569 520 644 Estjgitur
545 568 794 626 liberum
821 571 1149 641 arbitrium,
1177 572 1330 645 quod
1362 572 1632 644 quisquis
1660 589 1789 628 esse
1816 573 1873 640 Α
1900 573 2268 645 cupiditates,
2293 574 2392 631 alii
2423 577 2631 650 magis,
2655 578 2751 634 alii
2781 579 2997 649 minus,
3022 582 3121 638 sed
3143 599 3346 640 omnes
3377 584 3540 659 mali,

182 659 445 735 negaverit
472 659 796 716 catholicus
834 677 950 715 non
987 665 1106 726 est;
1141 665 1200 716 et
1226 660 1497 733 quisquis
1535 661 1618 718 sic
1659 678 1788 717 esse
1897 667 1956 719 et
1977 681 2079 736 pro
2099 663 2228 737 ipsa
2243 665 2574 722 diversitate
2591 667 2834 725 diversis
2855 670 3159 742 suppliciis
3174 673 3540 744 judicandi.»

179 747 378 817 dixerit,
401 749 556 820 quod
585 747 714 805 sine
735 749 852 805 Deo
882 750 1100 805 bonum
1133 766 1302 822 opus,
1323 749 1382 804 id
1414 754 1503 806 est
1531 750 1686 823 quod
1717 751 1788 806 ad

177 841 286 911 ejus
302 843 560 894 sanctum
581 839 949 911 propositum
975 837 1246 911 pertinet,
1268 856 1373 894 nec
1407 839 1658 912 incipere
1685 855 1790 894 nec

178 929 421 1002 perﬁcere
459 927 666 999 possit,
698 927 1022 984 catholicus
1057 932 1200 984 est.»
1227 929 1305 984 Ed
1340 929 1480 984 item
1504 929 1660 1000 (ibid.
1690 929 1790 983 sub

177 1015 722 1088 hitium):«Vitiato
753 1016 935 1073 libero
975 1017 1216 1074 arbitrio
1266 1023 1424 1074 totus
1481 1018 1658 1074 homo
1704 1021 1793 1073 est

175 1106 383 1162 vitiatus
413 1123 428 1161 :
460 1122 563 1178 per
590 1107 746 1178 quod
777 1106 1001 1178 absque
1030 1107 1321 1178 adjutorio
1350 1107 1551 1179 gratia:
1582 1105 1704 1171 Dei,
1728 1109 1794 1160 ut

175 1196 276 1252 Deo
292 1193 524 1268 placeat,
539 1210 646 1250 nec
665 1193 816 1250 valet
836 1194 1111 1267 incipere,
1127 1212 1232 1251 nec
1253 1197 1528 1268 perﬁcere
1549 1193 1788 1251 sufﬁcit.

178 1283 500 1340 Prevenitur
525 1288 724 1339 autem
763 1283 1073 1353 medicina,
1096 1283 1155 1340 id
1200 1289 1291 1340 est
1319 1284 1533 1340 Christi
1581 1283 1789 1357 gratia,

175 1379 232 1430 nt
253 1375 478 1429 sanetur
499 1374 560 1429 et
579 1377 883 1445 reparetur
905 1371 964 1428 in
990 1374 1195 1429 eodem
1215 1373 1438 1438 vitiata,
1461 1377 1636 1445 atque
1659 1389 1797 1444 pra:-

177 1466 388 1536 paretur
427 1460 721 1534 voluntas,
742 1479 862 1534 qua
899 1477 1132 1534 semper
1167 1463 1438 1535 indigens
1473 1461 1533 1517 in
1564 1463 1800 1533 adjuto—

175 1551 327 1620 rium,
343 1550 712 1607 illuminante
730 1550 920 1622 gratia
935 1551 1252 1608 Salvatoris
1274 1552 1460 1624 possit
1479 1557 1598 1607 tam
1617 1556 1794 1606 Deum

173 1656 511 1713 cognoscere,
545 1656 728 1712 quam
760 1641 1086 1696 secundum
1129 1641 1258 1712 ejus
1295 1641 1484 1697 vivere
1526 1639 1796 1696 volunta-

173 1735 326 1786 tem;
341 1729 406 1785 Et
425 1729 566 1784 item
584 1743 632 1784 :«
655 1728 780 1785 Non
802 1745 938 1803 ergo
959 1729 1135 1786 homo
1153 1730 1449 1787 voluntate
1471 1729 1796 1797 sua,adhuc

175 1819 225 1875 in
239 1817 366 1874 vitio
387 1818 556 1874 liberi
579 1817 806 1874 arbitrii
830 1817 1218 1888 claudicante,
1235 1819 1511 1892 praevenit
1532 1825 1711 1875 Deum
1730 1823 1797 1873 ut

1899 753 1978 809 De
2013 771 2188 809 sensu
2239 759 2434 810 autem
2468 760 2526 811 et
2555 761 2826 813 contextu
2874 759 3053 814 totius
3083 761 3350 833 Capituli,
3384 764 3539 821 idem

1900 843 2106 898 beatus
2134 843 2498 915 Augustinus
2527 844 2586 900 in
2621 845 2770 903 libro
2810 847 2880 902 de
2923 847 3275 906 Perfectione
3295 852 3540 923 justitiaa

1901 930 2158 986 hominis
2181 931 2261 987 ita
2279 933 2419 988 dicit
2443 949 2492 988 ει
2516 933 2730 990 Verum
2762 940 2852 991 est
2881 941 3076 993 autem
3107 939 3264 1011 quod
3295 940 3542 1014 ait,quin

1901 1019 2250 1076 obtrectator
2261 1039 2434 1089 suus;
2453 1025 2606 1094 quod
2621 1025 2774 1081 Deus
2791 1029 2912 1082 tam
2926 1026 3116 1083 bonus
3131 1045 3165 1099 q
3177 1045 3308 1084 uam
3320 1031 3541 1102 justus,

1899 1107 2076 1164 talem
2127 1109 2422 1165 hominem
2455 1112 2670 1180 fecerit,
2705 1114 2804 1186 qui
2863 1116 3081 1186 peccati
3139 1117 3294 1173 malo
3351 1136 3546 1175 carere

1903 1199 2215 1266 sufficeret,
2250 1201 2349 1255 scd
2393 1199 2442 1255 si
2481 1201 2777 1259 voluisset.
2810 1203 2950 1270 Quis
2989 1205 3146 1260 enim
3185 1221 3322 1262 eum
3362 1209 3548 1264 nescit

1903 1304 2114 1344 sanum
2147 1292 2205 1343 et
2235 1288 2650 1362 inculpabilem
2709 1292 2950 1361 factum,
2982 1297 3040 1348 et
3068 1294 3248 1351 libero
3307 1297 3545 1353 arbitrio

1903 1381 2080 1448 atque
2111 1378 2180 1433 ad
2205 1379 2366 1449 justo
2393 1379 2703 1435 vivendum
2737 1385 3019 1453 potestate
3058 1383 3240 1440 libera
3263 1385 3546 1442 constitu-

1904 1466 2068 1521 tum?
2099 1467 2209 1522 Sed
2242 1484 2397 1523 nunc
2429 1469 2498 1523 de
2529 1467 2627 1523 illo
2659 1469 2855 1542 agitur
2883 1489 3055 1543 quem
3088 1473 3432 1530 semivivum
3462 1474 3545 1532 la-

1904 1558 2101 1611 trones
2133 1556 2190 1611 in
2213 1555 2304 1611 via
2327 1556 2716 1629 reliquerunt;
2741 1559 2840 1630 qui
2863 1561 3138 1632 gravibus
3159 1564 3396 1620 saucius
3417 1582 3548 1620 con-

1905 1645 2215 1716 fossusque
2243 1645 2602 1714 vulneribus,
2618 1665 2732 1702 non
2766 1648 2846 1704 ita
2877 1654 3067 1721 potest
3095 1667 3128 1706 a
3148 1652 3392 1723 justitiam
3421 1654 3544 1710 cul-

1906 1750 2039 1788 men
2092 1735 2422 1803 ascendere,
2455 1735 2607 1792 sicut
2645 1737 2834 1808 potuit
2870 1737 3006 1793 inde
3044 1740 3413 1809 descendere,
3445 1742 3545 1815 qui

1905 1821 2079 1877 etiam
2103 1823 2152 1878 si
2165 1824 2292 1893 jam
2316 1823 2372 1878 in
2399 1824 2629 1880 stabulo
2650 1829 2758 1892 est,
2774 1831 3029 1882 curatur.
3046 1829 3168 1883 Non
3192 1829 3372 1902 igitur
3391 1831 3545 1887 Deus

171 1912 458 1983 cognoscat
481 1912 542 1964 et
562 1913 786 1981 quaerat
803 1924 961 2005 eum,
989 1908 1239 2005 gratiam
1262 1913 1544 1980 tanquam
1576 1907 1800 2005 meritis
1825 1938 1879 2005 Β
1907 1911 2294 1982 impossibilia
2315 1913 2505 1984 jubet,
2535 1914 2634 1968 sed
2657 1915 2920 1986 jubendo
2950 1917 3243 1984 admonet,
3271 1914 3330 1974 'et
3359 1919 3546 1976 facere

170 2003 522 2070 accepturus;
557 1998 664 2054 sed
697 1997 974 2070 praecedit
1000 1996 1199 2067 etiam,
1225 2002 1290 2054 ut
1317 1998 1592 2065 diximus,
1627 1997 1801 2052 mise-

169 2085 544 2143 ricordissima
565 2085 759 2159 gratia
779 2103 890 2141 sua
911 2089 1064 2142 Deus
1085 2085 1355 2142 homines
1375 2085 1802 2159 ignorantes,ct

171 2176 394 2233 necdum
413 2192 477 2232 se
495 2179 828 2248 quaerentes
849 2174 1150 2231 voluntate
1170 2174 1336 2231 liberi
1359 2173 1679 2244 arbitrii,ut
1700 2190 1800 2229 eos

171 2282 224 2322 se
248 2265 386 2323 scius
415 2269 474 2322 et
501 2281 766 2337 quaerere
794 2264 986 2330 faciat,
1013 2263 1166 2320 sicut
1198 2265 1343 2320 dicit
1377 2265 1633 2320 Joannes
1662 2280 1799 2335 apo-

171 2353 334 2410 stolus
357 2354 416 2410 in
447 2353 716 2428 Epistola
745 2371 852 2410 sua
883 2353 1134 2410 :Scimus
1176 2355 1436 2426 quoniam
1483 2354 1659 2409 Filius
1706 2354 1804 2407 Dei

171 2446 312 2511 una,
339 2451 392 2500 et
415 2444 571 2501 dedit
605 2445 763 2502 nobis
809 2461 1052 2510 sensum,
1081 2451 1142 2499 ut
1186 2459 1564 2515 cognoscamus
1611 2459 1801 2497 verum

169 2533 394 2601 Dawn,“
419 2535 602 2589 simus
633 2535 696 2589 in
727 2550 849 2588 vero
870 2533 1010 2590 Filio
1040 2535 1157 2605 ejus
1184 2549 1198 2586 :
1220 2533 1311 2587 hic
1329 2539 1408 2588 est
1427 2548 1585 2587 verus
1611 2540 1662 2588 et
1688 2533 1801 2586 vita

168 2629 347 2677 Item
368 2622 416 2690 (l
435 2623 600 2678 locis.
623 2639 680 2692 v,
701 2624 851 2689 20).»
869 2621 1081 2678 Audiat
1111 2621 1285 2677 etiam
1313 2622 1564 2694 quisque
1595 2620 1795 2688 lector,

167 2711 266 2765 sire
279 2710 744 2777 benevolus,sive
760 2709 1252 2782 malevolus,quid
1271 2709 1540 2766 delibero
1559 2710 1798 2766 arbitrio

167 2803 427 2871 preveuto
437 2804 502 2856 et
515 2799 728 2871 adjuto
748 2799 954 2872 gratia,
969 2803 1026 2854 ct
1041 2800 1112 2854 de
1129 2800 1332 2855 eodem
1357 2798 1538 2854 libero
1559 2798 1799 2855 arbitrio

163 2888 366 2945 deserto
385 2888 603 2961 gratia,
626 2888 841 2944 sentiat
861 2888 1016 2944 idem
1039 2889 1242 2944 doctor
1261 2888 1639 2943 catholicus.«
1659 2889 1798 2943 Esse

164 2975 412 3046 fatemur,
444 2976 730 3048 inquiens
776 2975 944 3046 (libro
968 2993 1052 3044 ιιι,
1088 2977 1188 3032 sub
1247 2976 1512 3046 initium),
1549 2975 1796 3031 liberum

163 3066 450 3121 arbitrium
483 3064 773 3121 omnibus
798 3064 1159 3130 hominibus,
1183 3064 1405 3120 habens
1437 3065 1674 3137 quidem
1699 3066 1796 3138 ju-

165 3154 360 3210 dicium
389 3154 666 3222 rationis,
691 3170 806 3210 non
839 3171 942 3226 per
969 3155 1120 3226 quod
1153 3153 1230 3212 sit
1257 3152 1533 3210 idoneum
1566 3171 1691 3226 qua:
1725 3155 1794 3210 ad

161 3241 326 3299 Deum
349 3243 654 3316 pertinent
674 3245 800 3298 sine
817 3242 933 3298 Deo
959 3247 1062 3298 aut
1079 3241 1354 3298 inchoare
1373 3241 1457 3297 vel
1481 3247 1635 3299 certe
1664 3261 1797 3316 per-

1908 2000 2063 2070 quod
2095 1999 2305 2071 possis,
2338 2004 2394 2054 et
2424 2005 2614 2071 petere
2645 2002 2796 2073 quod
2831 2019 2944 2057 non
2977 2003 3187 2074 possis.
3214 2026 3242 2054 »

1979 2089 2047 2142 Et
2079 2089 2136 2143 in
2167 2087 2415 2160 epistola
2441 2090 2550 2162 (46)
2582 2091 2654 2145 ad
2685 2090 3059 2146 Valentinum
3093 2108 3141 2146 :u
3169 2093 3360 2148 Primo
3391 2093 3546 2150 enim

1909 2176 2193 2232 Dominus
2250 2177 2444 2248 Jcsus,
2477 2179 2633 2233 sicut
2663 2179 2944 2251 scriptum
2977 2184 3066 2235 est
3122 2180 3182 2234 in
3241 2182 3548 2254 Evangelio

1907 2265 2152 2321 Joannis
2196 2265 2440 2338 apostoli
2475 2283 2487 2321 :
2520 2268 2638 2323 Non
2665 2270 2810 2324 venit
2849 2277 2908 2324 ut
2941 2271 3216 2341 judicaret
3260 2271 3546 2342 mundum,

1905 2355 1999 2410 sed
2052 2362 2110 2410 ut
2164 2357 2404 2411 salvetur
2457 2357 2696 2412 mundus
2747 2374 2848 2429 per
2903 2359 3081 2430 ipsum
3111 2361 3285 2426 (Joan.
3321 2378 3404 2428 ιιι,
3440 2361 3546 2433 17).

1909 2445 2113 2499 Postea
2141 2461 2294 2510 vero,
2325 2445 2478 2499 sicut
2507 2445 2712 2501 scribit
2755 2447 3054 2518 apostolus
3101 2448 3316 2504 Paulus
3350 2466 3362 2505 :
3394 2449 3548 2506 Iudi-

1906 2534 2049 2589 cabit
2078 2536 2217 2589 Dens
2265 2534 2410 2589 hunc
2456 2535 2722 2590 mundum
2749 2538 2921 2602 (Rom.
2956 2555 3038 2602 ιιι,
3071 2540 3148 2605 6),
3171 2542 3228 2592 et
3272 2543 3551 2595 venturus

1908 2627 2016 2691 est,
2045 2623 2195 2678 sicut
2225 2628 2347 2678 tota
2377 2623 2634 2678 Ecclesia
2665 2625 2724 2680 in
2757 2625 3022 2698 symbolo
3054 2628 3384 2695 confitetur,
3401 2628 3553 2702 judi-

1907 2729 2030 2768 care
2085 2714 2230 2768 vivos
2258 2721 2310 2768 et
2335 2719 2593 2768 mortuos.
2626 2713 2684 2770 Si
2729 2731 2864 2787 ergo
2897 2732 3010 2770 non
3041 2720 3132 2770 est
3187 2716 3287 2772 Dei
3340 2715 3549 2788 gratia,

1908 2802 2199 2874 quomodo
2232 2800 2416 2856 salvat
2446 2803 2780 2858 mundum?
2819 2808 2875 2858 et
2911 2803 2960 2858 si
3001 2822 3116 2859 non
3165 2809 3254 2860 est
3303 2805 3551 2861 liberum

1907 2890 2237 2955 arbitrium,
2266 2891 2557 2960 quomodo
2579 2875 2812 2961 judicat
2842 2893 3174 2948 mundum?
3203 2893 3448 2950 Proinde
3478 2893 3552 2948 li-

1907 2979 2078 3034 brum
2109 2978 2196 3034 vel
2228 2978 2532 3050 epistolam
2569 2996 2782 3046 meam,
2803 2997 2978 3052 quam
3004 2998 3201 3036 secum
3235 2984 3305 3038 ad
3330 3000 3430 3039 vos
3463 3000 3556 3038 su-

1907 3067 2154 3140 pradicti
2193 3067 2532 3135 attulerunt,
2563 3069 2886 3123 secundum
2929 3069 3078 3124 hanc
3121 3071 3292 3126 fidem
3334 3070 3554 3126 intelli-

1907 3155 2046 3229 gite,
2069 3161 2134 3210 ut
2166 3172 2352 3227 neque
2379 3150 2609 3228 negetis
2639 3156 2740 3212 Dei
2785 3158 3054 3230 gratiam,
3089 3175 3275 3231 neque
3305 3158 3552 3216 liberum

1911 3245 2221 3300 arbitrium
2255 3245 2338 3300 sic
2369 3245 2712 3312 defendatis,
2749 3251 2814 3301 ut
2843 3264 2877 3301 a
2910 3247 3004 3302 Dei
3033 3248 3222 3320 gratia
3251 3247 3552 3320 separetis,

167 3304 482 3404 agem;.sed
515 3337 756 3388 tantum
785 3331 845 3386 in
875 3329 1298 3403 operibusvitae
1330 3304 1798 3404 prmscntisﬁtam
1828 3304 1873 3372 α
1912 3337 2192 3404 tanquam
2226 3331 2352 3387 sine
2383 3331 2482 3387 illa
2511 3331 2596 3388 vel
2630 3304 2884 3405 cogitare
2906 3304 3253 3407 aliquid,vel
3277 3304 3444 3408 agerc
3473 3304 3558 3392 se:

166 3419 315 3479 bonis
335 3438 516 3496 quam
549 3420 734 3478 etiam
767 3419 961 3476 malis.
985 3419 1160 3475 Bonis
1193 3421 1343 3491 dico,
1369 3437 1498 3492 qua:
1529 3423 1602 3477 de
1633 3422 1802 3478 bonis

165 3514 363 3566 natura
393 3507 772 3574 oriuntur,id
797 3507 1062 3576 est,velle
1093 3507 1356 3564 laborare
1387 3509 1446 3563 in
1476 3526 1635 3582 agro,
1659 3510 1803 3567 velle

168 3601 502 3655 manducare
533 3603 598 3654 et
627 3596 844 3664 bibere,
867 3595 1011 3652 velle
1032 3596 1245 3651 habere
1274 3598 1552 3668 amicum,
1571 3621 1596 3646 υ
1621 3603 1677 3653 et
1695 3616 1801 3654 cte-

169 3691 274 3743 tera
299 3706 424 3762 qua
451 3689 536 3743 ibi
571 3685 1113 3759 prosequitur,qua3
1145 3684 1344 3740 omnia
1387 3703 1501 3741 non
1542 3687 1667 3742 sine
1695 3704 1803 3758 gu-

169 3775 462 3834 bernaculo
491 3776 700 3832 divino
729 3774 1065 3830 subsistunt
1099 3789 1112 3827 :
1147 3773 1265 3828 imo
1315 3790 1382 3829 ex
1437 3774 1586 3846 ipso,
1616 3779 1674 3830 et
1703 3791 1806 3848 per

169 3866 340 3938 ipsum
371 3871 540 3932 sunt,
561 3863 657 3919 vel
691 3879 822 3919 esse
853 3866 1172 3934 coeperunt.
1198 3860 1367 3918 Malis
1397 3880 1528 3917 vero
1557 3863 1708 3930 dico,
1741 3868 1806 3919 ut

169 3961 244 4010 est
259 3953 399 4012 velle
427 3953 666 4011 idolum
689 3952 844 4008 122
877 3949 1083 4017 colere,
1107 3949 1252 4005 velle
1280 3949 1661 4006 homicidium
1685 3970 1808 4024 per-

169 4049 394 4115 petrare,
421 4049 484 4100 et
515 4039 752 4113 reliqua
781 4057 907 4112 qua
952 4038 1327 4112 prosequitur
1354 4039 1412 4094 in
1454 4040 1655 4096 eodem
1689 4041 1804 4114 Hy-

169 4131 554 4204 pomnesticon
591 4130 766 4186 libro.

225 4224 378 4290 Quod
396 4226 608 4278 autem
624 4219 686 4274 in
702 4216 1077 4274 conclusione
1095 4217 1226 4288 subj
1235 4217 1512 4274 unximus
1529 4217 1804 4275 dicentes:

171 4309 400 4366 Liberum
425 4317 622 4366 autem
667 4307 926 4362 habemus
951 4305 1268 4364 arbitrium.
1291 4307 1422 4378 quia
1457 4309 1634 4377 gratia
1675 4309 1808 4365 libe-

171 4407 348 4467 ratum,
378 4407 430 4456 et
477 4399 668 4471 gartia
696 4396 764 4452 de
791 4402 1040 4467 corrupto
1091 4403 1366 4462 sanatum,
1399 4400 1639 4451 sanctus
1693 4399 1808 4452 Au-

1911 3421 2172 3476 cundum
2194 3421 2378 3476 Deum
2408 3420 2529 3476 ulla
2560 3420 2783 3478 ratione
2800 3424 3116 3494 possimus,
3141 3425 3294 3495 quod
3319 3425 3556 3481 omnino

1911 3526 2024 3564 non
2049 3527 2396 3581 possumus;
2415 3531 2441 3557 ››
2465 3514 2521 3564 et
2547 3514 2676 3581 post
2697 3509 2998 3582 aliquanta
3017 3529 3066 3567 :«
3091 3513 3316 3569 Credite
3346 3513 3556 3571 divinis

1909 3597 2156 3668 eloquis,
2177 3597 2315 3670 quia
2345 3602 2402 3653 et
2432 3597 2679 3654 liberum
2722 3605 2809 3655 est
2849 3601 3102 3656 nominis
3141 3602 3468 3671 arbitrium,
3501 3607 3557 3659 et

1911 3686 2100 3759 gratia
2129 3687 2248 3753 Dei,
2273 3686 2399 3741 sine
2428 3689 2600 3758 cujus
2631 3688 2920 3760 adjutorio
2971 3689 3217 3746 liberum
3247 3690 3554 3746 arbitrium

1913 3793 2018 3831 nec
2038 3775 2290 3829 converti
2316 3780 2506 3846 potest
2527 3777 2596 3830 ad
2621 3777 2821 3842 Deum,
2841 3793 2946 3831 nec
2969 3779 3243 3848 prolicere
3262 3778 3321 3833 in
3347 3779 3551 3850 Deum,

1912 3868 1970 3920 et
1999 3864 2152 3935 quod
2185 3863 2276 3935 pie
2306 3863 2562 3930 creditis,
2598 3868 2663 3918 ut
2687 3864 2860 3919 etiam
2893 3866 3186 3936 sapienter
3215 3866 3554 3939 intelligetis

1914 3957 2092 4008 orate.
2126 3953 2195 4006 Et
2222 3951 2292 4006 ad
2327 3951 2433 4006 hoc
2473 3952 2666 4023 ipsum
2711 3953 2888 4020 enim,
2921 3953 2976 4007 id
3031 3958 3136 4020 est,
3171 3959 3234 4008 ut
3264 3955 3556 4026 sapienter

1915 4041 2068 4097 I28
2108 4038 2524 4110 intelligamus,
2547 4044 2637 4095 est
2679 4041 2881 4112 utique
2928 4040 3175 4097 liberum
3223 4043 3552 4100 arbitrium.

1916 4129 2036 4185 Nisi
2069 4128 2226 4184 enim
2257 4127 2438 4184 libero
2461 4128 2700 4184 arbitrio
2723 4129 3180 4202 intelligercmus
3201 4136 3376 4204 atque
3397 4149 3557 4205 sape-

1916 4235 2133 4286 remus,
2159 4235 2270 4273 non
2306 4217 2473 4272 nobis
2514 4217 2920 4290 praeciperetur
2955 4219 3182 4275 dicente
3210 4221 3510 4292 Scriptura
3538 4236 3555 4279 τ

1917 4307 2208 4378 lntelligite
2261 4322 2396 4377 ergo
2436 4307 2532 4378 qni
2589 4309 2908 4378 insipientes
2965 4311 3091 4364 estis
3151 4311 3208 4364 in
3261 4311 3479 4382 populo,
3509 4318 3561 4367 et

1919 4397 2074 4451 stulti
2091 4395 2388 4467 aliquando
2407 4397 2580 4466 sapite
2601 4396 2769 4466 (Psal.
2793 4412 2939 4464 xcrx,
2963 4401 3036 4465 8).
3063 4399 3141 4452 Eo
3173 4397 3298 4470 ipso
3319 4398 3556 4472 quippe,

171 4488 424 4559 gustiaus
451 4489 514 4543 in
547 4485 704 4542 libro
734 4485 805 4538 de
837 4483 1210 4556 Correp'tione
1240 4487 1297 4538 et
1323 4483 1520 4538 Gratia
1547 4487 1687 4556 (cap.
1723 4488 1814 4572 13)
1921 4488 2400 4558 quoprmccptum
2414 4484 3560 4572 atqueimpcratumcst,utintelligamus

169 4579 554 4651 prosequitur,
581 4575 791 4631 dicens
819 4589 834 4628 :
859 4595 887 4621 ιι
921 4573 988 4629 Hi
1019 4589 1153 4628 vero
1192 4573 1292 4646 qui
1347 4589 1461 4627 non
1521 4571 1814 4644 pertinent
1922 4577 2095 4645 atque
2117 4572 2434 4644 sapiamus,
2459 4571 2846 4628 obedientiam
2870 4579 3128 4630 nostram
3162 4575 3560 4648 requirit,qua3

170 4667 230 4721 ad
258 4667 410 4723 hunc
436 4663 1002 4739 praedestinatorum
1035 4678 1538 4733 numerum,quos
1565 4662 1662 4718 Dei
1693 4681 1819 4736 gra.
1847 4672 1892 4736 1)
1924 4661 2085 4718 nulla
2115 4666 2303 4734 potest
2323 4678 2448 4715 esse
2477 4662 2623 4727 sine,
2648 4661 2827 4716 libero
2857 4661 3118 4718 arbitrio.
3143 4664 3251 4718 Sed
3286 4665 3332 4719 si
3367 4670 3562 4736 posset

171 4756 257 4828 tia,
285 4757 400 4813 sive
431 4755 710 4812 nondum
742 4753 1024 4808 habentes
1055 4750 1241 4806 ullum
1274 4751 1524 4806 liberum
1565 4769 1684 4806 sua:
1715 4770 1811 4808 νο·
1924 4750 2031 4805 hoc
2066 4751 2255 4822 ipsum
2289 4750 2413 4805 sine
2444 4751 2733 4820 adjutorio
2763 4750 2856 4806 Dei
2888 4750 3087 4823 gratim
3119 4751 3262 4820 ﬁeri,
3289 4770 3390 4825 per
3419 4753 3560 4809 libc-

171 4843 390 4901 luntatis
436 4843 782 4906 arbitrium,
814 4842 935 4897 sive
989 4859 1122 4896 cum
1181 4840 1422 4895 arbitrio
1469 4839 1806 4907 voluntatis,
1920 4857 2048 4894 rum
2082 4840 2388 4894 arbitrium
2413 4844 2476 4894 ut
2507 4840 2963 4910 intelligcrcmus
2995 4847 3167 4914 atque
3198 4859 3556 4913 saperemus,

172 4933 282 4988 ideo
309 4953 439 4991 vero
473 4935 688 4998 libero,
712 4932 851 5003 quia
881 4948 985 5002 per
1026 4931 1214 5002 ipsam
1255 4929 1500 5001 gratiam
1542 4929 1808 4999 liberato,
1919 4947 2032 4984 non
2081 4929 2368 4983 diceretur
2412 4929 2561 4984 Deo:
2596 4930 2674 4984 Da
2703 4930 2843 4984 mihi
2875 4932 3201 4986 intellectum
3251 4939 3310 4986 ut
3355 4931 3560 4984 disram

174 5023 414 5093 perducit
447 5025 523 5080 ad
557 5037 842 5095 regnum;
866 5021 926 5075 hi
952 5035 1110 5091 ergo,
1133 5019 1233 5090 qui
1269 5035 1383 5073 non
1416 5018 1708 5090 pertinent
1737 5021 1806 5075 ad
1916 5018 2174 5073 mandata
2230 5025 2321 5073 tua
2351 5019 2520 5086 (Psul.
2572 5035 2764 5084 cxvm,
2812 5019 2933 5090 73);
2970 5037 3072 5075 nec
3134 5020 3190 5072 in
3252 5020 3558 5090 Evangelio

175 5109 332 5168 istum
361 5111 773 5169 certissimum
805 5113 862 5164 et
891 5107 1303 5164 ﬁdelissimum
1346 5123 1679 5175 numerum,
1706 5126 1808 5182 pro
1919 5107 2202 5178 scriptum
2233 5111 2387 5162 esset
2417 5124 2429 5162 :
2469 5109 2612 5162 Tunc
2639 5109 2854 5179 aperuit
2885 5109 2998 5163 illis
3029 5125 3246 5162 sensum
3273 5115 3332 5162 ut
3361 5109 3562 5162 intel:'i-

173 5200 738 5275 meritisjustissime
757 5199 1120 5270 judicantur.
1145 5199 1258 5252 Aut
1287 5197 1442 5252 enim
1468 5198 1671 5268 jacent
1701 5199 1809 5254 sub
1918 5204 2104 5269 gerent
2129 5196 2436 5266 Scripturas
2480 5197 2630 5262 (Luc.
2655 5213 2804 5262 xxxv,
2839 5197 2956 5262 65);
2992 5212 3094 5250 nec
3139 5195 3392 5250 Jacobus
3421 5213 3558 5269 apu-

177 5295 388 5360 peccato
413 5292 575 5365 quod
611 5288 976 5361 originaliter
1004 5285 1374 5359 generatione
1405 5291 1722 5356 traxerunt,
1759 5293 1815 5342 et

175 5393 290 5434 rum
307 5379 405 5436 illo
421 5376 798 5436 hereditario
815 5375 1010 5431 debito
1029 5374 1161 5430 hinc
1178 5376 1567 5446 exeunt,quod
1593 5394 1705 5430 non
1726 5380 1814 5431 est

177 5468 596 5539 regeneratione
621 5465 956 5531 dimissum,
982 5470 1083 5518 aut
1109 5481 1209 5535 per
1231 5463 1478 5518 liberum
1505 5465 1810 5519 arbitrium:

177 5554 276 5611 alia
301 5559 544 5630 insuper
569 5555 928 5612 addiderunt
959 5571 971 5608 :
1007 5553 1335 5619 arbitrium,
1371 5552 1634 5622 inquam,
1670 5553 1811 5608 libe-

181 5647 416 5712 rum,sed
432 5662 550 5702 non
577 5644 916 5710 liberatum,
935 5641 1183 5696 liberum
1200 5640 1692 5712 justitizc,pcccati
1719 5659 1816 5696 au-

179 5735 278 5790 tem
306 5752 562 5802 servum,
584 5751 702 5806 quo
728 5731 1040 5788 volvuntur
1069 5747 1171 5804 per
1199 5730 1456 5786 diversas
1495 5729 1812 5804 noxiasque

1923 5285 2109 5341 stolus
2140 5285 2355 5340 diceret
2382 5302 2394 5340 :
2429 5285 2492 5338 Si
2517 5288 2638 5358 quis
2661 5294 2838 5340 antem
2858 5293 3092 5340 vestrum
3119 5283 3324 5355 indiget
3349 5287 3562 5358 sapien-

1921 5377 2018 5440 tia,
2051 5375 2281 5446 postulet
2307 5391 2340 5429 a
2375 5380 2499 5439 Deo,
2521 5377 2618 5445 qni
2645 5373 2737 5428 dat
2764 5373 3012 5427 nnmibns
3042 5375 3350 5444 afﬂuenter,
3373 5383 3426 5431 et
3452 5393 3562 5430 non

1925 5467 1994 5518 im
2001 5472 2269 5535 properat,
2302 5472 2351 5517 (τι
2395 5464 2613 5516 (labitur
2642 5465 2693 5516 ei
2725 5468 2862 5527 (Δία’.
2897 5480 2934 5528 ι,
2964 5464 3041 5528 5).
3073 5485 3098 5512 ››
3125 5463 3188 5517 Et
3242 5463 3448 5518 iterum
3501 5464 3558 5518 in

1923 5553 2102 5607 altera
2132 5552 2374 5623 epistola
2406 5553 2578 5623 (epist.
2614 5552 2698 5621 47)
2723 5551 2790 5604 ad
2822 5551 3094 5606 eumdem
3136 5552 3507 5608 Valentinum
3545 5569 3556 5606 :

1927 5665 1952 5691 «
1978 5647 2266 5709 Quantmn
2304 5640 2620 5712 potuimus,
2643 5639 2870 5708 egimus
2893 5657 3026 5696 cum
3059 5641 3185 5697 istis
3208 5647 3265 5696 ct
3282 5641 3486 5696 vestris
3507 5643 3562 5694 et

1925 5731 2139 5786 nostris
2171 5729 2467 5794 fratribus,
2495 5733 2557 5784 ut
2589 5729 2640 5782 in
2682 5729 2790 5783 tide
2823 5746 2962 5784 sana
2998 5729 3276 5785 eatholiea
3310 5745 3562 5802 perscve.
