4020 6460
488 421 601 482 187

1413 418 1791 481 HlNCMARl
1836 417 2275 481 RHENENSIS
2319 420 2937 483 ARCHIEPISCOPI.

3765 415 3887 480 188

485 561 632 623 rent,
665 573 788 629 qua:
821 570 1009 628 neque
1052 551 1301 610 liberum
1345 550 1651 609 arbitrium
1692 557 1884 626 negat,
1918 551 2035 609 sive
2065 551 2124 608 in
2153 548 2212 617 Α
2239 569 2411 626 posse
2439 569 2575 609 cum
2593 551 2884 610 volumus.
2907 517 3049 610 Nam
3073 551 3213 625 quid
3233 551 3490 626 prodest,
3513 551 3562 610 si
3584 552 3741 626 quod
3763 569 3885 610 non

481 649 662 705 vitam
693 645 932 711 malam,
967 643 1087 700 sive
1118 643 1173 698 in
1209 644 1442 709 bonam,
1470 661 1660 715 neque
1690 649 1917 699 tantum
1949 643 1999 698 ei
2031 643 2128 698 tri-

479 737 631 803 buit,
662 740 730 792 ut
757 735 884 790 sine
913 733 1012 789 Dei
1063 733 1254 805 gratia
1288 731 1476 787 valeat
1506 731 1750 805 aliquid,
1783 732 1901 788 sive
1951 737 2016 788 ut
2061 751 2128 789 ex

481 826 638 884 malo
669 826 1039 882 convertatur
1065 821 1124 876 in
1157 822 1400 889 bonum,
1423 822 1541 877 sive
1572 825 1637 876 ut
1669 821 1726 876 in
1758 821 1977 877 bonum
2005 839 2131 894 per-

483 917 816 972 severanter
841 909 1260 984 proficiat,sive
1281 914 1346 964 ut
1367 911 1438 964 ad
1463 911 1680 965 bonum
1704 911 2126 983 sempiternum

373 1055 376 1059 .
483 1001 782 1078 perveniat
811 1001 908 1056 ubi
935 1001 1061 1072 jam
1093 1016 1206 1055 non
1237 999 1443 1054 timeat
1471 1016 1542 1054 ne.
1575 999 1824 1054 deficiat.
1849 1022 1870 1047 ιι
1897 999 1968 1054 Et
1998 1003 2130 1071 post

482 1109 669 1166 pauca
691 1107 740 1146 :«
767 1091 828 1146 In
853 1088 944 1145 his
965 1087 1156 1144 verbis
1179 1091 1391 1143 sanctte
1412 1087 1723 1159 Scripturie
1745 1087 2126 1154 considerate,

483 1183 709 1247 fratres,
743 1177 881 1252 quia
911 1177 959 1233 si
991 1194 1106 1233 non
1147 1181 1302 1232 esset
1348 1176 1593 1232 liberum
1646 1177 1976 1243 arbitrium,
2011 1193 2124 1231 non

481 1271 813 1326 diceretur:
845 1269 1026 1324 Rectos
1071 1283 1263 1322 cursus
1319 1269 1409 1337 fac
1463 1267 1689 1337 pedibus
1747 1267 1874 1334 tuis,
1908 1275 1959 1322 et
2011 1267 2128 1322 vias

481 1365 602 1414 tuas
631 1357 827 1428 dirige,
857 1371 928 1410 ne
955 1354 1190 1410 declines
1231 1354 1300 1409 ad
1339 1354 1636 1424 dexteram,
1670 1371 1843 1427 neque
1883 1355 1954 1410 ad
1987 1356 2128 1410 sini-

479 1455 650 1504 stram
679 1447 867 1513 (Prov.
899 1461 976 1510 ιν,
1003 1445 1115 1511 2⁸7).
1149 1445 1218 1498 Et
1272 1447 1468 1498 tamen
1529 1443 1655 1498 sine
1706 1443 1804 1499 Dei
1853 1442 2040 1516 gratia
2079 1443 2128 1499 si

480 1538 678 1608 posset
707 1533 817 1589 hoc
846 1531 996 1600 ﬁeri,
1031 1549 1144 1586 non
1192 1535 1396 1604 postea
1435 1531 1726 1588 diceretur
1758 1549 1770 1588 :
1805 1533 1924 1604 Ipse
1949 1540 2131 1588 autem

479 1631 647 1681 rectos
675 1624 840 1694 faciet
874 1638 1068 1676 cursus
1099 1628 1237 1687 tuos,
1269 1629 1324 1676 et
1350 1621 1552 1676 itinera
1580 1628 1675 1676 tua
1721 1622 1781 1676 iu
1824 1637 1954 1693 pace
1996 1637 2131 1692 pro-

477 1714 652 1770 ducet.
682 1734 710 1761 »
731 1712 802 1767 Et
830 1713 964 1783 post
1000 1708 1302 1782 aliquanta
1327 1725 1340 1764 :
1365 1733 1393 1759 ‹‹
1420 1709 1554 1764 Ideo
1582 1709 1747 1765 vobis
1779 1709 1894 1765 dixi
1929 1725 2000 1765 ne
2031 1710 2130 1766 de-

476 1800 709 1856 clinatis
727 1798 784 1854 in
809 1799 1125 1864 dexteram,
1149 1815 1336 1870 neque
1358 1798 1414 1852 in
1439 1797 1763 1865 sinistram,
1783 1798 1892 1853 hoc
1911 1802 2002 1854 est
2021 1816 2127 1856 nec

477 1889 560 1979 sic
591 1887 920 1979 defendatis
952 1885 1200 1979 liberum
1235 1887 1569 1979 arbitrium,
1593 1889 1662 1979 ut
1691 1887 1741 1979 ei
1775 1887 1928 1979 bona
1953 1904 2128 1979 opera
2155 1913 2206 1979 B

476 1978 601 2034 sine
622 1975 721 2032 Dei
747 1975 937 2047 gratia
956 1974 1260 2043 tribuatis;
1283 1992 1386 2031 nec
1409 1975 1493 2032 sic
1509 1976 1837 2032 defendatis
1857 1975 2125 2049 gratiam,

477 2070 543 2122 ut
571 2065 740 2138 quasi
772 2065 844 2119 de
874 2063 975 2119 illa
1005 2063 1196 2119 securi
1237 2064 1395 2119 mala
1437 2081 1613 2136 opera
1659 2064 1938 2138 diligatis,
1973 2065 2128 2138 quod

477 2155 606 2228 ipsa
633 2153 822 2225 gratia
851 2151 954 2228 Dei
987 2155 1209 2207 avertat
1237 2170 1272 2207 a
1299 2153 1484 2207 vobis.
1513 2174 1540 2202 ››

546 2245 617 2300 Et
637 2243 775 2298 item
800 2225 1168 2296 ad‘eumdem
1189 2239 1562 2296 Valentinum
1587 2240 1644 2295 in
1670 2241 1820 2298 libro
1842 2243 1914 2298 de
1933 2243 2131 2298 Gratia

476 2337 534 2390 et
563 2332 747 2388 libero
791 2328 1030 2386 arbitrio
1063 2329 1200 2402 (cap.
1227 2331 1281 2398 4)
1303 2347 1354 2384 :«
1387 2331 1586 2402 Itaque
1621 2335 1687 2385 ut
1723 2330 1833 2387 hoc
1862 2332 2124 2400 verbum,

476 2422 633 2496 quod
658 2437 772 2476 non
791 2419 862 2474 ab
881 2419 1156 2474 omnibus
1174 2417 1422 2490 capitur,
1438 2420 1510 2474 ab
1533 2419 1828 2492 aliquibus
1845 2421 2126 2492 capiatur,

477 2515 534 2568 et
561 2510 660 2568 Dei
685 2510 908 2565 donum
931 2512 1022 2564 est
1052 2507 1300 2564 liberum
1337 2508 1706 2564 arbitrium.»
1729 2509 1799 2565 Et
1825 2509 1960 2566 item
1986 2513 2126 2584 (cap.

476 2602 534 2669 5)
557 2617 610 2654 :«
641 2601 907 2670 Rogamus
937 2613 1007 2652 ne
1048 2598 1108 2652 in
1147 2614 1375 2652 vacuum
1407 2598 1643 2668 gratiam
1677 2599 1782 2653 Dei
1817 2600 2130 2671 suscipiatis

476 2689 553 2758 (ll
579 2688 699 2744 Cor.
735 2703 814 2753 v1,
851 2687 926 2755 1).
949 2685 1022 2742 Ut
1066 2685 1208 2758 quid
1241 2685 1397 2741 enim
1437 2702 1536 2742 eos
1566 2690 1751 2759 rogat,
1783 2687 1832 2742 si
1880 2687 2129 2760 gratiam

478 2777 561 2834 sic
585 2778 974 2848 susceperunt
996 2778 1060 2830 ut
1091 2773 1382 2847 propriam
1408 2775 1716 2847 perderent
1734 2775 2132 2833 voluntatem?

478 2868 700 2923 Tamen
728 2883 800 2921 nc
821 2863 948 2937 ipsa
967 2863 1235 2920 voluntas
1257 2863 1382 2920 sine
1402 2864 1709 2936 gratia-Dei
1735 2869 1972 2937 putetur
1990 2867 2128 2922 boni

477 2954 698 3027 aliquid
732 2969 923 3026 posse,
943 2952 1220 3009 continuo
1243 2969 1377 3008 cum
1410 2951 1689 3008 dixisset:
1717 2953 1902 3010 Gratia
1927 2956 2044 3028 ejus
2071 2958 2132 3012 in

475 3061 561 3100 me
587 3059 759 3100 vacua
795 3057 908 3099 non
961 3043 1092 3114 fuit,
1123 3040 1216 3098 sed
1253 3041 1380 3113 plus
1411 3041 1664 3098 omnibus
1692 3043 1808 3098 illis
1866 3043 2128 3112 laboravi,

482 3129 791 3203 subjunxit
822 3135 996 3203 atque
1027 3131 1110 3186 ait
1143 3147 1156 3184 :
1192 3131 1310 3186 Non
1337 3138 1519 3186 autem
1555 3147 1668 3202 ego,
1698 3131 1791 3187 sed
1818 3134 2006 3206 gratia
2034 3135 2132 3190 Dei

473 3236 687 3276 meeum
705 3218 754 3291 (ι
773 3218 1134 3290 Cor.xv,10);
1157 3217 1215 3272 id
1247 3222 1337 3274 est
1355 3235 1472 3274 non
1492 3217 1674 3290 solus,
1696 3221 1794 3274 sed
1819 3221 2002 3292 gratia
2027 3222 2125 3278 Dei

479 3324 743 3373 mecum;
775 3323 842 3362 ac
871 3323 974 3378 per
1002 3306 1112 3362 hoc
1151 3322 1258 3362 nec
1286 3307 1476 3380 gratia
1525 3308 1624 3364 Dei
1674 3307 1817 3378 solo,
1851 3326 1957 3366 nec
2005 3310 2129 3384 ipse

479 3396 662 3463 solus,
687 3395 788 3452 sed
822 3394 1008 3470 gratia
1055 3395 1156 3452 Dei
1202 3413 1334 3451 cum
1367 3395 1486 3452 illo.
1515 3419 1543 3446 »
1564 3399 1634 3452 Et
1677 3397 1817 3454 item
1848 3402 1988 3472 (cap.
2021 3400 2076 3473 6)
2112 3417 2124 3456 :

479 3507 508 3536 ‹‹
541 3485 644 3541 His
666 3483 884 3540 talibus
908 3483 1264 3540 testimoniis
1286 3484 1498 3541 divinis
1520 3486 1802 3558 probatur
1819 3489 2006 3560 gratia
2027 3489 2129 3544 Dei

478 3591 594 3630 non
627 3574 950 3630 secundum
985 3573 1196 3628 merita
1233 3577 1435 3630 nostra
1479 3575 1624 3644 dari,
1649 3576 2127 3650 quandoquidem

480 3680 598 3718 non
629 3661 818 3718 solum
853 3660 1032 3718 nullis
1065 3660 1254 3729 bonis,
1279 3678 1482 3716 verum
1513 3663 1688 3718 etiam
1721 3663 1922 3720 multis
1955 3665 2128 3721 meri-

479 3753 556 3808 tis
588 3751 760 3806 malis
782 3749 1245 3823 praecedentibus
1266 3749 1532 3806 videmus
1553 3751 1771 3816 datam,
1791 3757 1848 3808 et
1867 3753 2128 3825 quotidie

479 3840 602 3928 dari
636 3839 932 3928 videmus;
969 3839 1070 3928 sed
1098 3837 1270 3912 plane
1290 3855 1425 3894 cum
1456 3840 1593 3894 data
1622 3839 1814 3909 fuerit,
1839 3841 2129 3913 incipiunt

479 3927 606 3984 esse
635 3927 812 3984 etiam
845 3927 1053 3983 merita
1100 3931 1300 3984 nostra
1343 3928 1515 3996 bona,
1551 3945 1654 4000 per
1695 3928 1855 3984 illam
1904 3933 2124 3986 tamen.

2236 659 2554 714 possumus
2577 641 2870 710 volumus,
2891 645 2992 698 aut
3012 643 3164 714 quod
3190 659 3508 716 possumus
3528 640 3888 698 nolumus?»

2235 731 2304 786 Et
2333 730 2472 787 item
2496 731 2634 804 (cap.
2661 731 2746 803 17)
2772 749 2822 787 :«
2846 731 2921 787 Ut
2950 747 3086 805 ergo
3115 731 3364 787 velimus
3393 730 3521 787 sine
3549 729 3724 787 nobis
3754 748 3890 803 ope-

2237 822 2420 886 ratur,
2443 835 2574 875 cum
2609 823 2802 876 autem
2833 819 3126 888 volumus,
3149 825 3206 876 et
3225 819 3308 876 sic
3332 818 3607 876 volumus
3625 824 3696 876 ut
3717 819 3890 876 facia-

2237 926 2392 978 mus,
2417 909 2721 966 nobiscum
2740 914 3110 982 cooperatur;
3137 913 3335 965 tamen
3367 909 3493 965 sine
3522 907 3624 964 illo
3643 909 3732 964 vel
3755 925 3892 982 ope-

2236 1001 2399 1053 rante
2420 1001 2486 1054 ut
2511 997 2778 1067 velimus,
2805 997 2892 1054 vel
2925 1001 3268 1070 cooperante
3307 1014 3442 1053 cum
3479 996 3779 1062 volumus,
3813 997 3887 1054 ad

2236 1086 2399 1142 bonis
2433 1086 2665 1160 pietatis
2696 1105 2871 1160 opera
2899 1086 3046 1143 nihil
3076 1086 3358 1144 valemus.
3387 1109 3416 1138 »

2307 1177 2377 1230 Et
2406 1175 2544 1230 item
2578 1175 2636 1230 in
2667 1175 2816 1232 libro
2855 1175 3346 1250 Hypomnesticon
3375 1174 3539 1249 (libro
3575 1192 3663 1242 m,
3697 1191 3887 1232 versus

2235 1263 2419 1336 ﬁnem)
2441 1264 2521 1320 ita
2551 1264 2692 1320 dicit
2713 1281 2764 1320 τε(
2788 1265 2856 1320 Et
2883 1264 3074 1338 gratia
3117 1264 3368 1336 inquens
3407 1268 3465 1320 et
3504 1263 3760 1320 liberum
3794 1281 3885 1319 ar-

2236 1353 2477 1409 bitrium
2509 1355 2735 1427 peragit
2760 1354 2886 1410 sine
2908 1354 3086 1410 dubio
3121 1353 3228 1409 iter
3257 1354 3413 1409 ﬁdei.
3439 1352 3721 1410 Liberum
3737 1352 3888 1409 arbi-

2235 1441 2412 1497 trium
2445 1443 2585 1498 dum
2617 1442 2712 1498 Dei
2735 1442 3102 1499 Christianus
3128 1443 3267 1498 facit
3285 1446 3592 1515 praecepta,
3617 1442 3719 1498 sed
3745 1459 3882 1511 non,

2237 1535 2303 1586 ut
2333 1548 2512 1604 supra
2542 1531 2679 1600 dixi,
2705 1531 2830 1588 sine
2860 1531 3048 1604 gratia
3069 1531 3356 1605 dirigente
3372 1530 3462 1586 vel
3493 1531 3882 1605 gubernante.

2237 1618 2476 1692 Propter
2503 1621 2659 1694 quod
2690 1621 2833 1676 dicit
2873 1621 2931 1677 in
2974 1620 3221 1677 Psalmis
3250 1637 3263 1678 :
3295 1621 3482 1692 Dirige
3509 1621 3572 1677 ia
3601 1628 3889 1694 conspectu

2236 1715 2328 1764 tuo
2372 1710 2520 1764 viam
2565 1727 2743 1766 meam
2773 1710 2940 1783 (Psal.
2971 1728 3026 1777 ν,
3059 1711 3136 1783 9),
3169 1715 3245 1776 et,
3295 1727 3331 1766 ιι
3387 1711 3613 1766 Domino
3668 1725 3887 1780 gressus

2235 1795 2475 1854 hominis
2531 1798 2850 1870 diriguntur
2905 1801 3076 1869 (Psal.
3126 1817 3315 1867 xxxvr,
3363 1799 3476 1866 23).
3517 1801 3726 1872 Itaque
3783 1815 3886 1854 nec

2237 1886 2426 1959 gratia
2469 1887 2596 1943 sine
2653 1887 2833 1944 libero
2863 1887 3104 1944 arbitrio
3133 1887 3273 1944 facit
3323 1887 3623 1944 hominem
3672 1886 3888 1943 habere

2236 1975 2467 2030 beatam
2497 1976 2701 2043 vitam,
2734 1993 2839 2033 nec
2868 1976 3120 2034 liberum
3159 1976 3470 2033 arbitrium
3514 1976 3643 2032 sine
3672 1975 3882 2048 gratia.

2237 2063 2457 2120 Tamen
2491 2064 2762 2136 parvulos
2793 2066 2918 2122 sine
2939 2083 3048 2122 usu
3073 2065 3240 2122 liberi
3269 2063 3514 2122 arbitrii.
3529 2064 3669 2122 facit
3698 2065 3889 2138 gratia

2237 2151 2452 2210 habere
2480 2153 2711 2210 beatam
2740 2155 2953 2222 vitam;
2985 2171 3084 2212 eos
3115 2159 3311 2211 autem
3343 2154 3444 2227 qui
3479 2154 3607 2226 jam
3640 2152 3888 2210 rationis

2237 2257 2480 2314 capaces
2505 2247 2662 2311 sunt,
2683 2243 2959 2316 praevenit
2978 2247 3154 2316 atque
3173 2245 3360 2310 docet,
3380 2246 3446 2298 ut
3466 2243 3686 2299 bonum
3708 2241 3892 2299 velint

2237 2334 2295 2386 et
2321 2331 2604 2402 possint.»
2630 2333 2700 2388 Et
2730 2333 2869 2388 item
2897 2349 2944 2388 :«
2969 2333 3150 2388 Nemo
3181 2331 3260 2388 sit
3283 2331 3482 2404 segnis
3509 2335 3570 2387 et
3598 2330 3892 2387 remissus

2238 2419 2310 2474 ad
2343 2417 2710 2474 serviendum
2739 2419 2876 2490 Deo,
2902 2435 3008 2475 nec
3038 2419 3124 2475 sic
3152 2418 3224 2474 de
3250 2417 3440 2492 gratia
3463 2417 3743 2486 confidat,
3766 2421 3893 2473 tan-

2238 2523 2417 2578 quam
2439 2507 2510 2562 de
2538 2507 2718 2564 libero
2741 2507 2978 2564 arbitrio
3005 2508 3154 2580 ejus,
3177 2507 3332 2579 quod
3355 2521 3458 2579 per
3481 2509 3734 2561 mortem
3759 2503 3892 2562 Filii

2239 2595 2329 2650 sui
2363 2597 2668 2669 reparavit,
2702 2601 2760 2653 et
2789 2597 2898 2652 sibi
2931 2595 3296 2670 praeparavit,
3321 2611 3497 2668 opera
3532 2610 3647 2650 non
3691 2593 3890 2665 requi-

2239 2687 2346 2738 rat.
2374 2706 2402 2734 »
2425 2685 2494 2740 Et
2523 2686 2661 2741 item
2687 2703 2739 2740 :c
2771 2684 2958 2758 Opera
2987 2683 3156 2742 liberi
3199 2682 3421 2740 arbitrii
3463 2683 3635 2750 bona,
3659 2698 3793 2754 quae
3829 2686 3895 2738 ut

2239 2773 2384 2828 ﬁant
2414 2778 2815 2848 prteparantur
2843 2790 2946 2848 per
2973 2773 3170 2847 gratia
3202 2777 3580 2846 praeventum,
3605 2769 3790 2827 nullis
3821 2770 3892 2826 li-

2238 2860 2357 2918 beri
2381 2861 2602 2918 arbitrii
2627 2863 2874 2934 meritis,
2898 2867 2957 2919 et
2981 2861 3112 2934 ipsa
3132 2860 3396 2928 faciente,
3420 2861 3812 2934 gubernante,
3835 2864 3895 2916 et

2237 2951 2590 3024 perﬁciente.
2606 2956 2672 3008 ut
2692 2953 2990 3008 abundent
3008 2951 3070 3006 in
3096 2950 3278 3007 libero
3301 2947 3560 3014 arbitrio,
3584 2965 3702 3004 non
3725 2948 3895 3004 dam-

2237 3057 2471 3108 namus,
2485 3041 2623 3115 quia
2641 3057 2710 3097 ex
2730 3041 2822 3098 his
2836 3040 2923 3097 vel
2947 3039 3286 3121 hujusmodi
3310 3037 3578 3095 homines
3599 3035 3700 3092 Dei
3714 3037 3896 3108 justi-

2237 3129 2392 3185 ﬁcati
2425 3133 2582 3198 sunt,
2598 3131 3020 3202 justiﬁcantur,
3033 3127 3520 3201 justiﬁcabuntur
3547 3126 3606 3182 in
3629 3125 3890 3186 Christo.

2237 3217 2602 3275 Damnamus
2631 3234 2764 3274 vero
2794 3217 3134 3275 auctoritate
3164 3215 3359 3273 divina
3386 3231 3563 3288 opera
3590 3213 3762 3271 liberi
3795 3232 3892 3271 ar-

2239 3306 2398 3362 bitrii
2432 3325 2558 3380 quae
2587 3305 2786 3381 gratiae
2816 3309 3254 3380 praeponuntur,
3285 3309 3342 3362 et
3371 3323 3439 3361 ex
3474 3303 3570 3360 his
3597 3308 3894 3376 tanquam

2237 3395 2461 3452 meritis
2481 3395 2538 3450 in
2561 3395 2793 3452 Christo
2815 3395 3128 3468 justiticari
3159 3393 3537 3450 extolluntur.
3561 3391 3705 3458 Quis
3725 3391 3891 3449 enim

2237 3484 2396 3556 prior
2413 3483 2573 3540 dedit
2591 3483 2663 3552 ei,
2691 3488 2746 3539 et
2767 3483 3050 3539 retribuet
3071 3481 3197 3539 illi?
3221 3505 3248 3532 »
3269 3483 3340 3538 Et
3368 3481 3506 3538 item
3529 3497 3582 3536 εί(
3600 3481 3896 3538 Ausculta

2235 3575 2294 3627 et
2322 3571 2600 3645 intelligo,
2625 3571 2671 3627 si
2706 3577 2904 3628 tamen
2936 3587 3106 3628 aures
3133 3571 3352 3627 habeas
3381 3568 3680 3638 audiendi,
3705 3575 3768 3625 et
3785 3587 3895 3628 eor

2236 3677 2351 3716 non
2402 3661 2478 3717 sit
2522 3661 2861 3716 induratum
2917 3659 3301 3734 intelligendi.
3335 3659 3574 3732 Propter
3627 3657 3891 3716 liberum

2235 3749 2565 3818 arbitrium,
2599 3766 2713 3822 quo
2761 3750 2916 3806 bona
2942 3753 3000 3805 et
3027 3747 3184 3804 mala
3227 3752 3543 3822 operantur
3586 3747 3892 3822 homines,

2235 3838 2456 3896 dictum
2488 3843 2577 3895 est
2617 3839 2931 3911 unicuique
2963 3837 3126 3893 reddi
3157 3839 3480 3894 secundum
3528 3852 3704 3910 opera
3755 3855 3891 3894 sua.

2237 3929 2421 3986 Habet
2448 3929 2602 3984 enim
2636 3928 2811 3984 homo
2842 3926 3066 3982 malum
3111 3927 3410 3994 meritum,
3442 3943 3578 3982 cum
3606 3923 3748 3988 vitio
3781 3944 3896 3984 suo

478 4017 626 4072 Nam
648 4016 696 4070 si
721 4033 782 4072 se
807 4015 937 4087 ipsa
968 4016 1513 4084 subtraxerit,cadit
1539 4016 1734 4085 homo,
1762 4034 1874 4073 non
1897 4023 2126 4074 erectus
2226 4019 2352 4090 jam
2386 4017 2716 4090 baptizatus
2749 4015 3004 4072 declinat
3035 4033 3068 4072 a
3098 4017 3274 4083 bono,
3299 4021 3362 4071 et
3391 4015 3529 4072 facit
3557 4013 3808 4086 malum,
3835 4015 3898 4073 id

481 4105 584 4159 sed
614 4103 1008 4174 prmcipitatus
1031 4102 1214 4159 libero
1244 4103 1540 4160 arbitrio.»
1565 4107 1632 4160 Et
1663 4105 1798 4160 item
1833 4105 1889 4160 in
1922 4107 2123 4162 eodem

480 4193 636 4248 124
689 4189 838 4245 libro
897 4194 1036 4262 (cap.
1073 4191 1259 4262 14);‹‹
1292 4192 1420 4246 Haec
1476 4191 1614 4259 dixi,
1673 4197 1739 4248 ut
1789 4193 2125 4265 apostolicis

479 4277 672 4334 verbis
699 4277 949 4335 liberum
990 4277 1298 4334 arbitrium
1338 4283 1594 4336 vestrum
1625 4298 1660 4336 a
1689 4281 1842 4336 malo
1871 4281 2124 4338 deterre-

482 4383 626 4432 rem,
661 4370 719 4422 et
747 4365 1080 4422 exhortarer
1111 4366 1182 4421 ad
1215 4366 1456 4423 bonum.
1491 4368 1606 4424 Nec
1635 4372 1831 4424 tamen
1865 4368 1992 4425 ideo
2023 4371 2126 4426 de-

482 4445 633 4510 betis
665 4456 723 4510 in
756 4455 1012 4516 homine,
1038 4455 1146 4510 hoc
1177 4459 1264 4511 est
1293 4455 1352 4510 in
1381 4457 1547 4514 vobis
1578 4457 1756 4530 ipsis;
1790 4459 1890 4514 sed
1923 4458 1981 4514 in
2013 4459 2122 4514 Do-

483 4545 642 4601 mino
663 4545 957 4616 gloriari.»
979 4547 1050 4601 Et
1074 4545 1212 4601 item
1235 4561 1286 4600 :tt
1313 4546 1583 4602 Liberum
1608 4547 1846 4620 quidem
1868 4547 2124 4604 hominis

2233 4109 2342 4172 est,
2367 4122 2500 4161 cum
2550 4103 2826 4176 relinquit
2857 4104 3041 4159 Deum
3069 4107 3126 4158 et
3156 4101 3351 4176 diligit
3397 4099 3700 4168 saeculum,
3738 4101 3902 4158 sicut

2233 4193 2442 4260 fecisse
2487 4193 2728 4248 Demam
2773 4193 2852 4262 (II
2884 4193 3026 4248 Tim.
3059 4209 3137 4258 IV,
3167 4191 3227 4260 9)
3254 4196 3312 4246 et
3364 4191 3791 4262 Hermogenem
3825 4191 3906 4260 (ll

2237 4284 2370 4339 Tim.
2403 4299 2442 4349 1,
2479 4282 2588 4349 15),
2621 4284 2870 4336 testatur
2915 4279 3262 4352 Apostolus;
3297 4277 3385 4335 vel
3416 4295 3551 4334 cum
3600 4276 3782 4334 etiam
3833 4279 3900 4336 in

2233 4377 2354 4428 toto
2383 4370 2535 4429 125
2569 4387 2732 4443 apem
2763 4369 2992 4426 habens
3021 4369 3082 4424 in
3113 4367 3292 4424 variis
3324 4367 3679 4434 simulacris,
3701 4366 3901 4426 Deum

2229 4478 2432 4517 verum
2453 4475 2766 4532 agnoscere
2788 4475 2902 4514 non
2927 4458 3070 4526 vult,
3087 4473 3263 4530 quem
3282 4455 3670 4530 cognoscendi
3693 4455 3755 4511 in
3778 4457 3898 4515 hoc

2233 4548 2444 4606 smculo
2473 4547 2650 4604 habet
2697 4551 3081 4620 potestatem;
3116 4545 3166 4602 si
3198 4545 3336 4602 velit
3384 4561 3655 4601 summus
3706 4544 3898 4614 Deus,

481 4633 788 4690 arbitrium
821 4633 1092 4706 pulsatur
1117 4632 1216 4690 ubi
1251 4634 1500 4691 dicitur:
1529 4636 1693 4692 Hodie
1719 4637 1773 4692 si
1803 4653 1979 4693 vocem
2007 4639 2123 4710 eius
2175 4648 2216 4713 υ
2247 4643 2364 4696 tam
2399 4655 2500 4711 per
2529 4629 2851 4692 indebitam
2881 4635 3129 4710 gratiam
3157 4652 3271 4707 qua
3294 4633 3604 4706 justiﬁcat,
3638 4632 3902 4707 impium

479 4723 790 4788 audieritis,
828 4723 998 4779 nolite
1043 4722 1310 4780 obdurare
1355 4723 1518 4780 corda
1567 4731 1740 4780 vestra
1770 4725 1939 4797 (Psal.
1972 4743 2122 4795 χειν,

478 4811 552 4884 8).
577 4811 688 4867 Sed
723 4810 835 4866 nisi
869 4815 1068 4883 posset
1102 4812 1249 4866 Deus
1280 4812 1455 4867 etiam
1487 4812 1766 4868 duritiam
1801 4814 1993 4870 cordis
2027 4833 2130 4872 au-

477 4901 648 4966 ferre,
679 4916 792 4955 non
827 4899 1046 4956 diceret
1077 4917 1178 4971 per
1225 4900 1567 4973 praphetam
1603 4918 1616 4956 ε
1649 4902 1908 4972 Auferam
1952 4905 2020 4960 ab
2056 4908 2138 4962 eis

477 5007 568 5046 eor
596 4989 890 5062 lapideum,
927 4997 978 5045 et
1003 4989 1140 5044 dabo
1169 4991 1248 5045 eis
1277 5007 1372 5046 eor
1398 5007 1658 5046 corneum
1688 4991 1901 5063 (Ezech.
1935 5009 1998 5060 ιι,
2037 4995 2136 5072 19;

475 5080 665 5135 xxxv1‘
686 5078 838 5150 26).»
858 5077 929 5132 Et
961 5077 1102 5132 item
1141 5081 1283 5150 (cap.
1312 5077 1397 5144 15)
1419 5094 1436 5141 ,ε
1464 5099 1488 5132 α
1511 5079 1752 5150 Semper
1800 5083 1891 5135 est
1937 5086 2136 5140 autem

477 5165 537 5220 in
569 5167 738 5223 nobis
764 5166 1036 5222 voluntas
1067 5165 1270 5235 libera,
1293 5168 1394 5222 sed
1429 5184 1543 5223 non
1577 5182 1810 5238 semper
1837 5172 1926 5224 est
1956 5170 2131 5228 bona.

478 5254 592 5308 Aut
612 5255 769 5310 enim
787 5253 1075 5327 ajustitia
1093 5253 1277 5310 libera
1299 5259 1407 5322 est,
1427 5256 1662 5328 quando
1684 5256 1858 5310 servit
1873 5263 2133 5329 peccato,

479 5343 536 5395 et
565 5344 703 5394 tunc
735 5347 825 5398 est
859 5343 1048 5412 mala;
1081 5348 1185 5398 aut
1214 5361 1248 5398 a
1281 5348 1518 5416 peccato
1548 5343 1734 5398 libera
1763 5349 1874 5410 est,
1897 5349 2134 5418 quando

483 5428 942 5500 servitjustitiie,
976 5437 1033 5487 ct
1074 5437 1214 5488 tunc
1264 5438 1352 5487 est
1397 5434 1571 5488 bona.
1605 5433 1802 5488 Gratia
1850 5452 1984 5492 vero
2031 5439 2130 5496 Dei

483 5533 712 5588 semper
729 5523 820 5573 est
844 5519 1014 5588 bona,
1041 5526 1098 5576 et
1119 5539 1222 5594 per
1252 5521 1403 5576 hanc
1426 5522 1508 5590 ﬁt,
1533 5525 1599 5576 ut
1629 5520 1704 5575 sit
1734 5521 1906 5579 homo
1933 5526 2133 5584 volun-

482 5605 620 5662 tatis
647 5605 834 5673 bonie,
867 5607 967 5678 qui
1009 5608 1172 5680 prius
1223 5609 1335 5666 fuit
1383 5607 1699 5666 voluntatis
1750 5611 1934 5668 malae.
1968 5618 2128 5674 Tunc

483 5694 638 5751 enim
671 5694 810 5752 utile
840 5699 928 5750 est
949 5695 1094 5752 velle
1115 5714 1247 5754 cum
1274 5714 1612 5770 possumus,
1635 5701 1691 5753 et
1713 5703 1851 5754 tunc
1877 5701 2015 5759 utile
2037 5711 2127 5762 est

2237 4729 2480 4796 salvare,
2506 4741 2682 4798 quam
2727 4724 2904 4781 etiam
2947 4741 3080 4780 cum
3115 4741 3176 4779 se
3205 4722 3414 4780 avertit
3453 4721 3681 4795 judicio
3722 4723 3902 4794 justo

2247 4819 2530 4877 traditum
2561 4815 2618 4870 in
2640 4813 2951 4886 reprobum
2975 4830 3216 4870 sensum
3241 4813 3434 4868 futuro
3457 4811 3736 4885 gehennae
3759 4829 3905 4886 sup-

2247 4905 2419 4979 plicio
2450 4917 2760 4970 reservare,
2789 4905 2856 4956 ut
2884 4901 3090 4956 reddat
3116 4899 3167 4956 ei
3198 4901 3522 4956 secundum
3553 4915 3730 4972 Opera
3759 4917 3901 4957 sua.

2249 4995 2435 5052 Habet
2462 4989 2846 5046 nihilominus
2866 5003 2924 5044 et
2951 4989 3171 5046 bonum
3193 4989 3490 5058 meritum,
3513 5005 3647 5044 cum
3680 4988 3740 5042 in
3773 5005 3908 5044 om-

2247 5083 2422 5140 nibus
2451 5079 2648 5154 gratiie
2680 5079 2778 5134 Dei
2811 5078 2964 5134 bona
3001 5077 3061 5133 in
3103 5095 3165 5134 se
3201 5078 3463 5151 operanti
3497 5094 3611 5134 non
3643 5075 3900 5148 resistit,

2246 5173 2345 5229 sed
2369 5172 2704 5242 cooperator
2723 5167 2977 5224 existit.»
3000 5168 3066 5222 Et
3095 5167 3235 5223 item
3261 5185 3311 5224 ει(
3336 5167 3449 5224 Sed
3471 5167 3558 5222 ais
3580 5164 3724 5222 mihi
3748 5167 3906 5239 quia

2247 5260 2432 5317 oculis
2469 5256 2736 5314 haeretico
2783 5255 2979 5312 dolore
3023 5256 3298 5329 turbatis,
3330 5255 3631 5312 intendere
3685 5253 3902 5314 lumen

2244 5347 2502 5406 veritatis
2535 5364 2649 5402 non
2680 5349 2862 5417 potes,
2889 5348 2944 5400 et
2966 5345 3193 5401 nullum
3220 5351 3310 5402 est
3339 5362 3578 5418 prorsus
3607 5344 3903 5402 meritum

2243 5439 2486 5512 propriae
2517 5434 2855 5492 voluntatis.
2885 5433 2942 5490 Si
2986 5434 3286 5491 discernes
3328 5434 3480 5490 inter
3524 5431 3901 5490 voluntatem

2241 5532 2297 5584 et
2326 5526 2576 5600 gratiam
2609 5526 2716 5578 est.
2748 5521 2895 5577 Audi
2927 5539 3062 5596 ergo
3095 5523 3381 5580 breviter:
3413 5522 3662 5594 Propriae
3689 5521 3907 5578 volun-

2241 5617 2378 5672 tatis
2405 5618 2545 5670 tunc
2575 5615 2665 5668 est
2696 5609 2972 5667 meritum
3003 5612 3246 5680 bonum,
3279 5613 3514 5686 quando
3549 5609 3750 5684 gratiae
3782 5610 3904 5666 do-

2239 5722 2382 5763 num
2427 5701 2703 5776 precedit
2741 5699 3207 5774 uniuscujusque
3244 5701 3620 5768 voluntatem,
3653 5703 3712 5756 et
3751 5717 3903 5774 ope-
