4020 6462
504 399 614 468 191

1429 408 1816 470 ῙΠΝΟΜΑΗῙ
1864 410 1904 469 Β
1919 409 2078 469 llEM
2093 409 2310 471 l'INSIS
2351 411 2395 470 A
2411 413 2969 478 RCHlEPlSCOPl.

3784 413 3901 477 192

3013 503 3058 536 ’δ

500 539 776 604 lestinnm
799 540 992 604 dictis,
1018 541 1091 597 ad
1113 541 1434 615 exponendi
1464 542 1726 598 ordinem
1748 543 2074 599 redeamus.
2105 565 2134 595 »
2165 552 2221 618 Α
2249 544 2469 601 trium?
2497 549 2554 602 et
2583 547 2712 604 ideo
2741 566 2854 604 non
2885 553 2975 606 est
3003 564 3388 623 personarum
3429 547 3689 621 acceptio
3739 549 3902 620 apud

569 637 639 692 Et
669 637 914 709 Prosper
932 636 992 691 in
1013 635 1258 706 epistola
1279 635 1349 688 ad
1374 634 1648 688 Ruﬁnum
1682 633 1752 687 de
1779 632 1976 687 Gratia
1995 637 2051 687 et
2071 633 2142 688 de

499 726 683 783 libero
713 725 964 781 Arbitrio
999 742 1062 780 :«
1097 725 1236 791 Quis
1267 723 1546 793 ambigat,
1583 722 1794 794 inquit,
1827 726 1967 776 tunc
1997 721 2140 776 libe-

498 833 630 872 rum
663 815 970 872 arbitrium
1003 811 1382 870 cohortationi
1413 812 1674 866 vocantis
1721 811 1973 878 obedire,
2005 827 2141 864 cum

497 907 559 961 in
592 906 690 961 illo
720 905 907 977 gratia
955 904 1052 959 Dei
1108 904 1378 958 affectum
1411 901 1682 956 credendi
1716 899 2139 971 obediendique

498 994 894 1068 generaverit?
921 1018 948 1042 ››
979 995 1049 1048 Et
1074 993 1212 1048 item
1247 991 1409 1058 :«Qui
1444 991 1710 1060 credunt,
1747 989 1840 1044 Dei
1882 993 2142 1060 aguntur

499 1083 738 1156 spiritu;
773 1081 871 1154 qui
905 1097 1019 1135 non
1051 1081 1314 1149 credunt,
1366 1078 1547 1132 libero
1595 1081 1937 1132 avertuntur
1983 1076 2136 1130 arbi-

499 1175 631 1230 trio.
669 1197 696 1222 »
727 1174 795 1227 Et
847 1171 1032 1226 item:
1068 1170 1310 1224 «Omne
1361 1169 1514 1239 quod
1564 1184 1678 1221 non
1733 1170 1822 1220 est
1877 1183 1944 1220 ex
2003 1165 2136 1234 ﬁde,

497 1265 799 1335 peccatum
834 1262 1012 1325 est,ut
1041 1258 1261 1314 scilicet
1289 1257 1582 1327 intelligas
1603 1255 1898 1326 justitiam
1933 1255 2136 1309 inlicie-

498 1351 644 1408 lium
678 1369 792 1407 non
826 1366 952 1405 esse
973 1347 1294 1422 justitiam,
1327 1345 1466 1418 quia
1515 1345 1710 1400 sordet
1759 1347 1968 1398 natura
2012 1344 2137 1398 sine

497 1441 704 1516 gratia.
736 1439 968 1494 Amissa
1011 1438 1225 1509 quippe
1274 1434 1521 1490 naturali
1573 1433 1927 1497 innocentia,
1962 1432 2136 1487 homo

495 1531 658 1588 exsul
688 1547 753 1585 ac
786 1527 1069 1600 perditus,
1091 1525 1400 1581 ambulans
1431 1523 1554 1578 sine
1587 1522 1697 1588 via,
1732 1521 2135 1594 profundiores

497 1622 754 1676 intrabat
811 1633 1062 1682 errores;
1125 1616 1224 1669 sed
1282 1613 1584 1686 qmesitus,
1636 1613 1694 1666 et
1753 1611 2042 1678 inventus,
2078 1614 2136 1664 et

494 1714 824 1784 reportatus
854 1711 960 1768 est.
1009 1710 1066 1760 et
1113 1705 1170 1758 in
1211 1704 1302 1758 via
1349 1721 1475 1774 quin
1519 1701 1732 1756 veritas
1780 1705 1836 1756 et
1882 1701 2001 1755 vita
2048 1703 2137 1754 est

490 1792 882 1864 introductus,
915 1812 981 1851 ac
1012 1793 1320 1848 dilectione
1351 1791 1409 1845 in
1443 1795 1643 1856 Deum,
1678 1788 1777 1860 qui
1813 1788 1975 1843 illum
2018 1805 2133 1843 non

490 1889 830 1960 diligentem
882 1884 1040 1957 prior
1087 1882 1306 1949 dilexit,
1359 1880 1594 1981 agnitus
1642 1883 1750 1984 est;
1789 1901 1816 1927 ››
1847 1879 1916 1934 Et
1945 1879 2084 1933 item
2119 1895 2130 1932 :
2167 1919 2214 1984 B

491 2003 519 2028 ‹‹
554 1977 754 2034 Gratia
783 1974 962 2042 igitur
991 1972 1116 2037 Dei,
1147 1987 1527 2043 quoscunque
1561 1968 1870 2040 justiﬁcat,
1899 1985 2014 2022 non
2067 1977 2136 2022 ex‘

492 2066 662 2122 bonis
694 2063 1093 2128 meliores,sed
1126 2078 1194 2116 ex
1224 2059 1395 2114 malis
1425 2059 1608 2113 bonos
1641 2057 2008 2129 facit,postea
2035 2075 2138 2129 per

493 2157 817 2230 profectum
851 2170 918 2208 ex
941 2150 1110 2207 bonis
1142 2150 1366 2204 factura
1394 2147 1682 2212 meliores,
1719 2165 1832 2202 non
1863 2147 2134 2219 adempto

492 2247 674 2302 libero
731 2242 991 2306 arbitrio,
1054 2239 1152 2294 sed
1203 2238 1481 2305 liberato;
1544 2238 1697 2308 quod
1769 2237 1952 2291 donec
2008 2236 2134 2292 sine

491 2337 608 2393 Deo
659 2333 851 2390 solum
901 2329 1033 2398 fuit,
1084 2331 1380 2382 mortuum
1428 2325 1538 2380 fuit
1578 2325 1844 2397 justitiae,
1877 2325 2133 2397 vixitque

491 2428 755 2498 peccato;
816 2418 914 2476 ubi
974 2420 1167 2473 autem
1219 2416 1275 2470 id
1337 2415 1688 2470 illuminavit
1735 2415 2135 2471 misericordia

491 2513 728 2578 Christi,
761 2513 993 2566 erutum
1025 2510 1112 2562 est
1140 2523 1173 2560 a
1200 2522 1376 2576 regno
1408 2503 1644 2570 diaboli,
1688 2507 1745 2559 et
1793 2505 2011 2560 factum
2045 2508 2134 2560 est

491 2617 736 2675 regnum
766 2597 888 2654 Dei.
941 2601 1006 2650 In
1057 2612 1170 2666 quo
1221 2599 1284 2648 ut
1330 2610 1668 2665 permanere
1713 2593 1917 2665 possit,
1951 2610 2022 2647 ne
2066 2611 2135 2649 ea

492 2692 729 2766 quidem
762 2686 1040 2744 facultate
1082 2683 1300 2740 sufﬁcit
1345 2681 1482 2749 sibi,
1530 2679 1640 2736 τιίεί
1693 2681 1827 2736 inde
1885 2681 2134 2754 accipiat

489 2775 1004 2855 perseverantiam,
1039 2774 1192 2830 unde
1223 2771 1445 2842 accepit
1475 2771 1846 2826 industriam.
1883 2793 1910 2818 »

557 2871 628 2925 Et
657 2869 794 2924 item
826 2868 1068 2922 sanctus
1097 2861 1459 2935 Augustinus
1478 2859 1536 2914 in
1559 2859 1705 2915 libro
1723 2859 2130 2932 llypomnesti-

491 2977 598 3017 con
639 2958 760 3027 (lib.
797 2955 880 3028 In)
917 2971 930 3010 :
967 2977 993 3004 ‹‹
1029 2951 1087 3009 Si
1121 2952 1400 3006 attendas
1449 2950 1520 3004 ad
1573 2953 1873 3021 peccatum
1915 2948 2130 3020 primo-

486 3066 616 3106 rum
649 3045 1097 3114 hominum,qno
1131 3057 1328 3096 massa
1348 3037 1592 3094 immani
1613 3038 1841 3109 generis
1865 3038 2130 3093 damnari

487 3134 868 3208 meruit,quia
897 3132 1220 3187 secundum
1245 3127 1648 3184 testimonium
1672 3127 1832 3182 Pauli
1858 3127 2126 3198 apostoli,

485 3244 554 3285 ea;
610 3241 718 3280 uno
776 3237 958 3279 omnes
1012 3222 1071 3274 in
1129 3217 1635 3274 condemnationem
1690 3218 1861 3283 (Rom.
1912 3234 1968 3283 v,
2021 3218 2128 3286 16),

2250 633 2526 690 Deum.In
2557 637 2715 692 omni
2747 637 2944 711 itaque
2973 655 3145 712 Opere
3171 643 3374 695 sancto
3398 635 3556 710 prior
3583 640 3674 693 est
3702 637 3906 693 volun-

2250 725 2340 777 tas
2386 723 2506 791 Dei,
2559 727 2846 797 posterior
2874 727 3042 784 liberi
3091 727 3336 795 arbitrii,
3381 725 3442 782 id
3487 729 3577 781 est
3623 729 3906 798 operatur

2250 811 2776 886 Deus,cooperatur
2795 815 3024 872 homo.»
3057 817 3127 872 Et
3156 816 3328 889 plura
3355 815 3490 884 alia,
3525 832 3652 888 quae
3683 815 3737 870 si
3769 814 3906 888 quis

2249 899 2480 970 plenius
2511 902 2657 958 scire
2686 903 3231 973 voluerit,eumdem
3259 904 3475 960 librum
3497 920 3569 960 ex
3587 903 3798 960 ordine
3824 919 3909 960 re-

2251 987 2422 1060 legat,
2445 990 2506 1046 in
2537 1008 2654 1064 quo
2688 993 2873 1049 multa
2903 993 3151 1050 miriﬁca
3179 998 3235 1050 et
3265 993 3538 1050 miranda
3565 997 3671 1049 aut
3693 1009 3908 1066 cogno-

2249 1094 2407 1133 scere
2438 1085 2540 1135 aut
2571 1097 2980 1155 recognoscere
3010 1083 3244 1139 valebit.

2319 1168 2389 1222 Et
2419 1174 2656 1226 sanctus
2688 1171 3036 1228 Cwlestinus
3067 1173 3126 1227 in
3157 1169 3557 1228 Decretalibus
3587 1187 3659 1228 ex
3708 1171 3901 1228 verbis

2249 1255 2569 1312 Innocentii
2600 1277 2759 1332 papae
2791 1260 2931 1332 (post
2963 1263 3117 1333 epist.
3150 1262 3204 1328 8)
3259 1275 3272 1315 :
3327 1283 3356 1310 ‹‹
3407 1259 3684 1316 Liberum
3715 1259 3897 1328 enim,

2246 1343 2776 1416 inquit,arbitrium
2808 1351 3035 1422 primus
3065 1349 3240 1405 homo
3269 1365 3584 1422 perpessus
3604 1349 3752 1404 dum
3773 1349 3900 1405 suis

2243 1431 2637 1492 inconsultius
2669 1437 2853 1493 utitur
2872 1439 3282 1505 bonis,cadens
3307 1437 3368 1492 in
3400 1437 3900 1510 praevaricationis

2244 1522 2535 1593 profunda
2579 1525 2872 1583 dimersns
2927 1531 3034 1594 est,
3085 1532 3142 1583 et
3197 1525 3344 1582 nihil
3391 1527 3898 1598 quemadmodum

2244 1611 2449 1667 exinde
2480 1629 2716 1685 surgere
2747 1620 2944 1687 posset
2973 1615 3211 1683 invenit,
3245 1632 3469 1688 suaque
3518 1615 3578 1670 in
3609 1620 3896 1672 mternum

2244 1697 2511 1756 libertate
2542 1703 2840 1775 deceptus,
2866 1705 3004 1760 huic
3035 1704 3217 1760 ruinae
3249 1703 3645 1776 subjacuisset
3663 1720 3902 1777 oppres-

2245 1805 2366 1854 sus,
2403 1789 2516 1845 nisi
2547 1808 2680 1846 eum
2712 1797 2843 1864 post
2863 1792 3076 1848 Christi
3101 1809 3204 1865 pro
3234 1809 3341 1848 sua
3362 1791 3553 1865 gratia
3581 1792 3901 1849 relevasset

2246 1878 2548 1947 adventus,
2579 1881 2677 1952 qui
2711 1898 2814 1953 per
2844 1898 3000 1937 novae
3034 1881 3489 1954 regenerationis
3535 1880 3897 1954 puriﬁcatio-

2246 1982 2379 2020 nem
2408 1969 2764 2037 przeteritum
2799 1986 2972 2026 omne
3003 1969 3210 2026 vitium
3239 1970 3329 2026 sui
3353 1969 3731 2042 baptismatis
3749 1969 3898 2027 lava-

2245 2071 2341 2109 cro
2372 2058 2659 2128 purgavit.
2698 2080 2724 2106 »
2758 2059 2900 2114 Item
2935 2074 2948 2115 :
2983 2080 3010 2109 ι(
3039 2060 3284 2115 Adverte
3312 2059 3572 2127 tandem,
3605 2076 3641 2114 ο
3683 2076 3892 2131 prava-

2244 2160 2377 2198 rum
2425 2146 2712 2202 mentinm
2771 2165 3042 2219 perversa
3088 2149 3374 2214 doctrina,
3421 2148 3576 2220 quod
3629 2147 3893 2220 primum

2243 2231 2540 2289 hominem
2571 2235 2652 2290 ita
2682 2235 2920 2292 libertas
2949 2237 3078 2310 ipsa
3108 2236 3353 2309 decepit,
3386 2240 3451 2293 ut
3495 2237 3640 2292 dum
3689 2235 3892 2293 indul-

2241 2323 2474 2394 gentius
2505 2325 2685 2380 frenis
2715 2327 2842 2397 ejus
2869 2325 3139 2394 utitur,in
3172 2325 3708 2398 praevaricationem
3747 2343 3891 2393 pras-

2241 2413 2578 2484 sumptione
2610 2415 3032 2471 incideret.Nec
3062 2432 3129 2471 ex
3159 2414 3267 2470 hac
3298 2413 3490 2488 potuit
3517 2415 3664 2482 erui,
3689 2413 3810 2471 nisi
3841 2415 3892 2472 ei

2241 2501 2603 2572 providentia
2622 2503 3074 2575 regenerationis
3086 2508 3305 2560 statum
3317 2503 3579 2576 pristina:
3599 2503 3894 2560 libertatis

2241 2589 2454 2645 Christi
2488 2592 2719 2647 Domini
2751 2594 3125 2650 reformasset
3154 2594 3457 2650 adventus.
3477 2615 3503 2642 »
3525 2593 3596 2648 Et
3627 2597 3767 2666 post
3786 2593 3892 2649 ali-

2241 2685 2462 2751 quanta
2492 2696 2504 2734 :
2532 2703 2559 2731 «
2595 2684 2887 2754 Quotquot
2913 2681 3069 2738 enim
3102 2682 3311 2755 spiritu
3364 2681 3466 2738 Dei
3513 2685 3798 2755 aguntur,
3832 2681 3894 2738 hi

2241 2768 2345 2823 ﬁlii
2395 2773 2532 2825 sunt
2587 2771 2703 2838 Dei,
2736 2776 2802 2826 ut
2854 2789 2959 2829 nec
3008 2777 3278 2827 nostrum
3329 2771 3531 2826 deesse
3561 2770 3897 2827 sentiamus

2240 2858 2634 2931 arbitrium,et
2661 2859 2719 2916 in
2742 2861 2910 2917 bonis
2929 2861 3260 2934 quibusque
3275 2859 3593 2916 voluntatis
3609 2859 3894 2916 humana:

2239 2947 2488 3020 singulis
2519 2948 2774 3005 motibus
2805 2951 2993 3022 magis
3013 2949 3174 3006 illius
3191 2949 3380 3006 valere
3402 2965 3518 3006 non
3539 2947 3895 3006 dubitemus

2239 3037 2581 3094 auxilium.»
2611 3040 2681 3094 Et
2705 3043 2835 3111 post
2865 3039 3166 3112 aliquanta
3196 3055 3248 3094 τα
3261 3038 3423 3105 Quod
3445 3037 3647 3109 utique
3668 3037 3898 3095 auxilio

2239 3133 2297 3185 et
2327 3144 2567 3184 munere
2599 3128 2698 3184 Dei
2731 3145 2846 3184 non
2878 3129 3139 3184 aufertur
3165 3127 3417 3184 liberum
3447 3125 3899 3197 arbitrium,eed

2238 3217 2539 3284 liberatur,
2573 3221 2638 3272 ut
2667 3217 2738 3272 de
2768 3217 3076 3274 tenebroso
3107 3217 3392 3284 lucidum,
3433 3217 3504 3272 de
3553 3233 3732 3289 pravo
3767 3234 3896 3274 rec-

487 3313 704 3390 poteris
732 3326 1043 3384 agnoscere
1064 3307 1290 3380 judicia
1321 3305 1416 3362 Dei
1445 3323 1572 3361 esse
1595 3306 1948 3376 justissima.
1984 3307 2124 3362 Inde
2159 3286 2202 3354 Ο
2242 3310 2390 3375 tum,
2425 3307 2494 3361 de
2522 3305 2800 3378 languido
2831 3321 3064 3372 sanum,
3096 3305 3168 3362 de
3198 3286 3573 3378 imprudente
3596 3305 3676 3360 sit
3695 3305 3898 3377 provi-

487 3409 576 3463 est
605 3402 759 3459 enim
784 3398 1007 3455 malum
1031 3397 1304 3452 meritum
1333 3394 1388 3448 in
1421 3394 1840 3462 omnibus,tam
1873 3394 2129 3466 parvulis

486 3508 664 3566 quam
697 3485 1038 3560 majoribus,
1073 3483 1402 3556 praecedens
1435 3481 1660 3551 judicia
1707 3480 1829 3546 Dei,
1863 3484 1928 3534 ut
1965 3481 2127 3552 justo

487 3583 614 3654 ejus
637 3577 861 3651 judicio
893 3573 1344 3648 puniantur.»Et
1374 3571 1532 3636 item,
1559 3594 1585 3620 ‹‹
1619 3569 1767 3625 Audi
1799 3574 1994 3625 tamen
2027 3570 2126 3625 ad-

485 3672 600 3728 huc
630 3667 1002 3734 calcatius,ut
1031 3664 1101 3720 ad
1135 3660 1495 3736 pr0positum
1517 3659 1834 3732 superioris
1863 3659 2125 3730 disputa-

482 3760 658 3818 tionis
687 3759 1060 3822 revertamur,
1096 3752 1234 3826 quia
1263 3751 1437 3806 homo
1468 3748 1806 3805 vulneratur
1833 3747 2014 3803 libero
2035 3765 2125 3802 ar-

482 3850 654 3906 bitrio
687 3865 788 3920 per
816 3846 948 3900 Adae
982 3846 1308 3915 peccatum,
1360 3839 1486 3895 sine
1539 3837 1728 3912 gratia
1774 3837 1873 3892 Dei
1915 3854 2018 3908 per
2065 3854 2126 3892 se

481 3941 671 3998 solum
703 3952 911 3993 sanare
943 3951 1002 3989 se
1029 3950 1142 3986 non
1177 3933 1384 4003 potest,
1410 3946 1514 3984 nec
1555 3932 1761 3999 sponte
1792 3927 1861 3981 ad
1896 3925 2124 3998 paradi-

481 4047 612 4084 sum
644 4023 850 4082 reverti
882 4025 1216 4078 sanctornm
1250 4034 1492 4074 numero
1526 4016 1968 4082 sociandus,nec
1990 4032 2124 4069 cum

479 4115 726 4188 gratiam
759 4110 984 4167 meritis
1011 4108 1148 4163 ullis
1179 4106 1567 4177 aceiperc,scd
1598 4109 1786 4160 totum
1821 4121 1929 4158 sua
1957 4103 2126 4158 mise-

481 4201 730 4260 ricordia
758 4201 942 4254 Deum
976 4212 1313 4270 peragere.»
1347 4195 1416 4248 Et
1447 4194 1516 4248 de
1547 4193 1845 4248 vulnerato
1877 4209 1942 4247 ac
1961 4193 2124 4247 semi-

478 4295 598 4349 vivo
628 4291 811 4346 relicto
841 4289 991 4356 (Luc.
1023 4303 1078 4351 x,
1103 4284 1191 4355 30)
1225 4283 1546 4338 secundum
1581 4281 1918 4354 parabolam
1951 4297 2122 4336 evan-

477 4381 726 4454 geticam
751 4377 966 4433 ibidem
989 4375 1234 4445 loquens
1258 4372 1440 4428 isdem
1484 4375 1724 4426 sanctus
1759 4369 2124 4440 Augustinus

477 4467 784 4541 subjungit
798 4484 810 4521 :
823 4465 1026 4520 «Recte
1044 4461 1236 4517 dictus
1249 4465 1336 4514 cst
1349 4459 1682 4526 semivivus;
1700 4458 1952 4513 habebat
1967 4457 2122 4512 enim

479 4557 714 4614 vitalem
737 4558 980 4620 motum,
1001 4551 1153 4607 I28
1186 4551 1240 4604 id
1273 4554 1363 4604 est
1387 4548 1636 4604 liberum
1668 4545 1975 4602 arbitrium
1997 4544 2122 4600 vul-

2238 3396 2513 3451 dum.»Et
2541 3393 2678 3449 item
2710 3399 2947 3450 sanctus
2978 3395 3224 3467 Prosper
3253 3393 3311 3448 in
3343 3391 3590 3466 epistola
3615 3393 3687 3448 ad
3723 3394 3896 3450 Ruﬁ-

2237 3501 2379 3539 num
2415 3501 2428 3537 :
2463 3506 2491 3532 «
2523 3483 2592 3538 Et
2622 3487 2687 3538 nt
2719 3483 2905 3556 magis
2954 3484 3316 3556 probaretur,
3365 3480 3576 3554 inquit,
3627 3480 3896 3540 liberum

2237 3572 2541 3628 arbitrium
2575 3571 2720 3626 nihil
2751 3588 2920 3642 posse
2942 3571 3068 3628 sine
3093 3569 3402 3642 gratia,cui
3425 3569 3649 3626 dictum
3671 3570 3896 3639 fuerat,

2238 3661 2506 3732 Conﬁrma
2537 3661 2732 3726 fratres
2759 3668 2894 3726 tuos,
2928 3668 2978 3716 et
3005 3676 3135 3731 roga
3163 3675 3234 3715 ne
3262 3661 3478 3716 intretis
3526 3660 3588 3714 in
3637 3663 3898 3717 ten-tatio-

2235 3767 2359 3804 nem
2408 3751 2558 3817 (Luc.
2604 3766 2740 3817 xxn,
2789 3750 2900 3818 32),
2953 3747 3172 3820 quique
3233 3747 3633 3820 responderat,
3701 3753 3899 3822 utque

2235 3857 2303 3894 ex
2334 3839 2512 3893 libero
2557 3836 2816 3905 arbitrio,
2868 3838 3112 3902 Domine,
3163 3845 3336 3893 tecum
3386 3845 3615 3910 paratus
3662 3852 3794 3893 sum
3843 3848 3902 3896 et

2236 3930 2296 3983 in
2326 3943 2594 3982 carcerem.
2621 3935 2672 3982 et
2697 3927 2758 3981 in
2788 3934 3010 3982 mortem
3035 3929 3138 3994 ire,
3157 3927 3344 3982 eidem
3374 3925 3709 3998 praedicitur
3729 3930 3896 4000 quod

2234 4017 2398 4088 prius
2430 4033 2608 4087 quam
2639 4014 2830 4086 gallus
2861 4020 3072 4082 cantet,
3095 4019 3181 4071 ter
3211 4015 3526 4071 Dominum
3558 4020 3898 4088 negaturus

2235 4105 2336 4172 sit;
2371 4105 2522 4176 quod
2558 4103 2695 4175 quid
2729 4108 2817 4159 est
2845 4103 3004 4160 aliud
3021 4120 3199 4176 quam
3217 4105 3372 4176 quod
3395 4104 3454 4159 in
3479 4104 3592 4160 ﬁde
3609 4104 3890 4160 defectu-

2235 4211 2335 4248 rus
2367 4191 2484 4247 sit?
2517 4214 2544 4240 »
2577 4191 2645 4246 Et
2674 4191 2813 4246 item
2849 4191 3182 4248 :«Nimium
3213 4209 3344 4248 vero
3377 4192 3896 4264 inepte,niminm-

2235 4299 2346 4354 que
2377 4280 2802 4336 inconsiderate
2815 4281 2886 4336 ab
2901 4281 3346 4337 adversantibus
3366 4281 3768 4353 dicitur,quod
3789 4299 3899 4356 per

2233 4371 2384 4425 hanc
2416 4368 2513 4424 Dei
2547 4367 2795 4441 gratiam
2820 4369 3001 4425 libero
3019 4369 3166 4425 nihil
3187 4369 3554 4442 relinquatur
3580 4369 3892 4428 arbitrio.»

2233 4460 2303 4514 Et
2334 4463 2465 4530 post
2494 4474 2680 4529 pauca
2712 4475 2725 4512 :
2752 4480 2780 4508 ‹‹
2812 4459 3058 4514 Proinde
3088 4459 3390 4531 homo,qui
3422 4458 3604 4515 libero
3638 4459 3894 4517 arbitrio

2234 4549 2386 4604 129
2434 4546 2543 4602 fuit
2585 4547 2798 4614 malus,
2834 4548 2892 4602 in
2925 4549 3050 4620 ipso
3086 4547 3268 4604 libero
3299 4548 3540 4604 arbitrio
3569 4549 3767 4604 factus
3797 4555 3898 4607 est

483 4651 770 4711 neratum,
806 4643 958 4716 quod
991 4641 1039 4695 ei
1075 4639 1266 4695 solum
1308 4638 1378 4693 ad
1427 4643 1701 4692 aeternam
1733 4635 1909 4690 vitam
1943 4651 2120 4707 quam
2151 4657 2199 4721 D
2233 4638 2421 4693 bonus
2445 4653 2458 4690 ε
2479 4637 2578 4692 sed
2611 4653 2714 4708 per
2743 4653 2804 4692 se
2835 4637 3158 4709 malus,per
3186 4637 3369 4693 Deum
3402 4637 3720 4710 bonus,qui
3745 4655 3894 4696 eum

483 4734 816 4810 perdiderat
841 4729 1027 4785 redire
1057 4746 1172 4784 non
1205 4727 1588 4782 sufficiebat.»
1613 4725 1683 4780 Et
1711 4725 1851 4780 item
1877 4741 1890 4779 :
1915 4747 1941 4773 ‹‹
1974 4724 2118 4778 Cum

482 4829 680 4882 autem
711 4820 995 4892 acceperit
1025 4817 1296 4890 spiritum
1321 4813 1687 4881 Domini,erit
1709 4813 1764 4868 in
1789 4831 1854 4868 eo
1883 4812 2121 4868 libertas

481 4916 550 4972 ad
585 4910 941 4985 capessenda
971 4905 1196 4962 Domini
1234 4909 1536 4977 princepta,
1572 4903 1709 4974 quia
1745 4903 1840 4956 ubi
1879 4901 2120 4974 spiritus

480 5001 733 5069 Domini,
768 4999 846 5054 ibi
880 4996 1142 5051 libertas.
1179 5019 1205 5043 »
1237 4995 1306 5049 Et
1354 4997 1484 5065 post
1534 4992 1833 5064 aliquanta
1866 5008 1879 5046 :
1917 5013 1945 5042 «
1977 4992 2122 5056 Quia

481 5109 613 5146 cum
648 5089 748 5144 Dei
781 5083 1180 5142 misericordia
1229 5100 1290 5138 se
1342 5080 1722 5153 prazveuieute
1759 5079 1878 5151 agit
1905 5085 1962 5135 et
1999 5081 2123 5152 ipse

483 5179 627 5235 satis
659 5197 760 5250 per
791 5177 1039 5232 liberum
1071 5170 1471 5235 arbitrium,ut
1503 5170 1846 5238 mundetur;
1884 5169 2007 5224 sola
2028 5187 2127 5226 au-

483 5271 600 5322 tem
633 5267 924 5321 voluntate
973 5280 1081 5319 sua
1109 5261 1156 5317 si
1191 5262 1524 5332 prmsumat,
1559 5257 1830 5312 mundari
1871 5276 1984 5313 non
2017 5275 2123 5330 po-

483 5358 665 5411 test.»
689 5357 757 5408 Et
784 5354 937 5410 idem
971 5371 984 5407 :
1025 5376 1050 5401 ››
1081 5350 1304 5416 Quibus
1335 5347 1487 5402 enim
1521 5346 1734 5400 dicitur
1763 5347 1819 5400 in
1853 5345 2116 5418 psalmis,

485 5444 598 5499 nisi
631 5442 876 5497 liberum
901 5441 1206 5497 arbitrium
1233 5436 1582 5492 habentibus
1617 5453 1629 5490 :
1662 5438 1854 5502 Venite,
1879 5437 2119 5506 ﬁtii,au-

485 5531 594 5588 dite
622 5547 728 5596 me,
761 5533 1005 5586 timorem
1035 5529 1253 5585 Domini
1297 5527 1486 5581 docebo
1537 5525 1662 5579 vos?
1710 5527 1879 5593 (Psal.
1925 5543 2118 5593 xxxm,

490 5620 905 5690 12).Q.uomodo
923 5623 1116 5674 autem
1137 5616 1451 5688 unicuique
1469 5615 1787 5669 secundum
1813 5632 1920 5669 sua
1950 5633 2124 5686 opera

486 5710 824 5775 redderetur
854 5707 911 5762 in
943 5707 1033 5762 die
1057 5706 1288 5778 judicii,
1324 5703 1432 5758 nisi
1480 5701 1726 5759 liberum
1777 5709 1924 5759 esset
1979 5705 2125 5760 arbi-

2230 4727 2312 4782 ita
2331 4726 2389 4780 in
2411 4725 2580 4780 illum
2604 4723 2887 4782 initialem
2902 4726 3181 4782 honorem.
3202 4725 3314 4782 alio
3331 4725 3498 4782 initio
3520 4727 3891 4796 reformavit,

2230 4819 2295 4870 ut
2327 4815 2378 4869 ei
2413 4831 2524 4869 non
2552 4812 2741 4870 solum
2764 4814 2998 4887 culpam
3027 4814 3193 4869 mala:
3213 4815 3533 4871 voluntatis
3553 4818 3610 4870 et
3629 4815 3895 4873 actionis

2231 4903 2568 4970 remitteret,
2602 4903 2702 4959 sed
2735 4903 2906 4958 etiam
2940 4904 3085 4960 bene
3110 4902 3276 4970 velle,
3311 4904 3456 4959 bene
3487 4920 3678 4977 agere,
3704 4909 3895 4977 atque

2230 4993 2289 5047 in
2323 4991 2413 5046 his
2454 5009 2792 5063 permanere
2840 4994 3100 5048 donaret.
3155 5015 3182 5041 υ
3232 4994 3301 5048 Et
3349 4993 3534 5048 item:
3575 5015 3595 5042 α
3629 4993 3710 5048 Ex
3761 5012 3892 5052 una

2231 5099 2448 5153 massa,
2481 5099 2606 5153 qua:
2639 5087 2727 5137 est
2757 5099 2888 5137 caro
2923 5081 3094 5154 primi
3126 5081 3404 5152 hominis,
3436 5097 3614 5137 unam
3653 5083 3894 5142 scimus

2233 5171 2496 5227 omnium
2529 5171 2835 5226 hominum
2866 5175 3120 5226 creatam
3153 5171 3450 5244 crearique
3492 5175 3794 5240 naturam,
3831 5181 3896 5232 et

2233 5261 2497 5316 eamdem
2513 5258 2733 5331 peripsi
2745 5252 2997 5332 ns'primi
3011 5259 3266 5317 hominis
3278 5260 3528 5316 liberum
3543 5259 3863 5319 arbitrium
3875 5308 3890 5333 ,

2229 5350 2289 5404 in
2318 5367 2432 5420 quo
2463 5365 2667 5404 omnes
2715 5353 3118 5419 peccaverunt,
3168 5366 3297 5406 esse
3339 5352 3716 5422 prostratam,
3774 5369 3894 5411 nec

2229 5437 2346 5492 ullo
2379 5438 2550 5492 modo
2581 5438 2651 5490 ab
2683 5442 2907 5491 (eterna:
2954 5439 3159 5494 mortis
3210 5438 3403 5494 debito
3457 5437 3727 5505 liberam,
3766 5441 3890 5498 nisi

2229 5545 2356 5582 eam
2390 5527 2460 5581 ad
2493 5527 2808 5598 imaginem
2841 5528 2939 5583 Dei
2985 5529 3254 5584 secundae
3303 5526 3610 5584 creationis
3657 5528 3891 5588 Christi

2231 5616 2418 5689 gratia
2493 5615 2846 5682 reformavit,
2935 5617 3301 5690 liberumque
3365 5618 3494 5689 ejus
3562 5617 3890 5678 arbitrium

2233 5705 2481 5777 agendo,
2511 5703 2806 5775 Spirando,
2858 5705 3214 5778 auxiliando,
3247 5711 3313 5762 nt
3355 5721 3542 5778 usque
3590 5707 3664 5762 in’
3697 5708 3889 5767 ﬁnem
