  <div class='ocr_page' id='page_1' title='image "/cluster/home/n/w/nwhite01/storage/ocr_20150623/125/umn.31951002477418t/116.png"; bbox 0 0 4020 6452; ppageno 0'>
   <div class='ocr_carea' id='block_1_1' title="bbox 137 425 228 484">
    <p class='ocr_par' dir='ltr' id='par_1_1' title="bbox 137 425 228 484">
     <span class='ocr_line' id='line_1_1' title="bbox 137 425 228 484; baseline 0 0"><span class='ocrx_word' id='word_1_1' title='bbox 137 425 228 484; x_wconf 80' lang='grc'><strong>193</strong></span> 
     </span>
    </p>
   </div>
   <div class='ocr_carea' id='block_1_2' title="bbox 134 547 1824 629">
    <p class='ocr_par' dir='ltr' id='par_1_2' title="bbox 134 547 1824 629">
     <span class='ocr_line' id='line_1_2' title="bbox 134 547 1824 629; baseline -0.005 -18"><span class='ocrx_word' id='word_1_2' title='bbox 134 552 408 629; x_wconf 67' lang='lat' dir='ltr'><strong>procando</strong></span> <span class='ocrx_word' id='word_1_3' title='bbox 436 549 768 608; x_wconf 76' lang='lat' dir='ltr'><strong>servaverit.</strong></span> <span class='ocrx_word' id='word_1_4' title='bbox 791 571 820 601; x_wconf 83' lang='lat'><strong>»</strong></span> <span class='ocrx_word' id='word_1_5' title='bbox 849 550 919 606; x_wconf 85' lang='lat' dir='ltr'><strong>Et</strong></span> <span class='ocrx_word' id='word_1_6' title='bbox 948 549 1088 606; x_wconf 83' lang='lat' dir='ltr'><strong>item</strong></span> <span class='ocrx_word' id='word_1_7' title='bbox 1123 551 1182 605; x_wconf 90' lang='lat' dir='ltr'><strong>in</strong></span> <span class='ocrx_word' id='word_1_8' title='bbox 1213 550 1413 606; x_wconf 90' lang='lat' dir='ltr'><strong>eadem</strong></span> <span class='ocrx_word' id='word_1_9' title='bbox 1446 547 1691 620; x_wconf 88' lang='lat' dir='ltr'><strong>epistola</strong></span> <span class='ocrx_word' id='word_1_10' title='bbox 1725 563 1738 602; x_wconf 90' lang='lat'><strong>:</strong></span> <span class='ocrx_word' id='word_1_11' title='bbox 1769 550 1824 616; x_wconf 78' lang='grc' dir='ltr'><strong>Α</strong></span> 
     </span>
    </p>
   </div>
   <div class='ocr_carea' id='block_1_3' title="bbox 137 638 1750 706">
    <p class='ocr_par' dir='ltr' id='par_1_3' title="bbox 137 638 1750 706">
     <span class='ocr_line' id='line_1_3' title="bbox 137 638 1750 706; baseline 0 -14"><span class='ocrx_word' id='word_1_12' title='bbox 137 669 156 692; x_wconf 77' lang='lat' dir='ltr'><strong>u</strong></span> <span class='ocrx_word' id='word_1_13' title='bbox 191 642 336 697; x_wconf 67' lang='lat' dir='ltr'><strong>Nune</strong></span> <span class='ocrx_word' id='word_1_14' title='bbox 363 643 556 696; x_wconf 89' lang='lat' dir='ltr'><strong>autem</strong></span> <span class='ocrx_word' id='word_1_15' title='bbox 587 638 744 696; x_wconf 90' lang='lat' dir='ltr'><strong>idem</strong></span> <span class='ocrx_word' id='word_1_16' title='bbox 775 638 1085 694; x_wconf 79' lang='lat' dir='ltr'><strong>arbitrium</strong></span> <span class='ocrx_word' id='word_1_17' title='bbox 1113 654 1454 694; x_wconf 89' lang='lat' dir='ltr'><strong>conversum</strong></span> <span class='ocrx_word' id='word_1_18' title='bbox 1485 642 1594 706; x_wconf 88' lang='lat' dir='ltr'><strong>est,</strong></span> <span class='ocrx_word' id='word_1_19' title='bbox 1624 641 1750 692; x_wconf 80' lang='lat' dir='ltr'><strong>non‘</strong></span> 
     </span>
    </p>
   </div>
   <div class='ocr_carea' id='block_1_4' title="bbox 135 726 1738 799">
    <p class='ocr_par' dir='ltr' id='par_1_4' title="bbox 135 726 1738 799">
     <span class='ocr_line' id='line_1_4' title="bbox 135 726 1738 799; baseline -0.006 -11"><span class='ocrx_word' id='word_1_20' title='bbox 135 745 388 799; x_wconf 85' lang='lat' dir='ltr'><strong>eversum,</strong></span> <span class='ocrx_word' id='word_1_21' title='bbox 409 734 468 785; x_wconf 89' lang='lat' dir='ltr'><strong>et</strong></span> <span class='ocrx_word' id='word_1_22' title='bbox 493 729 775 786; x_wconf 89' lang='lat' dir='ltr'><strong>donatum</strong></span> <span class='ocrx_word' id='word_1_23' title='bbox 806 730 856 785; x_wconf 90' lang='lat' dir='ltr'><strong>ei</strong></span> <span class='ocrx_word' id='word_1_24' title='bbox 891 729 1060 785; x_wconf 86' lang='lat' dir='ltr'><strong>aliter</strong></span> <span class='ocrx_word' id='word_1_25' title='bbox 1101 727 1266 796; x_wconf 84' lang='lat' dir='ltr'><strong>velle,</strong></span> <span class='ocrx_word' id='word_1_26' title='bbox 1301 726 1468 782; x_wconf 88' lang='lat' dir='ltr'><strong>aliter</strong></span> <span class='ocrx_word' id='word_1_27' title='bbox 1517 744 1738 798; x_wconf 85' lang='lat' dir='ltr'><strong>sapere,</strong></span> 
     </span>
    </p>
   </div>
   <div class='ocr_carea' id='block_1_5' title="bbox 137 814 1742 891">
    <p class='ocr_par' dir='ltr' id='par_1_5' title="bbox 137 814 1742 891">
     <span class='ocr_line' id='line_1_5' title="bbox 137 814 1742 891; baseline -0.004 -14"><span class='ocrx_word' id='word_1_28' title='bbox 137 821 275 878; x_wconf 77' lang='lat' dir='ltr'><strong>aliter</strong></span> <span class='ocrx_word' id='word_1_29' title='bbox 299 834 482 891; x_wconf 72' lang='lat' dir='ltr'><strong>agere,</strong></span> <span class='ocrx_word' id='word_1_30' title='bbox 507 823 565 874; x_wconf 89' lang='lat' dir='ltr'><strong>et</strong></span> <span class='ocrx_word' id='word_1_31' title='bbox 594 817 1062 874; x_wconf 80' lang='lat' dir='ltr'><strong>incolumitatem</strong></span> <span class='ocrx_word' id='word_1_32' title='bbox 1096 833 1265 873; x_wconf 92' lang='lat' dir='ltr'><strong>suam</strong></span> <span class='ocrx_word' id='word_1_33' title='bbox 1295 832 1410 871; x_wconf 92' lang='lat' dir='ltr'><strong>non</strong></span> <span class='ocrx_word' id='word_1_34' title='bbox 1443 814 1502 870; x_wconf 91' lang='lat' dir='ltr'><strong>in</strong></span> <span class='ocrx_word' id='word_1_35' title='bbox 1534 831 1614 883; x_wconf 89' lang='lat' dir='ltr'><strong>se,</strong></span> <span class='ocrx_word' id='word_1_36' title='bbox 1640 815 1742 871; x_wconf 90' lang='lat' dir='ltr'><strong>sed</strong></span> 
     </span>
    </p>
   </div>
   <div class='ocr_carea' id='block_1_6' title="bbox 135 903 1746 979">
    <p class='ocr_par' dir='ltr' id='par_1_6' title="bbox 135 903 1746 979">
     <span class='ocr_line' id='line_1_6' title="bbox 135 903 1746 979; baseline -0.004 -15"><span class='ocrx_word' id='word_1_37' title='bbox 135 909 184 965; x_wconf 84' lang='lat' dir='ltr'><strong>in</strong></span> <span class='ocrx_word' id='word_1_38' title='bbox 205 906 411 964; x_wconf 86' lang='lat' dir='ltr'><strong>medico</strong></span> <span class='ocrx_word' id='word_1_39' title='bbox 431 906 715 963; x_wconf 81' lang='lat' dir='ltr'><strong>collocare</strong></span> <span class='ocrx_word' id='word_1_40' title='bbox 739 925 753 963; x_wconf 89' lang='lat'><strong>:</strong></span> <span class='ocrx_word' id='word_1_41' title='bbox 777 907 917 979; x_wconf 89' lang='lat' dir='ltr'><strong>quia</strong></span> <span class='ocrx_word' id='word_1_42' title='bbox 947 906 1196 963; x_wconf 89' lang='lat' dir='ltr'><strong>necdum</strong></span> <span class='ocrx_word' id='word_1_43' title='bbox 1221 909 1339 960; x_wconf 90' lang='lat' dir='ltr'><strong>tam</strong></span> <span class='ocrx_word' id='word_1_44' title='bbox 1369 904 1621 977; x_wconf 85' lang='lat' dir='ltr'><strong>perfecta</strong></span> <span class='ocrx_word' id='word_1_45' title='bbox 1637 903 1746 958; x_wconf 87' lang='lat' dir='ltr'><strong>uti-</strong></span> 
     </span>
    </p>
   </div>
   <div class='ocr_carea' id='block_1_7' title="bbox 134 995 1742 1068">
    <p class='ocr_par' dir='ltr' id='par_1_7' title="bbox 134 995 1742 1068">
     <span class='ocr_line' id='line_1_7' title="bbox 134 995 1742 1068; baseline -0.004 -14"><span class='ocrx_word' id='word_1_46' title='bbox 134 1005 212 1054; x_wconf 87' lang='lat' dir='ltr'><strong>tur</strong></span> <span class='ocrx_word' id='word_1_47' title='bbox 233 997 486 1064; x_wconf 82' lang='lat' dir='ltr'><strong>sanitate,</strong></span> <span class='ocrx_word' id='word_1_48' title='bbox 505 1000 572 1051; x_wconf 88' lang='lat' dir='ltr'><strong>ut</strong></span> <span class='ocrx_word' id='word_1_49' title='bbox 598 1013 669 1052; x_wconf 87' lang='lat' dir='ltr'><strong>ea</strong></span> <span class='ocrx_word' id='word_1_50' title='bbox 697 1009 827 1068; x_wconf 69' lang='lat' dir='ltr'><strong>qua:</strong></span> <span class='ocrx_word' id='word_1_51' title='bbox 851 996 904 1052; x_wconf 92' lang='lat' dir='ltr'><strong>ei</strong></span> <span class='ocrx_word' id='word_1_52' title='bbox 938 998 1278 1062; x_wconf 89' lang='lat' dir='ltr'><strong>nocuerant,</strong></span> <span class='ocrx_word' id='word_1_53' title='bbox 1303 998 1595 1066; x_wconf 83' lang='lat' dir='ltr'><strong>nequeant</strong></span> <span class='ocrx_word' id='word_1_54' title='bbox 1615 995 1742 1065; x_wconf 89' lang='lat' dir='ltr'><strong>jam</strong></span> 
     </span>
    </p>
   </div>
   <div class='ocr_carea' id='block_1_8' title="bbox 135 1083 1746 1158">
    <p class='ocr_par' dir='ltr' id='par_1_8' title="bbox 135 1083 1746 1158">
     <span class='ocr_line' id='line_1_8' title="bbox 135 1083 1746 1158; baseline -0.004 -15"><span class='ocrx_word' id='word_1_55' title='bbox 135 1089 430 1156; x_wconf 75' lang='lat' dir='ltr'><strong>nocere,aut</strong></span> <span class='ocrx_word' id='word_1_56' title='bbox 443 1084 504 1142; x_wconf 89' lang='lat' dir='ltr'><strong>in</strong></span> <span class='ocrx_word' id='word_1_57' title='bbox 516 1083 859 1142; x_wconf 91' lang='lat' dir='ltr'><strong>salubribus</strong></span> <span class='ocrx_word' id='word_1_58' title='bbox 877 1085 1065 1158; x_wconf 81' lang='lat' dir='ltr'><strong>possit</strong></span> <span class='ocrx_word' id='word_1_59' title='bbox 1079 1086 1207 1156; x_wconf 89' lang='lat' dir='ltr'><strong>jam</strong></span> <span class='ocrx_word' id='word_1_60' title='bbox 1225 1083 1446 1140; x_wconf 90' lang='lat' dir='ltr'><strong>viribus</strong></span> <span class='ocrx_word' id='word_1_61' title='bbox 1458 1083 1582 1140; x_wconf 85' lang='lat' dir='ltr'><strong>suis</strong></span> <span class='ocrx_word' id='word_1_62' title='bbox 1604 1088 1746 1138; x_wconf 89' lang='lat' dir='ltr'><strong>tem-</strong></span> 
     </span>
    </p>
   </div>
   <div class='ocr_carea' id='block_1_9' title="bbox 133 1171 1745 1249">
    <p class='ocr_par' dir='ltr' id='par_1_9' title="bbox 133 1171 1745 1249">
     <span class='ocr_line' id='line_1_9' title="bbox 133 1171 1745 1249; baseline -0.003 -16"><span class='ocrx_word' id='word_1_63' title='bbox 133 1192 321 1249; x_wconf 80' lang='lat' dir='ltr'><strong>perare.</strong></span> <span class='ocrx_word' id='word_1_64' title='bbox 353 1197 382 1223; x_wconf 85' lang='lat'>»</span> <span class='ocrx_word' id='word_1_65' title='bbox 409 1173 480 1229; x_wconf 84' lang='lat' dir='ltr'><strong>Et</strong></span> <span class='ocrx_word' id='word_1_66' title='bbox 533 1172 598 1230; x_wconf 89' lang='lat' dir='ltr'><strong>in</strong></span> <span class='ocrx_word' id='word_1_67' title='bbox 644 1173 1015 1230; x_wconf 88' lang='lat' dir='ltr'><strong>absolutione</strong></span> <span class='ocrx_word' id='word_1_68' title='bbox 1073 1176 1235 1229; x_wconf 82' lang='lat' dir='ltr'><strong>sexta</strong></span> <span class='ocrx_word' id='word_1_69' title='bbox 1292 1178 1496 1230; x_wconf 89' lang='lat' dir='ltr'><strong>contra</strong></span> <span class='ocrx_word' id='word_1_70' title='bbox 1551 1171 1745 1228; x_wconf 85' lang='lat' dir='ltr'><strong>Gallos</strong></span> 
     </span>
    </p>
   </div>
   <div class='ocr_carea' id='block_1_10' title="bbox 141 1259 1746 1336">
    <p class='ocr_par' dir='ltr' id='par_1_10' title="bbox 141 1259 1746 1336">
     <span class='ocr_line' id='line_1_10' title="bbox 141 1259 1746 1336; baseline -0.002 -16"><span class='ocrx_word' id='word_1_71' title='bbox 141 1277 275 1336; x_wconf 64' lang='lat' dir='ltr'><strong>(mp.</strong></span> <span class='ocrx_word' id='word_1_72' title='bbox 301 1264 337 1318; x_wconf 87' lang='lat'><strong>6</strong></span> <span class='ocrx_word' id='word_1_73' title='bbox 359 1261 430 1318; x_wconf 76' lang='lat' dir='ltr'><strong>ad</strong></span> <span class='ocrx_word' id='word_1_74' title='bbox 457 1262 682 1334; x_wconf 74' lang='lat' dir='ltr'><strong>Gallos.)</strong></span> <span class='ocrx_word' id='word_1_75' title='bbox 706 1279 756 1317; x_wconf 72' lang='grc' dir='ltr'><strong>ει(</strong></span> <span class='ocrx_word' id='word_1_76' title='bbox 782 1261 1058 1319; x_wconf 88' lang='lat' dir='ltr'><strong>Liberum</strong></span> <span class='ocrx_word' id='word_1_77' title='bbox 1098 1261 1404 1317; x_wconf 80' lang='lat' dir='ltr'><strong>arbitrium</strong></span> <span class='ocrx_word' id='word_1_78' title='bbox 1447 1259 1592 1316; x_wconf 86' lang='lat' dir='ltr'><strong>nihil</strong></span> <span class='ocrx_word' id='word_1_79' title='bbox 1618 1277 1746 1316; x_wconf 83' lang='lat' dir='ltr'><strong>esse</strong></span> 
     </span>
    </p>
   </div>
   <div class='ocr_carea' id='block_1_11' title="bbox 138 1347 1746 1423">
    <p class='ocr_par' dir='ltr' id='par_1_11' title="bbox 138 1347 1746 1423">
     <span class='ocr_line' id='line_1_11' title="bbox 138 1347 1746 1423; baseline -0.002 -15"><span class='ocrx_word' id='word_1_80' title='bbox 138 1351 208 1409; x_wconf 86' lang='lat' dir='ltr'><strong>vel</strong></span> <span class='ocrx_word' id='word_1_81' title='bbox 233 1368 336 1408; x_wconf 88' lang='lat' dir='ltr'><strong>non</strong></span> <span class='ocrx_word' id='word_1_82' title='bbox 365 1367 492 1408; x_wconf 85' lang='lat' dir='ltr'><strong>esse</strong></span> <span class='ocrx_word' id='word_1_83' title='bbox 520 1366 826 1423; x_wconf 85' lang='lat' dir='ltr'><strong>perperam</strong></span> <span class='ocrx_word' id='word_1_84' title='bbox 860 1349 1102 1417; x_wconf 90' lang='lat' dir='ltr'><strong>dicitur;</strong></span> <span class='ocrx_word' id='word_1_85' title='bbox 1150 1349 1250 1406; x_wconf 90' lang='lat' dir='ltr'><strong>sed</strong></span> <span class='ocrx_word' id='word_1_86' title='bbox 1284 1354 1416 1406; x_wconf 83' lang='lat' dir='ltr'><strong>ante</strong></span> <span class='ocrx_word' id='word_1_87' title='bbox 1444 1347 1746 1405; x_wconf 90' lang='lat' dir='ltr'><strong>illumina-</strong></span> 
     </span>
    </p>
   </div>
   <div class='ocr_carea' id='block_1_12' title="bbox 139 1437 1746 1510">
    <p class='ocr_par' dir='ltr' id='par_1_12' title="bbox 139 1437 1746 1510">
     <span class='ocr_line' id='line_1_12' title="bbox 139 1437 1746 1510; baseline -0.002 -14"><span class='ocrx_word' id='word_1_88' title='bbox 139 1441 324 1496; x_wconf 83' lang='lat' dir='ltr'><strong>tionem</strong></span> <span class='ocrx_word' id='word_1_89' title='bbox 352 1438 483 1496; x_wconf 82' lang='lat' dir='ltr'><strong>ﬁdei</strong></span> <span class='ocrx_word' id='word_1_90' title='bbox 514 1437 576 1494; x_wconf 89' lang='lat' dir='ltr'><strong>in</strong></span> <span class='ocrx_word' id='word_1_91' title='bbox 610 1438 890 1506; x_wconf 84' lang='lat' dir='ltr'><strong>tenebris,</strong></span> <span class='ocrx_word' id='word_1_92' title='bbox 919 1438 976 1494; x_wconf 88' lang='lat' dir='ltr'><strong>id</strong></span> <span class='ocrx_word' id='word_1_93' title='bbox 1011 1443 1101 1494; x_wconf 87' lang='lat' dir='ltr'><strong>est</strong></span> <span class='ocrx_word' id='word_1_94' title='bbox 1148 1437 1209 1494; x_wconf 90' lang='lat' dir='ltr'><strong>in</strong></span> <span class='ocrx_word' id='word_1_95' title='bbox 1259 1438 1469 1494; x_wconf 91' lang='lat' dir='ltr'><strong>umbra</strong></span> <span class='ocrx_word' id='word_1_96' title='bbox 1517 1437 1746 1510; x_wconf 88' lang='lat' dir='ltr'><strong>mortis,</strong></span> 
     </span>
    </p>
   </div>
   <div class='ocr_carea' id='block_1_13' title="bbox 136 1526 1750 1600">
    <p class='ocr_par' dir='ltr' id='par_1_13' title="bbox 136 1526 1750 1600">
     <span class='ocr_line' id='line_1_13' title="bbox 136 1526 1750 1600; baseline -0.001 -17"><span class='ocrx_word' id='word_1_97' title='bbox 136 1545 276 1600; x_wconf 80' lang='lat' dir='ltr'><strong>agere</strong></span> <span class='ocrx_word' id='word_1_98' title='bbox 302 1545 410 1584; x_wconf 90' lang='lat' dir='ltr'><strong>non</strong></span> <span class='ocrx_word' id='word_1_99' title='bbox 442 1531 600 1584; x_wconf 84' lang='lat' dir='ltr'><strong>recte</strong></span> <span class='ocrx_word' id='word_1_100' title='bbox 621 1531 885 1600; x_wconf 83' lang='lat' dir='ltr'><strong>negatur,</strong></span> <span class='ocrx_word' id='word_1_101' title='bbox 904 1527 1181 1598; x_wconf 89' lang='lat' dir='ltr'><strong>quoniam</strong></span> <span class='ocrx_word' id='word_1_102' title='bbox 1215 1526 1558 1599; x_wconf 85' lang='lat' dir='ltr'><strong>priusquam</strong></span> <span class='ocrx_word' id='word_1_103' title='bbox 1592 1543 1627 1582; x_wconf 91' lang='lat' dir='ltr'><strong>a</strong></span> <span class='ocrx_word' id='word_1_104' title='bbox 1655 1527 1750 1582; x_wconf 87' lang='lat' dir='ltr'><strong>do-</strong></span> 
     </span>
    </p>
   </div>
   <div class='ocr_carea' id='block_1_14' title="bbox 133 1614 1752 1688">
    <p class='ocr_par' dir='ltr' id='par_1_14' title="bbox 133 1614 1752 1688">
     <span class='ocr_line' id='line_1_14' title="bbox 133 1614 1752 1688; baseline -0.001 -15"><span class='ocrx_word' id='word_1_105' title='bbox 133 1617 414 1674; x_wconf 82' lang='lat' dir='ltr'><strong>minatione</strong></span> <span class='ocrx_word' id='word_1_106' title='bbox 445 1615 668 1673; x_wconf 90' lang='lat' dir='ltr'><strong>diaboli</strong></span> <span class='ocrx_word' id='word_1_107' title='bbox 693 1633 796 1688; x_wconf 90' lang='lat' dir='ltr'><strong>per</strong></span> <span class='ocrx_word' id='word_1_108' title='bbox 821 1615 919 1672; x_wconf 90' lang='lat' dir='ltr'><strong>Dei</strong></span> <span class='ocrx_word' id='word_1_109' title='bbox 952 1614 1206 1688; x_wconf 75' lang='lat' dir='ltr'><strong>gratiam</strong></span> <span class='ocrx_word' id='word_1_110' title='bbox 1239 1615 1532 1682; x_wconf 82' lang='lat' dir='ltr'><strong>liberetur,</strong></span> <span class='ocrx_word' id='word_1_111' title='bbox 1557 1615 1617 1670; x_wconf 91' lang='lat' dir='ltr'><strong>in</strong></span> <span class='ocrx_word' id='word_1_112' title='bbox 1649 1615 1752 1672; x_wconf 89' lang='lat' dir='ltr'><strong>illa</strong></span> 
     </span>
    </p>
   </div>
   <div class='ocr_carea' id='block_1_15' title="bbox 132 1703 1746 1779">
    <p class='ocr_par' dir='ltr' id='par_1_15' title="bbox 132 1703 1746 1779">
     <span class='ocr_line' id='line_1_15' title="bbox 132 1703 1746 1779; baseline -0.004 -17"><span class='ocrx_word' id='word_1_113' title='bbox 132 1705 384 1779; x_wconf 77' lang='lat' dir='ltr'><strong>profundo</strong></span> <span class='ocrx_word' id='word_1_114' title='bbox 404 1705 589 1778; x_wconf 80' lang='lat' dir='ltr'><strong>jacet,</strong></span> <span class='ocrx_word' id='word_1_115' title='bbox 621 1704 680 1760; x_wconf 90' lang='lat' dir='ltr'><strong>in</strong></span> <span class='ocrx_word' id='word_1_116' title='bbox 711 1721 828 1776; x_wconf 90' lang='lat' dir='ltr'><strong>quo</strong></span> <span class='ocrx_word' id='word_1_117' title='bbox 861 1721 923 1760; x_wconf 91' lang='lat' dir='ltr'><strong>se</strong></span> <span class='ocrx_word' id='word_1_118' title='bbox 955 1721 1066 1760; x_wconf 90' lang='lat' dir='ltr'><strong>sua</strong></span> <span class='ocrx_word' id='word_1_119' title='bbox 1107 1703 1374 1760; x_wconf 85' lang='lat' dir='ltr'><strong>libertate</strong></span> <span class='ocrx_word' id='word_1_120' title='bbox 1404 1703 1692 1759; x_wconf 89' lang='lat' dir='ltr'><strong>dimersit.</strong></span> <span class='ocrx_word' id='word_1_121' title='bbox 1717 1726 1746 1754; x_wconf 85' lang='lat'>»</span> 
     </span>
    </p>
   </div>
   <div class='ocr_carea' id='block_1_16' title="bbox 133 1792 1750 1867">
    <p class='ocr_par' dir='ltr' id='par_1_16' title="bbox 133 1792 1750 1867">
     <span class='ocr_line' id='line_1_16' title="bbox 133 1792 1750 1867; baseline 0 -17"><span class='ocrx_word' id='word_1_122' title='bbox 133 1795 186 1850; x_wconf 79' lang='lat' dir='ltr'><strong>Et</strong></span> <span class='ocrx_word' id='word_1_123' title='bbox 203 1793 361 1866; x_wconf 80' lang='lat' dir='ltr'><strong>paulo</strong></span> <span class='ocrx_word' id='word_1_124' title='bbox 378 1797 510 1867; x_wconf 88' lang='lat' dir='ltr'><strong>post</strong></span> <span class='ocrx_word' id='word_1_125' title='bbox 532 1793 675 1866; x_wconf 74' lang='lat' dir='ltr'><strong>(post</strong></span> <span class='ocrx_word' id='word_1_126' title='bbox 690 1795 850 1866; x_wconf 73' lang='lat' dir='ltr'><strong>epist.</strong></span> <span class='ocrx_word' id='word_1_127' title='bbox 873 1794 987 1862; x_wconf 85' lang='lat'><strong>8),«</strong></span> <span class='ocrx_word' id='word_1_128' title='bbox 1015 1797 1080 1848; x_wconf 93' lang='lat' dir='ltr'><strong>ut</strong></span> <span class='ocrx_word' id='word_1_129' title='bbox 1098 1793 1254 1864; x_wconf 91' lang='lat' dir='ltr'><strong>quod</strong></span> <span class='ocrx_word' id='word_1_130' title='bbox 1285 1794 1345 1848; x_wconf 89' lang='lat' dir='ltr'><strong>in</strong></span> <span class='ocrx_word' id='word_1_131' title='bbox 1379 1792 1476 1849; x_wconf 93' lang='lat' dir='ltr'><strong>illo</strong></span> <span class='ocrx_word' id='word_1_132' title='bbox 1507 1793 1750 1850; x_wconf 83' lang='lat' dir='ltr'><strong>inchoa-</strong></span> 
     </span>
    </p>
   </div>
   <div class='ocr_carea' id='block_1_17' title="bbox 134 1881 1826 1984">
    <p class='ocr_par' dir='ltr' id='par_1_17' title="bbox 134 1881 1826 1984">
     <span class='ocr_line' id='line_1_17' title="bbox 134 1881 1826 1984; baseline -0.001 -44"><span class='ocrx_word' id='word_1_133' title='bbox 134 1889 236 1984; x_wconf 60' lang='lat' dir='ltr'><strong>tum</strong></span> <span class='ocrx_word' id='word_1_134' title='bbox 257 1887 349 1982; x_wconf 70' lang='lat' dir='ltr'><strong>est</strong></span> <span class='ocrx_word' id='word_1_135' title='bbox 375 1899 478 1956; x_wconf 87' lang='lat' dir='ltr'><strong>per</strong></span> <span class='ocrx_word' id='word_1_136' title='bbox 503 1881 759 1984; x_wconf 78' lang='lat' dir='ltr'><strong>gratiam</strong></span> <span class='ocrx_word' id='word_1_137' title='bbox 791 1881 1034 1981; x_wconf 72' lang='lat' dir='ltr'><strong>Christi,</strong></span> <span class='ocrx_word' id='word_1_138' title='bbox 1059 1881 1235 1937; x_wconf 91' lang='lat' dir='ltr'><strong>etiam</strong></span> <span class='ocrx_word' id='word_1_139' title='bbox 1269 1898 1369 1954; x_wconf 88' lang='lat' dir='ltr'><strong>per</strong></span> <span class='ocrx_word' id='word_1_140' title='bbox 1397 1881 1748 1982; x_wconf 76' lang='lat' dir='ltr'><strong>industriam</strong></span> <span class='ocrx_word' id='word_1_141' title='bbox 1779 1919 1826 1984; x_wconf 79' lang='grc' dir='ltr'><strong>Β</strong></span> 
     </span>
    </p>
   </div>
   <div class='ocr_carea' id='block_1_18' title="bbox 134 1969 1750 2043">
    <p class='ocr_par' dir='ltr' id='par_1_18' title="bbox 134 1969 1750 2043">
     <span class='ocr_line' id='line_1_18' title="bbox 134 1969 1750 2043; baseline -0.002 -16"><span class='ocrx_word' id='word_1_142' title='bbox 134 1972 270 2028; x_wconf 86' lang='lat' dir='ltr'><strong>liberi</strong></span> <span class='ocrx_word' id='word_1_143' title='bbox 297 1973 585 2043; x_wconf 78' lang='lat' dir='ltr'><strong>augeatur</strong></span> <span class='ocrx_word' id='word_1_144' title='bbox 607 1969 856 2036; x_wconf 86' lang='lat' dir='ltr'><strong>arbitrii,</strong></span> <span class='ocrx_word' id='word_1_145' title='bbox 881 1985 1187 2041; x_wconf 87' lang='lat' dir='ltr'><strong>nunquam</strong></span> <span class='ocrx_word' id='word_1_146' title='bbox 1219 1975 1441 2025; x_wconf 86' lang='lat' dir='ltr'><strong>remoto</strong></span> <span class='ocrx_word' id='word_1_147' title='bbox 1461 1969 1750 2041; x_wconf 89' lang='lat' dir='ltr'><strong>adjutorio</strong></span> 
     </span>
    </p>
   </div>
   <div class='ocr_carea' id='block_1_19' title="bbox 133 2059 1751 2133">
    <p class='ocr_par' dir='ltr' id='par_1_19' title="bbox 133 2059 1751 2133">
     <span class='ocr_line' id='line_1_19' title="bbox 133 2059 1751 2133; baseline -0.001 -16"><span class='ocrx_word' id='word_1_148' title='bbox 133 2061 232 2126; x_wconf 83' lang='lat' dir='ltr'><strong>Dei,</strong></span> <span class='ocrx_word' id='word_1_149' title='bbox 256 2060 376 2118; x_wconf 81' lang='lat' dir='ltr'><strong>sine</strong></span> <span class='ocrx_word' id='word_1_150' title='bbox 394 2077 513 2133; x_wconf 87' lang='lat' dir='ltr'><strong>quo</strong></span> <span class='ocrx_word' id='word_1_151' title='bbox 541 2076 650 2117; x_wconf 89' lang='lat' dir='ltr'><strong>nec</strong></span> <span class='ocrx_word' id='word_1_152' title='bbox 682 2061 980 2132; x_wconf 77' lang='lat' dir='ltr'><strong>prolicere,</strong></span> <span class='ocrx_word' id='word_1_153' title='bbox 1004 2075 1108 2114; x_wconf 89' lang='lat' dir='ltr'><strong>nec</strong></span> <span class='ocrx_word' id='word_1_154' title='bbox 1140 2075 1478 2132; x_wconf 87' lang='lat' dir='ltr'><strong>permanere</strong></span> <span class='ocrx_word' id='word_1_155' title='bbox 1509 2059 1566 2115; x_wconf 89' lang='lat' dir='ltr'><strong>in</strong></span> <span class='ocrx_word' id='word_1_156' title='bbox 1599 2060 1751 2115; x_wconf 91' lang='lat' dir='ltr'><strong>bono</strong></span> 
     </span>
    </p>
   </div>
   <div class='ocr_carea' id='block_1_20' title="bbox 131 2147 1750 2224">
    <p class='ocr_par' dir='ltr' id='par_1_20' title="bbox 131 2147 1750 2224">
     <span class='ocr_line' id='line_1_20' title="bbox 131 2147 1750 2224; baseline -0.001 -18"><span class='ocrx_word' id='word_1_157' title='bbox 131 2151 408 2224; x_wconf 80' lang='lat' dir='ltr'><strong>quisquam</strong></span> <span class='ocrx_word' id='word_1_158' title='bbox 441 2154 698 2224; x_wconf 77' lang='lat' dir='ltr'><strong>potest.»</strong></span> <span class='ocrx_word' id='word_1_159' title='bbox 722 2149 790 2205; x_wconf 90' lang='lat' dir='ltr'><strong>Et</strong></span> <span class='ocrx_word' id='word_1_160' title='bbox 811 2148 1194 2206; x_wconf 86' lang='lat' dir='ltr'><strong>Cassiodorus</strong></span> <span class='ocrx_word' id='word_1_161' title='bbox 1217 2149 1274 2204; x_wconf 93' lang='lat' dir='ltr'><strong>in</strong></span> <span class='ocrx_word' id='word_1_162' title='bbox 1299 2147 1530 2204; x_wconf 89' lang='lat' dir='ltr'><strong>Psalmo</strong></span> <span class='ocrx_word' id='word_1_163' title='bbox 1552 2166 1700 2204; x_wconf 84' lang='lat' dir='ltr'><strong>cxvn</strong></span> <span class='ocrx_word' id='word_1_164' title='bbox 1735 2165 1750 2204; x_wconf 88' lang='lat'><strong>:</strong></span> 
     </span>
    </p>
   </div>
   <div class='ocr_carea' id='block_1_21' title="bbox 136 2237 1754 2313">
    <p class='ocr_par' dir='ltr' id='par_1_21' title="bbox 136 2237 1754 2313">
     <span class='ocr_line' id='line_1_21' title="bbox 136 2237 1754 2313; baseline 0.001 -22"><span class='ocrx_word' id='word_1_165' title='bbox 136 2241 268 2296; x_wconf 68' lang='lat' dir='ltr'><strong>«Est</strong></span> <span class='ocrx_word' id='word_1_166' title='bbox 292 2240 528 2313; x_wconf 85' lang='lat' dir='ltr'><strong>quidem</strong></span> <span class='ocrx_word' id='word_1_167' title='bbox 575 2238 636 2294; x_wconf 91' lang='lat' dir='ltr'><strong>in</strong></span> <span class='ocrx_word' id='word_1_168' title='bbox 690 2237 847 2295; x_wconf 90' lang='lat' dir='ltr'><strong>mala</strong></span> <span class='ocrx_word' id='word_1_169' title='bbox 883 2242 1047 2311; x_wconf 89' lang='lat' dir='ltr'><strong>parte</strong></span> <span class='ocrx_word' id='word_1_170' title='bbox 1095 2237 1464 2294; x_wconf 84' lang='lat' dir='ltr'><strong>exsecrabilis</strong></span> <span class='ocrx_word' id='word_1_171' title='bbox 1514 2237 1754 2295; x_wconf 88' lang='lat' dir='ltr'><strong>libertas</strong></span> 
     </span>
    </p>
   </div>
   <div class='ocr_carea' id='block_1_22' title="bbox 135 2325 1754 2399">
    <p class='ocr_par' dir='ltr' id='par_1_22' title="bbox 135 2325 1754 2399">
     <span class='ocr_line' id='line_1_22' title="bbox 135 2325 1754 2399; baseline -0.001 -16"><span class='ocrx_word' id='word_1_172' title='bbox 135 2326 347 2394; x_wconf 77' lang='lat' dir='ltr'><strong>arbitrii,</strong></span> <span class='ocrx_word' id='word_1_173' title='bbox 371 2332 436 2384; x_wconf 87' lang='lat' dir='ltr'><strong>ut</strong></span> <span class='ocrx_word' id='word_1_174' title='bbox 477 2325 891 2399; x_wconf 65' lang='lat' dir='ltr'><strong>praevaricator</strong></span> <span class='ocrx_word' id='word_1_175' title='bbox 928 2326 1261 2382; x_wconf 88' lang='lat' dir='ltr'><strong>Creatorem</strong></span> <span class='ocrx_word' id='word_1_176' title='bbox 1306 2326 1554 2394; x_wconf 87' lang='lat' dir='ltr'><strong>deserat,</strong></span> <span class='ocrx_word' id='word_1_177' title='bbox 1579 2331 1635 2382; x_wconf 89' lang='lat' dir='ltr'><strong>et</strong></span> <span class='ocrx_word' id='word_1_178' title='bbox 1682 2328 1754 2382; x_wconf 90' lang='lat' dir='ltr'><strong>ad</strong></span> 
     </span>
    </p>
   </div>
   <div class='ocr_carea' id='block_1_23' title="bbox 134 2415 1755 2488">
    <p class='ocr_par' dir='ltr' id='par_1_23' title="bbox 134 2415 1755 2488">
     <span class='ocr_line' id='line_1_23' title="bbox 134 2415 1755 2488; baseline 0 -18"><span class='ocrx_word' id='word_1_179' title='bbox 134 2416 250 2471; x_wconf 84' lang='lat' dir='ltr'><strong>vitia</strong></span> <span class='ocrx_word' id='word_1_180' title='bbox 274 2434 334 2474; x_wconf 89' lang='lat' dir='ltr'><strong>se</strong></span> <span class='ocrx_word' id='word_1_181' title='bbox 361 2417 619 2474; x_wconf 76' lang='lat' dir='ltr'><strong>nefanda</strong></span> <span class='ocrx_word' id='word_1_182' title='bbox 643 2419 960 2473; x_wconf 87' lang='lat' dir='ltr'><strong>convertat.</strong></span> <span class='ocrx_word' id='word_1_183' title='bbox 980 2415 1045 2472; x_wconf 91' lang='lat' dir='ltr'><strong>In</strong></span> <span class='ocrx_word' id='word_1_184' title='bbox 1071 2416 1224 2471; x_wconf 87' lang='lat' dir='ltr'><strong>bona</strong></span> <span class='ocrx_word' id='word_1_185' title='bbox 1244 2431 1376 2471; x_wconf 92' lang='lat' dir='ltr'><strong>vero</strong></span> <span class='ocrx_word' id='word_1_186' title='bbox 1407 2420 1569 2488; x_wconf 88' lang='lat' dir='ltr'><strong>parte</strong></span> <span class='ocrx_word' id='word_1_187' title='bbox 1600 2416 1755 2472; x_wconf 89' lang='lat' dir='ltr'><strong>arbi-</strong></span> 
     </span>
    </p>
   </div>
   <div class='ocr_carea' id='block_1_24' title="bbox 139 2503 1754 2577">
    <p class='ocr_par' dir='ltr' id='par_1_24' title="bbox 139 2503 1754 2577">
     <span class='ocr_line' id='line_1_24' title="bbox 139 2503 1754 2577; baseline -0.001 -16"><span class='ocrx_word' id='word_1_188' title='bbox 139 2505 288 2562; x_wconf 80' lang='lat' dir='ltr'><strong>trium</strong></span> <span class='ocrx_word' id='word_1_189' title='bbox 307 2504 560 2562; x_wconf 87' lang='lat' dir='ltr'><strong>liberum</strong></span> <span class='ocrx_word' id='word_1_190' title='bbox 581 2504 769 2561; x_wconf 87' lang='lat' dir='ltr'><strong>Adam</strong></span> <span class='ocrx_word' id='word_1_191' title='bbox 793 2507 1068 2577; x_wconf 88' lang='lat' dir='ltr'><strong>peccante</strong></span> <span class='ocrx_word' id='word_1_192' title='bbox 1089 2503 1481 2576; x_wconf 87' lang='lat' dir='ltr'><strong>perdidimus;</strong></span> <span class='ocrx_word' id='word_1_193' title='bbox 1505 2505 1576 2559; x_wconf 91' lang='lat' dir='ltr'><strong>ad</strong></span> <span class='ocrx_word' id='word_1_194' title='bbox 1599 2505 1754 2576; x_wconf 89' lang='lat' dir='ltr'><strong>quod</strong></span> 
     </span>
    </p>
   </div>
   <div class='ocr_carea' id='block_1_25' title="bbox 139 2591 1756 2667">
    <p class='ocr_par' dir='ltr' id='par_1_25' title="bbox 139 2591 1756 2667">
     <span class='ocr_line' id='line_1_25' title="bbox 139 2591 1756 2667; baseline 0 -19"><span class='ocrx_word' id='word_1_195' title='bbox 139 2593 230 2649; x_wconf 84' lang='lat' dir='ltr'><strong>nisi</strong></span> <span class='ocrx_word' id='word_1_196' title='bbox 258 2610 354 2667; x_wconf 88' lang='lat' dir='ltr'><strong>per</strong></span> <span class='ocrx_word' id='word_1_197' title='bbox 379 2593 603 2650; x_wconf 83' lang='lat' dir='ltr'><strong>Christi</strong></span> <span class='ocrx_word' id='word_1_198' title='bbox 635 2591 884 2667; x_wconf 79' lang='lat' dir='ltr'><strong>gratiam</strong></span> <span class='ocrx_word' id='word_1_199' title='bbox 916 2592 1105 2648; x_wconf 90' lang='lat' dir='ltr'><strong>redire</strong></span> <span class='ocrx_word' id='word_1_200' title='bbox 1145 2609 1259 2648; x_wconf 91' lang='lat' dir='ltr'><strong>non</strong></span> <span class='ocrx_word' id='word_1_201' title='bbox 1298 2608 1636 2664; x_wconf 90' lang='lat' dir='ltr'><strong>possumus,</strong></span> <span class='ocrx_word' id='word_1_202' title='bbox 1663 2593 1756 2648; x_wconf 86' lang='lat' dir='ltr'><strong>di-</strong></span> 
     </span>
    </p>
   </div>
   <div class='ocr_carea' id='block_1_26' title="bbox 139 2681 1758 2755">
    <p class='ocr_par' dir='ltr' id='par_1_26' title="bbox 139 2681 1758 2755">
     <span class='ocr_line' id='line_1_26' title="bbox 139 2681 1758 2755; baseline -0.001 -16"><span class='ocrx_word' id='word_1_203' title='bbox 139 2687 276 2739; x_wconf 83' lang='lat' dir='ltr'><strong>cente</strong></span> <span class='ocrx_word' id='word_1_204' title='bbox 303 2681 581 2755; x_wconf 83' lang='lat' dir='ltr'><strong>Apostolo</strong></span> <span class='ocrx_word' id='word_1_205' title='bbox 605 2699 619 2738; x_wconf 91' lang='lat'>:</span> <span class='ocrx_word' id='word_1_206' title='bbox 643 2682 784 2738; x_wconf 75' lang='lat' dir='ltr'><strong>Deus</strong></span> <span class='ocrx_word' id='word_1_207' title='bbox 811 2689 890 2738; x_wconf 67' lang='lat' dir='ltr'><strong>est</strong></span> <span class='ocrx_word' id='word_1_208' title='bbox 922 2681 1072 2737; x_wconf 80' lang='lat' dir='ltr'><strong>enim</strong></span> <span class='ocrx_word' id='word_1_209' title='bbox 1099 2682 1198 2754; x_wconf 81' lang='lat' dir='ltr'><strong>qui</strong></span> <span class='ocrx_word' id='word_1_210' title='bbox 1215 2688 1469 2752; x_wconf 78' lang='lat' dir='ltr'><strong>operatur</strong></span> <span class='ocrx_word' id='word_1_211' title='bbox 1506 2682 1564 2736; x_wconf 77' lang='lat' dir='ltr'><strong>in</strong></span> <span class='ocrx_word' id='word_1_212' title='bbox 1609 2683 1758 2737; x_wconf 73' lang='lat' dir='ltr'><strong>vobis</strong></span> 
     </span>
    </p>
   </div>
   <div class='ocr_carea' id='block_1_27' title="bbox 138 2769 1762 2844">
    <p class='ocr_par' dir='ltr' id='par_1_27' title="bbox 138 2769 1762 2844">
     <span class='ocr_line' id='line_1_27' title="bbox 138 2769 1762 2844; baseline -0.001 -17"><span class='ocrx_word' id='word_1_213' title='bbox 138 2780 180 2827; x_wconf 74' lang='lat' dir='ltr'><strong>et</strong></span> <span class='ocrx_word' id='word_1_214' title='bbox 201 2773 319 2828; x_wconf 72' lang='lat' dir='ltr'><strong>velle</strong></span> <span class='ocrx_word' id='word_1_215' title='bbox 345 2781 396 2828; x_wconf 69' lang='lat' dir='ltr'><strong>et</strong></span> <span class='ocrx_word' id='word_1_216' title='bbox 413 2772 682 2844; x_wconf 72' lang='lat' dir='ltr'><strong>perﬁcere</strong></span> <span class='ocrx_word' id='word_1_217' title='bbox 705 2786 806 2842; x_wconf 85' lang='lat' dir='ltr'><strong>pro</strong></span> <span class='ocrx_word' id='word_1_218' title='bbox 838 2770 978 2827; x_wconf 83' lang='lat' dir='ltr'><strong>bona</strong></span> <span class='ocrx_word' id='word_1_219' title='bbox 1007 2769 1294 2826; x_wconf 75' lang='lat' dir='ltr'><strong>voluntate.</strong></span> <span class='ocrx_word' id='word_1_220' title='bbox 1333 2769 1492 2826; x_wconf 89' lang='lat' dir='ltr'><strong>Unde</strong></span> <span class='ocrx_word' id='word_1_221' title='bbox 1521 2769 1762 2826; x_wconf 89' lang='lat' dir='ltr'><strong>assidua</strong></span> 
     </span>
    </p>
   </div>
   <div class='ocr_carea' id='block_1_28' title="bbox 138 2857 1762 2934">
    <p class='ocr_par' dir='ltr' id='par_1_28' title="bbox 138 2857 1762 2934">
     <span class='ocr_line' id='line_1_28' title="bbox 138 2857 1762 2934; baseline 0 -18"><span class='ocrx_word' id='word_1_222' title='bbox 138 2860 364 2918; x_wconf 80' lang='lat' dir='ltr'><strong>oratione</strong></span> <span class='ocrx_word' id='word_1_223' title='bbox 393 2859 766 2934; x_wconf 86' lang='lat' dir='ltr'><strong>peccandum</strong></span> <span class='ocrx_word' id='word_1_224' title='bbox 813 2863 920 2928; x_wconf 87' lang='lat' dir='ltr'><strong>est,</strong></span> <span class='ocrx_word' id='word_1_225' title='bbox 954 2875 1026 2914; x_wconf 90' lang='lat' dir='ltr'><strong>ne</strong></span> <span class='ocrx_word' id='word_1_226' title='bbox 1057 2875 1162 2916; x_wconf 90' lang='lat' dir='ltr'><strong>nos</strong></span> <span class='ocrx_word' id='word_1_227' title='bbox 1191 2857 1461 2915; x_wconf 86' lang='lat' dir='ltr'><strong>voluntas</strong></span> <span class='ocrx_word' id='word_1_228' title='bbox 1494 2877 1762 2931; x_wconf 87' lang='lat' dir='ltr'><strong>perversa</strong></span> 
     </span>
    </p>
   </div>
   <div class='ocr_carea' id='block_1_29' title="bbox 139 2946 1761 3023">
    <p class='ocr_par' dir='ltr' id='par_1_29' title="bbox 139 2946 1761 3023">
     <span class='ocr_line' id='line_1_29' title="bbox 139 2946 1761 3023; baseline 0 -19"><span class='ocrx_word' id='word_1_229' title='bbox 139 2949 316 3023; x_wconf 75' lang='lat' dir='ltr'><strong>rapiat,</strong></span> <span class='ocrx_word' id='word_1_230' title='bbox 355 2950 458 3006; x_wconf 85' lang='lat' dir='ltr'><strong>sed</strong></span> <span class='ocrx_word' id='word_1_231' title='bbox 518 2948 832 3022; x_wconf 86' lang='lat' dir='ltr'><strong>inspiratio</strong></span> <span class='ocrx_word' id='word_1_232' title='bbox 883 2947 1081 3004; x_wconf 90' lang='lat' dir='ltr'><strong>divina</strong></span> <span class='ocrx_word' id='word_1_233' title='bbox 1137 2946 1452 3019; x_wconf 87' lang='lat' dir='ltr'><strong>possideat,</strong></span> <span class='ocrx_word' id='word_1_234' title='bbox 1483 2948 1761 3020; x_wconf 88' lang='lat' dir='ltr'><strong>quoniam</strong></span> 
     </span>
    </p>
   </div>
   <div class='ocr_carea' id='block_1_30' title="bbox 137 3036 1764 3112">
    <p class='ocr_par' dir='ltr' id='par_1_30' title="bbox 137 3036 1764 3112">
     <span class='ocr_line' id='line_1_30' title="bbox 137 3036 1764 3112; baseline -0.002 -17"><span class='ocrx_word' id='word_1_235' title='bbox 137 3039 389 3112; x_wconf 76' lang='lat' dir='ltr'><strong>quidquid</strong></span> <span class='ocrx_word' id='word_1_236' title='bbox 419 3054 490 3095; x_wconf 78' lang='lat' dir='ltr'><strong>ex</strong></span> <span class='ocrx_word' id='word_1_237' title='bbox 523 3037 973 3109; x_wconf 85' lang='lat' dir='ltr'><strong>nobismetipsis</strong></span> <span class='ocrx_word' id='word_1_238' title='bbox 999 3036 1285 3110; x_wconf 88' lang='lat' dir='ltr'><strong>sapimus,</strong></span> <span class='ocrx_word' id='word_1_239' title='bbox 1313 3037 1613 3093; x_wconf 87' lang='lat' dir='ltr'><strong>mortifera</strong></span> <span class='ocrx_word' id='word_1_240' title='bbox 1632 3054 1764 3092; x_wconf 90' lang='lat' dir='ltr'><strong>con-</strong></span> 
     </span>
    </p>
   </div>
   <div class='ocr_carea' id='block_1_31' title="bbox 139 3125 1762 3198">
    <p class='ocr_par' dir='ltr' id='par_1_31' title="bbox 139 3125 1762 3198">
     <span class='ocr_line' id='line_1_31' title="bbox 139 3125 1762 3198; baseline 0 -17"><span class='ocrx_word' id='word_1_241' title='bbox 139 3133 210 3183; x_wconf 85' lang='lat' dir='ltr'><strong>tra</strong></span> <span class='ocrx_word' id='word_1_242' title='bbox 237 3145 334 3185; x_wconf 86' lang='lat' dir='ltr'><strong>nos</strong></span> <span class='ocrx_word' id='word_1_243' title='bbox 379 3125 637 3184; x_wconf 80' lang='lat' dir='ltr'><strong>audacia</strong></span> <span class='ocrx_word' id='word_1_244' title='bbox 687 3125 1073 3182; x_wconf 82' lang='lat' dir='ltr'><strong>concitamus.</strong></span> <span class='ocrx_word' id='word_1_245' title='bbox 1106 3125 1246 3182; x_wconf 88' lang='lat' dir='ltr'><strong>Jure</strong></span> <span class='ocrx_word' id='word_1_246' title='bbox 1289 3142 1427 3198; x_wconf 88' lang='lat' dir='ltr'><strong>ergo</strong></span> <span class='ocrx_word' id='word_1_247' title='bbox 1473 3126 1654 3182; x_wconf 85' lang='lat' dir='ltr'><strong>vetuit</strong></span> <span class='ocrx_word' id='word_1_248' title='bbox 1702 3125 1762 3181; x_wconf 91' lang='lat' dir='ltr'><strong>in</strong></span> 
     </span>
    </p>
   </div>
   <div class='ocr_carea' id='block_1_32' title="bbox 137 3213 1760 3288">
    <p class='ocr_par' dir='ltr' id='par_1_32' title="bbox 137 3213 1760 3288">
     <span class='ocr_line' id='line_1_32' title="bbox 137 3213 1760 3288; baseline -0.001 -17"><span class='ocrx_word' id='word_1_249' title='bbox 137 3215 349 3274; x_wconf 85' lang='lat' dir='ltr'><strong>homine</strong></span> <span class='ocrx_word' id='word_1_250' title='bbox 375 3216 822 3284; x_wconf 73' lang='lat' dir='ltr'><strong>confidendum,</strong></span> <span class='ocrx_word' id='word_1_251' title='bbox 847 3215 948 3288; x_wconf 90' lang='lat' dir='ltr'><strong>qui</strong></span> <span class='ocrx_word' id='word_1_252' title='bbox 980 3231 1082 3288; x_wconf 90' lang='lat' dir='ltr'><strong>per</strong></span> <span class='ocrx_word' id='word_1_253' title='bbox 1102 3232 1165 3271; x_wconf 91' lang='lat' dir='ltr'><strong>se</strong></span> <span class='ocrx_word' id='word_1_254' title='bbox 1197 3231 1301 3270; x_wconf 90' lang='lat' dir='ltr'><strong>nec</strong></span> <span class='ocrx_word' id='word_1_255' title='bbox 1323 3213 1488 3270; x_wconf 90' lang='lat' dir='ltr'><strong>alteri</strong></span> <span class='ocrx_word' id='word_1_256' title='bbox 1519 3232 1623 3270; x_wconf 90' lang='lat' dir='ltr'><strong>nec</strong></span> <span class='ocrx_word' id='word_1_257' title='bbox 1649 3215 1760 3270; x_wconf 86' lang='lat' dir='ltr'><strong>sibi</strong></span> 
     </span>
    </p>
   </div>
   <div class='ocr_carea' id='block_1_33' title="bbox 805 415 2780 480">
    <p class='ocr_par' dir='ltr' id='par_1_33' title="bbox 805 415 2780 480">
     <span class='ocr_line' id='line_1_33' title="bbox 805 415 2780 480; baseline 0.001 -1"><span class='ocrx_word' id='word_1_258' title='bbox 805 417 908 480; x_wconf 86' lang='lat' dir='ltr'><strong>DE</strong></span> <span class='ocrx_word' id='word_1_259' title='bbox 951 416 1708 478; x_wconf 67' lang='lat' dir='ltr'><strong>Pii/EDESTINATIONE</strong></span> <span class='ocrx_word' id='word_1_260' title='bbox 1752 415 2274 478; x_wconf 80' lang='lat' dir='ltr'><strong>DISSERTA&#39;I‘IO</strong></span> <span class='ocrx_word' id='word_1_261' title='bbox 2323 418 2780 480; x_wconf 77' lang='lat' dir='ltr'><strong>POSTEltltlll.</strong></span> 
     </span>
    </p>
   </div>
   <div class='ocr_carea' id='block_1_34' title="bbox 3377 423 3494 487">
    <p class='ocr_par' dir='ltr' id='par_1_34' title="bbox 3377 423 3494 487">
     <span class='ocr_line' id='line_1_34' title="bbox 3377 423 3494 487; baseline 0 -3"><span class='ocrx_word' id='word_1_262' title='bbox 3377 423 3494 487; x_wconf 73' lang='grc'><strong>194</strong></span> 
     </span>
    </p>
   </div>
   <div class='ocr_carea' id='block_1_35' title="bbox 1857 548 3493 622">
    <p class='ocr_par' dir='ltr' id='par_1_35' title="bbox 1857 548 3493 622">
     <span class='ocr_line' id='line_1_35' title="bbox 1857 548 3493 622; baseline 0.005 -20"><span class='ocrx_word' id='word_1_263' title='bbox 1857 548 2033 620; x_wconf 82' lang='lat' dir='ltr'><strong>igitur</strong></span> <span class='ocrx_word' id='word_1_264' title='bbox 2063 549 2414 621; x_wconf 89' lang='lat' dir='ltr'><strong>cujusquam</strong></span> <span class='ocrx_word' id='word_1_265' title='bbox 2449 551 2664 622; x_wconf 86' lang='lat' dir='ltr'><strong>peccati</strong></span> <span class='ocrx_word' id='word_1_266' title='bbox 2705 557 2906 606; x_wconf 89' lang='lat' dir='ltr'><strong>auctor</strong></span> <span class='ocrx_word' id='word_1_267' title='bbox 2937 553 3090 608; x_wconf 86' lang='lat' dir='ltr'><strong>Deus</strong></span> <span class='ocrx_word' id='word_1_268' title='bbox 3129 554 3228 610; x_wconf 88' lang='lat' dir='ltr'><strong>sed</strong></span> <span class='ocrx_word' id='word_1_269' title='bbox 3271 558 3493 611; x_wconf 62' lang='lat' dir='ltr'><strong>natura:</strong></span> 
     </span>
    </p>
   </div>
   <div class='ocr_carea' id='block_1_36' title="bbox 1849 642 3492 712">
    <p class='ocr_par' dir='ltr' id='par_1_36' title="bbox 1849 642 3492 712">
     <span class='ocr_line' id='line_1_36' title="bbox 1849 642 3492 712; baseline 0.005 -20"><span class='ocrx_word' id='word_1_270' title='bbox 1849 643 2072 693; x_wconf 84' lang='lat' dir='ltr'><strong>creator</strong></span> <span class='ocrx_word' id='word_1_271' title='bbox 2097 645 2211 708; x_wconf 87' lang='lat' dir='ltr'><strong>est;</strong></span> <span class='ocrx_word' id='word_1_272' title='bbox 2245 657 2373 712; x_wconf 67' lang='lat' dir='ltr'><strong>quae</strong></span> <span class='ocrx_word' id='word_1_273' title='bbox 2403 658 2534 696; x_wconf 89' lang='lat' dir='ltr'><strong>cum</strong></span> <span class='ocrx_word' id='word_1_274' title='bbox 2571 645 2913 712; x_wconf 87' lang='lat' dir='ltr'><strong>potestatem</strong></span> <span class='ocrx_word' id='word_1_275' title='bbox 2945 642 3216 699; x_wconf 86' lang='lat' dir='ltr'><strong>habuerit</strong></span> <span class='ocrx_word' id='word_1_276' title='bbox 3242 661 3354 699; x_wconf 90' lang='lat' dir='ltr'><strong>non</strong></span> <span class='ocrx_word' id='word_1_277' title='bbox 3393 645 3492 700; x_wconf 89' lang='lat' dir='ltr'><strong>de-</strong></span> 
     </span>
    </p>
   </div>
   <div class='ocr_carea' id='block_1_37' title="bbox 1851 727 3494 804">
    <p class='ocr_par' dir='ltr' id='par_1_37' title="bbox 1851 727 3494 804">
     <span class='ocr_line' id='line_1_37' title="bbox 1851 727 3494 804; baseline 0.004 -23"><span class='ocrx_word' id='word_1_278' title='bbox 1851 727 2178 799; x_wconf 85' lang='lat' dir='ltr'><strong>linquendi,</strong></span> <span class='ocrx_word' id='word_1_279' title='bbox 2201 734 2408 801; x_wconf 86' lang='lat' dir='ltr'><strong>sponte</strong></span> <span class='ocrx_word' id='word_1_280' title='bbox 2439 729 2708 802; x_wconf 86' lang='lat' dir='ltr'><strong>deliquit,</strong></span> <span class='ocrx_word' id='word_1_281' title='bbox 2732 736 2788 785; x_wconf 90' lang='lat' dir='ltr'><strong>et</strong></span> <span class='ocrx_word' id='word_1_282' title='bbox 2809 730 3097 802; x_wconf 88' lang='lat' dir='ltr'><strong>deceptori</strong></span> <span class='ocrx_word' id='word_1_283' title='bbox 3127 748 3233 787; x_wconf 91' lang='lat' dir='ltr'><strong>suo</strong></span> <span class='ocrx_word' id='word_1_284' title='bbox 3263 735 3494 804; x_wconf 86' lang='lat' dir='ltr'><strong>propria</strong></span> 
     </span>
    </p>
   </div>
   <div class='ocr_carea' id='block_1_38' title="bbox 1849 815 3494 891">
    <p class='ocr_par' dir='ltr' id='par_1_38' title="bbox 1849 815 3494 891">
     <span class='ocr_line' id='line_1_38' title="bbox 1849 815 3494 891; baseline 0.004 -21"><span class='ocrx_word' id='word_1_285' title='bbox 1849 815 2146 872; x_wconf 82' lang='lat' dir='ltr'><strong>voluntate</strong></span> <span class='ocrx_word' id='word_1_286' title='bbox 2166 833 2227 872; x_wconf 92' lang='lat' dir='ltr'><strong>se</strong></span> <span class='ocrx_word' id='word_1_287' title='bbox 2249 817 2528 873; x_wconf 87' lang='lat' dir='ltr'><strong>subdidit.</strong></span> <span class='ocrx_word' id='word_1_288' title='bbox 2552 819 2668 874; x_wconf 91' lang='lat' dir='ltr'><strong>Nec</strong></span> <span class='ocrx_word' id='word_1_289' title='bbox 2689 817 2942 874; x_wconf 88' lang='lat' dir='ltr'><strong>naturali</strong></span> <span class='ocrx_word' id='word_1_290' title='bbox 2965 819 3064 874; x_wconf 90' lang='lat' dir='ltr'><strong>sed</strong></span> <span class='ocrx_word' id='word_1_291' title='bbox 3087 819 3311 891; x_wconf 89' lang='lat' dir='ltr'><strong>captivo</strong></span> <span class='ocrx_word' id='word_1_292' title='bbox 3331 825 3494 877; x_wconf 90' lang='lat' dir='ltr'><strong>motu</strong></span> 
     </span>
    </p>
   </div>
   <div class='ocr_carea' id='block_1_39' title="bbox 1853 905 3498 980">
    <p class='ocr_par' dir='ltr' id='par_1_39' title="bbox 1853 905 3498 980">
     <span class='ocr_line' id='line_1_39' title="bbox 1853 905 3498 980; baseline 0.003 -20"><span class='ocrx_word' id='word_1_293' title='bbox 1853 910 2117 960; x_wconf 81' lang='lat' dir='ltr'><strong>versatur</strong></span> <span class='ocrx_word' id='word_1_294' title='bbox 2153 905 2212 961; x_wconf 93' lang='lat' dir='ltr'><strong>in</strong></span> <span class='ocrx_word' id='word_1_295' title='bbox 2259 905 2420 975; x_wconf 89' lang='lat' dir='ltr'><strong>vitio,</strong></span> <span class='ocrx_word' id='word_1_296' title='bbox 2453 907 2636 964; x_wconf 90' lang='lat' dir='ltr'><strong>donec</strong></span> <span class='ocrx_word' id='word_1_297' title='bbox 2667 909 2952 963; x_wconf 87' lang='lat' dir='ltr'><strong>moriatur</strong></span> <span class='ocrx_word' id='word_1_298' title='bbox 2998 912 3232 980; x_wconf 86' lang='lat' dir='ltr'><strong>peccato</strong></span> <span class='ocrx_word' id='word_1_299' title='bbox 3263 911 3320 963; x_wconf 89' lang='lat' dir='ltr'><strong>et</strong></span> <span class='ocrx_word' id='word_1_300' title='bbox 3347 909 3498 965; x_wconf 87' lang='lat' dir='ltr'><strong>vivat</strong></span> 
     </span>
    </p>
   </div>
   <div class='ocr_carea' id='block_1_40' title="bbox 1852 993 3500 1069">
    <p class='ocr_par' dir='ltr' id='par_1_40' title="bbox 1852 993 3500 1069">
     <span class='ocr_line' id='line_1_40' title="bbox 1852 993 3500 1069; baseline 0.002 -21"><span class='ocrx_word' id='word_1_301' title='bbox 1852 993 1988 1048; x_wconf 90' lang='lat' dir='ltr'><strong>Deo.</strong></span> <span class='ocrx_word' id='word_1_302' title='bbox 2015 995 2177 1060; x_wconf 90' lang='lat' dir='ltr'><strong>Quod</strong></span> <span class='ocrx_word' id='word_1_303' title='bbox 2209 995 2337 1051; x_wconf 89' lang='lat' dir='ltr'><strong>sine</strong></span> <span class='ocrx_word' id='word_1_304' title='bbox 2366 996 2556 1068; x_wconf 84' lang='lat' dir='ltr'><strong>gratia</strong></span> <span class='ocrx_word' id='word_1_305' title='bbox 2585 996 2684 1052; x_wconf 88' lang='lat' dir='ltr'><strong>Dei</strong></span> <span class='ocrx_word' id='word_1_306' title='bbox 2716 995 2902 1052; x_wconf 80' lang='lat' dir='ltr'><strong>facere</strong></span> <span class='ocrx_word' id='word_1_307' title='bbox 2952 1013 3064 1052; x_wconf 91' lang='lat' dir='ltr'><strong>non</strong></span> <span class='ocrx_word' id='word_1_308' title='bbox 3115 1000 3327 1069; x_wconf 88' lang='lat' dir='ltr'><strong>potest,</strong></span> <span class='ocrx_word' id='word_1_309' title='bbox 3358 997 3500 1068; x_wconf 89' lang='lat' dir='ltr'><strong>quia</strong></span> 
     </span>
    </p>
   </div>
   <div class='ocr_carea' id='block_1_41' title="bbox 1853 1081 3502 1157">
    <p class='ocr_par' dir='ltr' id='par_1_41' title="bbox 1853 1081 3502 1157">
     <span class='ocr_line' id='line_1_41' title="bbox 1853 1081 3502 1157; baseline 0.003 -21"><span class='ocrx_word' id='word_1_310' title='bbox 1853 1081 2203 1151; x_wconf 88' lang='lat' dir='ltr'><strong>libertatem,</strong></span> <span class='ocrx_word' id='word_1_311' title='bbox 2237 1100 2414 1156; x_wconf 90' lang='lat' dir='ltr'><strong>quam</strong></span> <span class='ocrx_word' id='word_1_312' title='bbox 2471 1083 2736 1141; x_wconf 88' lang='lat' dir='ltr'><strong>libertate</strong></span> <span class='ocrx_word' id='word_1_313' title='bbox 2791 1085 3066 1157; x_wconf 89' lang='lat' dir='ltr'><strong>perdidit,</strong></span> <span class='ocrx_word' id='word_1_314' title='bbox 3108 1083 3223 1141; x_wconf 87' lang='lat' dir='ltr'><strong>nisi</strong></span> <span class='ocrx_word' id='word_1_315' title='bbox 3269 1083 3502 1141; x_wconf 89' lang='lat' dir='ltr'><strong>Christo</strong></span> 
     </span>
    </p>
   </div>
   <div class='ocr_carea' id='block_1_42' title="bbox 1853 1169 2593 1244">
    <p class='ocr_par' dir='ltr' id='par_1_42' title="bbox 1853 1169 2593 1244">
     <span class='ocr_line' id='line_1_42' title="bbox 1853 1169 2593 1244; baseline -0.003 -19"><span class='ocrx_word' id='word_1_316' title='bbox 1853 1169 2136 1227; x_wconf 89' lang='lat' dir='ltr'><strong>liberante</strong></span> <span class='ocrx_word' id='word_1_317' title='bbox 2167 1188 2282 1227; x_wconf 90' lang='lat' dir='ltr'><strong>non</strong></span> <span class='ocrx_word' id='word_1_318' title='bbox 2316 1173 2539 1244; x_wconf 87' lang='lat' dir='ltr'><strong>recipit.</strong></span> <span class='ocrx_word' id='word_1_319' title='bbox 2565 1196 2593 1224; x_wconf 88' lang='grc'><strong>‹‹</strong></span> 
     </span>
    </p>
   </div>
   <div class='ocr_carea' id='block_1_43' title="bbox 1926 1259 3501 1334">
    <p class='ocr_par' dir='ltr' id='par_1_43' title="bbox 1926 1259 3501 1334">
     <span class='ocr_line' id='line_1_43' title="bbox 1926 1259 3501 1334; baseline 0.003 -21"><span class='ocrx_word' id='word_1_320' title='bbox 1926 1260 2068 1314; x_wconf 90' lang='lat' dir='ltr'><strong>Ecce</strong></span> <span class='ocrx_word' id='word_1_321' title='bbox 2091 1259 2267 1314; x_wconf 87' lang='lat' dir='ltr'><strong>habet</strong></span> <span class='ocrx_word' id='word_1_322' title='bbox 2287 1259 2486 1325; x_wconf 88' lang='lat' dir='ltr'><strong>lector,</strong></span> <span class='ocrx_word' id='word_1_323' title='bbox 2511 1260 2650 1332; x_wconf 90' lang='lat' dir='ltr'><strong>quia</strong></span> <span class='ocrx_word' id='word_1_324' title='bbox 2669 1260 3000 1318; x_wconf 90' lang='lat' dir='ltr'><strong>libertatem</strong></span> <span class='ocrx_word' id='word_1_325' title='bbox 3023 1278 3202 1334; x_wconf 90' lang='lat' dir='ltr'><strong>quam</strong></span> <span class='ocrx_word' id='word_1_326' title='bbox 3233 1261 3501 1318; x_wconf 87' lang='lat' dir='ltr'><strong>libertate</strong></span> 
     </span>
    </p>
   </div>
   <div class='ocr_carea' id='block_1_44' title="bbox 1856 1348 3502 1424">
    <p class='ocr_par' dir='ltr' id='par_1_44' title="bbox 1856 1348 3502 1424">
     <span class='ocr_line' id='line_1_44' title="bbox 1856 1348 3502 1424; baseline 0.003 -22"><span class='ocrx_word' id='word_1_327' title='bbox 1856 1348 2238 1421; x_wconf 86' lang='lat' dir='ltr'><strong>perdidimus,</strong></span> <span class='ocrx_word' id='word_1_328' title='bbox 2264 1349 2375 1404; x_wconf 90' lang='lat' dir='ltr'><strong>nisi</strong></span> <span class='ocrx_word' id='word_1_329' title='bbox 2400 1349 2621 1406; x_wconf 87' lang='lat' dir='ltr'><strong>Cbrisio</strong></span> <span class='ocrx_word' id='word_1_330' title='bbox 2643 1349 2926 1407; x_wconf 88' lang='lat' dir='ltr'><strong>liberante</strong></span> <span class='ocrx_word' id='word_1_331' title='bbox 2956 1367 3327 1424; x_wconf 90' lang='lat' dir='ltr'><strong>nequaquam</strong></span> <span class='ocrx_word' id='word_1_332' title='bbox 3355 1350 3502 1407; x_wconf 87' lang='lat' dir='ltr'><strong>reci-</strong></span> 
     </span>
    </p>
   </div>
   <div class='ocr_carea' id='block_1_45' title="bbox 1856 1435 3528 1511">
    <p class='ocr_par' dir='ltr' id='par_1_45' title="bbox 1856 1435 3528 1511">
     <span class='ocr_line' id='line_1_45' title="bbox 1856 1435 3528 1511; baseline 0.004 -21"><span class='ocrx_word' id='word_1_333' title='bbox 1856 1435 2052 1510; x_wconf 90' lang='lat' dir='ltr'><strong>pimus</strong></span> <span class='ocrx_word' id='word_1_334' title='bbox 2077 1453 2090 1492; x_wconf 85' lang='lat'><strong>:</strong></span> <span class='ocrx_word' id='word_1_335' title='bbox 2111 1453 2406 1509; x_wconf 90' lang='lat' dir='ltr'><strong>quamque</strong></span> <span class='ocrx_word' id='word_1_336' title='bbox 2422 1437 2634 1494; x_wconf 89' lang='lat' dir='ltr'><strong>Christi</strong></span> <span class='ocrx_word' id='word_1_337' title='bbox 2658 1439 2845 1511; x_wconf 85' lang='lat' dir='ltr'><strong>gratia</strong></span> <span class='ocrx_word' id='word_1_338' title='bbox 2863 1439 3168 1495; x_wconf 89' lang='lat' dir='ltr'><strong>liberatam</strong></span> <span class='ocrx_word' id='word_1_339' title='bbox 3187 1441 3261 1495; x_wconf 91' lang='lat' dir='ltr'><strong>ad</strong></span> <span class='ocrx_word' id='word_1_340' title='bbox 3281 1440 3500 1496; x_wconf 87' lang='lat' dir='ltr'><strong>bonum</strong></span> <span class='ocrx_word' id='word_1_341' title='bbox 3525 1471 3528 1476; x_wconf 95' lang='lat'><strong><em>-</em></strong></span> 
     </span>
    </p>
   </div>
   <div class='ocr_carea' id='block_1_46' title="bbox 1858 1524 3503 1600">
    <p class='ocr_par' dir='ltr' id='par_1_46' title="bbox 1858 1524 3503 1600">
     <span class='ocr_line' id='line_1_46' title="bbox 1858 1524 3503 1600; baseline 0.001 -20"><span class='ocrx_word' id='word_1_342' title='bbox 1858 1524 2163 1596; x_wconf 89' lang='lat' dir='ltr'><strong>habemus,</strong></span> <span class='ocrx_word' id='word_1_343' title='bbox 2196 1530 2253 1580; x_wconf 89' lang='lat' dir='ltr'><strong>et</strong></span> <span class='ocrx_word' id='word_1_344' title='bbox 2280 1526 2406 1581; x_wconf 89' lang='lat' dir='ltr'><strong>sine</strong></span> <span class='ocrx_word' id='word_1_345' title='bbox 2437 1525 2652 1582; x_wconf 87' lang='lat' dir='ltr'><strong>Christi</strong></span> <span class='ocrx_word' id='word_1_346' title='bbox 2695 1527 2878 1600; x_wconf 83' lang='lat' dir='ltr'><strong>gratia</strong></span> <span class='ocrx_word' id='word_1_347' title='bbox 2911 1528 3138 1600; x_wconf 82' lang='lat' dir='ltr'><strong>captivo</strong></span> <span class='ocrx_word' id='word_1_348' title='bbox 3179 1532 3341 1584; x_wconf 91' lang='lat' dir='ltr'><strong>motu</strong></span> <span class='ocrx_word' id='word_1_349' title='bbox 3372 1545 3503 1582; x_wconf 90' lang='lat' dir='ltr'><strong>ver-</strong></span> 
     </span>
    </p>
   </div>
   <div class='ocr_carea' id='block_1_47' title="bbox 1858 1614 3508 1688">
    <p class='ocr_par' dir='ltr' id='par_1_47' title="bbox 1858 1614 3508 1688">
     <span class='ocr_line' id='line_1_47' title="bbox 1858 1614 3508 1688; baseline 0.002 -20"><span class='ocrx_word' id='word_1_350' title='bbox 1858 1631 2060 1669; x_wconf 88' lang='lat' dir='ltr'><strong>samur</strong></span> <span class='ocrx_word' id='word_1_351' title='bbox 2108 1615 2166 1669; x_wconf 91' lang='lat' dir='ltr'><strong>in</strong></span> <span class='ocrx_word' id='word_1_352' title='bbox 2205 1614 2364 1670; x_wconf 91' lang='lat' dir='ltr'><strong>vitio.</strong></span> <span class='ocrx_word' id='word_1_353' title='bbox 2398 1616 2468 1670; x_wconf 86' lang='lat' dir='ltr'><strong>Et</strong></span> <span class='ocrx_word' id='word_1_354' title='bbox 2523 1621 2764 1670; x_wconf 88' lang='lat' dir='ltr'><strong>sanctus</strong></span> <span class='ocrx_word' id='word_1_355' title='bbox 2814 1617 3182 1687; x_wconf 79' lang='lat' dir='ltr'><strong>leestinus,</strong></span> <span class='ocrx_word' id='word_1_356' title='bbox 3213 1621 3278 1672; x_wconf 90' lang='lat' dir='ltr'><strong>ut</strong></span> <span class='ocrx_word' id='word_1_357' title='bbox 3325 1633 3508 1688; x_wconf 86' lang='lat' dir='ltr'><strong>supra</strong></span> 
     </span>
    </p>
   </div>
   <div class='ocr_carea' id='block_1_48' title="bbox 1860 1702 3508 1777">
    <p class='ocr_par' dir='ltr' id='par_1_48' title="bbox 1860 1702 3508 1777">
     <span class='ocr_line' id='line_1_48' title="bbox 1860 1702 3508 1777; baseline 0.002 -19"><span class='ocrx_word' id='word_1_358' title='bbox 1860 1702 2283 1774; x_wconf 73' lang='lat' dir='ltr'><strong>scripsimuszu</strong></span> <span class='ocrx_word' id='word_1_359' title='bbox 2309 1703 2570 1759; x_wconf 89' lang='lat' dir='ltr'><strong>Primum</strong></span> <span class='ocrx_word' id='word_1_360' title='bbox 2615 1705 2914 1760; x_wconf 89' lang='lat' dir='ltr'><strong>hominem</strong></span> <span class='ocrx_word' id='word_1_361' title='bbox 2967 1706 3050 1760; x_wconf 90' lang='lat' dir='ltr'><strong>ita</strong></span> <span class='ocrx_word' id='word_1_362' title='bbox 3096 1705 3334 1761; x_wconf 89' lang='lat' dir='ltr'><strong>libertas</strong></span> <span class='ocrx_word' id='word_1_363' title='bbox 3377 1705 3508 1777; x_wconf 87' lang='lat' dir='ltr'><strong>ipsa</strong></span> 
     </span>
    </p>
   </div>
   <div class='ocr_carea' id='block_1_49' title="bbox 1861 1790 3503 1864">
    <p class='ocr_par' dir='ltr' id='par_1_49' title="bbox 1861 1790 3503 1864">
     <span class='ocr_line' id='line_1_49' title="bbox 1861 1790 3503 1864; baseline 0.003 -21"><span class='ocrx_word' id='word_1_364' title='bbox 1861 1790 2104 1862; x_wconf 88' lang='lat' dir='ltr'><strong>decepit,</strong></span> <span class='ocrx_word' id='word_1_365' title='bbox 2129 1795 2193 1846; x_wconf 91' lang='lat' dir='ltr'><strong>ut</strong></span> <span class='ocrx_word' id='word_1_366' title='bbox 2225 1791 2364 1846; x_wconf 89' lang='lat' dir='ltr'><strong>dum</strong></span> <span class='ocrx_word' id='word_1_367' title='bbox 2409 1791 2810 1863; x_wconf 83' lang='lat' dir='ltr'><strong>indulgentius</strong></span> <span class='ocrx_word' id='word_1_368' title='bbox 2841 1792 3020 1848; x_wconf 83' lang='lat' dir='ltr'><strong>frenis</strong></span> <span class='ocrx_word' id='word_1_369' title='bbox 3050 1793 3179 1864; x_wconf 88' lang='lat' dir='ltr'><strong>ejus</strong></span> <span class='ocrx_word' id='word_1_370' title='bbox 3209 1793 3412 1860; x_wconf 88' lang='lat' dir='ltr'><strong>utitur,</strong></span> <span class='ocrx_word' id='word_1_371' title='bbox 3443 1793 3503 1848; x_wconf 91' lang='lat' dir='ltr'><strong>in</strong></span> 
     </span>
    </p>
   </div>
   <div class='ocr_carea' id='block_1_50' title="bbox 1860 1880 3507 1953">
    <p class='ocr_par' dir='ltr' id='par_1_50' title="bbox 1860 1880 3507 1953">
     <span class='ocr_line' id='line_1_50' title="bbox 1860 1880 3507 1953; baseline 0.002 -20"><span class='ocrx_word' id='word_1_372' title='bbox 1860 1880 2386 1952; x_wconf 60' lang='lat' dir='ltr'><strong>praevaricationem</strong></span> <span class='ocrx_word' id='word_1_373' title='bbox 2420 1881 2896 1953; x_wconf 78' lang='lat' dir='ltr'><strong>praesumptionis</strong></span> <span class='ocrx_word' id='word_1_374' title='bbox 2933 1881 3248 1949; x_wconf 87' lang='lat' dir='ltr'><strong>incideret;</strong></span> <span class='ocrx_word' id='word_1_375' title='bbox 3292 1897 3396 1936; x_wconf 88' lang='lat' dir='ltr'><strong>nec</strong></span> <span class='ocrx_word' id='word_1_376' title='bbox 3437 1898 3507 1936; x_wconf 82' lang='lat' dir='ltr'><strong>ex</strong></span> 
     </span>
    </p>
   </div>
   <div class='ocr_carea' id='block_1_51' title="bbox 1861 1969 3506 2042">
    <p class='ocr_par' dir='ltr' id='par_1_51' title="bbox 1861 1969 3506 2042">
     <span class='ocr_line' id='line_1_51' title="bbox 1861 1969 3506 2042; baseline 0.001 -20"><span class='ocrx_word' id='word_1_377' title='bbox 1861 1969 1967 2023; x_wconf 88' lang='lat' dir='ltr'><strong>hac</strong></span> <span class='ocrx_word' id='word_1_378' title='bbox 2000 1969 2189 2039; x_wconf 87' lang='lat' dir='ltr'><strong>potuit</strong></span> <span class='ocrx_word' id='word_1_379' title='bbox 2225 1969 2371 2039; x_wconf 90' lang='lat' dir='ltr'><strong>erui,</strong></span> <span class='ocrx_word' id='word_1_380' title='bbox 2406 1969 2518 2024; x_wconf 84' lang='lat' dir='ltr'><strong>nisi</strong></span> <span class='ocrx_word' id='word_1_381' title='bbox 2550 1970 2599 2024; x_wconf 90' lang='lat' dir='ltr'><strong>ei</strong></span> <span class='ocrx_word' id='word_1_382' title='bbox 2645 1969 3004 2040; x_wconf 87' lang='lat' dir='ltr'><strong>providentia</strong></span> <span class='ocrx_word' id='word_1_383' title='bbox 3053 1969 3506 2042; x_wconf 84' lang='lat' dir='ltr'><strong>regenerationis</strong></span> 
     </span>
    </p>
   </div>
   <div class='ocr_carea' id='block_1_52' title="bbox 1861 2057 3507 2129">
    <p class='ocr_par' dir='ltr' id='par_1_52' title="bbox 1861 2057 3507 2129">
     <span class='ocr_line' id='line_1_52' title="bbox 1861 2057 3507 2129; baseline 0 -17"><span class='ocrx_word' id='word_1_384' title='bbox 1861 2060 2079 2112; x_wconf 66' lang='lat' dir='ltr'><strong>statum</strong></span> <span class='ocrx_word' id='word_1_385' title='bbox 2101 2057 2360 2129; x_wconf 64' lang='lat' dir='ltr'><strong>pristinas</strong></span> <span class='ocrx_word' id='word_1_386' title='bbox 2393 2057 2906 2114; x_wconf 87' lang='lat' dir='ltr'><strong>libertatisChristi</strong></span> <span class='ocrx_word' id='word_1_387' title='bbox 2937 2059 3169 2113; x_wconf 89' lang='lat' dir='ltr'><strong>Domini</strong></span> <span class='ocrx_word' id='word_1_388' title='bbox 3192 2061 3507 2113; x_wconf 81' lang='lat' dir='ltr'><strong>reformas-</strong></span> 
     </span>
    </p>
   </div>
   <div class='ocr_carea' id='block_1_53' title="bbox 1862 2145 3509 2219">
    <p class='ocr_par' dir='ltr' id='par_1_53' title="bbox 1862 2145 3509 2219">
     <span class='ocr_line' id='line_1_53' title="bbox 1862 2145 3509 2219; baseline 0 -19"><span class='ocrx_word' id='word_1_389' title='bbox 1862 2150 1951 2200; x_wconf 88' lang='lat' dir='ltr'><strong>set</strong></span> <span class='ocrx_word' id='word_1_390' title='bbox 1973 2146 2313 2200; x_wconf 85' lang='lat' dir='ltr'><strong>adventus.»</strong></span> <span class='ocrx_word' id='word_1_391' title='bbox 2339 2147 2502 2201; x_wconf 84' lang='lat' dir='ltr'><strong>Unde</strong></span> <span class='ocrx_word' id='word_1_392' title='bbox 2522 2147 2715 2202; x_wconf 88' lang='lat' dir='ltr'><strong>videat</strong></span> <span class='ocrx_word' id='word_1_393' title='bbox 2737 2145 2834 2218; x_wconf 91' lang='lat' dir='ltr'><strong>qui</strong></span> <span class='ocrx_word' id='word_1_394' title='bbox 2861 2145 3116 2218; x_wconf 86' lang='lat' dir='ltr'><strong>capitula</strong></span> <span class='ocrx_word' id='word_1_395' title='bbox 3145 2145 3246 2200; x_wconf 91' lang='lat' dir='ltr'><strong>illa</strong></span> <span class='ocrx_word' id='word_1_396' title='bbox 3270 2163 3509 2219; x_wconf 87' lang='lat' dir='ltr'><strong>compo-</strong></span> 
     </span>
    </p>
   </div>
   <div class='ocr_carea' id='block_1_54' title="bbox 1863 2234 3508 2308">
    <p class='ocr_par' dir='ltr' id='par_1_54' title="bbox 1863 2234 3508 2308">
     <span class='ocr_line' id='line_1_54' title="bbox 1863 2234 3508 2308; baseline 0.001 -19"><span class='ocrx_word' id='word_1_397' title='bbox 1863 2234 2000 2301; x_wconf 89' lang='lat' dir='ltr'><strong>suit,</strong></span> <span class='ocrx_word' id='word_1_398' title='bbox 2025 2251 2153 2306; x_wconf 71' lang='lat' dir='ltr'><strong>qua:</strong></span> <span class='ocrx_word' id='word_1_399' title='bbox 2185 2234 2352 2290; x_wconf 89' lang='lat' dir='ltr'><strong>nobis</strong></span> <span class='ocrx_word' id='word_1_400' title='bbox 2384 2235 2628 2290; x_wconf 79' lang='lat' dir='ltr'><strong>dedistis</strong></span> <span class='ocrx_word' id='word_1_401' title='bbox 2659 2239 2724 2290; x_wconf 90' lang='lat' dir='ltr'><strong>ut</strong></span> <span class='ocrx_word' id='word_1_402' title='bbox 2752 2236 2824 2290; x_wconf 89' lang='lat' dir='ltr'><strong>de</strong></span> <span class='ocrx_word' id='word_1_403' title='bbox 2853 2235 2937 2290; x_wconf 86' lang='lat' dir='ltr'><strong>eis</strong></span> <span class='ocrx_word' id='word_1_404' title='bbox 2967 2235 3130 2290; x_wconf 84' lang='lat' dir='ltr'><strong>vobis</strong></span> <span class='ocrx_word' id='word_1_405' title='bbox 3161 2235 3508 2308; x_wconf 87' lang='lat' dir='ltr'><strong>respondea-</strong></span> 
     </span>
    </p>
   </div>
   <div class='ocr_carea' id='block_1_55' title="bbox 1864 2322 3514 2395">
    <p class='ocr_par' dir='ltr' id='par_1_55' title="bbox 1864 2322 3514 2395">
     <span class='ocr_line' id='line_1_55' title="bbox 1864 2322 3514 2395; baseline 0.001 -18"><span class='ocrx_word' id='word_1_406' title='bbox 1864 2322 2074 2389; x_wconf 88' lang='lat' dir='ltr'><strong>mus,si</strong></span> <span class='ocrx_word' id='word_1_407' title='bbox 2091 2323 2478 2395; x_wconf 88' lang='lat' dir='ltr'><strong>capitulum,a</strong></span> <span class='ocrx_word' id='word_1_408' title='bbox 2494 2329 2694 2379; x_wconf 89' lang='lat' dir='ltr'><strong>nostra</strong></span> <span class='ocrx_word' id='word_1_409' title='bbox 2706 2323 3105 2379; x_wconf 86' lang='lat' dir='ltr'><strong>mediocritate</strong></span> <span class='ocrx_word' id='word_1_410' title='bbox 3121 2339 3188 2378; x_wconf 81' lang='lat' dir='ltr'><strong>ex</strong></span> <span class='ocrx_word' id='word_1_411' title='bbox 3204 2323 3364 2378; x_wconf 90' lang='lat' dir='ltr'><strong>hiset</strong></span> <span class='ocrx_word' id='word_1_412' title='bbox 3378 2323 3514 2378; x_wconf 87' lang='lat' dir='ltr'><strong>alio-</strong></span> 
     </span>
    </p>
   </div>
   <div class='ocr_carea' id='block_1_56' title="bbox 1865 2411 3514 2484">
    <p class='ocr_par' dir='ltr' id='par_1_56' title="bbox 1865 2411 3514 2484">
     <span class='ocr_line' id='line_1_56' title="bbox 1865 2411 3514 2484; baseline 0.001 -18"><span class='ocrx_word' id='word_1_413' title='bbox 1865 2429 1996 2468; x_wconf 89' lang='lat' dir='ltr'><strong>rum</strong></span> <span class='ocrx_word' id='word_1_414' title='bbox 2026 2413 2200 2468; x_wconf 89' lang='lat' dir='ltr'><strong>etiam</strong></span> <span class='ocrx_word' id='word_1_415' title='bbox 2236 2413 2541 2467; x_wconf 88' lang='lat' dir='ltr'><strong>doctorum</strong></span> <span class='ocrx_word' id='word_1_416' title='bbox 2564 2413 2754 2468; x_wconf 85' lang='lat' dir='ltr'><strong>verbis</strong></span> <span class='ocrx_word' id='word_1_417' title='bbox 2785 2415 3142 2484; x_wconf 77' lang='lat' dir='ltr'><strong>excerptum,</strong></span> <span class='ocrx_word' id='word_1_418' title='bbox 3166 2429 3201 2467; x_wconf 90' lang='lat' dir='ltr'><strong>a</strong></span> <span class='ocrx_word' id='word_1_419' title='bbox 3229 2411 3514 2468; x_wconf 87' lang='lat' dir='ltr'><strong>catholica</strong></span> 
     </span>
    </p>
   </div>
   <div class='ocr_carea' id='block_1_57' title="bbox 1865 2498 3514 2572">
    <p class='ocr_par' dir='ltr' id='par_1_57' title="bbox 1865 2498 3514 2572">
     <span class='ocr_line' id='line_1_57' title="bbox 1865 2498 3514 2572; baseline -0.001 -17"><span class='ocrx_word' id='word_1_420' title='bbox 1865 2502 1979 2556; x_wconf 83' lang='lat' dir='ltr'><strong>ﬁde</strong></span> <span class='ocrx_word' id='word_1_421' title='bbox 2004 2501 2316 2557; x_wconf 87' lang='lat' dir='ltr'><strong>discordet.</strong></span> <span class='ocrx_word' id='word_1_422' title='bbox 2343 2500 2627 2567; x_wconf 85' lang='lat' dir='ltr'><strong>Quoniam</strong></span> <span class='ocrx_word' id='word_1_423' title='bbox 2651 2501 2710 2555; x_wconf 90' lang='lat' dir='ltr'><strong>in</strong></span> <span class='ocrx_word' id='word_1_424' title='bbox 2735 2506 2894 2555; x_wconf 78' lang='lat' dir='ltr'><strong>sexto</strong></span> <span class='ocrx_word' id='word_1_425' title='bbox 2917 2498 3192 2572; x_wconf 89' lang='lat' dir='ltr'><strong>capitulo,</strong></span> <span class='ocrx_word' id='word_1_426' title='bbox 3209 2499 3376 2572; x_wconf 89' lang='lat' dir='ltr'><strong>quasi</strong></span> <span class='ocrx_word' id='word_1_427' title='bbox 3407 2517 3514 2554; x_wconf 90' lang='lat' dir='ltr'><strong>nos</strong></span> 
     </span>
    </p>
   </div>
   <div class='ocr_carea' id='block_1_58' title="bbox 1867 2589 3514 2657">
    <p class='ocr_par' dir='ltr' id='par_1_58' title="bbox 1867 2589 3514 2657">
     <span class='ocr_line' id='line_1_58' title="bbox 1867 2589 3514 2657; baseline -0.001 -11"><span class='ocrx_word' id='word_1_428' title='bbox 1867 2589 1938 2647; x_wconf 85' lang='lat' dir='ltr'><strong>ab</strong></span> <span class='ocrx_word' id='word_1_429' title='bbox 1963 2607 2031 2645; x_wconf 90' lang='lat' dir='ltr'><strong>ea</strong></span> <span class='ocrx_word' id='word_1_430' title='bbox 2051 2590 2544 2657; x_wconf 88' lang='lat' dir='ltr'><strong>discordaremus,</strong></span> <span class='ocrx_word' id='word_1_431' title='bbox 2567 2590 2818 2645; x_wconf 89' lang='lat' dir='ltr'><strong>scribere</strong></span> <span class='ocrx_word' id='word_1_432' title='bbox 2839 2589 3040 2656; x_wconf 90' lang='lat' dir='ltr'><strong>voluit,</strong></span> <span class='ocrx_word' id='word_1_433' title='bbox 3057 2589 3256 2645; x_wconf 90' lang='lat' dir='ltr'><strong>dicens</strong></span> <span class='ocrx_word' id='word_1_434' title='bbox 3278 2607 3291 2645; x_wconf 93' lang='lat'><strong>:</strong></span> <span class='ocrx_word' id='word_1_435' title='bbox 3317 2612 3344 2639; x_wconf 88' lang='lat'><strong>«</strong></span> <span class='ocrx_word' id='word_1_436' title='bbox 3372 2589 3514 2644; x_wconf 90' lang='lat' dir='ltr'><strong>Item</strong></span> 
     </span>
    </p>
   </div>
   <div class='ocr_carea' id='block_1_59' title="bbox 1868 2677 3515 2751">
    <p class='ocr_par' dir='ltr' id='par_1_59' title="bbox 1868 2677 3515 2751">
     <span class='ocr_line' id='line_1_59' title="bbox 1868 2677 3515 2751; baseline -0.001 -17"><span class='ocrx_word' id='word_1_437' title='bbox 1868 2680 1939 2734; x_wconf 90' lang='lat' dir='ltr'><strong>de</strong></span> <span class='ocrx_word' id='word_1_438' title='bbox 1968 2677 2155 2751; x_wconf 82' lang='lat' dir='ltr'><strong>gratia</strong></span> <span class='ocrx_word' id='word_1_439' title='bbox 2203 2695 2306 2750; x_wconf 90' lang='lat' dir='ltr'><strong>per</strong></span> <span class='ocrx_word' id='word_1_440' title='bbox 2335 2695 2509 2750; x_wconf 88' lang='lat' dir='ltr'><strong>quam</strong></span> <span class='ocrx_word' id='word_1_441' title='bbox 2563 2677 2867 2733; x_wconf 88' lang='lat' dir='ltr'><strong>salvantur</strong></span> <span class='ocrx_word' id='word_1_442' title='bbox 2925 2677 3247 2747; x_wconf 88' lang='lat' dir='ltr'><strong>credentes,</strong></span> <span class='ocrx_word' id='word_1_443' title='bbox 3277 2681 3334 2733; x_wconf 91' lang='lat' dir='ltr'><strong>et</strong></span> <span class='ocrx_word' id='word_1_444' title='bbox 3389 2677 3515 2732; x_wconf 90' lang='lat' dir='ltr'><strong>sine</strong></span> 
     </span>
    </p>
   </div>
   <div class='ocr_carea' id='block_1_60' title="bbox 1868 2765 3514 2840">
    <p class='ocr_par' dir='ltr' id='par_1_60' title="bbox 1868 2765 3514 2840">
     <span class='ocr_line' id='line_1_60' title="bbox 1868 2765 3514 2840; baseline -0.002 -17"><span class='ocrx_word' id='word_1_445' title='bbox 1868 2785 1986 2840; x_wconf 91' lang='lat' dir='ltr'><strong>qua</strong></span> <span class='ocrx_word' id='word_1_446' title='bbox 2017 2766 2318 2822; x_wconf 86' lang='lat' dir='ltr'><strong>rationalis</strong></span> <span class='ocrx_word' id='word_1_447' title='bbox 2349 2772 2614 2822; x_wconf 88' lang='lat' dir='ltr'><strong>creatura</strong></span> <span class='ocrx_word' id='word_1_448' title='bbox 2642 2784 2946 2838; x_wconf 88' lang='lat' dir='ltr'><strong>nunquam</strong></span> <span class='ocrx_word' id='word_1_449' title='bbox 2979 2767 3146 2821; x_wconf 87' lang='lat' dir='ltr'><strong>beate</strong></span> <span class='ocrx_word' id='word_1_450' title='bbox 3173 2765 3335 2832; x_wconf 76' lang='lat' dir='ltr'><strong>vixit,</strong></span> <span class='ocrx_word' id='word_1_451' title='bbox 3357 2769 3416 2820; x_wconf 89' lang='lat' dir='ltr'><strong>et</strong></span> <span class='ocrx_word' id='word_1_452' title='bbox 3443 2765 3514 2820; x_wconf 88' lang='lat' dir='ltr'><strong>de</strong></span> 
     </span>
    </p>
   </div>
   <div class='ocr_carea' id='block_1_61' title="bbox 1869 2853 3514 2928">
    <p class='ocr_par' dir='ltr' id='par_1_61' title="bbox 1869 2853 3514 2928">
     <span class='ocr_line' id='line_1_61' title="bbox 1869 2853 3514 2928; baseline -0.002 -16"><span class='ocrx_word' id='word_1_453' title='bbox 1869 2855 2050 2912; x_wconf 90' lang='lat' dir='ltr'><strong>libero</strong></span> <span class='ocrx_word' id='word_1_454' title='bbox 2081 2855 2342 2923; x_wconf 89' lang='lat' dir='ltr'><strong>arbitrio,</strong></span> <span class='ocrx_word' id='word_1_455' title='bbox 2375 2873 2477 2928; x_wconf 88' lang='lat' dir='ltr'><strong>per</strong></span> <span class='ocrx_word' id='word_1_456' title='bbox 2505 2859 2810 2927; x_wconf 89' lang='lat' dir='ltr'><strong>peccatum</strong></span> <span class='ocrx_word' id='word_1_457' title='bbox 2843 2853 2901 2909; x_wconf 92' lang='lat' dir='ltr'><strong>in</strong></span> <span class='ocrx_word' id='word_1_458' title='bbox 2936 2855 3125 2927; x_wconf 89' lang='lat' dir='ltr'><strong>primo</strong></span> <span class='ocrx_word' id='word_1_459' title='bbox 3155 2853 3394 2908; x_wconf 86' lang='lat' dir='ltr'><strong>homine</strong></span> <span class='ocrx_word' id='word_1_460' title='bbox 3425 2854 3514 2908; x_wconf 89' lang='lat' dir='ltr'><strong>in-</strong></span> 
     </span>
    </p>
   </div>
   <div class='ocr_carea' id='block_1_62' title="bbox 1871 2941 3515 3016">
    <p class='ocr_par' dir='ltr' id='par_1_62' title="bbox 1871 2941 3515 3016">
     <span class='ocr_line' id='line_1_62' title="bbox 1871 2941 3515 3016; baseline -0.001 -17"><span class='ocrx_word' id='word_1_461' title='bbox 1871 2946 2122 3010; x_wconf 82' lang='lat' dir='ltr'><strong>firmato,</strong></span> <span class='ocrx_word' id='word_1_462' title='bbox 2148 2945 2248 3000; x_wconf 77' lang='lat' dir='ltr'><strong>sed</strong></span> <span class='ocrx_word' id='word_1_463' title='bbox 2280 2961 2381 3016; x_wconf 88' lang='lat' dir='ltr'><strong>per</strong></span> <span class='ocrx_word' id='word_1_464' title='bbox 2409 2944 2656 3014; x_wconf 88' lang='lat' dir='ltr'><strong>gratiam</strong></span> <span class='ocrx_word' id='word_1_465' title='bbox 2679 2942 2908 2998; x_wconf 90' lang='lat' dir='ltr'><strong>Domini</strong></span> <span class='ocrx_word' id='word_1_466' title='bbox 2929 2943 3070 2998; x_wconf 85' lang='lat' dir='ltr'><strong>Jesu</strong></span> <span class='ocrx_word' id='word_1_467' title='bbox 3093 2941 3364 2996; x_wconf 81' lang='lat' dir='ltr'><strong>ﬁdelibus</strong></span> <span class='ocrx_word' id='word_1_468' title='bbox 3386 2943 3515 3013; x_wconf 87' lang='lat' dir='ltr'><strong>ejus</strong></span> 
     </span>
    </p>
   </div>
   <div class='ocr_carea' id='block_1_63' title="bbox 1871 3029 3517 3103">
    <p class='ocr_par' dir='ltr' id='par_1_63' title="bbox 1871 3029 3517 3103">
     <span class='ocr_line' id='line_1_63' title="bbox 1871 3029 3517 3103; baseline -0.003 -15"><span class='ocrx_word' id='word_1_469' title='bbox 1871 3033 2264 3103; x_wconf 80' lang='lat' dir='ltr'><strong>redintegrato</strong></span> <span class='ocrx_word' id='word_1_470' title='bbox 2292 3037 2350 3087; x_wconf 89' lang='lat' dir='ltr'><strong>et</strong></span> <span class='ocrx_word' id='word_1_471' title='bbox 2379 3037 2606 3099; x_wconf 89' lang='lat' dir='ltr'><strong>sanato,</strong></span> <span class='ocrx_word' id='word_1_472' title='bbox 2636 3031 2692 3086; x_wconf 91' lang='lat' dir='ltr'><strong>id</strong></span> <span class='ocrx_word' id='word_1_473' title='bbox 2725 3031 2920 3103; x_wconf 90' lang='lat' dir='ltr'><strong>ipsum</strong></span> <span class='ocrx_word' id='word_1_474' title='bbox 2953 3029 3426 3085; x_wconf 89' lang='lat' dir='ltr'><strong>constantissime</strong></span> <span class='ocrx_word' id='word_1_475' title='bbox 3457 3031 3517 3084; x_wconf 90' lang='lat' dir='ltr'><strong>et</strong></span> 
     </span>
    </p>
   </div>
   <div class='ocr_carea' id='block_1_64' title="bbox 1873 3117 3518 3194">
    <p class='ocr_par' dir='ltr' id='par_1_64' title="bbox 1873 3117 3518 3194">
     <span class='ocr_line' id='line_1_64' title="bbox 1873 3117 3518 3194; baseline -0.002 -18"><span class='ocrx_word' id='word_1_476' title='bbox 1873 3123 1984 3176; x_wconf 74' lang='lat' dir='ltr'><strong>{ide</strong></span> <span class='ocrx_word' id='word_1_477' title='bbox 2017 3121 2187 3194; x_wconf 88' lang='lat' dir='ltr'><strong>plena</strong></span> <span class='ocrx_word' id='word_1_478' title='bbox 2215 3121 2488 3189; x_wconf 82' lang='lat' dir='ltr'><strong>fatemur,</strong></span> <span class='ocrx_word' id='word_1_479' title='bbox 2520 3120 2676 3192; x_wconf 91' lang='lat' dir='ltr'><strong>quod</strong></span> <span class='ocrx_word' id='word_1_480' title='bbox 2707 3117 3064 3175; x_wconf 88' lang='lat' dir='ltr'><strong>sanctissimi</strong></span> <span class='ocrx_word' id='word_1_481' title='bbox 3095 3119 3293 3174; x_wconf 88' lang='lat' dir='ltr'><strong>Patres</strong></span> <span class='ocrx_word' id='word_1_482' title='bbox 3324 3121 3518 3173; x_wconf 89' lang='lat' dir='ltr'><strong>aucto-</strong></span> 
     </span>
    </p>
   </div>
   <div class='ocr_carea' id='block_1_65' title="bbox 1872 3206 3517 3280">
    <p class='ocr_par' dir='ltr' id='par_1_65' title="bbox 1872 3206 3517 3280">
     <span class='ocr_line' id='line_1_65' title="bbox 1872 3206 3517 3280; baseline -0.003 -14"><span class='ocrx_word' id='word_1_483' title='bbox 1872 3211 2043 3266; x_wconf 88' lang='lat' dir='ltr'><strong>ritate</strong></span> <span class='ocrx_word' id='word_1_484' title='bbox 2069 3227 2368 3266; x_wconf 88' lang='lat' dir='ltr'><strong>sacrarum</strong></span> <span class='ocrx_word' id='word_1_485' title='bbox 2401 3209 2833 3280; x_wconf 89' lang='lat' dir='ltr'><strong>Seripturarum</strong></span> <span class='ocrx_word' id='word_1_486' title='bbox 2868 3206 3036 3263; x_wconf 90' lang='lat' dir='ltr'><strong>nobis</strong></span> <span class='ocrx_word' id='word_1_487' title='bbox 3073 3206 3392 3263; x_wconf 90' lang='lat' dir='ltr'><strong>tenendum</strong></span> <span class='ocrx_word' id='word_1_488' title='bbox 3423 3222 3517 3261; x_wconf 89' lang='lat' dir='ltr'><strong>re-</strong></span> 
     </span>
    </p>
   </div>
   <div class='ocr_carea' id='block_1_66' title="bbox 139 3284 3518 3376">
    <p class='ocr_par' dir='ltr' id='par_1_66' title="bbox 139 3284 3518 3376">
     <span class='ocr_line' id='line_1_66' title="bbox 139 3284 3518 3376; baseline -0.003 -16"><span class='ocrx_word' id='word_1_489' title='bbox 139 3305 376 3376; x_wconf 70' lang='lat' dir='ltr'><strong>pravalet</strong></span> <span class='ocrx_word' id='word_1_490' title='bbox 399 3307 544 3362; x_wconf 89' lang='lat' dir='ltr'><strong>dare</strong></span> <span class='ocrx_word' id='word_1_491' title='bbox 577 3284 927 3362; x_wconf 83' lang='lat' dir='ltr'><strong>remedium.</strong></span> <span class='ocrx_word' id='word_1_492' title='bbox 952 3284 1151 3360; x_wconf 46' lang='lat' dir='ltr'><strong>n—Ecce</strong></span> <span class='ocrx_word' id='word_1_493' title='bbox 1182 3305 1474 3376; x_wconf 89' lang='lat' dir='ltr'><strong>quomodo</strong></span> <span class='ocrx_word' id='word_1_494' title='bbox 1523 3303 1759 3360; x_wconf 81' lang='lat' dir='ltr'><strong>liberta-</strong></span> <span class='ocrx_word' id='word_1_495' title='bbox 1791 3284 1835 3353; x_wconf 84' lang='lat' dir='ltr'><strong>C</strong></span> <span class='ocrx_word' id='word_1_496' title='bbox 1874 3299 2192 3372; x_wconf 83' lang='lat' dir='ltr'><strong>liquerunt,</strong></span> <span class='ocrx_word' id='word_1_497' title='bbox 2217 3299 2370 3371; x_wconf 88' lang='lat' dir='ltr'><strong>quod</strong></span> <span class='ocrx_word' id='word_1_498' title='bbox 2404 3297 2692 3367; x_wconf 77' lang='lat' dir='ltr'><strong>Africana,</strong></span> <span class='ocrx_word' id='word_1_499' title='bbox 2727 3297 2882 3368; x_wconf 87' lang='lat' dir='ltr'><strong>quod</strong></span> <span class='ocrx_word' id='word_1_500' title='bbox 2931 3294 3210 3351; x_wconf 88' lang='lat' dir='ltr'><strong>Arausica</strong></span> <span class='ocrx_word' id='word_1_501' title='bbox 3249 3295 3518 3367; x_wconf 81' lang='lat' dir='ltr'><strong>Synodus</strong></span> 
     </span>
    </p>
   </div>
   <div class='ocr_carea' id='block_1_67' title="bbox 140 3392 1760 3466">
    <p class='ocr_par' dir='ltr' id='par_1_67' title="bbox 140 3392 1760 3466">
     <span class='ocr_line' id='line_1_67' title="bbox 140 3392 1760 3466; baseline 0.001 -17"><span class='ocrx_word' id='word_1_502' title='bbox 140 3399 240 3451; x_wconf 81' lang='lat' dir='ltr'><strong>tem</strong></span> <span class='ocrx_word' id='word_1_503' title='bbox 261 3395 484 3452; x_wconf 86' lang='lat' dir='ltr'><strong>arbitrii</strong></span> <span class='ocrx_word' id='word_1_504' title='bbox 516 3395 580 3451; x_wconf 89' lang='lat' dir='ltr'><strong>in</strong></span> <span class='ocrx_word' id='word_1_505' title='bbox 610 3393 797 3464; x_wconf 67' lang='lat' dir='ltr'><strong>Adam</strong></span> <span class='ocrx_word' id='word_1_506' title='bbox 830 3392 1216 3466; x_wconf 90' lang='lat' dir='ltr'><strong>perdidimus,</strong></span> <span class='ocrx_word' id='word_1_507' title='bbox 1239 3396 1297 3448; x_wconf 90' lang='lat' dir='ltr'><strong>et</strong></span> <span class='ocrx_word' id='word_1_508' title='bbox 1317 3393 1609 3465; x_wconf 92' lang='lat' dir='ltr'><strong>quomodo</strong></span> <span class='ocrx_word' id='word_1_509' title='bbox 1629 3411 1760 3450; x_wconf 89' lang='lat' dir='ltr'><strong>eam</strong></span> 
     </span>
    </p>
   </div>
   <div class='ocr_carea' id='block_1_68' title="bbox 139 3481 1762 3556">
    <p class='ocr_par' dir='ltr' id='par_1_68' title="bbox 139 3481 1762 3556">
     <span class='ocr_line' id='line_1_68' title="bbox 139 3481 1762 3556; baseline -0.001 -17"><span class='ocrx_word' id='word_1_510' title='bbox 139 3500 218 3555; x_wconf 85' lang='lat' dir='ltr'><strong>per</strong></span> <span class='ocrx_word' id='word_1_511' title='bbox 234 3484 524 3542; x_wconf 81' lang='lat' dir='ltr'><strong>Christum</strong></span> <span class='ocrx_word' id='word_1_512' title='bbox 550 3482 916 3556; x_wconf 86' lang='lat' dir='ltr'><strong>recepimus;</strong></span> <span class='ocrx_word' id='word_1_513' title='bbox 941 3486 998 3538; x_wconf 90' lang='lat' dir='ltr'><strong>et</strong></span> <span class='ocrx_word' id='word_1_514' title='bbox 1027 3481 1168 3554; x_wconf 90' lang='lat' dir='ltr'><strong>quia</strong></span> <span class='ocrx_word' id='word_1_515' title='bbox 1197 3481 1484 3538; x_wconf 86' lang='lat' dir='ltr'><strong>habemus</strong></span> <span class='ocrx_word' id='word_1_516' title='bbox 1513 3481 1762 3538; x_wconf 91' lang='lat' dir='ltr'><strong>liberum</strong></span> 
     </span>
    </p>
   </div>
   <div class='ocr_carea' id='block_1_69' title="bbox 140 3570 1762 3643">
    <p class='ocr_par' dir='ltr' id='par_1_69' title="bbox 140 3570 1762 3643">
     <span class='ocr_line' id='line_1_69' title="bbox 140 3570 1762 3643; baseline 0 -17"><span class='ocrx_word' id='word_1_517' title='bbox 140 3572 412 3630; x_wconf 75' lang='lat' dir='ltr'><strong>arbitrium</strong></span> <span class='ocrx_word' id='word_1_518' title='bbox 435 3574 510 3630; x_wconf 88' lang='lat' dir='ltr'><strong>ad</strong></span> <span class='ocrx_word' id='word_1_519' title='bbox 545 3573 772 3628; x_wconf 86' lang='lat' dir='ltr'><strong>bonum</strong></span> <span class='ocrx_word' id='word_1_520' title='bbox 803 3575 1160 3643; x_wconf 68' lang='lat' dir='ltr'><strong>praeventum</strong></span> <span class='ocrx_word' id='word_1_521' title='bbox 1189 3573 1245 3626; x_wconf 88' lang='lat' dir='ltr'><strong>et</strong></span> <span class='ocrx_word' id='word_1_522' title='bbox 1264 3570 1533 3642; x_wconf 90' lang='lat' dir='ltr'><strong>adjutum</strong></span> <span class='ocrx_word' id='word_1_523' title='bbox 1554 3571 1762 3643; x_wconf 80' lang='lat' dir='ltr'><strong>gratia.</strong></span> 
     </span>
    </p>
   </div>
   <div class='ocr_carea' id='block_1_70' title="bbox 139 3657 1768 3733">
    <p class='ocr_par' dir='ltr' id='par_1_70' title="bbox 139 3657 1768 3733">
     <span class='ocr_line' id='line_1_70' title="bbox 139 3657 1768 3733; baseline -0.001 -17"><span class='ocrx_word' id='word_1_524' title='bbox 139 3660 271 3718; x_wconf 79' lang='lat' dir='ltr'><strong>Unde</strong></span> <span class='ocrx_word' id='word_1_525' title='bbox 298 3663 530 3719; x_wconf 85' lang='lat' dir='ltr'><strong>addidit</strong></span> <span class='ocrx_word' id='word_1_526' title='bbox 563 3661 820 3733; x_wconf 85' lang='lat' dir='ltr'><strong>Paosper</strong></span> <span class='ocrx_word' id='word_1_527' title='bbox 845 3676 896 3714; x_wconf 88' lang='grc'><strong>;‹‹</strong></span> <span class='ocrx_word' id='word_1_528' title='bbox 927 3659 1074 3714; x_wconf 90' lang='lat' dir='ltr'><strong>Cum</strong></span> <span class='ocrx_word' id='word_1_529' title='bbox 1104 3659 1162 3714; x_wconf 88' lang='lat' dir='ltr'><strong>in</strong></span> <span class='ocrx_word' id='word_1_530' title='bbox 1195 3657 1366 3713; x_wconf 87' lang='lat' dir='ltr'><strong>bonis</strong></span> <span class='ocrx_word' id='word_1_531' title='bbox 1391 3657 1660 3715; x_wconf 80' lang='lat' dir='ltr'><strong>voluntas</strong></span> <span class='ocrx_word' id='word_1_532' title='bbox 1691 3659 1768 3715; x_wconf 90' lang='lat' dir='ltr'><strong>sit</strong></span> 
     </span>
    </p>
   </div>
   <div class='ocr_carea' id='block_1_71' title="bbox 139 3746 1765 3824">
    <p class='ocr_par' dir='ltr' id='par_1_71' title="bbox 139 3746 1765 3824">
     <span class='ocr_line' id='line_1_71' title="bbox 139 3746 1765 3824; baseline -0.002 -17"><span class='ocrx_word' id='word_1_533' title='bbox 139 3748 486 3824; x_wconf 71' lang='lat' dir='ltr'><strong>intelligenda</strong></span> <span class='ocrx_word' id='word_1_534' title='bbox 496 3751 574 3808; x_wconf 90' lang='lat' dir='ltr'><strong>de</strong></span> <span class='ocrx_word' id='word_1_535' title='bbox 587 3748 800 3822; x_wconf 82' lang='lat' dir='ltr'><strong>gratia;</strong></span> <span class='ocrx_word' id='word_1_536' title='bbox 815 3752 871 3804; x_wconf 92' lang='lat' dir='ltr'><strong>et</strong></span> <span class='ocrx_word' id='word_1_537' title='bbox 883 3747 1178 3803; x_wconf 84' lang='lat' dir='ltr'><strong>Habemus</strong></span> <span class='ocrx_word' id='word_1_538' title='bbox 1197 3746 1441 3802; x_wconf 87' lang='lat' dir='ltr'><strong>liberum</strong></span> <span class='ocrx_word' id='word_1_539' title='bbox 1457 3747 1765 3804; x_wconf 89' lang='lat' dir='ltr'><strong>arbitrium</strong></span> 
     </span>
    </p>
   </div>
   <div class='ocr_carea' id='block_1_72' title="bbox 139 3836 1769 3908">
    <p class='ocr_par' dir='ltr' id='par_1_72' title="bbox 139 3836 1769 3908">
     <span class='ocr_line' id='line_1_72' title="bbox 139 3836 1769 3908; baseline -0.002 -14"><span class='ocrx_word' id='word_1_540' title='bbox 139 3841 194 3894; x_wconf 79' lang='lat' dir='ltr'><strong>ad</strong></span> <span class='ocrx_word' id='word_1_541' title='bbox 221 3840 432 3898; x_wconf 83' lang='lat' dir='ltr'><strong>malum</strong></span> <span class='ocrx_word' id='word_1_542' title='bbox 464 3839 775 3896; x_wconf 86' lang='lat' dir='ltr'><strong>desertum</strong></span> <span class='ocrx_word' id='word_1_543' title='bbox 807 3836 1047 3908; x_wconf 65' lang='lat' dir='ltr'><strong>gratia.»</strong></span> <span class='ocrx_word' id='word_1_544' title='bbox 1075 3837 1156 3891; x_wconf 84' lang='lat' dir='ltr'><strong>Ex</strong></span> <span class='ocrx_word' id='word_1_545' title='bbox 1177 3853 1292 3907; x_wconf 87' lang='lat' dir='ltr'><strong>quo</strong></span> <span class='ocrx_word' id='word_1_546' title='bbox 1323 3852 1456 3891; x_wconf 85' lang='lat' dir='ltr'><strong>mox</strong></span> <span class='ocrx_word' id='word_1_547' title='bbox 1486 3837 1637 3892; x_wconf 87' lang='lat' dir='ltr'><strong>idem</strong></span> <span class='ocrx_word' id='word_1_548' title='bbox 1671 3855 1769 3892; x_wconf 88' lang='lat' dir='ltr'><strong>au-</strong></span> 
     </span>
    </p>
   </div>
   <div class='ocr_carea' id='block_1_73' title="bbox 139 3923 1766 4003">
    <p class='ocr_par' dir='ltr' id='par_1_73' title="bbox 139 3923 1766 4003">
     <span class='ocr_line' id='line_1_73' title="bbox 139 3923 1766 4003; baseline 0 -22"><span class='ocrx_word' id='word_1_549' title='bbox 139 3929 551 4003; x_wconf 78' lang='lat' dir='ltr'><strong>etorsubjungit</strong></span> <span class='ocrx_word' id='word_1_550' title='bbox 567 3943 618 3982; x_wconf 70' lang='grc' dir='ltr'><strong>ια</strong></span> <span class='ocrx_word' id='word_1_551' title='bbox 630 3927 694 3982; x_wconf 86' lang='lat' dir='ltr'><strong>In</strong></span> <span class='ocrx_word' id='word_1_552' title='bbox 712 3925 885 3981; x_wconf 91' lang='lat' dir='ltr'><strong>malis</strong></span> <span class='ocrx_word' id='word_1_553' title='bbox 899 3929 1092 3980; x_wconf 87' lang='lat' dir='ltr'><strong>autem</strong></span> <span class='ocrx_word' id='word_1_554' title='bbox 1105 3923 1375 3980; x_wconf 88' lang='lat' dir='ltr'><strong>voluntas</strong></span> <span class='ocrx_word' id='word_1_555' title='bbox 1391 3924 1766 3996; x_wconf 78' lang='lat' dir='ltr'><strong>intelligenda</strong></span> 
     </span>
    </p>
   </div>
   <div class='ocr_carea' id='block_1_74' title="bbox 139 4013 1768 4090">
    <p class='ocr_par' dir='ltr' id='par_1_74' title="bbox 139 4013 1768 4090">
     <span class='ocr_line' id='line_1_74' title="bbox 139 4013 1768 4090; baseline -0.002 -18"><span class='ocrx_word' id='word_1_556' title='bbox 139 4023 210 4072; x_wconf 81' lang='lat' dir='ltr'><strong>est</strong></span> <span class='ocrx_word' id='word_1_557' title='bbox 231 4019 350 4074; x_wconf 83' lang='lat' dir='ltr'><strong>sine</strong></span> <span class='ocrx_word' id='word_1_558' title='bbox 377 4017 634 4090; x_wconf 78' lang='lat' dir='ltr'><strong>gratia.»</strong></span> <span class='ocrx_word' id='word_1_559' title='bbox 663 4015 733 4070; x_wconf 80' lang='lat' dir='ltr'><strong>Et</strong></span> <span class='ocrx_word' id='word_1_560' title='bbox 765 4019 1004 4070; x_wconf 85' lang='lat' dir='ltr'><strong>sanctus</strong></span> <span class='ocrx_word' id='word_1_561' title='bbox 1031 4013 1396 4086; x_wconf 85' lang='lat' dir='ltr'><strong>Augustinus</strong></span> <span class='ocrx_word' id='word_1_562' title='bbox 1429 4013 1486 4068; x_wconf 92' lang='lat' dir='ltr'><strong>in</strong></span> <span class='ocrx_word' id='word_1_563' title='bbox 1518 4013 1665 4070; x_wconf 91' lang='lat' dir='ltr'><strong>libro</strong></span> <span class='ocrx_word' id='word_1_564' title='bbox 1696 4015 1768 4069; x_wconf 90' lang='lat' dir='ltr'><strong>de</strong></span> 
     </span>
    </p>
   </div>
   <div class='ocr_carea' id='block_1_75' title="bbox 141 4101 1765 4179">
    <p class='ocr_par' dir='ltr' id='par_1_75' title="bbox 141 4101 1765 4179">
     <span class='ocr_line' id='line_1_75' title="bbox 141 4101 1765 4179; baseline -0.002 -19"><span class='ocrx_word' id='word_1_565' title='bbox 141 4106 476 4179; x_wconf 68' lang='lat' dir='ltr'><strong>tbrreptione</strong></span> <span class='ocrx_word' id='word_1_566' title='bbox 489 4111 550 4163; x_wconf 88' lang='lat' dir='ltr'><strong>et</strong></span> <span class='ocrx_word' id='word_1_567' title='bbox 561 4104 766 4161; x_wconf 87' lang='lat' dir='ltr'><strong>Gratia</strong></span> <span class='ocrx_word' id='word_1_568' title='bbox 779 4119 829 4159; x_wconf 71' lang='grc' dir='ltr'><strong>ζα</strong></span> <span class='ocrx_word' id='word_1_569' title='bbox 841 4103 1112 4160; x_wconf 90' lang='lat' dir='ltr'><strong>Liberum</strong></span> <span class='ocrx_word' id='word_1_570' title='bbox 1125 4102 1368 4159; x_wconf 83' lang='lat' dir='ltr'><strong>arbitria</strong></span> <span class='ocrx_word' id='word_1_571' title='bbox 1379 4119 1435 4157; x_wconf 92' lang='lat' dir='ltr'><strong>m</strong></span> <span class='ocrx_word' id='word_1_572' title='bbox 1453 4103 1524 4158; x_wconf 90' lang='lat' dir='ltr'><strong>ad</strong></span> <span class='ocrx_word' id='word_1_573' title='bbox 1543 4101 1765 4157; x_wconf 91' lang='lat' dir='ltr'><strong>malum</strong></span> 
     </span>
    </p>
   </div>
   <div class='ocr_carea' id='block_1_76' title="bbox 140 4191 1770 4264">
    <p class='ocr_par' dir='ltr' id='par_1_76' title="bbox 140 4191 1770 4264">
     <span class='ocr_line' id='line_1_76' title="bbox 140 4191 1770 4264; baseline -0.001 -15"><span class='ocrx_word' id='word_1_574' title='bbox 140 4197 346 4263; x_wconf 79' lang='lat' dir='ltr'><strong>sutlicit,</strong></span> <span class='ocrx_word' id='word_1_575' title='bbox 366 4197 438 4253; x_wconf 87' lang='lat' dir='ltr'><strong>ad</strong></span> <span class='ocrx_word' id='word_1_576' title='bbox 477 4196 708 4250; x_wconf 89' lang='lat' dir='ltr'><strong>bonum</strong></span> <span class='ocrx_word' id='word_1_577' title='bbox 737 4196 933 4248; x_wconf 78' lang='lat' dir='ltr'><strong>autem</strong></span> <span class='ocrx_word' id='word_1_578' title='bbox 965 4208 1170 4264; x_wconf 88' lang='lat' dir='ltr'><strong>parum</strong></span> <span class='ocrx_word' id='word_1_579' title='bbox 1195 4196 1306 4259; x_wconf 90' lang='lat' dir='ltr'><strong>est,</strong></span> <span class='ocrx_word' id='word_1_580' title='bbox 1327 4191 1438 4247; x_wconf 90' lang='lat' dir='ltr'><strong>nisi</strong></span> <span class='ocrx_word' id='word_1_581' title='bbox 1463 4193 1770 4263; x_wconf 81' lang='lat' dir='ltr'><strong>adjuvetur</strong></span> 
     </span>
    </p>
   </div>
   <div class='ocr_carea' id='block_1_77' title="bbox 141 4279 1768 4358">
    <p class='ocr_par' dir='ltr' id='par_1_77' title="bbox 141 4279 1768 4358">
     <span class='ocr_line' id='line_1_77' title="bbox 141 4279 1768 4358; baseline -0.001 -20"><span class='ocrx_word' id='word_1_582' title='bbox 141 4285 200 4338; x_wconf 76' lang='lat' dir='ltr'><strong>ab</strong></span> <span class='ocrx_word' id='word_1_583' title='bbox 220 4284 622 4358; x_wconf 79' lang='lat' dir='ltr'><strong>omnipotente</strong></span> <span class='ocrx_word' id='word_1_584' title='bbox 644 4283 820 4339; x_wconf 90' lang='lat' dir='ltr'><strong>bono.</strong></span> <span class='ocrx_word' id='word_1_585' title='bbox 839 4280 1054 4336; x_wconf 85' lang='lat' dir='ltr'><strong>Audiat</strong></span> <span class='ocrx_word' id='word_1_586' title='bbox 1074 4284 1132 4336; x_wconf 89' lang='lat' dir='ltr'><strong>et</strong></span> <span class='ocrx_word' id='word_1_587' title='bbox 1162 4279 1345 4336; x_wconf 86' lang='lat' dir='ltr'><strong>lector</strong></span> <span class='ocrx_word' id='word_1_588' title='bbox 1365 4281 1504 4352; x_wconf 87' lang='lat' dir='ltr'><strong>quia</strong></span> <span class='ocrx_word' id='word_1_589' title='bbox 1523 4282 1676 4336; x_wconf 89' lang='lat' dir='ltr'><strong>sicut</strong></span> <span class='ocrx_word' id='word_1_590' title='bbox 1706 4281 1768 4337; x_wconf 91' lang='lat' dir='ltr'><strong>in</strong></span> 
     </span>
    </p>
   </div>
   <div class='ocr_carea' id='block_1_78' title="bbox 141 4368 1766 4446">
    <p class='ocr_par' dir='ltr' id='par_1_78' title="bbox 141 4368 1766 4446">
     <span class='ocr_line' id='line_1_78' title="bbox 141 4368 1766 4446; baseline -0.002 -17"><span class='ocrx_word' id='word_1_591' title='bbox 141 4372 348 4446; x_wconf 78' lang='lat' dir='ltr'><strong>capituli</strong></span> <span class='ocrx_word' id='word_1_592' title='bbox 375 4372 768 4432; x_wconf 78' lang='lat' dir='ltr'><strong>conclusione</strong></span> <span class='ocrx_word' id='word_1_593' title='bbox 815 4369 1146 4444; x_wconf 85' lang='lat' dir='ltr'><strong>posuimus,</strong></span> <span class='ocrx_word' id='word_1_594' title='bbox 1181 4368 1468 4426; x_wconf 90' lang='lat' dir='ltr'><strong>habemus</strong></span> <span class='ocrx_word' id='word_1_595' title='bbox 1518 4369 1766 4426; x_wconf 85' lang='lat' dir='ltr'><strong>liberum</strong></span> 
     </span>
    </p>
   </div>
   <div class='ocr_carea' id='block_1_79' title="bbox 142 4457 1770 4536">
    <p class='ocr_par' dir='ltr' id='par_1_79' title="bbox 142 4457 1770 4536">
     <span class='ocr_line' id='line_1_79' title="bbox 142 4457 1770 4536; baseline -0.001 -20"><span class='ocrx_word' id='word_1_596' title='bbox 142 4462 440 4532; x_wconf 76' lang='lat' dir='ltr'><strong>arbitrium,</strong></span> <span class='ocrx_word' id='word_1_597' title='bbox 461 4461 664 4536; x_wconf 76' lang='lat' dir='ltr'><strong>gratia</strong></span> <span class='ocrx_word' id='word_1_598' title='bbox 693 4459 985 4533; x_wconf 89' lang='lat' dir='ltr'><strong>siquidem</strong></span> <span class='ocrx_word' id='word_1_599' title='bbox 1021 4459 1180 4515; x_wconf 72' lang='lat'><strong>180</strong></span> <span class='ocrx_word' id='word_1_600' title='bbox 1209 4457 1578 4514; x_wconf 78' lang='lat' dir='ltr'><strong>liberatum.»</strong></span> <span class='ocrx_word' id='word_1_601' title='bbox 1605 4458 1770 4515; x_wconf 87' lang='lat' dir='ltr'><strong>Unde</strong></span> 
     </span>
    </p>
   </div>
   <div class='ocr_carea' id='block_1_80' title="bbox 142 4545 1765 4625">
    <p class='ocr_par' dir='ltr' id='par_1_80' title="bbox 142 4545 1765 4625">
     <span class='ocr_line' id='line_1_80' title="bbox 142 4545 1765 4625; baseline -0.001 -21"><span class='ocrx_word' id='word_1_602' title='bbox 142 4547 353 4625; x_wconf 81' lang='lat' dir='ltr'><strong>Prosper</strong></span> <span class='ocrx_word' id='word_1_603' title='bbox 388 4551 450 4608; x_wconf 82' lang='lat' dir='ltr'><strong>in</strong></span> <span class='ocrx_word' id='word_1_604' title='bbox 497 4547 988 4622; x_wconf 88' lang='lat' dir='ltr'><strong>recapitulatione</strong></span> <span class='ocrx_word' id='word_1_605' title='bbox 1035 4545 1423 4602; x_wconf 89' lang='lat' dir='ltr'><strong>absolutionis</strong></span> <span class='ocrx_word' id='word_1_606' title='bbox 1475 4545 1712 4603; x_wconf 71' lang='lat' dir='ltr'><strong>decimis</strong></span> <span class='ocrx_word' id='word_1_607' title='bbox 1751 4563 1765 4602; x_wconf 88' lang='lat'><strong>:</strong></span> 
     </span>
    </p>
   </div>
   <div class='ocr_carea' id='block_1_81' title="bbox 1873 3382 3520 3462">
    <p class='ocr_par' dir='ltr' id='par_1_81' title="bbox 1873 3382 3520 3462">
     <span class='ocr_line' id='line_1_81' title="bbox 1873 3382 3520 3462; baseline -0.004 -18"><span class='ocrx_word' id='word_1_608' title='bbox 1873 3391 2133 3462; x_wconf 75' lang='lat' dir='ltr'><strong>professa</strong></span> <span class='ocrx_word' id='word_1_609' title='bbox 2162 3392 2271 3455; x_wconf 90' lang='lat' dir='ltr'><strong>est,</strong></span> <span class='ocrx_word' id='word_1_610' title='bbox 2307 3387 2463 3459; x_wconf 87' lang='lat' dir='ltr'><strong>quod</strong></span> <span class='ocrx_word' id='word_1_611' title='bbox 2495 3386 2820 3442; x_wconf 90' lang='lat' dir='ltr'><strong>beatissimi</strong></span> <span class='ocrx_word' id='word_1_612' title='bbox 2855 3384 3161 3440; x_wconf 73' lang='lat' dir='ltr'><strong>Pontifices</strong></span> <span class='ocrx_word' id='word_1_613' title='bbox 3190 3382 3520 3456; x_wconf 65' lang='lat' dir='ltr'><strong>apostolicae</strong></span> 
     </span>
    </p>
   </div>
   <div class='ocr_carea' id='block_1_82' title="bbox 1873 3474 3524 3534">
    <p class='ocr_par' dir='ltr' id='par_1_82' title="bbox 1873 3474 3524 3534">
     <span class='ocr_line' id='line_1_82' title="bbox 1873 3474 3524 3534; baseline -0.004 0"><span class='ocrx_word' id='word_1_614' title='bbox 1873 3478 2029 3534; x_wconf 86' lang='lat' dir='ltr'><strong>sedis</strong></span> <span class='ocrx_word' id='word_1_615' title='bbox 2081 3476 2370 3532; x_wconf 86' lang='lat' dir='ltr'><strong>catholica</strong></span> <span class='ocrx_word' id='word_1_616' title='bbox 2421 3477 2532 3531; x_wconf 82' lang='lat' dir='ltr'><strong>fide</strong></span> <span class='ocrx_word' id='word_1_617' title='bbox 2595 3479 2928 3530; x_wconf 89' lang='lat' dir='ltr'><strong>tenuerunt.</strong></span> <span class='ocrx_word' id='word_1_618' title='bbox 2963 3475 3074 3530; x_wconf 89' lang='lat' dir='ltr'><strong>Sed</strong></span> <span class='ocrx_word' id='word_1_619' title='bbox 3107 3474 3264 3530; x_wconf 87' lang='lat' dir='ltr'><strong>etde</strong></span> <span class='ocrx_word' id='word_1_620' title='bbox 3312 3477 3524 3528; x_wconf 87' lang='lat' dir='ltr'><strong>natura</strong></span> 
     </span>
    </p>
   </div>
   <div class='ocr_carea' id='block_1_83' title="bbox 1872 3561 3522 3638">
    <p class='ocr_par' dir='ltr' id='par_1_83' title="bbox 1872 3561 3522 3638">
     <span class='ocr_line' id='line_1_83' title="bbox 1872 3561 3522 3638; baseline -0.002 -16"><span class='ocrx_word' id='word_1_621' title='bbox 1872 3571 1930 3622; x_wconf 92' lang='lat' dir='ltr'><strong>et</strong></span> <span class='ocrx_word' id='word_1_622' title='bbox 1973 3567 2160 3638; x_wconf 81' lang='lat' dir='ltr'><strong>gratia</strong></span> <span class='ocrx_word' id='word_1_623' title='bbox 2208 3565 2266 3619; x_wconf 92' lang='lat' dir='ltr'><strong>in</strong></span> <span class='ocrx_word' id='word_1_624' title='bbox 2326 3565 2503 3620; x_wconf 89' lang='lat' dir='ltr'><strong>aliam</strong></span> <span class='ocrx_word' id='word_1_625' title='bbox 2561 3569 2788 3636; x_wconf 85' lang='lat' dir='ltr'><strong>partem</strong></span> <span class='ocrx_word' id='word_1_626' title='bbox 2838 3562 3174 3618; x_wconf 89' lang='lat' dir='ltr'><strong>nullomodo</strong></span> <span class='ocrx_word' id='word_1_627' title='bbox 3231 3561 3522 3618; x_wconf 87' lang='lat' dir='ltr'><strong>declinare</strong></span> 
     </span>
    </p>
   </div>
   <div class='ocr_carea' id='block_1_84' title="bbox 1874 3649 3523 3726">
    <p class='ocr_par' dir='ltr' id='par_1_84' title="bbox 1874 3649 3523 3726">
     <span class='ocr_line' id='line_1_84' title="bbox 1874 3649 3523 3726; baseline -0.002 -19"><span class='ocrx_word' id='word_1_628' title='bbox 1874 3658 2346 3726; x_wconf 68' lang='lat' dir='ltr'><strong>prirsumentes.»</strong></span> <span class='ocrx_word' id='word_1_629' title='bbox 2375 3652 2590 3706; x_wconf 85' lang='lat' dir='ltr'><strong>Verum</strong></span> <span class='ocrx_word' id='word_1_630' title='bbox 2623 3656 2681 3706; x_wconf 88' lang='lat' dir='ltr'><strong>et</strong></span> <span class='ocrx_word' id='word_1_631' title='bbox 2710 3669 2838 3718; x_wconf 89' lang='lat' dir='ltr'><strong>nos,</strong></span> <span class='ocrx_word' id='word_1_632' title='bbox 2863 3650 3017 3706; x_wconf 90' lang='lat' dir='ltr'><strong>sicut</strong></span> <span class='ocrx_word' id='word_1_633' title='bbox 3049 3667 3230 3721; x_wconf 89' lang='lat' dir='ltr'><strong>supra</strong></span> <span class='ocrx_word' id='word_1_634' title='bbox 3259 3649 3523 3705; x_wconf 88' lang='lat' dir='ltr'><strong>ostendi-</strong></span> 
     </span>
    </p>
   </div>
   <div class='ocr_carea' id='block_1_85' title="bbox 1875 3738 3520 3813">
    <p class='ocr_par' dir='ltr' id='par_1_85' title="bbox 1875 3738 3520 3813">
     <span class='ocr_line' id='line_1_85' title="bbox 1875 3738 3520 3813; baseline -0.002 -17"><span class='ocrx_word' id='word_1_635' title='bbox 1875 3760 2030 3806; x_wconf 90' lang='lat' dir='ltr'><strong>mus,</strong></span> <span class='ocrx_word' id='word_1_636' title='bbox 2074 3741 2226 3813; x_wconf 87' lang='lat' dir='ltr'><strong>quod</strong></span> <span class='ocrx_word' id='word_1_637' title='bbox 2280 3739 2636 3795; x_wconf 79' lang='lat' dir='ltr'><strong>sanctissimi</strong></span> <span class='ocrx_word' id='word_1_638' title='bbox 2693 3741 2888 3794; x_wconf 84' lang='lat' dir='ltr'><strong>Patres</strong></span> <span class='ocrx_word' id='word_1_639' title='bbox 2943 3738 3284 3793; x_wconf 87' lang='lat' dir='ltr'><strong>auctoritate</strong></span> <span class='ocrx_word' id='word_1_640' title='bbox 3329 3753 3520 3793; x_wconf 87' lang='lat' dir='ltr'><strong>sacra-</strong></span> 
     </span>
    </p>
   </div>
   <div class='ocr_carea' id='block_1_86' title="bbox 1875 3825 3518 3901">
    <p class='ocr_par' dir='ltr' id='par_1_86' title="bbox 1875 3825 3518 3901">
     <span class='ocr_line' id='line_1_86' title="bbox 1875 3825 3518 3901; baseline -0.004 -16"><span class='ocrx_word' id='word_1_641' title='bbox 1875 3848 2005 3886; x_wconf 85' lang='lat' dir='ltr'><strong>rum</strong></span> <span class='ocrx_word' id='word_1_642' title='bbox 2059 3829 2490 3901; x_wconf 83' lang='lat' dir='ltr'><strong>Seripturarum</strong></span> <span class='ocrx_word' id='word_1_643' title='bbox 2543 3828 2710 3883; x_wconf 85' lang='lat' dir='ltr'><strong>nobis</strong></span> <span class='ocrx_word' id='word_1_644' title='bbox 2759 3827 3077 3881; x_wconf 90' lang='lat' dir='ltr'><strong>tenendum</strong></span> <span class='ocrx_word' id='word_1_645' title='bbox 3137 3825 3518 3897; x_wconf 86' lang='lat' dir='ltr'><strong>reliquerunt,</strong></span> 
     </span>
    </p>
   </div>
   <div class='ocr_carea' id='block_1_87' title="bbox 1875 3911 3521 3990">
    <p class='ocr_par' dir='ltr' id='par_1_87' title="bbox 1875 3911 3521 3990">
     <span class='ocr_line' id='line_1_87' title="bbox 1875 3911 3521 3990; baseline -0.003 -16"><span class='ocrx_word' id='word_1_646' title='bbox 1875 3923 1932 3974; x_wconf 89' lang='lat' dir='ltr'><strong>et</strong></span> <span class='ocrx_word' id='word_1_647' title='bbox 1989 3919 2142 3990; x_wconf 84' lang='lat' dir='ltr'><strong>quod</strong></span> <span class='ocrx_word' id='word_1_648' title='bbox 2215 3915 2537 3971; x_wconf 74' lang='lat' dir='ltr'><strong>lmatissimi</strong></span> <span class='ocrx_word' id='word_1_649' title='bbox 2611 3915 2914 3987; x_wconf 76' lang='lat' dir='ltr'><strong>pontifices</strong></span> <span class='ocrx_word' id='word_1_650' title='bbox 2979 3911 3306 3984; x_wconf 72' lang='lat' dir='ltr'><strong>apostolica:</strong></span> <span class='ocrx_word' id='word_1_651' title='bbox 3365 3913 3521 3969; x_wconf 84' lang='lat' dir='ltr'><strong>sedis</strong></span> 
     </span>
    </p>
   </div>
   <div class='ocr_carea' id='block_1_88' title="bbox 1875 3999 3520 4075">
    <p class='ocr_par' dir='ltr' id='par_1_88' title="bbox 1875 3999 3520 4075">
     <span class='ocr_line' id='line_1_88' title="bbox 1875 3999 3520 4075; baseline -0.005 -11"><span class='ocrx_word' id='word_1_652' title='bbox 1875 4007 2161 4064; x_wconf 88' lang='lat' dir='ltr'><strong>catholica</strong></span> <span class='ocrx_word' id='word_1_653' title='bbox 2193 4007 2302 4060; x_wconf 76' lang='lat' dir='ltr'><strong>[ide</strong></span> <span class='ocrx_word' id='word_1_654' title='bbox 2347 4008 2679 4070; x_wconf 87' lang='lat' dir='ltr'><strong>tenuerunt,</strong></span> <span class='ocrx_word' id='word_1_655' title='bbox 2717 4003 2786 4057; x_wconf 88' lang='lat' dir='ltr'><strong>de</strong></span> <span class='ocrx_word' id='word_1_656' title='bbox 2817 4002 3006 4075; x_wconf 80' lang='lat' dir='ltr'><strong>gratia</strong></span> <span class='ocrx_word' id='word_1_657' title='bbox 3050 4005 3107 4056; x_wconf 89' lang='lat' dir='ltr'><strong>et</strong></span> <span class='ocrx_word' id='word_1_658' title='bbox 3155 3999 3336 4056; x_wconf 87' lang='lat' dir='ltr'><strong>libero</strong></span> <span class='ocrx_word' id='word_1_659' title='bbox 3368 4001 3520 4056; x_wconf 89' lang='lat' dir='ltr'><strong>arbi-</strong></span> 
     </span>
    </p>
   </div>
   <div class='ocr_carea' id='block_1_89' title="bbox 1874 4089 3523 4164">
    <p class='ocr_par' dir='ltr' id='par_1_89' title="bbox 1874 4089 3523 4164">
     <span class='ocr_line' id='line_1_89' title="bbox 1874 4089 3523 4164; baseline -0.005 -10"><span class='ocrx_word' id='word_1_660' title='bbox 1874 4098 1984 4154; x_wconf 90' lang='lat' dir='ltr'><strong>trio</strong></span> <span class='ocrx_word' id='word_1_661' title='bbox 2015 4096 2312 4152; x_wconf 86' lang='lat' dir='ltr'><strong>tenuimus</strong></span> <span class='ocrx_word' id='word_1_662' title='bbox 2344 4100 2400 4149; x_wconf 88' lang='lat' dir='ltr'><strong>et</strong></span> <span class='ocrx_word' id='word_1_663' title='bbox 2453 4099 2738 4158; x_wconf 88' lang='lat' dir='ltr'><strong>tenemus,</strong></span> <span class='ocrx_word' id='word_1_664' title='bbox 2777 4090 3124 4164; x_wconf 88' lang='lat' dir='ltr'><strong>scripsimus</strong></span> <span class='ocrx_word' id='word_1_665' title='bbox 3153 4095 3209 4146; x_wconf 89' lang='lat' dir='ltr'><strong>et</strong></span> <span class='ocrx_word' id='word_1_666' title='bbox 3240 4089 3389 4163; x_wconf 68' lang='lat' dir='ltr'><strong>style</strong></span> <span class='ocrx_word' id='word_1_667' title='bbox 3431 4108 3523 4146; x_wconf 84' lang='lat' dir='ltr'><strong>ca-</strong></span> 
     </span>
    </p>
   </div>
   <div class='ocr_carea' id='block_1_90' title="bbox 1875 4179 3520 4251">
    <p class='ocr_par' dir='ltr' id='par_1_90' title="bbox 1875 4179 3520 4251">
     <span class='ocr_line' id='line_1_90' title="bbox 1875 4179 3520 4251; baseline -0.006 -9"><span class='ocrx_word' id='word_1_668' title='bbox 1875 4187 2091 4242; x_wconf 86' lang='lat' dir='ltr'><strong>tholico</strong></span> <span class='ocrx_word' id='word_1_669' title='bbox 2153 4184 2490 4241; x_wconf 84' lang='lat' dir='ltr'><strong>scribimus.</strong></span> <span class='ocrx_word' id='word_1_670' title='bbox 2523 4183 2632 4238; x_wconf 84' lang='lat' dir='ltr'><strong>Sed</strong></span> <span class='ocrx_word' id='word_1_671' title='bbox 2673 4186 2729 4235; x_wconf 82' lang='lat' dir='ltr'><strong>et</strong></span> <span class='ocrx_word' id='word_1_672' title='bbox 2759 4182 2828 4236; x_wconf 90' lang='lat' dir='ltr'><strong>de</strong></span> <span class='ocrx_word' id='word_1_673' title='bbox 2887 4184 3093 4235; x_wconf 88' lang='lat' dir='ltr'><strong>natura</strong></span> <span class='ocrx_word' id='word_1_674' title='bbox 3143 4185 3202 4234; x_wconf 91' lang='lat' dir='ltr'><strong>et</strong></span> <span class='ocrx_word' id='word_1_675' title='bbox 3246 4179 3432 4251; x_wconf 79' lang='lat' dir='ltr'><strong>gratia</strong></span> <span class='ocrx_word' id='word_1_676' title='bbox 3461 4179 3520 4233; x_wconf 90' lang='lat' dir='ltr'><strong>in</strong></span> 
     </span>
    </p>
   </div>
   <div class='ocr_carea' id='block_1_91' title="bbox 1875 4269 3519 4348">
    <p class='ocr_par' dir='ltr' id='par_1_91' title="bbox 1875 4269 3519 4348">
     <span class='ocr_line' id='line_1_91' title="bbox 1875 4269 3519 4348; baseline -0.006 -16"><span class='ocrx_word' id='word_1_677' title='bbox 1875 4276 2049 4332; x_wconf 90' lang='lat' dir='ltr'><strong>aliam</strong></span> <span class='ocrx_word' id='word_1_678' title='bbox 2096 4279 2318 4348; x_wconf 87' lang='lat' dir='ltr'><strong>partem</strong></span> <span class='ocrx_word' id='word_1_679' title='bbox 2369 4270 2705 4327; x_wconf 90' lang='lat' dir='ltr'><strong>nullomodo</strong></span> <span class='ocrx_word' id='word_1_680' title='bbox 2737 4269 3028 4324; x_wconf 82' lang='lat' dir='ltr'><strong>declinare</strong></span> <span class='ocrx_word' id='word_1_681' title='bbox 3079 4273 3519 4340; x_wconf 71' lang='lat' dir='ltr'><strong>prmsumentes,</strong></span> 
     </span>
    </p>
   </div>
   <div class='ocr_carea' id='block_1_92' title="bbox 1875 4356 3520 4438">
    <p class='ocr_par' dir='ltr' id='par_1_92' title="bbox 1875 4356 3520 4438">
     <span class='ocr_line' id='line_1_92' title="bbox 1875 4356 3520 4438; baseline -0.005 -17"><span class='ocrx_word' id='word_1_682' title='bbox 1875 4367 2028 4438; x_wconf 89' lang='lat' dir='ltr'><strong>quod</strong></span> <span class='ocrx_word' id='word_1_683' title='bbox 2063 4362 2417 4436; x_wconf 88' lang='lat' dir='ltr'><strong>compositor</strong></span> <span class='ocrx_word' id='word_1_684' title='bbox 2453 4359 2846 4432; x_wconf 86' lang='lat' dir='ltr'><strong>capitulorum</strong></span> <span class='ocrx_word' id='word_1_685' title='bbox 2885 4374 3018 4414; x_wconf 90' lang='lat' dir='ltr'><strong>cum</strong></span> <span class='ocrx_word' id='word_1_686' title='bbox 3058 4356 3258 4429; x_wconf 90' lang='lat' dir='ltr'><strong>eclipsi</strong></span> <span class='ocrx_word' id='word_1_687' title='bbox 3302 4356 3520 4429; x_wconf 86' lang='lat' dir='ltr'><strong>posuit,</strong></span> 
     </span>
    </p>
   </div>
   <div class='ocr_carea' id='block_1_93' title="bbox 1876 4445 3526 4523">
    <p class='ocr_par' dir='ltr' id='par_1_93' title="bbox 1876 4445 3526 4523">
     <span class='ocr_line' id='line_1_93' title="bbox 1876 4445 3526 4523; baseline -0.008 -11"><span class='ocrx_word' id='word_1_688' title='bbox 1876 4457 2022 4512; x_wconf 72' lang='lat' dir='ltr'><strong>I3!</strong></span> <span class='ocrx_word' id='word_1_689' title='bbox 2051 4470 2158 4508; x_wconf 90' lang='lat' dir='ltr'><strong>nos</strong></span> <span class='ocrx_word' id='word_1_690' title='bbox 2180 4450 2617 4523; x_wconf 88' lang='lat' dir='ltr'><strong>supplementes</strong></span> <span class='ocrx_word' id='word_1_691' title='bbox 2639 4446 2976 4519; x_wconf 82' lang='lat' dir='ltr'><strong>adjicimus,</strong></span> <span class='ocrx_word' id='word_1_692' title='bbox 2991 4445 3328 4502; x_wconf 82' lang='lat' dir='ltr'><strong>firmissime</strong></span> <span class='ocrx_word' id='word_1_693' title='bbox 3343 4445 3526 4500; x_wconf 88' lang='lat' dir='ltr'><strong>credi-</strong></span> 
     </span>
    </p>
   </div>
   <div class='ocr_carea' id='block_1_94' title="bbox 1876 4534 3524 4607">
    <p class='ocr_par' dir='ltr' id='par_1_94' title="bbox 1876 4534 3524 4607">
     <span class='ocr_line' id='line_1_94' title="bbox 1876 4534 3524 4607; baseline -0.005 -8"><span class='ocrx_word' id='word_1_694' title='bbox 1876 4561 2008 4599; x_wconf 89' lang='lat' dir='ltr'><strong>mus</strong></span> <span class='ocrx_word' id='word_1_695' title='bbox 2038 4547 2094 4598; x_wconf 87' lang='lat' dir='ltr'><strong>et</strong></span> <span class='ocrx_word' id='word_1_696' title='bbox 2125 4546 2412 4605; x_wconf 90' lang='lat' dir='ltr'><strong>tenemus,</strong></span> <span class='ocrx_word' id='word_1_697' title='bbox 2437 4536 2714 4593; x_wconf 88' lang='lat' dir='ltr'><strong>videlicet</strong></span> <span class='ocrx_word' id='word_1_698' title='bbox 2741 4537 2898 4607; x_wconf 90' lang='lat' dir='ltr'><strong>quod</strong></span> <span class='ocrx_word' id='word_1_699' title='bbox 2947 4534 3030 4590; x_wconf 89' lang='lat' dir='ltr'><strong>illi</strong></span> <span class='ocrx_word' id='word_1_700' title='bbox 3063 4535 3438 4592; x_wconf 90' lang='lat' dir='ltr'><strong>crediderunt</strong></span> <span class='ocrx_word' id='word_1_701' title='bbox 3465 4537 3524 4590; x_wconf 91' lang='lat' dir='ltr'><strong>et</strong></span> 
     </span>
    </p>
   </div>
   <div class='ocr_carea' id='block_1_95' title="bbox 146 4623 3522 4721">
    <p class='ocr_par' dir='ltr' id='par_1_95' title="bbox 146 4623 3522 4721">
     <span class='ocr_line' id='line_1_95' title="bbox 146 4623 3522 4721; baseline -0.006 -25"><span class='ocrx_word' id='word_1_702' title='bbox 146 4661 164 4688; x_wconf 81' lang='grc' dir='ltr'>ι</span> <span class='ocrx_word' id='word_1_703' title='bbox 189 4623 492 4698; x_wconf 71' lang='lat' dir='ltr'><strong>Arbitrium</strong></span> <span class='ocrx_word' id='word_1_704' title='bbox 524 4637 690 4696; x_wconf 87' lang='lat' dir='ltr'><strong>enim</strong></span> <span class='ocrx_word' id='word_1_705' title='bbox 731 4635 990 4693; x_wconf 88' lang='lat' dir='ltr'><strong>hominis</strong></span> <span class='ocrx_word' id='word_1_706' title='bbox 1019 4635 1210 4708; x_wconf 81' lang='lat' dir='ltr'><strong>gratia</strong></span> <span class='ocrx_word' id='word_1_707' title='bbox 1236 4633 1337 4691; x_wconf 90' lang='lat' dir='ltr'><strong>Dei</strong></span> <span class='ocrx_word' id='word_1_708' title='bbox 1388 4651 1504 4691; x_wconf 92' lang='lat' dir='ltr'><strong>non</strong></span> <span class='ocrx_word' id='word_1_709' title='bbox 1553 4635 1766 4703; x_wconf 87' lang='lat' dir='ltr'><strong>abolet,</strong></span> <span class='ocrx_word' id='word_1_710' title='bbox 1799 4655 1846 4721; x_wconf 73' lang='grc' dir='ltr'><strong>Ι)</strong></span> <span class='ocrx_word' id='word_1_711' title='bbox 1878 4635 2210 4689; x_wconf 90' lang='lat' dir='ltr'><strong>tenuerunt.</strong></span> <span class='ocrx_word' id='word_1_712' title='bbox 2236 4628 2398 4721; x_wconf 69' lang='lat' dir='ltr'><strong>Sicpt</strong></span> <span class='ocrx_word' id='word_1_713' title='bbox 2425 4627 2601 4721; x_wconf 80' lang='lat' dir='ltr'><strong>etiam</strong></span> <span class='ocrx_word' id='word_1_714' title='bbox 2625 4630 2868 4721; x_wconf 79' lang='lat' dir='ltr'><strong>sanctus</strong></span> <span class='ocrx_word' id='word_1_715' title='bbox 2886 4625 3251 4721; x_wconf 62' lang='lat' dir='ltr'><strong>Augustinus</strong></span> <span class='ocrx_word' id='word_1_716' title='bbox 3375 4623 3522 4721; x_wconf 76' lang='lat' dir='ltr'><strong>libro</strong></span> 
     </span>
    </p>
   </div>
   <div class='ocr_carea' id='block_1_96' title="bbox 143 4724 1771 4799">
    <p class='ocr_par' dir='ltr' id='par_1_96' title="bbox 143 4724 1771 4799">
     <span class='ocr_line' id='line_1_96' title="bbox 143 4724 1771 4799; baseline -0.002 -15"><span class='ocrx_word' id='word_1_717' title='bbox 143 4728 222 4784; x_wconf 74' lang='lat' dir='ltr'><strong>sed</strong></span> <span class='ocrx_word' id='word_1_718' title='bbox 247 4728 456 4799; x_wconf 79' lang='lat' dir='ltr'><strong>adolet,</strong></span> <span class='ocrx_word' id='word_1_719' title='bbox 477 4731 538 4787; x_wconf 86' lang='lat' dir='ltr'><strong>et</strong></span> <span class='ocrx_word' id='word_1_720' title='bbox 567 4727 648 4786; x_wconf 82' lang='lat' dir='ltr'><strong>ab</strong></span> <span class='ocrx_word' id='word_1_721' title='bbox 677 4742 872 4783; x_wconf 90' lang='lat' dir='ltr'><strong>errore</strong></span> <span class='ocrx_word' id='word_1_722' title='bbox 903 4725 962 4782; x_wconf 90' lang='lat' dir='ltr'><strong>in</strong></span> <span class='ocrx_word' id='word_1_723' title='bbox 988 4724 1142 4781; x_wconf 90' lang='lat' dir='ltr'><strong>viam</strong></span> <span class='ocrx_word' id='word_1_724' title='bbox 1171 4727 1400 4781; x_wconf 89' lang='lat' dir='ltr'><strong>revocat</strong></span> <span class='ocrx_word' id='word_1_725' title='bbox 1425 4739 1491 4781; x_wconf 91' lang='lat' dir='ltr'><strong>ac</strong></span> <span class='ocrx_word' id='word_1_726' title='bbox 1522 4724 1771 4793; x_wconf 89' lang='lat' dir='ltr'><strong>reducit,</strong></span> 
     </span>
    </p>
   </div>
   <div class='ocr_carea' id='block_1_97' title="bbox 145 4813 1768 4891">
    <p class='ocr_par' dir='ltr' id='par_1_97' title="bbox 145 4813 1768 4891">
     <span class='ocr_line' id='line_1_97' title="bbox 145 4813 1768 4891; baseline -0.001 -21"><span class='ocrx_word' id='word_1_727' title='bbox 145 4823 196 4872; x_wconf 88' lang='lat' dir='ltr'><strong>ut</strong></span> <span class='ocrx_word' id='word_1_728' title='bbox 223 4820 367 4891; x_wconf 86' lang='lat' dir='ltr'><strong>quod</strong></span> <span class='ocrx_word' id='word_1_729' title='bbox 415 4836 534 4877; x_wconf 80' lang='lat' dir='ltr'><strong>sua</strong></span> <span class='ocrx_word' id='word_1_730' title='bbox 579 4817 852 4875; x_wconf 86' lang='lat' dir='ltr'><strong>libertate</strong></span> <span class='ocrx_word' id='word_1_731' title='bbox 908 4819 1032 4873; x_wconf 90' lang='lat' dir='ltr'><strong>erat</strong></span> <span class='ocrx_word' id='word_1_732' title='bbox 1088 4831 1356 4888; x_wconf 88' lang='lat' dir='ltr'><strong>pravum,</strong></span> <span class='ocrx_word' id='word_1_733' title='bbox 1388 4813 1608 4887; x_wconf 89' lang='lat' dir='ltr'><strong>Spiritu</strong></span> <span class='ocrx_word' id='word_1_734' title='bbox 1665 4815 1768 4870; x_wconf 89' lang='lat' dir='ltr'><strong>Dei</strong></span> 
     </span>
    </p>
   </div>
   <div class='ocr_carea' id='block_1_98' title="bbox 145 4903 1771 4980">
    <p class='ocr_par' dir='ltr' id='par_1_98' title="bbox 145 4903 1771 4980">
     <span class='ocr_line' id='line_1_98' title="bbox 145 4903 1771 4980; baseline -0.002 -15"><span class='ocrx_word' id='word_1_735' title='bbox 145 4913 320 4980; x_wconf 60' lang='lat' dir='ltr'><strong>laenis</strong></span> <span class='ocrx_word' id='word_1_736' title='bbox 357 4909 436 4968; x_wconf 82' lang='lat' dir='ltr'><strong>sit</strong></span> <span class='ocrx_word' id='word_1_737' title='bbox 479 4912 738 4966; x_wconf 87' lang='lat' dir='ltr'><strong>rectum.</strong></span> <span class='ocrx_word' id='word_1_738' title='bbox 764 4929 794 4957; x_wconf 84' lang='lat'><strong><em>»</em></strong></span> <span class='ocrx_word' id='word_1_739' title='bbox 823 4907 895 4962; x_wconf 87' lang='lat' dir='ltr'><strong>Et</strong></span> <span class='ocrx_word' id='word_1_740' title='bbox 925 4909 1166 4962; x_wconf 88' lang='lat' dir='ltr'><strong>sanctus</strong></span> <span class='ocrx_word' id='word_1_741' title='bbox 1195 4903 1564 4974; x_wconf 79' lang='lat' dir='ltr'><strong>Ccelestinus,</strong></span> <span class='ocrx_word' id='word_1_742' title='bbox 1619 4905 1771 4961; x_wconf 91' lang='lat' dir='ltr'><strong>sicut</strong></span> 
     </span>
    </p>
   </div>
   <div class='ocr_carea' id='block_1_99' title="bbox 147 4993 1769 5069">
    <p class='ocr_par' dir='ltr' id='par_1_99' title="bbox 147 4993 1769 5069">
     <span class='ocr_line' id='line_1_99' title="bbox 147 4993 1769 5069; baseline -0.001 -19"><span class='ocrx_word' id='word_1_743' title='bbox 147 5011 294 5069; x_wconf 73' lang='lat' dir='ltr'><strong>supra</strong></span> <span class='ocrx_word' id='word_1_744' title='bbox 319 4999 583 5056; x_wconf 79' lang='lat' dir='ltr'><strong>diximus</strong></span> <span class='ocrx_word' id='word_1_745' title='bbox 608 5014 661 5052; x_wconf 72' lang='grc' dir='ltr'><strong>τα</strong></span> <span class='ocrx_word' id='word_1_746' title='bbox 685 4995 910 5052; x_wconf 85' lang='lat' dir='ltr'><strong>Auxilio</strong></span> <span class='ocrx_word' id='word_1_747' title='bbox 940 4998 998 5050; x_wconf 90' lang='lat' dir='ltr'><strong>et</strong></span> <span class='ocrx_word' id='word_1_748' title='bbox 1027 5009 1269 5049; x_wconf 89' lang='lat' dir='ltr'><strong>munere</strong></span> <span class='ocrx_word' id='word_1_749' title='bbox 1292 4993 1393 5049; x_wconf 90' lang='lat' dir='ltr'><strong>Dei</strong></span> <span class='ocrx_word' id='word_1_750' title='bbox 1425 5011 1540 5050; x_wconf 90' lang='lat' dir='ltr'><strong>non</strong></span> <span class='ocrx_word' id='word_1_751' title='bbox 1572 4995 1769 5050; x_wconf 80' lang='lat' dir='ltr'><strong>aufer-</strong></span> 
     </span>
    </p>
   </div>
   <div class='ocr_carea' id='block_1_100' title="bbox 147 5082 1766 5156">
    <p class='ocr_par' dir='ltr' id='par_1_100' title="bbox 147 5082 1766 5156">
     <span class='ocr_line' id='line_1_100' title="bbox 147 5082 1766 5156; baseline -0.001 -17"><span class='ocrx_word' id='word_1_752' title='bbox 147 5087 226 5141; x_wconf 89' lang='lat' dir='ltr'><strong>tur</strong></span> <span class='ocrx_word' id='word_1_753' title='bbox 243 5086 484 5145; x_wconf 82' lang='lat' dir='ltr'><strong>liberum</strong></span> <span class='ocrx_word' id='word_1_754' title='bbox 518 5084 856 5153; x_wconf 88' lang='lat' dir='ltr'><strong>arbitrium,</strong></span> <span class='ocrx_word' id='word_1_755' title='bbox 879 5084 980 5140; x_wconf 91' lang='lat' dir='ltr'><strong>sed</strong></span> <span class='ocrx_word' id='word_1_756' title='bbox 1013 5083 1323 5140; x_wconf 87' lang='lat' dir='ltr'><strong>liberatur.</strong></span> <span class='ocrx_word' id='word_1_757' title='bbox 1346 5105 1373 5133; x_wconf 90' lang='grc'><strong>››</strong></span> <span class='ocrx_word' id='word_1_758' title='bbox 1396 5083 1559 5149; x_wconf 88' lang='lat' dir='ltr'><strong>Quod</strong></span> <span class='ocrx_word' id='word_1_759' title='bbox 1581 5082 1766 5156; x_wconf 90' lang='lat' dir='ltr'><strong>quali-</strong></span> 
     </span>
    </p>
   </div>
   <div class='ocr_carea' id='block_1_101' title="bbox 147 5171 1768 5251">
    <p class='ocr_par' dir='ltr' id='par_1_101' title="bbox 147 5171 1768 5251">
     <span class='ocr_line' id='line_1_101' title="bbox 147 5171 1768 5251; baseline -0.001 -21"><span class='ocrx_word' id='word_1_760' title='bbox 147 5178 218 5230; x_wconf 82' lang='lat' dir='ltr'><strong>ter</strong></span> <span class='ocrx_word' id='word_1_761' title='bbox 237 5181 292 5233; x_wconf 88' lang='lat' dir='ltr'><strong>et</strong></span> <span class='ocrx_word' id='word_1_762' title='bbox 317 5194 418 5251; x_wconf 87' lang='lat' dir='ltr'><strong>per</strong></span> <span class='ocrx_word' id='word_1_763' title='bbox 445 5193 630 5251; x_wconf 87' lang='lat' dir='ltr'><strong>quem</strong></span> <span class='ocrx_word' id='word_1_764' title='bbox 665 5173 1050 5248; x_wconf 90' lang='lat' dir='ltr'><strong>perdidimus,</strong></span> <span class='ocrx_word' id='word_1_765' title='bbox 1075 5177 1132 5227; x_wconf 89' lang='lat' dir='ltr'><strong>et</strong></span> <span class='ocrx_word' id='word_1_766' title='bbox 1163 5191 1196 5228; x_wconf 90' lang='lat' dir='ltr'><strong>a</strong></span> <span class='ocrx_word' id='word_1_767' title='bbox 1226 5189 1340 5245; x_wconf 92' lang='lat' dir='ltr'><strong>quo</strong></span> <span class='ocrx_word' id='word_1_768' title='bbox 1381 5173 1536 5244; x_wconf 91' lang='lat' dir='ltr'><strong>quod</strong></span> <span class='ocrx_word' id='word_1_769' title='bbox 1577 5171 1768 5245; x_wconf 90' lang='lat' dir='ltr'><strong>perdi-</strong></span> 
     </span>
    </p>
   </div>
   <div class='ocr_carea' id='block_1_102' title="bbox 148 5261 1769 5339">
    <p class='ocr_par' dir='ltr' id='par_1_102' title="bbox 148 5261 1769 5339">
     <span class='ocr_line' id='line_1_102' title="bbox 148 5261 1769 5339; baseline -0.001 -22"><span class='ocrx_word' id='word_1_770' title='bbox 148 5261 408 5335; x_wconf 78' lang='lat' dir='ltr'><strong>deramus,</strong></span> <span class='ocrx_word' id='word_1_771' title='bbox 453 5264 803 5339; x_wconf 84' lang='lat' dir='ltr'><strong>recipimus,</strong></span> <span class='ocrx_word' id='word_1_772' title='bbox 831 5279 901 5319; x_wconf 80' lang='lat' dir='ltr'><strong>ex</strong></span> <span class='ocrx_word' id='word_1_773' title='bbox 957 5261 1323 5318; x_wconf 88' lang='lat' dir='ltr'><strong>absolutione</strong></span> <span class='ocrx_word' id='word_1_774' title='bbox 1381 5263 1447 5317; x_wconf 84' lang='grc'>14</span> <span class='ocrx_word' id='word_1_775' title='bbox 1505 5261 1769 5334; x_wconf 88' lang='lat' dir='ltr'><strong>Prosperi</strong></span> 
     </span>
    </p>
   </div>
   <div class='ocr_carea' id='block_1_103' title="bbox 148 5349 1770 5429">
    <p class='ocr_par' dir='ltr' id='par_1_103' title="bbox 148 5349 1770 5429">
     <span class='ocr_line' id='line_1_103' title="bbox 148 5349 1770 5429; baseline -0.001 -21"><span class='ocrx_word' id='word_1_776' title='bbox 148 5349 299 5410; x_wconf 80' lang='lat' dir='ltr'><strong>lector</strong></span> <span class='ocrx_word' id='word_1_777' title='bbox 320 5355 574 5429; x_wconf 85' lang='lat' dir='ltr'><strong>accipiat</strong></span> <span class='ocrx_word' id='word_1_778' title='bbox 605 5373 620 5410; x_wconf 89' lang='lat'><strong>:</strong></span> <span class='ocrx_word' id='word_1_779' title='bbox 648 5376 677 5404; x_wconf 86' lang='grc'><strong>‹‹</strong></span> <span class='ocrx_word' id='word_1_780' title='bbox 701 5351 810 5420; x_wconf 91' lang='lat' dir='ltr'><strong>Qui</strong></span> <span class='ocrx_word' id='word_1_781' title='bbox 858 5352 1036 5419; x_wconf 91' lang='lat' dir='ltr'><strong>enim,</strong></span> <span class='ocrx_word' id='word_1_782' title='bbox 1079 5351 1373 5424; x_wconf 89' lang='lat' dir='ltr'><strong>inquiens,</strong></span> <span class='ocrx_word' id='word_1_783' title='bbox 1405 5352 1560 5422; x_wconf 88' lang='lat' dir='ltr'><strong>quod</strong></span> <span class='ocrx_word' id='word_1_784' title='bbox 1593 5351 1770 5423; x_wconf 88' lang='lat' dir='ltr'><strong>(vide-</strong></span> 
     </span>
    </p>
   </div>
   <div class='ocr_carea' id='block_1_104' title="bbox 147 5437 1767 5513">
    <p class='ocr_par' dir='ltr' id='par_1_104' title="bbox 147 5437 1767 5513">
     <span class='ocr_line' id='line_1_104' title="bbox 147 5437 1767 5513; baseline 0.001 -19"><span class='ocrx_word' id='word_1_785' title='bbox 147 5437 258 5498; x_wconf 86' lang='lat' dir='ltr'><strong>licet</strong></span> <span class='ocrx_word' id='word_1_786' title='bbox 307 5443 560 5503; x_wconf 86' lang='lat' dir='ltr'><strong>liberum</strong></span> <span class='ocrx_word' id='word_1_787' title='bbox 607 5442 942 5510; x_wconf 89' lang='lat' dir='ltr'><strong>arbitrium)</strong></span> <span class='ocrx_word' id='word_1_788' title='bbox 989 5444 1290 5512; x_wconf 89' lang='lat' dir='ltr'><strong>acceperat</strong></span> <span class='ocrx_word' id='word_1_789' title='bbox 1334 5440 1606 5513; x_wconf 89' lang='lat' dir='ltr'><strong>perdidit,</strong></span> <span class='ocrx_word' id='word_1_790' title='bbox 1654 5457 1767 5496; x_wconf 91' lang='lat' dir='ltr'><strong>non</strong></span> 
     </span>
    </p>
   </div>
   <div class='ocr_carea' id='block_1_105' title="bbox 149 5528 1773 5608">
    <p class='ocr_par' dir='ltr' id='par_1_105' title="bbox 149 5528 1773 5608">
     <span class='ocr_line' id='line_1_105' title="bbox 149 5528 1773 5608; baseline 0 -23"><span class='ocrx_word' id='word_1_791' title='bbox 149 5528 260 5588; x_wconf 82' lang='lat' dir='ltr'><strong>inde</strong></span> <span class='ocrx_word' id='word_1_792' title='bbox 285 5533 340 5589; x_wconf 84' lang='lat' dir='ltr'><strong>id</strong></span> <span class='ocrx_word' id='word_1_793' title='bbox 371 5533 588 5608; x_wconf 81' lang='lat' dir='ltr'><strong>recipit</strong></span> <span class='ocrx_word' id='word_1_794' title='bbox 633 5533 792 5588; x_wconf 89' lang='lat' dir='ltr'><strong>unde</strong></span> <span class='ocrx_word' id='word_1_795' title='bbox 839 5528 1112 5603; x_wconf 90' lang='lat' dir='ltr'><strong>perdidit,</strong></span> <span class='ocrx_word' id='word_1_796' title='bbox 1146 5529 1249 5586; x_wconf 89' lang='lat' dir='ltr'><strong>sed</strong></span> <span class='ocrx_word' id='word_1_797' title='bbox 1279 5531 1350 5586; x_wconf 90' lang='lat' dir='ltr'><strong>ab</strong></span> <span class='ocrx_word' id='word_1_798' title='bbox 1410 5529 1510 5586; x_wconf 91' lang='lat' dir='ltr'><strong>illo</strong></span> <span class='ocrx_word' id='word_1_799' title='bbox 1568 5529 1773 5602; x_wconf 89' lang='lat' dir='ltr'><strong>recipit</strong></span> 
     </span>
    </p>
   </div>
   <div class='ocr_carea' id='block_1_106' title="bbox 149 5617 1773 5694">
    <p class='ocr_par' dir='ltr' id='par_1_106' title="bbox 149 5617 1773 5694">
     <span class='ocr_line' id='line_1_106' title="bbox 149 5617 1773 5694; baseline -0.001 -19"><span class='ocrx_word' id='word_1_800' title='bbox 149 5621 280 5690; x_wconf 81' lang='lat' dir='ltr'><strong>quod</strong></span> <span class='ocrx_word' id='word_1_801' title='bbox 332 5621 568 5689; x_wconf 70' lang='lat' dir='ltr'><strong>habent,</strong></span> <span class='ocrx_word' id='word_1_802' title='bbox 603 5635 640 5679; x_wconf 74' lang='grc' dir='ltr'>ι</span> <span class='ocrx_word' id='word_1_803' title='bbox 676 5637 794 5694; x_wconf 90' lang='lat' dir='ltr'><strong>quo</strong></span> <span class='ocrx_word' id='word_1_804' title='bbox 840 5619 998 5692; x_wconf 90' lang='lat' dir='ltr'><strong>quod</strong></span> <span class='ocrx_word' id='word_1_805' title='bbox 1047 5617 1244 5674; x_wconf 90' lang='lat' dir='ltr'><strong>amisit</strong></span> <span class='ocrx_word' id='word_1_806' title='bbox 1287 5622 1609 5690; x_wconf 89' lang='lat' dir='ltr'><strong>acceperat.</strong></span> <span class='ocrx_word' id='word_1_807' title='bbox 1641 5638 1669 5668; x_wconf 72' lang='grc' dir='ltr'><strong>η</strong></span> <span class='ocrx_word' id='word_1_808' title='bbox 1703 5619 1773 5674; x_wconf 84' lang='lat' dir='ltr'><strong>Et</strong></span> 
     </span>
    </p>
   </div>
   <div class='ocr_carea' id='block_1_107' title="bbox 167 5705 1769 5786">
    <p class='ocr_par' dir='ltr' id='par_1_107' title="bbox 167 5705 1769 5786">
     <span class='ocr_line' id='line_1_107' title="bbox 167 5705 1769 5786; baseline 0 -21"><span class='ocrx_word' id='word_1_809' title='bbox 167 5723 202 5765; x_wconf 77' lang='grc' dir='ltr'><strong>ι</strong></span> <span class='ocrx_word' id='word_1_810' title='bbox 225 5709 582 5771; x_wconf 75' lang='lat' dir='ltr'><strong>absolutione</strong></span> <span class='ocrx_word' id='word_1_811' title='bbox 630 5709 840 5786; x_wconf 84' lang='lat' dir='ltr'><strong>quinta</strong></span> <span class='ocrx_word' id='word_1_812' title='bbox 886 5711 1088 5768; x_wconf 88' lang='lat' dir='ltr'><strong>contra</strong></span> <span class='ocrx_word' id='word_1_813' title='bbox 1113 5705 1530 5766; x_wconf 85' lang='lat' dir='ltr'><strong>Vincentianos</strong></span> <span class='ocrx_word' id='word_1_814' title='bbox 1561 5723 1612 5764; x_wconf 72' lang='grc' dir='ltr'><strong>τι(</strong></span> <span class='ocrx_word' id='word_1_815' title='bbox 1644 5706 1769 5765; x_wconf 89' lang='lat' dir='ltr'><strong>Non</strong></span> 
     </span>
    </p>
   </div>
   <div class='ocr_carea' id='block_1_108' title="bbox 1879 4712 3523 4787">
    <p class='ocr_par' dir='ltr' id='par_1_108' title="bbox 1879 4712 3523 4787">
     <span class='ocr_line' id='line_1_108' title="bbox 1879 4712 3523 4787; baseline -0.007 -9"><span class='ocrx_word' id='word_1_816' title='bbox 1879 4725 1949 4778; x_wconf 91' lang='lat' dir='ltr'><strong>de</strong></span> <span class='ocrx_word' id='word_1_817' title='bbox 1981 4721 2200 4776; x_wconf 89' lang='lat' dir='ltr'><strong>Natura</strong></span> <span class='ocrx_word' id='word_1_818' title='bbox 2229 4723 2284 4774; x_wconf 89' lang='lat' dir='ltr'><strong>et</strong></span> <span class='ocrx_word' id='word_1_819' title='bbox 2315 4717 2515 4773; x_wconf 90' lang='lat' dir='ltr'><strong>Gratia</strong></span> <span class='ocrx_word' id='word_1_820' title='bbox 2563 4715 2821 4787; x_wconf 88' lang='lat' dir='ltr'><strong>scripsit,</strong></span> <span class='ocrx_word' id='word_1_821' title='bbox 2853 4719 2912 4770; x_wconf 89' lang='lat' dir='ltr'><strong>et</strong></span> <span class='ocrx_word' id='word_1_822' title='bbox 2959 4713 3114 4770; x_wconf 89' lang='lat' dir='ltr'><strong>sicut</strong></span> <span class='ocrx_word' id='word_1_823' title='bbox 3160 4713 3220 4769; x_wconf 88' lang='lat' dir='ltr'><strong>in</strong></span> <span class='ocrx_word' id='word_1_824' title='bbox 3273 4712 3420 4768; x_wconf 92' lang='lat' dir='ltr'><strong>libro</strong></span> <span class='ocrx_word' id='word_1_825' title='bbox 3452 4713 3523 4767; x_wconf 89' lang='lat' dir='ltr'><strong>de</strong></span> 
     </span>
    </p>
   </div>
   <div class='ocr_carea' id='block_1_109' title="bbox 1879 4801 3519 4882">
    <p class='ocr_par' dir='ltr' id='par_1_109' title="bbox 1879 4801 3519 4882">
     <span class='ocr_line' id='line_1_109' title="bbox 1879 4801 3519 4882; baseline -0.009 -14"><span class='ocrx_word' id='word_1_826' title='bbox 1879 4816 2034 4870; x_wconf 88' lang='lat' dir='ltr'><strong>Bono</strong></span> <span class='ocrx_word' id='word_1_827' title='bbox 2054 4805 2489 4882; x_wconf 65' lang='lat' dir='ltr'><strong>perseverantiae</strong></span> <span class='ocrx_word' id='word_1_828' title='bbox 2517 4804 2657 4860; x_wconf 88' lang='lat' dir='ltr'><strong>dicit</strong></span> <span class='ocrx_word' id='word_1_829' title='bbox 2681 4821 2728 4860; x_wconf 86' lang='lat'><strong>:«</strong></span> <span class='ocrx_word' id='word_1_830' title='bbox 2755 4801 3027 4876; x_wconf 85' lang='lat' dir='ltr'><strong>Nunquid</strong></span> <span class='ocrx_word' id='word_1_831' title='bbox 3053 4820 3188 4876; x_wconf 85' lang='lat' dir='ltr'><strong>ergo</strong></span> <span class='ocrx_word' id='word_1_832' title='bbox 3213 4801 3519 4858; x_wconf 89' lang='lat' dir='ltr'><strong>hominum</strong></span> 
     </span>
    </p>
   </div>
   <div class='ocr_carea' id='block_1_110' title="bbox 1877 4891 3520 4958">
    <p class='ocr_par' dir='ltr' id='par_1_110' title="bbox 1877 4891 3520 4958">
     <span class='ocr_line' id='line_1_110' title="bbox 1877 4891 3520 4958; baseline -0.01 -1"><span class='ocrx_word' id='word_1_833' title='bbox 1877 4905 2096 4957; x_wconf 71' lang='lat' dir='ltr'><strong>naturae</strong></span> <span class='ocrx_word' id='word_1_834' title='bbox 2137 4898 2264 4952; x_wconf 73' lang='lat' dir='ltr'><strong>dum</strong></span> <span class='ocrx_word' id='word_1_835' title='bbox 2323 4895 2502 4951; x_wconf 85' lang='lat' dir='ltr'><strong>sunt?</strong></span> <span class='ocrx_word' id='word_1_836' title='bbox 2530 4893 2717 4949; x_wconf 90' lang='lat' dir='ltr'><strong>Absit.</strong></span> <span class='ocrx_word' id='word_1_837' title='bbox 2751 4893 2809 4949; x_wconf 91' lang='lat' dir='ltr'><strong>Si</strong></span> <span class='ocrx_word' id='word_1_838' title='bbox 2843 4893 2970 4948; x_wconf 64' lang='lat' dir='ltr'><strong>duae</strong></span> <span class='ocrx_word' id='word_1_839' title='bbox 3028 4896 3246 4947; x_wconf 69' lang='lat' dir='ltr'><strong>natura:</strong></span> <span class='ocrx_word' id='word_1_840' title='bbox 3301 4891 3520 4958; x_wconf 88' lang='lat' dir='ltr'><strong>essent,</strong></span> 
     </span>
    </p>
   </div>
   <div class='ocr_carea' id='block_1_111' title="bbox 1877 4975 3522 5064">
    <p class='ocr_par' dir='ltr' id='par_1_111' title="bbox 1877 4975 3522 5064">
     <span class='ocr_line' id='line_1_111' title="bbox 1877 4975 3522 5064; baseline -0.011 -18"><span class='ocrx_word' id='word_1_841' title='bbox 1877 4989 2065 5064; x_wconf 77' lang='lat' dir='ltr'><strong>gratia</strong></span> <span class='ocrx_word' id='word_1_842' title='bbox 2095 4985 2214 5042; x_wconf 91' lang='lat' dir='ltr'><strong>ulla</strong></span> <span class='ocrx_word' id='word_1_843' title='bbox 2245 5002 2360 5040; x_wconf 91' lang='lat' dir='ltr'><strong>non</strong></span> <span class='ocrx_word' id='word_1_844' title='bbox 2391 4986 2564 5038; x_wconf 87' lang='lat' dir='ltr'><strong>esset.</strong></span> <span class='ocrx_word' id='word_1_845' title='bbox 2599 4981 2753 5038; x_wconf 91' lang='lat' dir='ltr'><strong>Nulli</strong></span> <span class='ocrx_word' id='word_1_846' title='bbox 2801 4981 2956 5038; x_wconf 88' lang='lat' dir='ltr'><strong>enim</strong></span> <span class='ocrx_word' id='word_1_847' title='bbox 3001 4981 3238 5036; x_wconf 87' lang='lat' dir='ltr'><strong>daretur</strong></span> <span class='ocrx_word' id='word_1_848' title='bbox 3266 4975 3522 5064; x_wconf 81' lang='lat' dir='ltr'><strong>gratuita</strong></span> 
     </span>
    </p>
   </div>
   <div class='ocr_carea' id='block_1_112' title="bbox 1877 5062 3519 5140">
    <p class='ocr_par' dir='ltr' id='par_1_112' title="bbox 1877 5062 3519 5140">
     <span class='ocr_line' id='line_1_112' title="bbox 1877 5062 3519 5140; baseline -0.011 -6"><span class='ocrx_word' id='word_1_849' title='bbox 1877 5062 2164 5140; x_wconf 86' lang='lat' dir='ltr'><strong>liberatio,</strong></span> <span class='ocrx_word' id='word_1_850' title='bbox 2209 5073 2258 5130; x_wconf 92' lang='lat' dir='ltr'><strong>si</strong></span> <span class='ocrx_word' id='word_1_851' title='bbox 2324 5076 2544 5128; x_wconf 63' lang='lat' dir='ltr'><strong>natura:</strong></span> <span class='ocrx_word' id='word_1_852' title='bbox 2604 5070 2800 5126; x_wconf 88' lang='lat' dir='ltr'><strong>debita</strong></span> <span class='ocrx_word' id='word_1_853' title='bbox 2864 5070 3261 5126; x_wconf 88' lang='lat' dir='ltr'><strong>redderentur.</strong></span> <span class='ocrx_word' id='word_1_854' title='bbox 3323 5062 3519 5120; x_wconf 84' lang='lat' dir='ltr'><strong>llomi-</strong></span> 
     </span>
    </p>
   </div>
   <div class='ocr_carea' id='block_1_113' title="bbox 1878 5154 3520 5229">
    <p class='ocr_par' dir='ltr' id='par_1_113' title="bbox 1878 5154 3520 5229">
     <span class='ocr_line' id='line_1_113' title="bbox 1878 5154 3520 5229; baseline -0.009 -5"><span class='ocrx_word' id='word_1_855' title='bbox 1878 5168 2052 5224; x_wconf 90' lang='lat' dir='ltr'><strong>nibus</strong></span> <span class='ocrx_word' id='word_1_856' title='bbox 2119 5168 2314 5221; x_wconf 88' lang='lat' dir='ltr'><strong>autem</strong></span> <span class='ocrx_word' id='word_1_857' title='bbox 2381 5161 2638 5229; x_wconf 89' lang='lat' dir='ltr'><strong>videtur,</strong></span> <span class='ocrx_word' id='word_1_858' title='bbox 2705 5177 2908 5215; x_wconf 89' lang='lat' dir='ltr'><strong>omnes</strong></span> <span class='ocrx_word' id='word_1_859' title='bbox 2973 5157 3072 5229; x_wconf 87' lang='lat' dir='ltr'><strong>qui</strong></span> <span class='ocrx_word' id='word_1_860' title='bbox 3139 5154 3274 5210; x_wconf 89' lang='lat' dir='ltr'><strong>boni</strong></span> <span class='ocrx_word' id='word_1_861' title='bbox 3342 5169 3520 5226; x_wconf 89' lang='lat' dir='ltr'><strong>appa-</strong></span> 
     </span>
    </p>
   </div>
   <div class='ocr_carea' id='block_1_114' title="bbox 1879 5244 3520 5324">
    <p class='ocr_par' dir='ltr' id='par_1_114' title="bbox 1879 5244 3520 5324">
     <span class='ocr_line' id='line_1_114' title="bbox 1879 5244 3520 5324; baseline -0.01 -12"><span class='ocrx_word' id='word_1_862' title='bbox 1879 5262 2008 5313; x_wconf 89' lang='lat' dir='ltr'><strong>rent</strong></span> <span class='ocrx_word' id='word_1_863' title='bbox 2055 5253 2252 5310; x_wconf 80' lang='lat' dir='ltr'><strong>fideles</strong></span> <span class='ocrx_word' id='word_1_864' title='bbox 2312 5249 2798 5324; x_wconf 84' lang='lat' dir='ltr'><strong>perseverantiam</strong></span> <span class='ocrx_word' id='word_1_865' title='bbox 2834 5263 3018 5318; x_wconf 89' lang='lat' dir='ltr'><strong>usque</strong></span> <span class='ocrx_word' id='word_1_866' title='bbox 3075 5245 3132 5300; x_wconf 91' lang='lat' dir='ltr'><strong>in</strong></span> <span class='ocrx_word' id='word_1_867' title='bbox 3195 5244 3371 5298; x_wconf 84' lang='lat' dir='ltr'><strong>linem</strong></span> <span class='ocrx_word' id='word_1_868' title='bbox 3419 5258 3520 5298; x_wconf 90' lang='lat' dir='ltr'><strong>ac-</strong></span> 
     </span>
    </p>
   </div>
   <div class='ocr_carea' id='block_1_115' title="bbox 1880 5331 3519 5420">
    <p class='ocr_par' dir='ltr' id='par_1_115' title="bbox 1880 5331 3519 5420">
     <span class='ocr_line' id='line_1_115' title="bbox 1880 5331 3519 5420; baseline -0.01 -18"><span class='ocrx_word' id='word_1_869' title='bbox 1880 5348 2070 5420; x_wconf 87' lang='lat' dir='ltr'><strong>cipere</strong></span> <span class='ocrx_word' id='word_1_870' title='bbox 2127 5341 2419 5398; x_wconf 86' lang='lat' dir='ltr'><strong>debuisse.</strong></span> <span class='ocrx_word' id='word_1_871' title='bbox 2455 5339 2607 5396; x_wconf 90' lang='lat' dir='ltr'><strong>Deus</strong></span> <span class='ocrx_word' id='word_1_872' title='bbox 2664 5342 2858 5394; x_wconf 88' lang='lat' dir='ltr'><strong>autem</strong></span> <span class='ocrx_word' id='word_1_873' title='bbox 2916 5333 3130 5390; x_wconf 89' lang='lat' dir='ltr'><strong>melius</strong></span> <span class='ocrx_word' id='word_1_874' title='bbox 3182 5349 3311 5388; x_wconf 89' lang='lat' dir='ltr'><strong>esse</strong></span> <span class='ocrx_word' id='word_1_875' title='bbox 3360 5331 3519 5404; x_wconf 88' lang='lat' dir='ltr'><strong>judi-</strong></span> 
     </span>
    </p>
   </div>
   <div class='ocr_carea' id='block_1_116' title="bbox 1881 5426 3520 5500">
    <p class='ocr_par' dir='ltr' id='par_1_116' title="bbox 1881 5426 3520 5500">
     <span class='ocr_line' id='line_1_116' title="bbox 1881 5426 3520 5500; baseline -0.008 -9"><span class='ocrx_word' id='word_1_876' title='bbox 1881 5436 2030 5492; x_wconf 89' lang='lat' dir='ltr'><strong>cavit</strong></span> <span class='ocrx_word' id='word_1_877' title='bbox 2085 5431 2319 5488; x_wconf 88' lang='lat' dir='ltr'><strong>misceri</strong></span> <span class='ocrx_word' id='word_1_878' title='bbox 2367 5430 2621 5500; x_wconf 89' lang='lat' dir='ltr'><strong>quodam</strong></span> <span class='ocrx_word' id='word_1_879' title='bbox 2677 5443 2791 5481; x_wconf 90' lang='lat' dir='ltr'><strong>non</strong></span> <span class='ocrx_word' id='word_1_880' title='bbox 2849 5426 3318 5497; x_wconf 87' lang='lat' dir='ltr'><strong>perseveraturos</strong></span> <span class='ocrx_word' id='word_1_881' title='bbox 3363 5426 3520 5478; x_wconf 92' lang='lat' dir='ltr'><strong>certo</strong></span> 
     </span>
    </p>
   </div>
   <div class='ocr_carea' id='block_1_117' title="bbox 1880 5513 3518 5585">
    <p class='ocr_par' dir='ltr' id='par_1_117' title="bbox 1880 5513 3518 5585">
     <span class='ocr_line' id='line_1_117' title="bbox 1880 5513 3518 5585; baseline -0.01 -3"><span class='ocrx_word' id='word_1_882' title='bbox 1880 5540 2124 5582; x_wconf 87' lang='lat' dir='ltr'><strong>numero</strong></span> <span class='ocrx_word' id='word_1_883' title='bbox 2182 5524 2520 5576; x_wconf 90' lang='lat' dir='ltr'><strong>sanctorum</strong></span> <span class='ocrx_word' id='word_1_884' title='bbox 2580 5530 2846 5582; x_wconf 87' lang='lat' dir='ltr'><strong>suorum,</strong></span> <span class='ocrx_word' id='word_1_885' title='bbox 2885 5517 2950 5568; x_wconf 92' lang='lat' dir='ltr'><strong>ut</strong></span> <span class='ocrx_word' id='word_1_886' title='bbox 2996 5513 3214 5585; x_wconf 90' lang='lat' dir='ltr'><strong>quibus</strong></span> <span class='ocrx_word' id='word_1_887' title='bbox 3262 5529 3378 5567; x_wconf 89' lang='lat' dir='ltr'><strong>non</strong></span> <span class='ocrx_word' id='word_1_888' title='bbox 3424 5528 3518 5567; x_wconf 88' lang='lat' dir='ltr'><strong>ex-</strong></span> 
     </span>
    </p>
   </div>
   <div class='ocr_carea' id='block_1_118' title="bbox 1881 5602 3522 5689">
    <p class='ocr_par' dir='ltr' id='par_1_118' title="bbox 1881 5602 3522 5689">
     <span class='ocr_line' id='line_1_118' title="bbox 1881 5602 3522 5689; baseline -0.01 -18"><span class='ocrx_word' id='word_1_889' title='bbox 1881 5612 2041 5689; x_wconf 90' lang='lat' dir='ltr'><strong>pedit</strong></span> <span class='ocrx_word' id='word_1_890' title='bbox 2070 5612 2128 5667; x_wconf 90' lang='lat' dir='ltr'><strong>in</strong></span> <span class='ocrx_word' id='word_1_891' title='bbox 2159 5609 2338 5680; x_wconf 89' lang='lat' dir='ltr'><strong>hujus</strong></span> <span class='ocrx_word' id='word_1_892' title='bbox 2379 5605 2506 5661; x_wconf 74' lang='lat' dir='ltr'><strong>vita:</strong></span> <span class='ocrx_word' id='word_1_893' title='bbox 2551 5602 2868 5660; x_wconf 77' lang='lat' dir='ltr'><strong>testatione</strong></span> <span class='ocrx_word' id='word_1_894' title='bbox 2898 5603 3204 5670; x_wconf 90' lang='lat' dir='ltr'><strong>securitas,</strong></span> <span class='ocrx_word' id='word_1_895' title='bbox 3239 5618 3353 5658; x_wconf 90' lang='lat' dir='ltr'><strong>non</strong></span> <span class='ocrx_word' id='word_1_896' title='bbox 3393 5616 3522 5673; x_wconf 87' lang='lat' dir='ltr'><strong>pos-</strong></span> 
     </span>
    </p>
   </div>
   <div class='ocr_carea' id='block_1_119' title="bbox 1879 5690 3521 5769">
    <p class='ocr_par' dir='ltr' id='par_1_119' title="bbox 1879 5690 3521 5769">
     <span class='ocr_line' id='line_1_119' title="bbox 1879 5690 3521 5769; baseline -0.009 -7"><span class='ocrx_word' id='word_1_897' title='bbox 1879 5703 1999 5763; x_wconf 89' lang='lat' dir='ltr'><strong>sint</strong></span> <span class='ocrx_word' id='word_1_898' title='bbox 2025 5717 2153 5760; x_wconf 86' lang='lat' dir='ltr'><strong>esse</strong></span> <span class='ocrx_word' id='word_1_899' title='bbox 2183 5695 2391 5757; x_wconf 88' lang='lat' dir='ltr'><strong>securi.</strong></span> <span class='ocrx_word' id='word_1_900' title='bbox 2424 5693 2636 5754; x_wconf 87' lang='lat' dir='ltr'><strong>Multos</strong></span> <span class='ocrx_word' id='word_1_901' title='bbox 2667 5693 2826 5754; x_wconf 89' lang='lat' dir='ltr'><strong>enim</strong></span> <span class='ocrx_word' id='word_1_902' title='bbox 2857 5709 2892 5753; x_wconf 86' lang='lat' dir='ltr'><strong>a</strong></span> <span class='ocrx_word' id='word_1_903' title='bbox 2920 5692 3246 5769; x_wconf 87' lang='lat' dir='ltr'><strong>perniciosa</strong></span> <span class='ocrx_word' id='word_1_904' title='bbox 3272 5690 3521 5749; x_wconf 88' lang='lat' dir='ltr'><strong>elatione</strong></span> 
     </span>
    </p>
   </div>
  </div>
