4020 6452
476 399 592 464 1⁷95

1402 402 1783 465 lllNCMAllI
1831 403 1932 464 ΠΗ
1947 397 2282 463 EMENSIS
2327 398 2945 462 ABCIIllﬂPlSCOPl.

3759 395 3873 456 £96

473 535 739 609 reprimit
767 535 924 608 quod
965 535 1048 590 ait
1085 533 1398 606 Apostolus
1430 551 1443 590 :
1480 536 1814 607 Quapropter
1841 537 1936 606 qui
1967 533 2118 590 vide-
2145 534 2197 600 Α
2229 537 2286 617 te
2316 531 2718 598 inutiles,cum
2739 529 3026 602 templum
3049 545 3272 601 magna:
3296 529 3491 584 Dianai
3511 528 3668 601 apud
3694 527 3874 603 Ephe-

471 634 562 682 tur
587 632 732 680 stare
760 623 939 679 videat
964 639 1034 677 ne
1063 621 1236 677 cadat.
1264 623 1641 678 Voluntatem
1673 629 1865 678 autem
1899 641 2007 678 sua
2031 639 2118 677 ca-

471 715 556 770 dit
580 713 679 785 qui
713 711 890 778 cadit,
915 716 974 766 et
1003 710 1301 766 voluntate
1330 711 1430 767 Dei
1463 717 1578 767 stat
1605 712 1703 784 qui
1737 716 1874 768 stat.
1909 711 2118 767 Potens

469 807 558 859 est
573 801 730 858 enim
750 800 903 856 Deus
919 803 1174 856 statuere
1193 798 1378 854 illum.
1395 800 1520 855 Non
1536 817 1672 872 ergo
1692 799 1818 872 ipse
1834 799 2115 872 seipsum,

469 891 575 947 sed
596 887 1190 946 Deus.Verumtamen
1210 889 1428 944 bonum
1445 893 1534 944 est
1555 905 1670 943 non
1683 887 1866 944 altum
1890 905 2114 960 sapere,

471 977 574 1034 sed
607 977 829 1032 timere.
856 977 917 1032 In
948 975 1296 1048 cogitatione
1327 993 1436 1032 sua
1459 975 1547 1031 vel
1566 976 1722 1032 cadit
1742 974 2115 1048 quisque,ch

470 1071 607 1125 stat.
641 1066 804 1123 Sicut
833 1071 1028 1122 autem
1075 1064 1390 1137 Apostolus
1420 1066 1520 1130 ait,
1545 1065 1700 1137 quod
1730 1065 1789 1119 in
1821 1063 1969 1120 libro
2018 1081 2114 1120 su-

469 1155 696 1230 periore
717 1153 1032 1211 memoravi
1058 1171 1072 1209 :
1096 1154 1213 1210 Non
1235 1170 1425 1209 sumus
1453 1153 1636 1210 idonei
1653 1155 1888 1224 cogitare
1903 1151 2118 1225 aliquid

471 1246 634 1318 quasi
659 1261 729 1300 ex
751 1243 1174 1314 nobismetipsis,
1205 1242 1298 1298 sed
1339 1243 1672 1313 sufﬁcientia
1699 1249 1885 1298 nostra
1916 1257 1986 1298 ea:
2013 1242 2117 1297 Deo

469 1345 549 1394 est
575 1339 657 1406 (II
673 1333 796 1390 Cor.
826 1349 909 1400 in,
933 1333 1050 1400 5).»
1075 1333 1258 1397 Quem
1289 1335 1526 1386 secutus
1563 1334 1623 1386 et
1651 1331 1855 1386 beatus
1879 1329 2120 1385 Ambro-

471 1427 598 1482 sius
626 1423 803 1480 audet
829 1426 888 1477 et
914 1419 1058 1475 dicit
1082 1436 1138 1475 :«
1169 1419 1292 1475 Non
1324 1419 1479 1474 enim
1509 1419 1567 1474 in
1602 1423 1886 1492 potestate
1918 1422 2118 1473 nostra

472 1532 572 1570 cor
600 1515 864 1568 nostrum
889 1513 947 1565 et
967 1507 1351 1581 cogitationes
1371 1513 1602 1563 nostrae.
1619 1509 1780 1576 Quod
1803 1508 1994 1562 omnis
2014 1507 2116 1577 qui

472 1600 776 1658 humiliter
803 1603 862 1656 et
891 1597 1171 1654 veraciter
1199 1597 1334 1669 pius
1352 1601 1460 1661 est,
1484 1613 1611 1652 esse
1631 1595 1974 1653 verissimus
1994 1611 2120 1652 sen-

469 1691 561 1746 tit.
589 1713 618 1740 »
645 1691 1006 1760 Quapmptcr
1031 1685 1151 1740 haec
1182 1702 1309 1756 quae
1348 1684 1694 1756 scripsimus
1726 1683 2116 1756 capitulorum

471 1777 818 1850 compilator
846 1775 1081 1846 relegat,
1104 1779 1162 1828 et
1186 1773 1378 1828 videat
1397 1773 1446 1828 si
1470 1773 1528 1828 in
1552 1773 1660 1840 eis,
1684 1772 1766 1828 uti
1791 1772 1850 1828 in
1879 1771 2116 1845 praefato

471 1871 630 1924 sexto
659 1863 916 1936 capitulo
965 1862 1300 1934 scripserat,
1327 1860 1537 1934 poterit
1581 1860 1839 1916 invenire
1886 1861 2116 1933 ineptas

470 1953 1012 2029 quaestiunculaspt
1029 1949 1214 2006 aniles
1235 1966 1380 2022 pene
1399 1949 2118 2021 fabellas,Scottorumque

472 2043 665 2117 pultes
696 2039 937 2114 puritati
970 2039 1104 2094 ﬁdei
1135 2054 1413 2094 nauseam
1448 2039 1782 2103 inferentes,
1809 2055 1936 2110 quae
1966 2038 2116 2109 peri-

473 2128 862 2189 culosissimis
879 2133 936 2183 et
955 2126 1316 2200 gravissimis
1335 2127 1789 2198 temporibus,ad
1812 2126 2115 2181 cumulum

473 2221 742 2276 laborum
776 2221 1132 2280 nostrorum,
1163 2231 1350 2286 usque
1382 2215 1454 2269 ad
1493 2214 1836 2270 scissionem
1866 2215 2115 2270 charita-

472 2310 569 2380 tis,
593 2305 1006 2363 miserabiliter
1024 2308 1082 2359 et
1111 2302 1564 2376 lacrymabiliter
1592 2307 2020 2370 succreverunt,
2045 2319 2116 2358 ne

474 2402 700 2454 mentes
731 2393 1070 2450 Christianae
1103 2392 1236 2448 inde
1279 2397 1750 2463 corrumpantur,
1766 2397 1824 2446 et
1850 2391 2119 2448 excidant

475 2505 509 2543 a
538 2483 915 2556 simplicitate
945 2487 1002 2538 et
1031 2480 1294 2536 castitate
1333 2481 1464 2536 ﬁdei
1499 2498 1624 2553 quae
1664 2485 1753 2536 est
1786 2481 1845 2535 in
1885 2480 2115 2536 Christo

472 2577 634 2632 Jesu.
657 2571 866 2627 Videat
893 2569 1296 2636 nihilominus,
1321 2569 1371 2624 si
1401 2569 1472 2625 de
1501 2570 1730 2625 duobus
1761 2570 2115 2642 praescriptis

477 2661 772 2736 capitulis,
793 2665 851 2716 et
873 2661 944 2715 de
973 2658 1104 2714 aliis
1133 2659 1309 2714 etiam
1333 2659 1562 2713 duobus
1591 2659 1648 2713 in
1682 2677 1957 2732 processu
1978 2659 2118 2714 scri-

474 2750 703 2818 bendis,
737 2767 863 2822 quae
905 2765 974 2804 ex
1009 2746 1427 2802 catholicorum
1467 2747 1657 2802 verbis
1693 2747 2110 2820 excerpsimus,

472 2839 814 2896 Cbristianae
835 2840 1062 2893 mentes
1077 2839 1546 2908 corrumpantur,
1561 2853 1628 2891 ex
1641 2836 1910 2891 excidant
1926 2853 1960 2891 a
1979 2836 2116 2893 sim-

471 2928 729 3002 plicitate
758 2931 816 2982 et
844 2925 1113 2982 castitate
1144 2925 1276 2979 ﬁdei
1309 2942 1436 2996 quae
1469 2929 1558 2980 est
1587 2924 1644 2978 in
1677 2925 1907 2980 Christo
1935 2925 2110 2994 Jesu;

467 3035 541 3073 an
564 3018 635 3072 de
665 3015 938 3088 illis,quze
961 3013 1084 3086 ipse
1103 3029 1237 3068 cum
1263 3013 1560 3068 modernis
1586 3013 2113 3071 Prmdestinatianis

469 3111 527 3162 et
559 3105 883 3178 priscorum
925 3102 1572 3158 Praedestiuatianorum
1604 3101 2112 3160 anathematizatis

468 3194 756 3266 excerpsit
776 3191 1306 3258 adinventionibus,
1331 3191 1403 3244 ad
1425 3207 1820 3262 compressam
1845 3196 1904 3247 et
1925 3193 2114 3247 fundi-

469 3287 568 3338 tus
616 3262 962 3336 exstinctam
1021 3279 1289 3334 haeresim
1343 3279 1981 3352 resuscitandam,quaa
2037 3281 2108 3337 ad
2139 3262 2182 3331 (ἶ

467 3367 774 3426 cumulum
819 3367 1082 3422 laborum
1123 3372 1478 3436 nostrorum,
1511 3367 2024 3439 periculosissimis
2053 3375 2112 3425 et

467 3457 830 3533 gravissimis
859 3455 1242 3529 temporibus,
1261 3473 1446 3528 usque
1465 3457 1534 3512 ad
1566 3457 1864 3514 unanimis
1885 3458 2114 3515 scissio-

469 3565 602 3603 nem
664 3546 1040 3602 fraternitatis
1098 3545 1512 3602 miserabiliter
1555 3551 1614 3600 et
1660 3545 2114 3620 lacrymabiliter

469 3639 818 3691 removetur.

972 3767 1126 3824 182
1167 3767 1396 3823 CAPUT
1434 3767 1600 3824 XXII.

463 3876 537 3926 De
562 3889 619 3926 eo
649 3875 739 3940 qui
766 3874 837 3924 ad
864 3873 1302 3939 reprehensionem
1334 3876 1546 3924 istorum
1585 3874 1927 3940 capitulorum
1957 3877 2110 3927 tacito

521 3961 612 3995 suo
639 3947 864 4006 nomine,
895 3945 1124 3994 libellum
1155 3946 1454 4010 composuit,
1485 3949 1532 3994 el
1570 3945 1634 3995 de
1673 3949 1936 3996 sententiis
1961 3963 2110 4011 syno-

524 4016 750 4075 dalibus,
796 4031 926 4080 qua:
971 4015 1278 4079 compilator
1318 4016 1660 4081 capitulorum
1697 4017 1845 4066 nobis
1888 4033 1920 4066 (ι
1965 4020 2110 4083 regia

520 4086 836 4137 sublimitate
863 4087 1103 4137 datorum
1144 4087 1368 4152 collegit,
1407 4085 1578 4138 volens
1617 4089 1884 4139 ostendere
1909 4089 1977 4138 ab
2007 4090 2112 4139 illis

520 4172 616 4209 nos
643 4158 982 4208 discordasse.

535 4263 796 4336 Denique
827 4264 1131 4336 subjunxit
1159 4269 1216 4321 et
1242 4265 1600 4338 compositor
1636 4265 2045 4338 capitulorum,
2077 4285 2112 4324 a

460 4357 653 4411 vestra
683 4351 1048 4409 sublimitate
1077 4359 1286 4410 nostrae
1318 4353 1635 4410 humilitati
1667 4355 1960 4423 datorum,
1985 4373 2112 4412 sen-

458 4441 676 4498 tentias
707 4444 1045 4498 sanctorum
1071 4442 1307 4498 Patrum
1337 4441 1701 4515 capitulatim
1723 4443 2106 4517 conscriptas,

459 4531 710 4587 evidenti
744 4530 1168 4604 signiﬁcatione
1195 4532 1584 4604 proclamans,
1608 4535 1675 4586 ut
1696 4532 1834 4604 quia
1853 4533 2108 4606 capitula

2226 639 2357 677 sum
2392 617 3236 690 incendisset,comprehensus
3255 622 3314 672 et
3345 617 3740 690 interrogatus
3771 635 3874 674 cur

2225 709 2368 766 talia
2383 725 2632 782 praesum
2641 707 3094 780 psisset,dicitur
3110 706 3480 778 respondisse
3495 705 3664 772 :Quia
3678 707 3871 776 bonis,

2226 798 2440 870 inquit,
2463 814 2577 852 non
2611 795 2772 868 potui
2811 795 3190 860 innotescere,
3215 794 3422 850 saltem
3451 795 3540 851 vel
3577 795 3756 852 malis
3785 795 3874 851 in-

2224 891 2604 943 notescerem.
2629 886 2774 941 Nam
2803 886 3060 944 etisdem
3091 882 3509 961 quiprmfatum
3541 891 3747 943 contra
3767 907 3875 950 nos

2225 974 2461 1046 scripsit
2489 973 2774 1042 libellum,
2794 981 3080 1048 quantum
3110 977 3284 1033 datur
3309 977 3580 1051 intelligi,
3603 979 3652 1035 si
3685 985 3874 1038 artem

2172 1117 2184 1130 ,
2225 1065 2402 1118 sciret
2430 1081 2547 1136 qua
2572 1068 2771 1120 votum
2804 1081 2976 1119 suum
3005 1065 3078 1120 ad
3109 1067 3378 1122 effectum
3406 1067 3560 1140 quod
3583 1069 3878 1127 desidera-

2223 1158 2384 1208 verat
2442 1153 2758 1224 perducere
2803 1151 3102 1221 valuisset,
3135 1156 3202 1210 ut
3255 1155 3618 1213 innotescere
3675 1165 3878 1231 posset

2224 1239 2547 1296 voluntarie
2605 1241 2911 1297 hereticus
2969 1247 3142 1298 esset.
3185 1243 3296 1299 Sed
3347 1245 3487 1317 quia
3536 1250 3875 1305 contractus

2225 1327 2491 1394 scientia,
2506 1332 2564 1384 et
2589 1328 2908 1385 distractus
2919 1329 3230 1401 jactantia,
3253 1347 3358 1389 nec
3379 1338 3669 1405 quantum
3691 1335 3878 1392 voluit

2225 1417 2430 1472 docere
2452 1434 2629 1489 prava
2649 1416 2972 1490 praevaluit,
2987 1423 3045 1473 et
3064 1420 3398 1492 arrogantia
3417 1421 3680 1492 inﬂatus,
3695 1429 3876 1498 atque

2217 1506 2503 1576 jactantia
2521 1505 2678 1562 velut
2703 1506 3059 1578 quibusdam
3081 1507 3407 1566 calcaribus
3429 1511 3798 1583 stimulatus,
3822 1521 3878 1572 et

2225 1595 2393 1666 quasi
2443 1595 2696 1666 quodam
2755 1595 3046 1668 pressorio
3093 1613 3428 1671 Oppressus,
3451 1600 3607 1658 intra
3650 1603 3875 1661 silentii

2226 1689 2414 1739 metas
2445 1681 2560 1739 sini
2584 1683 2781 1754 aliquo
2811 1699 2954 1739 sono
2983 1700 3047 1740 se
3077 1685 3346 1742 cohibere
3375 1704 3490 1744 non
3521 1690 3736 1762 potuit.
3769 1692 3875 1749 Cui

2225 1771 2284 1826 in
2317 1788 2498 1845 supra
2522 1772 2860 1828 memoratis
2887 1771 3123 1842 libellis,
3147 1779 3434 1846 quantum
3456 1779 3652 1835 omnis
3671 1782 3877 1852 gratim

2227 1859 2469 1933 largitor
2488 1861 2627 1916 dare
2648 1861 2926 1933 dignatus
2945 1867 3051 1930 est,
3067 1879 3201 1918 cum
3223 1863 3354 1920 aliis
3376 1881 3578 1924 recens
3594 1873 3879 1927 reexortis

2228 1949 2756 2005 Priedestinatianis
2780 1950 3209 2022 respondimus.
3225 1952 3335 2009 Sed
3359 1959 3416 2010 et
3435 1956 3716 2027 quoniam
3741 1957 3879 2016 isto-

2227 2052 2357 2090 rum
2389 2035 2944 2108 capitulorum,qum
2974 2037 3127 2092 inter
3145 2053 3358 2096 manus
3386 2040 3697 2114 habemus,
3721 2063 3880 2103 com-

2226 2124 2448 2196 positor
2474 2124 2754 2179 Africane
2784 2131 2842 2180 et
2876 2125 3166 2181 Arausicaa
3195 2127 3559 2200 Synodorum
3591 2133 3730 2190 fecit
3760 2153 3880 2193 me-

2226 2213 2494 2282 moriam,
2528 2218 2587 2268 et
2626 2213 2988 2286 conscriptas
3017 2216 3337 2274 sententias
3391 2220 3518 2276 suis
3564 2223 3881 2296 subjunxit

2225 2301 2521 2374 capitulis,
2552 2318 2624 2356 ne
2677 2303 2942 2374 refugere
2969 2303 3273 2360 videamur
3313 2311 3727 2378 praetermissis
3786 2331 3877 2370 re-

2225 2391 2604 2464 sponsionum
2664 2390 2824 2446 illius
2882 2392 3327 2463 objectionibus,
3359 2401 3417 2452 et
3445 2414 3480 2453 a
3516 2415 3879 2476 quocunque

2225 2481 2453 2537 dicatur
2480 2497 2586 2536 nos
2635 2478 2719 2535 illi
2769 2497 2884 2535 non
2915 2480 3187 2550 voluisse,
3220 2484 3320 2538 sed
3370 2489 3724 2558 respondere
3755 2509 3878 2548 non

2223 2569 2516 2643 potuisse,
2581 2568 2846 2641 nullique
2911 2570 3275 2642 subripiatur
3347 2575 3636 2647 suspicio,
3699 2581 3879 2652 quasi

2222 2659 2544 2731 capitulum
2579 2676 2613 2714 a
2642 2658 2810 2714 nobis
2840 2664 3174 2730 excerptum
3221 2661 3294 2716 ab
3333 2661 3425 2719 his
3467 2665 3704 2722 Patrum
3740 2687 3880 2726 sen-

2223 2748 2422 2806 tentiis
2477 2748 2791 2816 discordet,
2814 2753 3185 2804 conteramus
3215 2750 3368 2806 sicut
3415 2769 3614 2810 revera
3669 2758 3746 2813 ad
3803 2759 3884 2815 li-

2222 2855 2393 2894 neam
2424 2842 2592 2894 recta;
2651 2836 2808 2904 ﬁdei,
2839 2835 3097 2909 capitula
3125 2853 3159 2892 a
3186 2839 3356 2897 nobis
3410 2849 3682 2917 excerpta
3739 2846 3881 2906 istis

2223 2927 2459 2984 Patrum
2509 2925 2836 2992 sententiis,
2866 2930 2925 2981 et
2950 2925 3142 2982 videat
3168 2926 3350 2984 lector
3395 2930 3444 2986 si
3503 2931 3594 2989 his
3653 2940 3883 3007 poterit

2221 3015 2546 3072 convenire.
2581 3014 2865 3069 Ponentes
2914 3013 3166 3086 primum
3208 3018 3279 3073 de
3327 3021 3565 3092 synodis
3612 3040 3879 3096 quarum

2223 3103 2567 3160 memoriam
2626 3103 2782 3171 fecit,
2825 3105 3062 3159 demum
3111 3105 3184 3160 de
3239 3109 3546 3166 sententiis
3601 3112 3878 3185 Patrum,

2221 3209 2369 3265 quas
2427 3209 2535 3248 suo
2593 3191 2898 3262 subjunxit
2953 3191 3226 3264 capitulo,
3259 3212 3468 3253 sensus
3524 3204 3879 3262 earumdem

2221 3283 2374 3338 I88
2407 3281 2827 3338 sententiarum
2876 3297 2944 3336 ex
2992 3281 3264 3354 capitulis
3295 3301 3330 3340 a
3359 3287 3528 3344 nobis
3578 3295 3882 3365 excerptis

2219 3386 2559 3442 comparare
2607 3385 2900 3426 curemus.
2928 3371 3179 3427 Sanetus
3218 3371 3566 3434 C(slestinus
3599 3379 3780 3451 (epist.
3819 3384 3881 3456 8)

2219 3459 2291 3515 ad
2320 3458 2630 3515 Venerium
2659 3462 2716 3514 et
2744 3459 2818 3514 ad
2847 3459 2992 3514 alios
3021 3459 3350 3518 Gallicanos
3379 3464 3684 3540 episcopos
3717 3472 3881 3526 scri-

2220 3550 2384 3617 bens,
2408 3547 2469 3604 in
2497 3547 2778 3604 Decretali
2811 3563 2918 3604 sua
2947 3549 3194 3620 epistola
3222 3551 3303 3606 ita
3331 3553 3474 3609 dicit
3512 3556 3583 3611 ad
3617 3555 3819 3616 locum
3861 3580 3877 3618 :

2220 3661 2248 3689 (ί
2282 3637 2426 3705 Quid
2459 3641 2712 3693 rectores
2761 3637 3032 3693 Romanis
3083 3637 3350 3696 Ecclesiae
3380 3643 3451 3698 de
3499 3643 3704 3703 haeresi
3739 3665 3881 3722 quae

2219 3745 2418 3784 eorum
2445 3727 2805 3800 temporibus
2833 3732 3030 3783 exorta
3057 3727 3263 3798 fuerat,
3279 3730 3626 3804 judicarint,
3647 3741 3706 3793 et
3737 3755 3888 3796 con-

2217 3821 2308 3872 tra
2339 3815 2788 3872 nocentissimos
2838 3815 3004 3871 liberi
3059 3817 3286 3873 arbitrii
3332 3820 3688 3892 defensores,
3723 3828 3880 3898 quid

2218 3907 2290 3961 de
2321 3905 2509 3978 gratia
2559 3904 2660 3960 Dei
2711 3903 3082 3960 sentiendum
3113 3922 3241 3963 esse
3285 3911 3640 3980 censuerint,
3670 3913 3755 3970 ita
3807 3922 3885 3974 ut

2219 3994 2393 4050 etiam
2413 3992 2816 4048 Africanorum
2841 3992 3219 4049 conciliorum
3237 3997 3521 4068 quasdam
3543 4003 3886 4063 sententias

2211 4085 2618 4156 jungeremus,
2652 4097 2800 4154 quas
2831 4081 3032 4154 utique
3074 4099 3212 4139 suas
3253 4083 3532 4143 facientes
3561 4091 3883 4161 apostolici

2220 4172 2512 4229 antistites
2541 4171 3017 4243 comprobarunt.
3038 4171 3111 4228 Ut
3130 4189 3266 4245 ergo
3287 4173 3518 4247 plenius
3539 4178 3640 4251 qui
3675 4178 3736 4236 in
3769 4181 3886 4238 ali-

2219 4278 2335 4334 quo
2356 4260 2628 4316 dubitant
2647 4260 3038 4328 instruantur,
3057 4262 3505 4323 constitutiones
3523 4271 3883 4330 sanctorum

2220 4349 2455 4405 Patrum
2487 4348 2899 4422 compendiose
2925 4349 3372 4407 manifestamus
3401 4352 3660 4412 indiculo
3684 4374 3698 4414 :
3727 4375 3880 4432 quo,

2217 4439 2265 4496 si
2288 4438 2422 4511 quis
2448 4455 2562 4495 non
2593 4437 2844 4494 nimium
2877 4442 2967 4494 est
2990 4443 3412 4510 contentiosus,
3435 4451 3719 4517 agnoscat
3747 4466 3886 4507 om-

2215 4528 2380 4584 nium
2413 4527 2878 4600 disputationum
2909 4528 3326 4586 connexionem
3357 4540 3429 4587 ex
3459 4532 3569 4588 hac
3598 4535 3884 4595 subdita-

459 4635 494 4676 a
514 4619 682 4675 nobis
703 4624 970 4692 excerpta
991 4620 1326 4675 discordant
1355 4637 1389 4674 a
1420 4621 1534 4676 ﬁde
1572 4619 1690 4688 illa,
1716 4620 1905 4677 ﬁdelis
1943 4622 2105 4694 quis-
2135 4627 2182 4692 1)
2213 4635 2343 4673 rum
2364 4617 2779 4674 auctoritatum
2801 4615 3080 4674 brevitate
3102 4619 3372 4690 pendere,
3390 4619 3734 4696 nullamque
3751 4625 3882 4685 sibi

458 4724 574 4781 que
602 4711 827 4764 teneret
855 4707 1107 4764 ﬁdeliter
1137 4725 1264 4780 quae
1305 4708 1474 4780 quasi
1506 4709 1576 4763 de
1615 4709 1829 4766 abditis
1870 4710 2105 4767 Patrum

457 4797 694 4870 scriptis
741 4795 929 4852 isdem
986 4797 1221 4869 pietatis
1274 4797 1468 4852 studio
1522 4795 1820 4866 relevarat,
1852 4802 1910 4853 et
1939 4800 2106 4872 quasi

457 4884 886 4960 promulgando
909 4887 1256 4942 decreverat.
1272 4889 1426 4952 Quas
1446 4885 1623 4942 etiam
1645 4887 1963 4943 sententias
1984 4889 2116 4960 qui-.

455 4976 594 5031 dam
626 4974 828 5048 lingua
858 4975 1134 5042 rusticus,
1170 4992 1346 5030 sensu
1382 4975 1666 5043 insulsus,
1695 4980 1752 5031 et
1783 4977 2105 5032 secundum

459 5063 609 5120 scire
657 5081 834 5120 suum
887 5062 1272 5137 intelligentia
1321 5080 1558 5135 pravus,
1588 5063 1782 5120 libello
1839 5063 2104 5134 inseruit,

461 5165 658 5223 quem,
680 5151 855 5207 tacito
887 5168 994 5207 suo
1026 5151 1281 5219 nomine,
1306 5151 1759 5224 incompositum
1782 5151 1924 5208 satis
1957 5169 2110 5208 com-

459 5239 675 5311 posuit.
703 5240 766 5295 In
797 5256 912 5312 quo
947 5244 1200 5312 quatuor
1229 5256 1264 5294 a
1293 5239 1462 5295 nobis
1509 5244 1779 5313 excerpta
1825 5241 2100 5312 capitula,

459 5332 746 5399 quantum
769 5345 837 5384 ex
858 5328 984 5401 ipso
1012 5327 1484 5398 fuit,discerpere
1506 5334 1564 5384 et
1583 5329 1852 5385 haeretica
1873 5331 2107 5387 demon-

457 5421 644 5473 strare
665 5418 911 5484 curavit,
933 5423 998 5473 ut
1021 5419 1090 5473 de
1111 5415 1324 5489 pusillo
1347 5433 1613 5473 crescens
1643 5420 1832 5490 major
1852 5421 2013 5476 ﬁeret
2032 5421 2103 5476 de

459 5505 704 5575 minore,
729 5510 786 5562 et
806 5507 876 5562 de
909 5505 1125 5562 nostris
1156 5502 1539 5577 hlasphemiis
1559 5507 1700 5579 quia
1729 5507 1800 5563 de
1832 5509 1954 5565 suis
1987 5525 2101 5566 non

457 5598 684 5668 poterat
712 5593 1008 5662 laudibus,
1034 5601 1254 5650 emeret
1283 5595 1457 5650 modo
1480 5611 1829 5669 quocunque
1855 5597 2100 5654 favores.

457 5684 624 5746 Sicut
639 5685 710 5744 de
723 5685 976 5764 quodam
999 5683 1183 5744 fertur
1202 5683 1568 5747 adolescente
1589 5703 1855 5746 rumores
1871 5691 2105 5765 captan-

2217 4705 2695 4762 contradietionis
2717 4721 3023 4777 superesse
3053 4707 3360 4777 rationem,
3383 4709 3433 4764 si
3453 4726 3588 4766 cum
3617 4713 3883 4771 catholi-

2216 4795 2301 4852 cis
2322 4795 2521 4852 credat
2539 4798 2598 4849 et
2617 4793 2773 4850 dicat
2795 4799 2932 4867 (cap.
2957 4795 3030 4866 1).
3053 4797 3215 4862 Quod
3237 4797 3422 4854 Adam
3444 4813 3651 4856 omnes
3669 4801 3882 4861 homi-

2217 4901 2320 4939 nes
2351 4883 2580 4951 lzeserit,
2605 4899 2712 4939 nec
2730 4899 3086 4956 quemquam
3111 4885 3224 4941 nisi
3247 4885 3460 4944 Christi
3483 4889 3672 4962 gratia
3689 4907 3884 4962 posse

2217 4972 2447 5028 salvari.
2475 4994 2501 5022 »
2524 4972 2593 5027 Et
2623 4989 2728 5028 nos
2758 4972 2878 5028 haec
2897 4973 3099 5029 eadem
3121 4973 3376 5032 diximus
3408 4975 3468 5032 in
3496 4978 3685 5050 primo
3707 4982 3886 5054 capi-

2213 5060 2338 5117 tulo
2369 5065 2649 5134 ponentes
2680 5079 2694 5116 :
2719 5084 2748 5112 «
2774 5061 2956 5117 Homo
3003 5061 3184 5118 libero
3216 5064 3454 5121 arbitrio
3503 5065 3655 5124 male
3685 5073 3879 5128 utens

2215 5150 2474 5222 peccavit
2503 5155 2558 5205 et
2584 5149 2814 5218 cecidit,
2835 5155 2892 5206 et
2934 5151 3122 5208 factus
3153 5157 3243 5208 est
3271 5170 3467 5211 massa
3512 5156 3882 5228 perditionis

2213 5239 2395 5295 totius
2417 5238 2660 5295 humani
2681 5238 2967 5311 generis.»
2991 5239 3339 5299 Prosecutus
3357 5248 3450 5300 est
3467 5249 3708 5302 sanctus
3731 5247 3879 5304 Cm—

2212 5327 2459 5385 lestinus
2489 5329 2690 5385 dicens
2711 5336 2850 5401 (cap.
2872 5332 2988 5384 2:«
3011 5331 3174 5396 Quod
3205 5349 3376 5389 nemo
3406 5334 3484 5390 sit
3511 5335 3702 5392 bonus
3733 5339 3879 5398 suis

2209 5418 2573 5487 viribus,nisi
2595 5416 3037 5490 participatione
3054 5421 3182 5491 ejus
3202 5419 3300 5493 qui
3316 5420 3480 5497 solus
3500 5427 3590 5479 est
3608 5423 3877 5484 bonus.»

2211 5508 2328 5565 Nos
2357 5523 2589 5580 quoque
2619 5505 2780 5563 illius
2828 5507 3152 5565 doctrinam
3194 5515 3502 5582 sequentes
3550 5512 3814 5574 diximus
3852 5537 3871 5576 :

2213 5620 2240 5649 ι(
2273 5597 2426 5652 Deus
2457 5597 2648 5652 bonus
2675 5599 2734 5652 et
2753 5597 2957 5669 justus
2985 5597 3159 5673 elegit
3187 5617 3255 5656 ex
3274 5600 3479 5657 eadem
3506 5617 3705 5660 massa
3735 5621 3878 5677 per-

2211 5685 2450 5745 ditionis
2480 5701 2627 5763 quos
2656 5701 2760 5764 per
2794 5687 3044 5765 gratiam
3086 5688 3520 5768 praedestinavit
3551 5691 3626 5753 ad
3652 5689 3874 5772 vitam,
