4020 6466
494 389 618 450 199

1421 387 1800 447 HlNCMARl
1849 383 2291 446 RIIEMENS'IS
2335 383 2944 446 ARCHIEPlSCOPl.

3766 383 3890 446 sco

493 521 566 575 les
595 539 693 582 nos
719 523 903 592 diligit
930 521 1090 574 Deus.
1125 518 1294 574 Tales
1338 535 1444 574 nos
1493 522 1654 573 amat
1701 523 1872 586 Deus,
1925 516 2129 590 quales
2157 517 2209 582 Α
2239 519 2452 588 potestis
2496 519 2692 587 lacere.
2741 516 3102 589 Vigesimum
3151 517 3428 589 primum.
3481 519 3555 572 De
3602 517 3818 572 Natura
3852 528 3885 572 α

489 613 670 670 futuri
703 628 912 668 sumus
943 609 1132 682 ipsius
1161 608 1458 674 dono,non
1480 607 1683 678 quales
1705 624 1913 662 sumus
1934 610 2130 662 nostro

487 704 716 760 merito.
747 699 1030 754 Videlicet
1074 697 1225 752 sicut
1271 695 1636 767 scripsimus,
1668 699 1821 762 Quos
1859 712 1961 766 per
2007 711 2134 767 gra-

487 794 631 848 tiam
664 785 1097 862 praedestinavit
1126 785 1197 841 ad
1228 785 1427 839 vitam.
1462 805 1490 834 »
1521 785 1780 839 Tertium
1813 783 2127 840 decimum.

485 880 809 938 Arbitrium
835 874 1172 940 voluntatis,
1195 873 1387 944 inquit
1417 875 1695 946 synodus,
1728 873 1786 928 in
1818 873 2006 946 primo
2034 872 2131 928 bo-

489 969 649 1025 mine
678 967 1063 1032 infirmatum,
1098 961 1209 1017 nisi
1256 979 1359 1034 per
1405 961 1654 1034 gratiam
1702 961 1980 1033 baptismi
2013 979 2128 1016 non

487 1061 681 1132 potest
711 1052 996 1127 reparari;
1032 1052 1188 1124 quod
1221 1050 1528 1116 amissum,
1562 1050 1673 1106 nisi
1707 1067 1740 1105 a
1783 1068 1896 1122 quo
1942 1049 2132 1122 potuit

489 1147 758 1214 dari,non
781 1146 972 1216 potest
987 1140 1246 1196 reddi.Et
1263 1156 1370 1194 nos
1382 1139 1638 1196 diximus
1667 1158 1680 1196 :
1715 1163 1743 1190 «
1779 1140 2126 1195 Libertatem

488 1234 710 1293 arbitrii
723 1235 782 1288 in
806 1233 994 1305 primo
1010 1230 1246 1285 homine
1267 1229 1838 1302 perdidimus,quam
1851 1246 1954 1300 per
1973 1228 2131 1284 Chri-

487 1330 644 1381 stum
661 1323 973 1380 Dominum
985 1323 1253 1375 nostrum
1277 1318 1948 1390 recepimus.»Quartum
1973 1317 2126 1373 deci-

488 1411 888 1470 mum.Nullus
907 1409 1166 1464 miserde
1187 1424 1557 1480 quacumque
1569 1407 1806 1462 miseria
1825 1406 2124 1478 liberatur,

487 1503 600 1559 nisi
632 1501 732 1574 qui
774 1498 875 1555 Dei
923 1495 1321 1552 misericordia
1351 1495 1718 1568 praevenitur.
1751 1496 1821 1550 Et
1849 1513 1956 1551 nos
1987 1495 2127 1550 dixi-

485 1607 620 1647 mus
651 1607 664 1646 :
699 1613 727 1640 «
760 1589 830 1643 Et
858 1587 1142 1643 habemus
1171 1584 1420 1640 liberum
1453 1583 1760 1639 arbitrium
1811 1584 1880 1638 ad
1905 1584 2123 1639 bonum

483 1683 839 1753 przeventum
869 1681 927 1732 et
957 1676 1224 1747 adjutum
1249 1673 1784 1745 gratia.»Quintum
1806 1674 2121 1730 decimum.

480 1771 567 1824 Ab
597 1786 664 1824 eo
694 1767 850 1840 quod
882 1763 1150 1820 formavit
1180 1763 1332 1818 Deus
1365 1767 1626 1817 mutatus
1674 1762 1878 1832 Adam,
1928 1763 2028 1817 sed
2065 1761 2122 1816 in

481 1859 648 1930 pejus
672 1872 776 1928 per
803 1854 1173 1926 iniquitatem
1207 1851 1478 1919 suam,ab
1508 1868 1574 1906 eo
1595 1852 1751 1922 quod
1782 1855 2016 1922 operata
2035 1855 2125 1908 est

480 1946 760 2018 iniquitas
792 1946 1056 1999 mutatur
1085 1941 1404 2009 fidelis,scd
1436 1940 1495 1994 in
1526 1939 1739 1995 melius
1761 1956 1862 2012 per
1877 1939 2123 2013 gratiam

481 2036 601 2090 Dei.
637 2037 705 2090 Et
733 2051 839 2088 nos
873 2031 1128 2086 diximus
1163 2047 1174 2084 :
1209 2053 1236 2079 ‹‹
1273 2030 1454 2084 Homo
1493 2028 1672 2083 libero
1705 2028 1946 2083 arbitrio
1975 2028 2126 2084 male

480 2129 650 2179 utens
681 2121 937 2193 peccavit
966 2125 1022 2174 et
1052 2117 1278 2185 cecidit,
1312 2123 1368 2172 et
1393 2117 1580 2172 factus
1601 2121 1689 2171 est
1714 2133 1909 2170 massa
1941 2115 2124 2187 perdi-

481 2211 851 2267 tionistotius
880 2207 1124 2264 humani
1142 2207 1547 2278 generis.Dcus
1580 2210 1774 2260 autem
1799 2205 1987 2260 bonus
2009 2203 2121 2260 cle-

477 2301 563 2373 git
613 2317 761 2372 quos
811 2315 913 2370 per
956 2295 1203 2368 gratiam
1253 2294 1700 2367 praedestinavit,
1733 2294 1791 2349 id
1821 2298 1909 2350 est
1937 2295 2125 2367 gratia

477 2387 820 2461 praeparavit
849 2387 922 2441 ad
951 2385 1149 2440 vitam.
1183 2385 1420 2441 Sextum
1461 2384 1775 2440 decimum.
1830 2383 2008 2439 Nemo
2055 2400 2123 2438 ex

477 2495 543 2533 eo
575 2477 731 2548 quod
759 2475 989 2530 videtur
1017 2474 1230 2529 habere
1258 2473 1538 2546 glorietur
1563 2463 1842 2546 tanquam
1879 2490 1994 2528 non
2026 2489 2120 2538 ac:

477 2565 712 2639 ceperit,
745 2569 803 2621 et
829 2563 1071 2636 reliqua.
1106 2565 1175 2618 Et
1204 2581 1311 2618 nos
1343 2563 1598 2618 diximus
1629 2581 1640 2617 :
1667 2587 1694 2614 «
1727 2563 2020 2618 Habemus
2049 2561 2118 2616 li-

475 2656 681 2710 berum
713 2653 1019 2709 arbitrium
1041 2653 1113 2708 ad
1147 2653 1364 2708 bonum
1396 2657 1749 2725 praeventum
1775 2657 1831 2708 et
1849 2653 2116 2724 adjutum

475 2743 682 2816 gratia.
717 2764 745 2793 »
779 2743 1105 2814 Septimum
1139 2743 1454 2797 decimum.
1487 2741 1907 2797 Fortitudinem
1939 2741 2119 2814 genti-

474 2832 620 2888 lium
654 2833 954 2888 mundana
983 2831 1295 2904 cupiditas,
1331 2832 1728 2887 fortitudinem
1766 2831 2118 2887 Christiano-

471 2937 602 2977 rum
629 2922 728 2978 Dei
761 2921 1017 2978 charitas
1049 2921 1204 2989 facit,
1239 2925 1296 2976 et
1327 2919 1570 2992 reliqua.
1595 2921 1665 2975 Et
1694 2919 1832 2993 quia
1859 2919 2115 2976 charitas

470 3011 658 3083 gratia
687 3010 1079 3082 est,pra:venit
1105 3009 1464 3065 voluntatem
1497 3014 1778 3076 nostram,
1803 3013 1860 3064 et
1889 3008 2027 3064 facit
2047 3025 2116 3064 ac

471 3100 728 3154 custodit
757 3099 1160 3155 fortitudinem
1194 3103 1482 3167 nostram,
1514 3115 1639 3170 quae
1666 3098 1876 3153 ditl'usa
1925 3101 2015 3152 est
2052 3098 2112 3152 in

471 3189 745 3243 cordibus
777 3189 994 3244 nostris
1025 3205 1130 3260 per
1157 3187 1440 3260 Spiritum
1472 3190 1836 3254 sanetum,ut
1867 3190 1924 3241 et
1955 3185 2111 3242 Psal-

2243 604 2446 660 Gratia.
2482 604 2644 660 Sicut
2671 605 2756 660 eis
2786 604 3170 677 qui,volentes
3192 605 3250 660 in
3280 604 3407 678 lege
3428 605 3751 676 justificari
3772 609 3834 660 et
3853 621 3888 659 a

2239 693 2429 764 gratia
2456 692 2812 762 exciderunt,
2845 693 3145 749 verissime
3178 692 3319 750 dicit
3345 691 3662 766 Apostolus
3696 710 3710 747 :
3734 691 3800 748 Si
3818 708 3888 748 ea:

2239 782 2352 853 lege
2366 782 2587 854 justitia
2629 789 2726 852 est,
2765 798 2888 853 ergo
2938 782 3182 839 Christus
3211 783 3381 854 gratis
3407 789 3656 838 mrtuus
3691 789 3792 838 est.
3823 781 3891 836 Et

2237 872 2288 925 si
2311 887 2410 942 per
2435 879 2690 927 naturam
2707 873 2927 944 justitia
2955 880 3052 939 est,
3082 889 3208 942 ergo
3240 873 3498 928 Christus
3525 873 3699 944 gratis
3736 887 3885 927 mor-

2237 966 2363 1014 tuus
2390 961 2618 1016 est.Non
2649 977 2786 1033 ergo
2817 962 2972 1033 apud
2994 977 3100 1016 nos
3120 960 3384 1016 Christus
3403 959 3588 1034 gratis
3609 964 3885 1016 mortuus

2237 1049 2494 1121 est,quia
2510 1048 2764 1104 diximus
2776 1051 2930 1123 qugi
2947 1049 3422 1118 credimus,sicut
3441 1049 3729 1121 scriptum
3751 1052 3846 1105 est
3866 1065 3879 1104 :

2238 1137 2516 1193 Credididi
2539 1145 2758 1210 propter
2787 1138 2926 1211 quod
2955 1139 3162 1195 locutus
3180 1155 3323 1205 sum,
3351 1143 3410 1194 et
3451 1155 3560 1194 nos
3583 1138 3884 1194 credimus

2237 1231 2472 1298 propter
2500 1227 2654 1299 quod
2685 1232 2743 1283 et
2771 1227 3087 1300 loquimur.
3120 1251 3148 1279 «
3179 1227 3362 1284 Homo
3409 1225 3592 1284 libero
3639 1226 3881 1283 arbitrio

2237 1315 2389 1371 male
2416 1320 2587 1372 utens
2617 1317 2956 1388 peccavit,et
2984 1316 3213 1385 cecidit,
3243 1321 3300 1372 et
3331 1315 3519 1373 factus
3561 1320 3654 1373 est
3681 1332 3882 1374 massa

2236 1405 2580 1476 perditionis
2601 1405 3035 1461 totiushumani
3049 1405 3462 1478 generis.Deus
3471 1410 3673 1462 autem
3689 1405 3879 1462 bonus

2233 1493 2408 1566 elegit
2436 1510 2584 1566 quos
2615 1510 2718 1566 per
2743 1495 2993 1567 gratiam
3023 1493 3454 1568 praedestinavit
3481 1495 3553 1550 ad
3593 1493 3799 1552 vitam.
3849 1516 3878 1545 η

2232 1583 2594 1656 Vigesimum
2639 1583 2986 1639 secundum.
3019 1585 3092 1640 De
3121 1583 3207 1640 his
3236 1599 3361 1656 quae
3395 1583 3610 1640 homini
3651 1585 3882 1656 propria

2232 1679 2376 1728 sunt.
2403 1672 2582 1728 Nemo
2614 1671 2792 1728 habet
2820 1673 2891 1728 de
2921 1688 3026 1728 suo
3058 1671 3172 1728 nisi
3203 1671 3577 1728 mendacium
3597 1675 3658 1728 et
3674 1689 3880 1744 pecca-

2232 1763 2458 1818 tum.Et
2489 1761 2616 1817 ideo
2650 1760 3272 1818 diximuszuﬂabemus
3292 1761 3544 1818 liberum
3565 1761 3878 1819 arbitrium

2233 1851 2302 1906 ad
2338 1849 2560 1906 malum
2592 1851 2890 1906 desertum
2919 1849 3127 1924 gratia.
3159 1873 3186 1900 »
3217 1850 3582 1924 Vigesimum
3609 1851 3877 1908 tertium.

2233 1940 2307 1995 De
2337 1941 2608 1996 voluntate
2637 1941 2732 1995 Dei
2759 1948 2810 1996 et
2844 1940 3103 1997 hominis.
3146 1940 3322 1996 Suam
3365 1939 3730 1997 voluntatem
3777 1940 3880 1998 ho-

2235 2027 2422 2084 mines
2451 2027 2691 2096 faciunt,
2727 2045 2841 2082 non
2873 2028 2991 2096 Dei,
3024 2029 3259 2100 quando
3287 2028 3346 2084 id
3377 2033 3560 2102 agunt
3579 2031 3742 2102 quod
3763 2030 3880 2088 Deo

2232 2115 2518 2187 displicet.
2551 2117 2713 2182 Quod
2746 2121 2939 2172 autem
2971 2117 3054 2172 ita
3083 2117 3305 2172 faciunt
3350 2118 3506 2190 quod
3554 2117 3786 2187 volunt,
3817 2124 3882 2176 ut

2232 2203 2436 2259 divinae
2468 2205 2724 2260 serviant
2752 2204 3054 2272 voluntati,
3088 2207 3355 2278 quamvis
3393 2206 3653 2264 volentes
3699 2213 3881 2282 agant

2232 2293 2387 2364 quod
2419 2293 2787 2366 agunt,illius
2816 2297 3012 2350 tamen
3042 2294 3310 2351 voluntas
3339 2301 3491 2364 est,a
3518 2313 3634 2369 quo
3653 2301 3718 2354 et
3740 2314 3882 2370 pre-

2231 2386 2469 2453 paratur
2499 2387 2558 2438 et
2573 2384 2816 2455 jubetur
2836 2385 2988 2456 quod
3009 2383 3239 2440 volunt:
3257 2385 3396 2457 quia
3416 2385 3569 2442 sicut
3591 2386 3880 2457 diximus,

2233 2491 2260 2521 «
2279 2472 2318 2525 ll
2325 2471 2567 2529 abemus
2587 2471 2835 2528 liberum
2855 2471 3158 2529 arbitrium
3183 2475 3256 2529 ad
3274 2473 3492 2530 bonum
3514 2481 3888 2548 preventum'

2228 2564 2286 2615 et
2313 2561 2581 2634 adjutum
2627 2563 2832 2634 gratia,
2870 2585 2898 2612 »
2930 2567 2988 2619 et
3017 2585 3045 2613 «
3083 2564 3374 2620 llabemus
3417 2564 3665 2621 liberum
3721 2567 3883 2622 arbi-

2225 2649 2404 2705 trium
2451 2653 2522 2706 ad
2575 2651 2796 2708 malum
2849 2653 3147 2710 desertum
3193 2653 3462 2726 gratia.»
3508 2653 3886 2728 Vigesimum

2225 2743 2523 2810 quartum.
2554 2743 2629 2797 De
2651 2743 2975 2811 palmitibus
3013 2743 3160 2798 vitis.
3218 2743 3302 2798 lta
3349 2747 3488 2798 sunt
3519 2743 3578 2798 in
3629 2745 3886 2817 palmite

2224 2827 2370 2884 vites
2402 2833 2466 2885 ut
2493 2829 2638 2885 nihil
2689 2832 3008 2901 conferant,
3043 2832 3144 2888 sed
3191 2830 3327 2888 inde
3376 2833 3667 2906 accipiant
3718 2835 3885 2893 unde

2221 2915 2434 2985 vivant,
2468 2922 2524 2974 et
2552 2917 2796 2992 reliqua,
2829 2919 2994 2988 Quia,
3023 2920 3177 2978 sicut
3205 2920 3348 2977 dicit
3372 2921 3707 2994 Apostolus,
3735 2924 3883 2982 Gra-

2223 3008 2299 3062 tia
2326 3007 2426 3062 Dei
2452 3023 2576 3063 sum
2606 3008 2664 3064 id
2695 3009 2834 3080 quod
2861 3026 3004 3065 sum.
3038 3011 3107 3066 Et
3153 3027 3222 3067 ex
3264 3027 3461 3068 massa
3499 3012 3880 3084 perditionis,

2219 3097 2394 3152 veluti
2428 3097 2795 3170 scripsimus,
2828 3101 2968 3156 Deus
3011 3101 3171 3172 elegit
3211 3117 3341 3174 quos
3384 3115 3484 3174 per
3525 3104 3766 3174 gratiam
3805 3101 3883 3161 ad

2221 3187 2388 3241 vitam
2411 3186 2841 3258 praedestinavit.
2869 3187 3228 3262 Vigesimum
3277 3190 3572 3262 quintum.
3625 3191 3881 3251 Dilectio

473 3276 648 3330 mista
677 3276 1264 3346 demonstrat,diccns
1288 3293 1300 3330 :
1325 3278 1564 3347 Diligam
1593 3277 1919 3344 te,Domine,
1945 3277 2108 3346 forti-
2139 3265 2183 3331 C
2222 3291 2338 3346 qua
2367 3274 2664 3347 diligimus
2695 3277 3148 3350 Deum,prorsus
3176 3279 3396 3334 donum
3429 3280 3527 3335 Dei
3558 3285 3666 3347 est,
3691 3285 3751 3338 et
3783 3299 3880 3340 re-

472 3364 598 3420 tudo
644 3380 783 3433 mea,
817 3372 868 3419 et
892 3364 1266 3435 fortitudinem
1312 3382 1490 3420 meam
1517 3383 1550 3420 α
1579 3374 1626 3421 te
1666 3365 1982 3421 custodiam.
2035 3365 2115 3420 De

473 3469 592 3524 qua
622 3469 734 3508 non
767 3452 1081 3521 tacuimus,
1116 3455 1350 3526 quando
1381 3453 1637 3510 diximus
1669 3471 1717 3510 :«
1744 3453 2022 3510 Praavenit
2053 3453 2116 3508 li-

473 3543 678 3597 berum
710 3542 1016 3597 arbitrium
1049 3547 1315 3598 nostrum
1346 3543 1535 3614 gratia
1563 3543 1792 3598 Domini
1843 3542 2048 3608 nostri,
2081 3564 2109 3593 »

473 3631 1157 3688 scribenteszullabemus
1189 3631 1436 3687 liberum
1471 3633 1774 3687 arbitrium
1797 3633 1866 3687 ad
1892 3631 2136 3688 bonum‘

473 3724 828 3792 praeventum
854 3721 1006 3774 186
1027 3724 1084 3774 et
1106 3720 1371 3790 adjutum
1404 3720 1609 3791 gratia.
1649 3743 1675 3769 ››
1707 3720 1982 3774 Octavum
2018 3721 2112 3775 de-

471 3807 711 3863 cimum.
745 3808 997 3862 Debetur
1043 3824 1264 3861 merces
1314 3807 1481 3861 bonis
1524 3807 1800 3878 operibus
1831 3807 1880 3862 si
1921 3809 2108 3875 fiant;

469 3897 568 3952 sed
600 3897 789 3968 gratia
817 3912 944 3967 qua:
977 3912 1091 3950 non
1125 3896 1384 3950 debeatur
1414 3895 1684 3966 prmccdit
1727 3900 1792 3950 ut
1839 3896 1998 3952 fiant.
2043 3899 2112 3952 Et

469 3986 625 4041 istud
659 3984 1094 4040 absolutissime
1117 4002 1223 4040 nos
1244 3984 1457 4039 dixisse
1491 3990 1676 4056 potest
1697 3985 2112 4058 intelligi,quia

473 4074 798 4128 «habemus
820 4073 1064 4128 liberum
1091 4075 1394 4128 arbitrium
1419 4073 1487 4128 ad
1515 4074 1730 4129 bonum
1754 4081 2107 4145 praeventum

467 4165 524 4216 et
555 4163 823 4233 adjutum
856 4163 1062 4234 gratia.
1100 4163 1363 4218 nNonum
1394 4163 1709 4218 decimum.
1742 4165 1964 4220 Natura
2000 4165 2108 4220 liu-

469 4265 662 4318 mana,
677 4250 904 4306 etiamsi
938 4249 996 4304 in
1030 4250 1130 4306 illa
1158 4251 1488 4323 integritate
1519 4253 1573 4305 in
1609 4269 1726 4324 qua
1755 4258 1844 4308 est
1874 4254 2110 4309 condita

467 4343 854 4411 permaneret,
890 4339 1228 4396 nullomodo
1279 4357 1341 4395 se
1387 4341 1515 4412 ipsa
1560 4342 1826 4398 Creatore
1857 4360 1964 4398 suo
1993 4361 2107 4399 non

469 4428 784 4500 adjuvanta
813 4433 1086 4484 servaret.
1121 4429 1282 4484 Unde
1309 4446 1442 4484 cum
1470 4429 1595 4486 sine
1623 4431 1812 4503 gratia
1857 4431 2107 4489 salutem

466 4531 583 4572 non
615 4521 811 4588 posset
838 4517 1131 4574 custodire
1160 4535 1337 4590 quam
1368 4518 1612 4590 accepit,
1646 4521 1942 4592 quomodo
1973 4521 2103 4578 sine

466 4605 568 4662 Dei
599 4605 786 4678 gratia
815 4606 1026 4678 poterit
1056 4623 1321 4678 reparare
1347 4608 1502 4680 quod
1551 4608 1840 4679 perdidit?
1869 4610 1938 4664 Et
1978 4610 2108 4667 ideo

465 4694 774 4767 posuimus
806 4695 944 4767 quia
973 4718 1002 4745 «
1035 4695 1210 4751 homo
1239 4695 1420 4751 libero
1450 4695 1690 4753 arbitrio
1735 4697 1888 4753 male
1936 4703 2108 4756 utens

465 4782 722 4857 peccavit
751 4787 808 4838 et
835 4782 1065 4853 cecidit,
1095 4789 1152 4840 et
1180 4784 1506 4840 libertatem
1538 4785 1784 4853 arbitrii,
1819 4804 1994 4859 quam
2047 4791 2107 4846 in

463 4872 654 4946 primo
685 4870 920 4928 homine
953 4872 1442 4946 perdidimus,per
1471 4872 1770 4929 Christum
1793 4875 2102 4934 Dominum

464 4967 732 5018 nostrum
765 4961 1175 5034 recepimus,et
1203 4962 1490 5018 habemus
1519 4962 1768 5018 liberum
1801 4965 2104 5022 arbitrium

465 5055 820 5123 praeventum
854 5055 911 5106 et
939 5051 1206 5122 adjutum
1237 5052 1444 5123 gratia.
1480 5075 1507 5103 »
1538 5053 1921 5124 Vigesimum.
1953 5057 2108 5113 Nihil

465 5139 593 5195 boni
629 5141 902 5196 hominem
944 5157 1100 5212 posse
1145 5143 1264 5196 sine
1308 5143 1432 5197 Deo.
1483 5141 1667 5197 Multa
1694 5141 1848 5198 Deus
1880 5144 2016 5200 facit
2046 5146 2105 5201 in

465 5227 698 5285 homine
727 5231 901 5297 bona,
935 5247 1061 5302 quae
1094 5248 1208 5286 non
1243 5231 1378 5286 facit
1404 5231 1609 5300 homo;
1645 5230 1763 5287 ulla
1791 5249 1924 5289 vero
1970 5235 2107 5291 facit

465 5317 638 5373 homo
669 5319 842 5385 bona,
875 5336 999 5390 quae
1031 5337 1147 5374 non
1178 5324 1413 5392 praestet
1433 5325 1584 5375 Deus
1619 5324 1683 5375 ut
1714 5321 1886 5378 faciat
1908 5323 2102 5380 homo.

466 5405 535 5460 Et
563 5405 690 5462 ideo
721 5405 976 5464 diximus
1010 5426 1060 5464 :«
1094 5409 1387 5465 Habemus
1419 5408 1669 5464 liberum
1701 5410 2010 5467 arbitrium
2033 5415 2105 5468 ad

467 5494 688 5550 bonum
723 5500 1075 5566 praeventum
1107 5503 1164 5554 et
1190 5499 1456 5570 adjutum
1487 5497 1675 5570 gratia
1705 5515 1718 5552 :
1753 5521 1782 5548 »
1813 5500 1952 5571 quia
1982 5502 2108 5558 sine

466 5581 568 5638 illa
583 5583 729 5640 nihil
747 5599 1062 5656 possumus
1075 5586 1422 5655 facere,cum
1455 5602 1573 5659 qua
1601 5603 1917 5659 possumus
1939 5607 2108 5663 agere

467 5688 595 5750 qua!
625 5673 750 5750 ipse
780 5672 1054 5749 dignatur
1098 5675 1298 5754 largiri
1339 5675 1440 5752 qui
1471 5675 1616 5736 dixit
1647 5693 1660 5736 :
1691 5677 1822 5738 Sine
1848 5695 1934 5739 me
1961 5681 2110 5740 nihil

2223 3363 2403 3435 liqua.
2437 3365 2506 3420 Et
2535 3383 2642 3421 nos
2675 3365 2928 3422 diximus
2961 3383 2974 3422 :
3009 3390 3035 3417 «
3072 3368 3366 3424 Habemus
3412 3368 3663 3425 liberum
3715 3373 3884 3428 arbi-

2222 3452 2402 3508 trium
2434 3453 2504 3508 ad
2539 3454 2758 3510 bonum
2789 3459 3146 3527 praeventum
3177 3461 3233 3512 et
3247 3457 3520 3529 adjutum
3549 3459 3886 3530 gmtia.»Et

2221 3542 2376 3612 quod
2410 3541 2468 3597 in
2501 3542 2704 3598 eodem
2736 3544 3128 3616 subsequatur
3150 3545 3426 3617 capitulo,
3456 3546 3564 3602 hoc
3583 3547 3765 3604 etiam
3791 3567 3884 3606 se-

2221 3629 2480 3686 cundum
2513 3631 2687 3687 ﬁdem
2717 3631 3064 3689 catholicam
3094 3635 3410 3701 credimus,
3442 3636 3598 3708 quod
3629 3643 3884 3712 accepta

2221 3735 2324 3790 per
2377 3719 2736 3790 baptismum
2795 3721 3002 3794 gratia,
3037 3739 3238 3779 omnes
3290 3723 3588 3796 baptizati,
3631 3725 3879 3786 Christo

2221 3807 2535 3864 auxiliante
2565 3813 2622 3864 et
2651 3817 3012 3883 cooperante,
3057 3829 3182 3884 quas
3233 3813 3304 3868 ad
3353 3813 3604 3870 salutem
3653 3816 3878 3874 animae

2219 3895 2511 3967 pertinent
2568 3899 2794 3970 possint
2839 3905 2898 3955 et
2953 3901 3204 3957 debeant
3271 3902 3519 3958 fideliter
3573 3903 3873 3976 laborare,

2218 3989 2276 4040 ct
2321 3985 2370 4041 si
2418 3986 2705 4042 voluerint
2749 3988 3088 4060 adimplere,
3137 3991 3276 4064 quia
3323 3992 3478 4048 sicut
3525 3992 3790 4051 diximus
3857 4013 3874 4054 :

2219 4075 2366 4130 181
2427 4076 2694 4132 Habemus
2743 4078 2977 4134 liberam
3023 4079 3316 4136 arbitrium
3365 4080 3435 4137 ad
3485 4082 3684 4138 bonum
3710 4099 3872 4156 pra:-

2217 4172 2433 4220 ventum
2481 4173 2533 4221 et
2575 4165 2821 4236 adjutum
2868 4170 3064 4239 gratia,
3116 4173 3173 4224 et
3216 4170 3373 4242 quod
3421 4169 3812 4244 subsequitur
3856 4191 3871 4232 :

2216 4252 2458 4324 Aliquos
2484 4271 2615 4310 vero
2647 4257 2717 4310 ad
2749 4255 2971 4312 malum
3003 4257 3198 4314 divina
3225 4264 3508 4330 potestate
3557 4262 3874 4334 praedesti-

2219 4347 2392 4411 natos
2417 4359 2563 4410 esse,
2598 4361 2712 4400 non
2744 4345 2934 4402 solum
2966 4363 3081 4402 non
3111 4349 3436 4418 credimus;
3483 4351 3597 4406 sed
3625 4350 3874 4409 etiamsi

2219 4436 2376 4500 sunt,
2390 4433 2490 4505 qui
2521 4438 2753 4490 tantum
2783 4433 3005 4492 malum
3035 4439 3270 4494 credere
3297 4438 3498 4512 velint,
3527 4455 3664 4495 cum
3697 4443 3872 4498 omni

2217 4520 2599 4578 detestatione
2629 4523 2746 4579 illis
2778 4525 3089 4582 anathema
3118 4526 3390 4584 dicimus.
3424 4527 3587 4584 Unde
3602 4531 3661 4585 et
3680 4545 3878 4603 supra

2216 4607 2276 4664 in
2298 4611 2520 4667 ratione
2543 4611 2769 4668 reddita
2785 4613 2855 4668 de
2870 4613 3059 4686 primo
3075 4616 3333 4688 capitulo
3340 4616 3466 4688 jam
3490 4617 3875 4690 scripsimus.

2217 4701 2287 4755 Et
2315 4717 2422 4757 nos
2451 4699 2626 4756 etiam
2658 4717 2790 4756 cum
2821 4708 3024 4760 sancta
3055 4705 3358 4776 synodo,et
3387 4705 3877 4767 Prasdestinatia-

2218 4788 2330 4856 nis,
2345 4789 2444 4862 qui
2467 4790 2618 4845 sicut
2639 4789 2848 4847 electos
2872 4793 2944 4847 ad
2968 4791 3258 4861 vitam,ita
3277 4798 3335 4850 et
3354 4795 3632 4868 reprobos
3679 4813 3716 4853 a
3731 4798 3894 4858 θεοί

2217 4879 2289 4933 ad
2321 4877 2621 4934 interitum
2654 4879 2856 4936 dicunt
2881 4882 3484 4953 praedestinatos,cum
3505 4883 3623 4942 illis
3653 4887 3758 4958 qui
3792 4890 3875 4947 ad

2217 4966 2436 5040 malum
2455 4967 2682 5040 aliquos
2699 4969 2894 5026 divina
2911 4975 3195 5044 potestate
3210 4973 3651 5046 praedestinatos
3670 4975 3873 5032 faten-

2216 5060 2331 5124 tur,
2367 5055 2478 5112 nisi
2511 5075 2571 5113 se
2602 5060 2972 5128 correxerint,
3006 5064 3064 5117 et
3112 5063 3183 5116 ad
3234 5061 3521 5120 unitatem
3561 5063 3876 5123 catholicae

2215 5145 2550 5217 ﬁdei,atque
2581 5151 2790 5202 sanctae
2823 5149 3028 5206 matris
3056 5149 3322 5207 Ecclesiae
3351 5151 3545 5208 sinum
3568 5169 3672 5226 per
3691 5155 3878 5212 debi-

2214 5239 2336 5290 tam
2369 5236 2823 5292 satisfactionem
2875 5238 3170 5305 redierint,
3204 5257 3338 5296 cum
3369 5242 3608 5313 praefata
3636 5246 3876 5315 synodo

2215 5323 2405 5379 dicere
2435 5325 2746 5381 anathema
2774 5327 3074 5384 debemus.
3124 5329 3265 5385 llinc
3311 5345 3542 5403 quoque
3585 5331 3874 5406 quilibet,

2217 5413 2549 5470 columbino
2561 5414 2728 5470 oculo
2740 5415 3204 5490 intendens,quze
3220 5423 3650 5491 proposuerunt
3668 5427 3876 5480 sancti

2217 5502 2414 5558 Patres
2447 5503 2649 5572 nostri,
2683 5508 2739 5558 et
2761 5521 2886 5576 quas
2917 5507 3216 5562 subsecuti
3249 5513 3541 5578 sumus,et
3562 5525 3678 5564 non
3705 5513 3880 5568 acci-

2217 5591 2452 5664 pitrinis
2483 5592 2796 5665 unguibus
2831 5609 3069 5666 carpere
3119 5597 3439 5653 fraternam
3471 5601 3530 5653 et
3557 5597 3876 5660 innoxiam

2216 5680 2652 5757 simplicitatem
2683 5698 2970 5758 quaerens,
3001 5683 3194 5743 videat
3233 5701 3360 5761 quea
3408 5685 3545 5746 licet
3589 5687 3881 5752 breviorio
