4020 6450
1377 251 1408 270 ἦ

174 425 264 484 20!

847 425 946 484 DE
991 426 1748 489 PRIEDESTINATIONE
1789 423 2303 493 IHSSERTATIO
2345 432 2802 496 POSTERIOR.

3402 434 3518 496 202

173 559 266 612 hus
313 553 508 620 verbis,
553 559 787 627 propter
843 555 1039 612 minus
1099 558 1400 631 capacium
1461 560 1774 633 minusque
1801 561 1855 628 Α
1890 562 2201 619 ambulans
2246 564 2372 620 sine
2400 565 2512 633 via,
2550 565 2958 638 profundiorcs
3005 567 3262 623 intrabat
3294 582 3520 622 errores

170 645 523 700 studiosorum
576 643 868 711 inertiam,
917 647 1325 702 contexuimns
1375 665 1408 703 a
1458 650 1771 705 reverenda

167 738 213 789 et
237 731 538 788 veneranda
577 737 751 804 atque
790 729 1078 789 catholica
1116 735 1441 806 prolixitate
1470 741 1768 794 tantorum

165 823 448 887 doctorum,
473 835 580 875 nec
609 819 667 874 in
702 819 896 893 aliquo
934 823 1334 881 deviavimus:
1367 843 1501 881 cum
1542 831 1769 882 constet

165 910 278 983 quia
311 909 634 983 quicunque
685 927 792 966 nos
841 916 1122 968 venenato
1171 915 1344 969 dente
1392 916 1592 970 rodere
1644 915 1768 971 sine

162 1015 310 1055 causa
337 997 621 1069 maluerit,
653 1015 715 1054 se
744 998 1114 1072 malevolum,
1147 1008 1204 1057 et
1243 1019 1357 1058 non
1389 1021 1495 1059 uos
1526 1021 1639 1058 non
1671 1021 1766 1060 ca-

163 1087 373 1144 tholicos
400 1087 822 1158 comprobabit.

217 1175 360 1230 Nunc
379 1175 444 1230 de
471 1175 779 1232 sententiis
811 1179 1172 1247 memoratis,
1199 1197 1345 1252 quas
1377 1180 1765 1253 capitulorum

160 1263 474 1336 compositor
502 1264 901 1333 adnotaverat,
933 1265 1290 1323 videamus.«
1321 1271 1376 1324 1ο
1407 1270 1465 1325 In
1499 1271 1765 1344 praevari-

158 1354 348 1409 catione
370 1354 499 1408 Adae
520 1371 726 1410 omnes
754 1354 1021 1413 homines
1052 1356 1376 1414 naturalem
1408 1359 1764 1432 possibilita-

160 1447 254 1496 tem
271 1447 323 1497 et
350 1442 741 1500 innocentiam
769 1445 1114 1518 perdidisse,
1137 1452 1192 1502 et
1225 1447 1518 1504 neminem
1541 1450 1610 1505 de
1633 1466 1763 1522 pro-

157 1531 307 1587 fundo
326 1531 478 1587 illius
498 1532 682 1588 ruinae
706 1549 806 1606 per
828 1533 1076 1590 liberum
1100 1537 1408 1592 arbitrium
1432 1555 1602 1610 posse
1627 1555 1762 1594 con-

157 1619 502 1692 surgcrc,nisi
534 1637 672 1678 eum
713 1622 900 1695 gratia
939 1624 1040 1679 Dei
1072 1625 1404 1682 miserantis
1442 1626 1706 1683 erexerit.
1734 1649 1762 1676 »

155 1707 247 1763 Nec
277 1725 371 1764 nos
401 1711 746 1782 negavimus
789 1711 846 1766 in
889 1713 1358 1784 praevaricatione
1387 1715 1519 1770 Adaz
1559 1733 1764 1772 omnes

153 1796 384 1853 homines
413 1799 744 1855 naturalem
777 1801 1223 1872 possibilitatem
1263 1808 1320 1858 et
1368 1803 1760 1860 innocentiam

151 1885 456 1955 perdidisse,
481 1887 745 1944 dicentes
773 1905 820 1942 τι(
849 1889 1198 1944 Libertatem
1230 1891 1455 1948 arbitrii
1489 1893 1542 1946 in
1576 1892 1762 1966 primo

151 1973 350 2029 homine
401 1976 850 2048 perdidimus.»
880 1977 974 2032 Sic
1025 1982 1082 2034 et
1130 1983 1368 2034 sanctus
1399 1981 1761 2053 Augustinus

147 2060 266 2116 dixit
307 2062 363 2118 in
413 2063 564 2120 libro
593 2066 667 2120 de
697 2066 1066 2138 Correptione
1114 2071 1170 2122 et
1219 2068 1417 2124 Gratia
1446 2073 1584 2142 (cup.
1625 2073 1709 2139 t2)
1743 2089 1756 2128 :

149 2150 338 2206 «Nune
363 2169 516 2221 vero,
555 2153 849 2226 inquiens,
885 2160 1264 2227 posteaquam
1296 2163 1386 2213 est
1417 2158 1517 2213 illa
1547 2175 1760 2231 magna

147 2241 333 2310 peccati
380 2242 589 2298 merito
641 2243 858 2300 amissa
911 2243 1170 2313 libertas,
1203 2247 1376 2302 etiam
1439 2249 1758 2319 majoribus

145 2328 286 2385 donis
327 2331 684 2402 adjuvanda'
717 2333 996 2389 remansit
1044 2333 1377 2389 infirmitas.
1412 2358 1438 2384 ››
1471 2337 1539 2391 Et
1566 2336 1704 2392 item
1741 2354 1754 2392 :

147 2415 382 2474 «Parum
426 2419 504 2475 sit
556 2420 779 2477 homini
813 2438 916 2494 per
947 2421 1106 2476 illius
1156 2439 1423 2494 reparare
1470 2426 1757 2496 perditam

143 2503 500 2563 libertatem.»
525 2509 678 2576 Quid
710 2509 1086 2582 appellaverit
1111 2511 1396 2583 perditam
1430 2513 1758 2570 libertatem

141 2593 242 2667 ipse
285 2597 445 2652 nobis
470 2603 761 2670 ,exponat.
792 2599 886 2654 Ait
911 2598 1067 2655 enim
1117 2599 1175 2654 in
1228 2599 1374 2656 libro
1425 2602 1758 2674 llypomne-

138 2685 294 2741 sticon
324 2686 486 2756 (libro
519 2703 584 2743 ιιι
617 2702 728 2742 non
767 2688 924 2760 longe
949 2705 984 2742 α
1007 2689 1270 2760 princip.)
1295 2705 1309 2744 :
1335 2711 1361 2738 «
1399 2689 1635 2745 I’eccato
1667 2707 1756 2746 er-

138 2787 194 2842 go
219 2771 452 2829 liberum
477 2773 794 2829 arbitrium
819 2773 1072 2830 hominis
1097 2776 1502 2848 possibilitatis
1535 2778 1754 2834 bonum

135 2861 368 2931 perdidit,
402 2879 520 2919 non
577 2880 790 2918 nomen
838 2867 893 2918 et
945 2865 1252 2919 rationem.
1281 2889 1306 2912 ››
1335 2866 1402 2920 Et
1449 2870 1587 2920 item
1618 2867 1758 2938 (post

133 2949 356 3020 mdium)
377 2969 440 3032 :«_
460 2951 617 3018 Quid
650 2951 824 3007 etiam
857 2951 1015 3008 aliud
1045 2953 1412 3008 ostendimus
1443 2954 1500 3008 in
1523 2971 1625 3008 ove
1655 2954 1754 3010 illa

129 3039 320 3108 perdita
345 3057 413 3096 ex
445 3045 690 3098 centum
737 3041 964 3108 ovibus,
988 3039 1102 3096 nisi
1146 3042 1393 3098 liberum
1443 3042 1750 3098 arbitrium

129 3126 500 3196 possibilitatis
547 3130 704 3185 bono
735 3127 870 3184 vitio
912 3129 1083 3201 primi
1135 3130 1392 3186 hominis
1443 3131 1686 3204 perdito,
1717 3148 1753 3188 a

123 3213 384 3284 justorum
415 3233 654 3274 errasse
691 3217 1022 3274 consortio?
1045 3241 1073 3267 »
1105 3220 1174 3274 Et
1203 3219 1340 3274 item
1377 3236 1388 3274 :
1414 3241 1441 3270 «
1475 3220 1580 3276 Per
1607 3221 1751 3277 velle

1880 651 1988 704 Sed
2023 651 2324 723 qumsitns,
2347 658 2404 708 et
2454 654 2724 710 inventus
2753 659 2810 710 et
2840 659 3164 726 reportatus
3213 660 3320 721 est,
3354 660 3412 710 et
3461 655 3518 710 in

1876 738 1969 794 via
1989 758 2114 812 qua)
2138 741 2349 796 veritas
2376 747 2433 798 et
2455 743 2570 798 vita
2599 748 2685 798 est
2715 743 3103 809 introductus,
3128 760 3191 798 ac
3215 744 3523 799 dilectione

1878 828 1936 882 in
1960 827 2280 902 Deum,qui
2315 829 2478 886 illum
2503 830 2837 904 diligentem
2867 832 3025 905 prior
3044 831 3264 899 dilexit,
3287 831 3520 904 agnitus

1877 921 2022 972 est.»
2045 919 2114 972 Et
2145 922 2275 990 post
2306 917 2607 991 aliquanta
2631 937 2679 975 :u
2706 920 2830 975 Non
2863 921 3134 993 adempto
3163 919 3344 976 libero
3375 919 3522 975 arbi-

1878 1005 2008 1070 trio,
2035 1006 2134 1062 sed
2165 1006 2410 1063 liberato
2435 1024 2448 1062 ε
2474 1009 2630 1080 quod
2657 1009 2841 1065 donec
2871 1009 2998 1065 sine
3027 1014 3140 1064 Deo
3165 1007 3356 1064 solum
3390 1007 3518 1073 fuit,

1877 1099 2174 1150 mortuum
2210 1095 2317 1151 fuit
2338 1097 2605 1168 justitize,
2628 1096 2881 1170 vixitque
2907 1101 3163 1170 peccato.
3186 1095 3294 1152 Ubi
3323 1100 3520 1152 autem

1875 1181 1934 1236 id
1982 1181 2334 1240 illuminavit
2381 1183 2779 1242 misericordia
2819 1186 3056 1256 Christi,
3087 1189 3322 1242 erutum
3367 1188 3458 1241 est
3486 1201 3521 1241 a

1874 1287 2052 1343 regno
2083 1271 2317 1338 diaboli,
2340 1277 2398 1328 et
2427 1275 2642 1330 factum
2676 1278 2765 1330 est
2795 1291 3037 1347 regnum
3069 1275 3192 1330 Dei.
3222 1274 3284 1330 In
3315 1290 3432 1346 quo
3455 1277 3520 1329 ut

1874 1376 2213 1430 permanere
2252 1363 2458 1433 possit,
2491 1379 2563 1418 ne
2603 1379 2670 1419 ea
2711 1362 2947 1436 quidem
2989 1362 3262 1419 facultate
3299 1361 3519 1418 sufﬁcit

1873 1447 2006 1514 sibi,
2032 1448 2142 1502 nisi
2168 1447 2302 1504 inde
2323 1450 2570 1522 accipiat
2591 1451 3104 1524 perseverantiam,
3121 1451 3276 1507 unde
3296 1449 3520 1522 accepit

1871 1535 2245 1593 industriam.
2272 1560 2300 1587 »
2322 1540 2392 1594 Et
2428 1538 2567 1594 item
2603 1555 2669 1594 τα
2694 1538 2816 1595 Nisi
2847 1538 3060 1596 Christi
3106 1538 3516 1612 gratia.refor-

1873 1625 2116 1681 maverit
2144 1625 2396 1683 liberum
2428 1628 2557 1700 ejus
2595 1627 2902 1684 arbitrium
2948 1629 3192 1700 agendo,
3216 1626 3514 1700 spirando,

1873 1713 2223 1784 auxiliando,
2245 1719 2301 1770 et
2322 1733 2509 1788 usque
2533 1716 2590 1770 in
2613 1717 2789 1772 tinem
2811 1717 3122 1788 praeeundo
3147 1714 3510 1772 servaverit.»

1873 1807 1940 1856 Et
1968 1807 2171 1858 contra
2201 1803 2396 1860 Gallos
2423 1822 2434 1860 :
2463 1825 2490 1854 «
2519 1803 2806 1870 Quoniam
2853 1803 3196 1876 priusquam
3245 1820 3278 1859 a
3327 1803 3514 1858 domi-

1872 1891 2106 1946 natione
2137 1891 2351 1947 diaboli
2385 1909 2488 1963 per
2530 1893 2631 1947 Dei
2679 1891 2925 1964 gratiam
2974 1891 3274 1962 liberetur,
3305 1892 3364 1946 in
3413 1890 3512 1947 illo

1870 1979 2158 2051 profundo
2182 1981 2361 2052 jacet,
2379 1980 2522 2052 quin
2549 1980 2856 2036 arbitrium
2888 1979 3164 2048 hominis,
3185 1981 3244 2036 in
3264 1980 3420 2052 quod
3450 1995 3512 2035 se

1869 2085 1978 2124 sua
2025 2067 2292 2124 libertate
2332 2067 2618 2136 dimersit,
2653 2092 2682 2117 κ
2712 2069 2781 2123 Et
2817 2072 3058 2124 sanctus
3096 2067 3461 2139 Augustinus
3495 2083 3510 2122 :

1869 2179 1898 2206 «
1933 2157 2172 2229 Propter
2199 2157 2354 2229 quod
2404 2174 2517 2212 non
2570 2161 2750 2212 restat
2798 2155 3115 2217 liberandis
3163 2155 3278 2212 nisi
3325 2156 3515 2228 gratia

1869 2244 2192 2302 liberantis.
2219 2268 2247 2294 »
2272 2246 2340 2300 Et
2387 2244 2523 2302 hinc
2580 2245 2882 2300 diximus:
2917 2268 2944 2295 ι(
2999 2245 3270 2300 Liberum
3315 2247 3511 2300 autem

1868 2333 2154 2388 habemus
2177 2333 2504 2401 arbitrium,
2536 2334 2674 2406 quia
2693 2333 2879 2405 gratia
2899 2333 3229 2401 liberatum,
3253 2336 3309 2388 et
3327 2333 3514 2404 gratia

1868 2423 1938 2476 de
1969 2426 2240 2494 corrupto
2271 2428 2599 2478 sanatum.»
2626 2424 2684 2475 3°
2704 2421 2922 2477 Deinde
2953 2421 3267 2494 supposuit
3287 2443 3314 2470 α
3349 2421 3510 2488 Quod

1867 2511 2064 2566 omnia
2095 2511 2311 2577 studia,
2336 2515 2393 2568 et
2423 2510 2620 2566 omnia
2644 2528 2819 2582 opera
2839 2527 2904 2566 ac
2939 2510 3145 2566 merita
3173 2515 3511 2566 sanctorum

1867 2600 1937 2654 ad
1986 2599 2086 2655 Dei
2137 2599 2383 2671 gloriam
2431 2599 2782 2672 laudemque
2831 2599 3131 2655 referenda
3175 2598 3340 2654 sint:
3375 2598 3514 2670 quia

1866 2703 2037 2742 nemo
2069 2687 2302 2743 aliunde
2322 2687 2372 2741 ei
2405 2687 2651 2760 placeat,
2673 2687 2786 2743 nisi
2816 2705 2884 2743 ex
2904 2704 2970 2744 eo
3001 2688 3157 2760 quod
3186 2687 3310 2760 ipse
3332 2687 3512 2742 dona-

1865 2776 2027 2830 verit.
2048 2777 2106 2830 [ιυ
2125 2777 2286 2842 Quod
2312 2777 2392 2831 ita
2415 2777 2566 2831 Deus
2597 2775 2656 2830 in
2680 2776 2956 2832 cordibus
2987 2776 3316 2843 hominum,
3335 2779 3511 2847 atque

1864 2863 1921 2918 in
1955 2864 2081 2936 ipso
2114 2865 2293 2920 libero
2315 2870 2586 2937 operetur
2609 2864 2868 2930 arbitrio,
2889 2869 2953 2920 ut
2981 2870 3183 2920 sancta
3214 2863 3506 2936 cogitatio,

1862 2952 2025 3026 pium
2057 2952 2720 3025 consilium,omnisque
2761 2958 2957 3008 motus
2997 2953 3159 3009 bonae
3190 2950 3507 3008 voluntatis

1861 3057 1930 3097 ex
1959 3041 2073 3097 Deo
2105 3041 2218 3096 sit:
2243 3040 2381 3113 quia
2410 3058 2512 3112 per
2549 3041 2716 3096 illum
2747 3039 2970 3113 aliquid
3002 3039 3137 3098 boni
3163 3054 3502 3114 possumus,

1860 3129 1987 3186 sine
2018 3147 2134 3201 quo
2167 3128 2310 3184 nihil
2342 3146 2726 3201 possumus.»
2749 3132 2882 3196 Quae
2915 3147 3022 3186 nos
3049 3130 3227 3186 etiam
3257 3145 3374 3186 non
3404 3143 3504 3184 ne-

1859 3235 2090 3291 gamus,
2117 3219 2232 3273 imo
2263 3217 2439 3273 etiam
2482 3219 2829 3274 confitemur
2867 3220 3125 3275 dicentes
3158 3237 3210 3276 εκ
3232 3219 3301 3274 Et
3327 3217 3505 3274 habe-

129 3318 239 3374 ergo
266 3305 484 3362 malum
520 3312 681 3363 recte
729 3306 983 3378 perdidit
1035 3324 1204 3378 posse
1255 3308 1494 3375 bonum,
1519 3309 1617 3380 qui
1652 3327 1752 3381 per
1781 3293 1824 3360 C
1865 3324 1997 3362 mus
2019 3306 2268 3363 liberum
2291 3308 2600 3364 arbitrium
2624 3309 2694 3364 ad
2719 3309 2938 3366 bonum
2961 3313 3316 3383 praeventum
3337 3313 3395 3365 et
3415 3309 3511 3364 ad-

131 3405 274 3461 possc
324 3394 550 3451 bonum
611 3395 803 3468 potuit
855 3394 1083 3452 vincere
1140 3396 1282 3452 velle
1339 3397 1582 3453 malum.
1620 3422 1648 3449 ››
1691 3399 1759 3454 Et

133 3479 246 3536 item
277 3499 291 3536 :
318 3505 344 3533 ιι
377 3485 490 3541 Sed
526 3501 670 3541 cum
701 3483 846 3540 velle
875 3487 933 3540 et
982 3483 1132 3540 nolle
1180 3487 1517 3557 przeducuit,
1541 3487 1633 3542 cui
1683 3489 1754 3544 ad

139 3573 420 3645 utrumque
459 3589 642 3647 posse
689 3571 940 3628 liberum
989 3573 1234 3628 donarat
1281 3574 1608 3644 arbitrium,
1643 3593 1758 3649 quo

137 3658 262 3716 male
291 3666 463 3719 utens
495 3661 800 3718 incautius
831 3662 971 3716 dum
1017 3666 1222 3734 sponte
1260 3663 1512 3736 serpenti
1545 3666 1761 3737 praebet

137 3749 373 3806 suadenti
405 3767 769 3809 consensum
801 3751 1030 3807 Domini
1063 3750 1354 3823 prteterire
1385 3758 1757 3826 prmeeptum,

135 3838 323 3895 amisso
353 3838 727 3912 possibilatis
775 3837 949 3908 bono,
979 3838 1168 3894 solum
1217 3839 1360 3895 velle
1409 3841 1625 3913 potitus
1674 3847 1762 3898 cst

137 3924 500 3985 vulneratus.»
527 3930 600 3984 Et
642 3933 884 3984 sanctus
914 3927 1254 3984 Carlestinus
1291 3929 1433 3984 dicit
1459 3946 1526 3985 ex
1573 3931 1761 3987 verbis

136 4013 507 4074 S.tnnoccntii
535 4034 669 4090 qua:
693 4018 764 4073 ad
790 4016 1247 4089 Carthaginense
1277 4019 1588 4074 concilium
1621 4021 1762 4077 scri-

139 4109 372 4172 pserat.«
421 4107 730 4176 Liberum,
770 4105 1062 4178 inquiens,
1103 4106 1256 4162 188
1304 4106 1611 4163 arbitrium
1667 4109 1764 4167 ille

139 4208 442 4266 perpessus,
467 4195 529 4250 id
553 4199 647 4250 est
677 4195 905 4268 primus
938 4194 1134 4259 homo,
1157 4195 1298 4250 dum
1322 4195 1446 4251 suis
1473 4195 1767 4253 inconsul-

139 4280 234 4337 tius
263 4285 444 4339 utitur
467 4284 668 4354 bonis,
692 4283 907 4339 cadens
927 4282 985 4338 in
1014 4283 1504 4354 praevaricationis
1537 4287 1768 4357 profun-

138 4369 198 4425 da
213 4371 502 4431 dimersus
525 4377 715 4443 est,et
737 4371 882 4427 nihil
900 4373 1397 4444 quemadmodum
1419 4373 1625 4430 exinde
1647 4392 1771 4430 sur-

139 4474 251 4530 gere
279 4468 476 4534 posset
517 4461 765 4531 invenit,
798 4477 1023 4533 suaque
1065 4460 1124 4515 in
1173 4465 1455 4516 aeternum
1503 4461 1769 4520 libertate

139 4548 443 4623 deceptus.»
470 4552 546 4607 Et
573 4551 702 4606 ideo
725 4549 1072 4622 scripsimus
1096 4565 1145 4602 εκ
1175 4550 1522 4604 Libertatem
1545 4551 1770 4607 arbitrii

1858 3397 2056 3467 jutum
2089 3396 2330 3469 gratia.»
2353 3397 2437 3452 Ad
2459 3397 2678 3453 bonum
2699 3398 2855 3454 enim
2883 3399 3149 3455 absolute
3179 3398 3508 3470 posuimus,

1867 3489 1931 3540 ut
1952 3485 2023 3539 ad
2038 3501 2208 3540 omne
2223 3485 2330 3540 bor
2343 3501 2441 3540 um
2454 3486 2740 3558 quidquid
2760 3487 2977 3542 bonum
2989 3485 3508 3559 estintelligamus.

1868 3573 1926 3629 Si
1951 3574 2169 3628 bonum
2193 3577 2282 3628 est
2305 3574 2588 3643 studium,
2604 3575 2653 3631 si
2677 3575 2895 3631 bonum
2929 3579 3017 3631 est
3048 3579 3317 3630 sanctum
3339 3591 3508 3647 Opus,

1867 3662 1917 3718 si
1949 3662 2166 3718 bonum
2193 3666 2284 3718 est
2311 3668 2581 3719 sanctum
2605 3663 2900 3732 meritum,
2925 3664 2972 3719 si
3005 3665 3223 3719 bonum
3244 3667 3334 3719 est
3354 3662 3511 3735 quod

1869 3756 2068 3807 sancte
2082 3751 2486 3822 cogitamus,si
2505 3753 2720 3807 bonum
2737 3757 2826 3807 est
2845 3752 2895 3824 pi
2907 3769 3002 3807 um
3017 3750 3403 3820 consilium,si
3417 3751 3513 3806 bo-

1871 3858 2012 3896 num
2032 3847 2119 3896 est
2137 3841 2351 3896 moveri
2370 3843 2439 3897 ad
2459 3842 2850 3913 quodcunque
2875 3843 3114 3908 bonum,
3133 3845 3191 3897 et
3211 3841 3280 3896 ad
3303 3855 3508 3911 quam-

1871 3947 2101 4001 cunque
2134 3931 2344 3986 bonam
2377 3929 2754 3996 voluntatem,
2781 3931 2850 3984 ad
2883 3929 3003 3984 haec
3034 3929 3232 3984 omnia
3258 3927 3509 3983 liberum

1870 4023 2137 4074 nostrum
2156 4017 2463 4074 arbitrium
2484 4021 2838 4090 praeventum
2854 4018 3014 4090 etadj
3025 4022 3188 4074 utum
3205 4017 3394 4090 gratia
3409 4015 3512 4072 Dei

1871 4109 2026 4165 1³9
2047 4112 2103 4164 et
2123 4107 2439 4176 credimus,
2456 4113 2513 4163 et
2533 4107 2868 4175 dicimus,et
2888 4107 3102 4180 scripto
3127 4105 3509 4162 firmavimus.

1873 4199 1943 4254 Et
1966 4197 2084 4252 haec
2107 4196 2304 4253 omnia
2325 4212 2393 4251 ex
2411 4197 2526 4252 Deo
2542 4212 2670 4251 esse
2685 4196 2983 4252 credentes
2999 4194 3515 4268 diximus,quando

1875 4311 1904 4339 ‹‹
1938 4287 2010 4343 ad
2043 4287 2260 4342 bonum
2293 4289 2648 4359 praeventum
2670 4289 2724 4341 et
2747 4287 3017 4358 adjutum
3041 4285 3139 4341 Dei
3163 4285 3351 4357 gratia
3380 4283 3518 4339 libe-

1877 4393 2007 4432 rum
2030 4374 2337 4431 arbitrium
2356 4378 2620 4430 nostrum
2643 4396 2667 4422 n
2682 4374 3160 4446 conscripsimus.
3178 4374 3361 4428 Deum
3380 4388 3519 4445 quo-

1877 4483 1988 4539 que
2017 4464 2077 4520 in
2110 4463 2236 4538 ipso
2268 4463 2445 4518 libero
2477 4467 2674 4518 nostro
2719 4461 2960 4518 arbitrio
2988 4461 3211 4534 operari
3254 4466 3516 4518 sanctam

1877 4553 2312 4626 cogitationem,
2353 4550 2515 4624 pium
2574 4550 2906 4618 consilium,
2957 4567 3278 4624 omnesque
3324 4553 3521 4605 motus

141 4638 187 4691 in
213 4641 391 4710 primo
423 4640 672 4697 homine
711 4639 1140 4728 perdidimus»)
1163 4642 1222 4693 2°
1252 4638 1582 4728 subjunxit,
1608 4642 1767 4705 Quod
1800 4659 1846 4728 D
1879 4644 2042 4698 bona:
2062 4639 2396 4708 voluntatis,
2427 4640 2670 4712 professi
2698 4657 2928 4706 sumus,
2951 4639 3294 4728 dicentes:«
3328 4639 3520 4695 Habe-

140 4741 286 4784 nemo
305 4729 416 4786 nisi
442 4747 552 4803 per
571 4728 872 4786 Christum
906 4727 1087 4783 libero
1120 4727 1266 4782 bene
1289 4718 1488 4783 utatur
1509 4728 1765 4786 arbitrio.

139 4815 196 4870 Et
217 4834 316 4875 nos
345 4820 427 4876 ita
467 4817 736 4874 diximus
784 4823 1100 4890 ponentes:
1127 4820 1310 4887 ()umn
1354 4817 1652 4874 libertatem
1678 4837 1775 4890 per

141 4904 394 4965 Christum
441 4909 746 4965 Dominum
771 4914 1019 4964 nostrum
1059 4907 1380 4976 rerem'mus,
1421 4913 1474 4962 et
1517 4908 1774 4964 habemus

143 4994 348 5053 tilia-um
371 4999 684 5054 arbitrium
710 4995 781 5052 ad
811 4996 1012 5052 bonum
1054 5003 1392 5067 praetentum
1437 5004 1489 5051 et
1527 4997 1776 5069 adjutum

141 5087 314 5154 γαίη.
337 5088 604 5144 Liberum
631 5094 814 5142 autem
841 5085 1102 5142 habemus
1143 5084 1460 5150 m'bitrz'zmz,
1493 5088 1622 5157 quia
1650 5105 1775 5159 gra-

144 5175 208 5228 tis
233 5176 544 5243 liberatum,
576 5183 630 5233 et
654 5176 844 5248 gratia
871 5173 936 5231 de
967 5181 1213 5244 corrupto
1243 5181 1512 5228 sanatum.
1543 5175 1612 5229 Et
1644 5193 1777 5232 san-

145 5264 254 5319 ctus
298 5264 658 5322 C(elestinus
713 5264 785 5320 de
833 5262 1023 5318 verbis
1083 5259 1402 5316 Innocentii
1449 5263 1776 5334 praemisit:

145 5371 168 5400 ι
190 5351 298 5410 Sua
322 5353 384 5410 in
414 5358 709 5411 aeternum
742 5351 1009 5408 libertate
1041 5351 1214 5405 homo
1249 5341 1782 5424 primusdeceptus

143 5437 264 5498 huic
291 5444 478 5499 ruinae
529 5441 930 5515 subjacuisset
959 5456 1296 5511 oppressus,
1331 5438 1441 5493 nisi
1486 5457 1619 5495 eum
1654 5447 1782 5513 post

143 5529 330 5590 Christi
381 5551 490 5606 pro
543 5551 656 5590 sua
712 5531 900 5606 gratia
960 5529 1268 5586 relevasset
1324 5529 1682 5586 adventus.»
1717 5533 1784 5586 Et

145 5625 364 5679 unctus
385 5623 645 5696 Prosper
671 5621 731 5678 in
763 5617 1009 5694 epietrla
1039 5618 1109 5673 ad
1145 5618 1417 5672 Rufinum
1455 5633 1468 5672 :
1494 5639 1521 5666 ‹‹
1552 5619 1783 5676 Amissa

141 5709 340 5790 qatppo
356 5709 626 5772 naturali
655 5708 1010 5780 innocentia,
1035 5706 1210 5764 homo
1235 5705 1396 5762 exsul
1423 5723 1490 5764 ac
1521 5707 1784 5782 perditus

445 5841 730 5906 ΡΑτιοι.
774 5835 1005 5903 CXXV.

1879 4748 2012 4786 mus
2042 4730 2290 4786 liberum
2324 4729 2630 4784 arbitrium
2663 4732 3085 4802 praeventum,»
3109 4727 3331 4785 scilicet
3359 4731 3521 4784 ante-

1882 4837 2057 4892 quam
2083 4819 2234 4874 bona
2253 4817 2634 4890 cogitemus,«
2655 4823 2712 4874 et
2733 4818 3001 4890 adjutum
3024 4817 3268 4890 gratia,»
3291 4821 3356 4872 ut
3377 4816 3520 4872 bene

1883 4909 2226 4981 cogitemus,
2251 4909 2396 4963 bene
2429 4923 2755 4980 operemur,
2778 4906 2836 4962 in
2864 4907 3032 4962 bonis
3065 4921 3518 4979 perseveremus.

1884 4999 1998 5053 Nec
2033 4997 2087 5050 in
2127 4996 2258 5051 istis
2288 4995 2520 5050 duobus
2562 4994 2833 5068 capitulis
2862 5012 2896 5050 a
2925 4993 3209 5051 catholico
3258 5009 3434 5048 sensu
3463 4996 3523 5049 et

1885 5085 2300 5142 catholicorum
2331 5084 2524 5139 verbis
2563 5085 2620 5138 in
2655 5083 2852 5157 aliquo
2884 5083 2998 5139 Deo
3028 5083 3244 5155 gratias
3275 5079 3522 5137 deviavi-

1889 5193 2041 5230 mus.
2064 5177 2124 5229 5u
2144 5172 2464 5245 Supposuit
2487 5189 2536 5229 :u
2560 5171 2834 5228 Omnium
2859 5172 3206 5235 studiorum,
3229 5171 3524 5227 omnium-

1889 5282 2001 5338 que
2031 5262 2568 5333 virtutum,quihus
2590 5263 2661 5318 ab
2685 5262 2850 5317 initio
2873 5260 3003 5315 fidei
3034 5261 3105 5314 ad
3127 5259 3310 5315 Deum
3345 5259 3530 5315 tendi-

1890 5359 2004 5418 tur,
2031 5355 2211 5408 Deum
2244 5351 2586 5424 profitemur
2614 5355 2930 5415 auctorem,
2954 5353 3009 5403 ct
3039 5367 3153 5405 non
3185 5348 3530 5406 dubitamus

1890 5445 1962 5498 ab
1994 5443 2180 5514 ipsius
2211 5441 2398 5511 gratia
2427 5440 2624 5495 omnia
2664 5439 2918 5495 hominis
2957 5438 3166 5494 merita
3205 5438 3529 5512 praeveniri,

1891 5551 1994 5605 per
2022 5548 2196 5603 quem
2225 5535 2286 5584 lit
2315 5534 2377 5584 ut
2407 5528 2624 5600 aliquid
2659 5527 2790 5583 boni
2823 5534 2878 5583 et
2904 5528 3046 5584 velle
3076 5527 3446 5601 incipiamus,
3474 5529 3534 5584 et

1893 5623 2240 5686 t'aeere.Quo
2273 5618 2471 5689 utique
2502 5615 2714 5670 auxilio
2759 5622 2816 5672 et
2857 5617 3256 5674 misericordia
3284 5617 3383 5674 Dei
3416 5632 3532 5673 non

1893 5713 2155 5770 aufertur
2174 5708 2419 5766 liberum
2441 5704 2880 5777 arbitrium,sed
2903 5707 3273 5779 liberatur,ut
3287 5708 3358 5766 de
3381 5711 3534 5766 tene-

3176 5835 3211 5896 7
