4020 6464
451 406 567 464 203

1372 405 1757 466 IIINCMARI
1808 364 2255 466 ItHEMFlNSIS
2302 405 2921 470 AllCHIEPISGOPI.

3729 409 3849 468 204

449 538 620 594 broso
642 536 1003 605 lucidum,de
1027 555 1200 609 pravo
1223 540 1543 606 rectum,de
1565 539 1842 611 languido
1857 555 2088 604 sanum,
2119 539 2177 604 Α
2207 537 2278 591 (10
2302 538 2371 593 de
2390 538 2703 594 Vocatione
2733 541 2995 612 gentium
3019 542 3401 611 demonstrat,
3419 541 3622 596 dicens
3645 557 3698 596 :«
3722 541 3850 596 Non

448 627 518 681 de
549 626 921 697 imprudente
956 628 1031 681 sit
1063 627 1390 699 providum.
1425 629 1610 684 Tanta
1649 633 1740 684 est
1775 627 1929 683 enim
1961 645 2098 699 erga

447 731 650 771 omnes
683 715 952 770 homines
1001 716 1233 771 bonitas
1281 717 1494 783 Dei,ut
1544 722 1744 773 nostra
1787 717 1925 772 velit
1971 732 2099 772 esse

447 803 660 858 merita
680 821 807 874 quae
830 809 970 858 sunt
991 804 1177 876 ipsius
1199 806 1443 878 dona,let
1464 823 1567 877 pro
1589 806 1682 861 his
1704 823 1829 877 quas
1853 804 2098 876 largitus

450 897 540 948 est
569 896 787 946 aeterna
828 893 1066 964 pramia
1111 894 1188 948 sit
1235 895 1581 950 donaturus.
1611 895 1744 966 Agit
1775 893 1988 966 quippe
2037 893 2096 947 in

453 981 623 1038 nobis
654 986 720 1036 ut
739 982 893 1052 quod
925 980 1070 1050 vult,
1091 985 1147 1038 et
1175 982 1421 1038 velimus
1445 987 1500 1038 et
1530 999 1832 1056 agamus.»
1861 984 1958 1038 Hic
1988 982 2096 1037 ali—

455 1069 826 1142 quantulum,
851 1071 1228 1142 responsione
1250 1089 1362 1126 non
1387 1072 1592 1140 omisa,
1617 1073 1718 1126 sed
1741 1071 2095 1137 intermissa,

454 1157 627 1213 liceat
647 1157 816 1214 nobis
838 1158 1052 1230 alloqui
1072 1159 1462 1231 capitulorum
1485 1161 1730 1215 istorum
1755 1159 2098 1231 composito-

455 1263 600 1302 rem.
623 1246 785 1314 Vide,
810 1247 1150 1319 corrigendo
1189 1254 1264 1316 te,
1298 1249 1496 1313 frater,
1527 1247 1670 1302 velis
1722 1249 1872 1303 nolis
1923 1248 2101 1302 frater

457 1339 672 1403 noster,
707 1337 966 1406 quandiu
1015 1336 1230 1392 dixeris
1259 1337 1344 1392 vel
1374 1353 1502 1392 vero
1531 1341 1618 1392 vel
1673 1338 1804 1392 licte
1852 1335 2098 1391 Domino

454 1423 618 1478 Pater
643 1432 844 1489 noster,
879 1426 1017 1496 quia
1065 1425 1349 1496 scriptum
1381 1430 1472 1480 est
1505 1442 1515 1480 :
1551 1427 1727 1481 Dicite
1769 1425 1854 1479 his
1902 1426 2000 1496 qui
2044 1441 2100 1478 se

454 1512 719 1578 alienant,
750 1514 954 1582 fratres
973 1517 1150 1570 nostri
1177 1531 1266 1569 vos
1294 1517 1420 1570 estis
1451 1515 1578 1582 (Isa.
1607 1531 1752 1580 LXVI,
1775 1514 1855 1582 5),
1882 1531 1952 1568 ne
1983 1530 2017 1566 a
2044 1517 2100 1566 te

455 1599 774 1656 incorrecto
815 1601 1014 1657 audiat
1063 1607 1302 1658 sanctus
1331 1603 1701 1669 leestinus,
1732 1602 1789 1657 in
1823 1601 1922 1657 illo
1972 1618 2099 1655 ma-

457 1704 602 1744 nens
634 1689 726 1744 cui
755 1691 910 1745 nuda
941 1695 997 1745 et
1027 1695 1228 1762 aperta
1259 1697 1399 1746 s'unt
1429 1691 1644 1760 omnia,
1665 1695 1722 1745 et
1753 1690 1846 1744 cui
1875 1689 2100 1762 cogita-

456 1775 536 1831 tio
567 1776 823 1833 hominis
857 1780 1184 1847 conﬁtetur,
1209 1780 1364 1834 unde
1396 1784 1452 1834 et
1473 1779 1668 1833 omnia
1697 1783 1895 1833 nostra
1923 1777 2097 1842 videt,

455 1869 513 1920 et
541 1865 723 1934 audit,
759 1870 814 1921 te
845 1866 954 1921 hoc
1001 1884 1107 1922 suo
1159 1867 1493 1922 testimonio
1526 1867 1706 1924 fuisse
1735 1867 2008 1931 abusum,
2043 1871 2100 1921 et

456 1953 612 2008 dicat
642 1955 746 2008 tibi
780 1971 825 2009 ;‹‹
863 1957 940 2009 Ex
972 1973 1068 2010 ore
1101 1961 1200 2010 tuo
1235 1961 1288 2010 te
1307 1957 1528 2026 judico,
1564 1973 1722 2010 serve
1773 1972 2043 2026 nequam.
2073 1977 2099 2002 υ

456 2043 698 2107 Quando
731 2042 920 2113 legisti
947 2048 1002 2098 et
1033 2045 1342 2114 scripsisti,
1367 2051 1422 2099 et
1442 2045 1728 2099 credenda
1759 2061 1824 2100 ac
1855 2043 2105 2099 tenenda

457 2135 630 2201 atque
667 2132 1036 2202 praedicanda
1064 2133 1185 2187 hazc
1217 2133 1273 2187 in
1308 2151 1517 2188 manus
1567 2134 1756 2205 regias
1807 2133 2103 2204 pervenire

458 2219 666 2288 fecisti,
683 2221 838 2292 quod
859 2221 1062 2286 dixi,et
1088 2221 1307 2293 Spiritu
1331 2227 1528 2278 sancto
1553 2221 1804 2294 repletus
1827 2221 2104 2277 veraciter

457 2307 575 2362 dixi
599 2324 612 2362 :
639 2309 827 2364 Tanta
848 2314 936 2363 est
956 2327 1092 2381 erga
1111 2327 1314 2366 omnes
1335 2311 1602 2366 homines
1634 2310 1866 2366 bonitas
1899 2309 2014 2376 Dei,
2040 2312 2105 2364 ut

458 2400 659 2452 nostra
679 2396 816 2451 velit
835 2415 961 2453 esse
985 2399 1192 2453 merita
1217 2417 1342 2470 qua:
1375 2405 1514 2454 sunt
1544 2399 1732 2472 ipsius
1754 2401 1924 2474 dona.
1951 2404 2100 2463 Quo-

459 2485 613 2540 circa
631 2489 859 2541 constat
873 2504 1000 2541 esse
1017 2487 1409 2542 certissimum
1430 2487 1569 2560 quia
1584 2488 1758 2554 Deus,
1777 2488 2101 2543 secundum

459 2572 763 2644 Apostolos
813 2573 1057 2628 Paulum
1089 2580 1146 2628 et
1186 2575 1440 2642 Petrum,
1468 2577 1585 2630 vult
1631 2591 1812 2631 omnes
1859 2575 2102 2630 homines

461 2662 639 2717 salvos
695 2664 820 2733 ﬁeri
847 2664 895 2730 (Ι
938 2665 1071 2718 Tim.
1106 2681 1167 2730 II,
1203 2665 1277 2732 4),
1311 2668 1366 2718 et
1421 2664 1702 2718 Neminem
1756 2663 1871 2718 vult
1921 2664 2104 2733 perire

463 2750 534 2822 (Il
560 2751 705 2806 Petr.
739 2768 820 2819 III,
853 2751 928 2820 9).
963 2754 1150 2816 Quare
1181 2752 1374 2806 dixisti
1409 2751 1574 2806 illum
1614 2753 1671 2806 iu
1705 2749 2102 2823 suprascripto

462 2837 716 2912 capitulo
743 2840 1027 2910 quosdam
1059 2839 1501 2912 prmdestinasse
1524 2841 1594 2895 ad
1627 2839 1967 2894 interitum?
1999 2839 2105 2894 Ra-

462 2928 761 2984 tissimum
783 2933 871 2984 est
891 2929 1048 2984 enim
1070 2929 1228 3000 quia,
1244 2929 1396 2984 sicut
1417 2946 1522 3000 ego
1543 2929 1682 2997 dixi,
1707 2933 1764 2984 et
1786 2933 1848 2984 tu
1879 2928 2103 2983 abusus

463 3017 774 3090 scripsisti,
807 3022 970 3072 tanta
1004 3021 1092 3072 est
1119 3034 1258 3090 erga
1301 3034 1504 3072 omnes
1553 3016 1820 3072 homines
1869 3015 2102 3071 bonitas

463 3107 558 3162 Dei
568 3111 654 3173 ,ut
673 3111 871 3162 nostra
890 3105 1025 3161 velit
1044 3123 1172 3162 esse
1193 3106 1401 3161 merita
1417 3123 1542 3178 qua:
1564 3111 1702 3160 sunt
1723 3105 1908 3177 ipsius
1929 3105 2101 3160 dona.

464 3194 628 3251 Unde
651 3200 738 3250 est
754 3212 857 3266 pro
880 3199 1034 3250 certo
1066 3193 1449 3250 falsissimum
1475 3195 1628 3266 quod
1661 3193 1857 3250 dixisti
1881 3211 1894 3249 :
1919 3194 2103 3249 Deum

2130 1905 2178 1971 B

2206 625 2402 696 itaque
2429 627 2622 681 omnis
2672 628 3012 700 reparabilis
3062 637 3384 701 reparatus,
3419 645 3608 701 neque
3655 628 3853 686 omnis

2206 714 2487 770 sanabilis
2535 733 2718 772 sanus
2754 720 2880 772 est:
2910 717 3048 790 quia
3076 717 3417 789 reparabilis
3465 723 3520 772 et
3566 716 3856 790 sanabilis

2207 801 2278 856 de
2307 807 2518 857 natura
2545 807 2634 858 est
2664 808 2997 876 reparatum
3021 809 3215 860 autem
3249 811 3305 859 et
3335 810 3606 861 sanatum
3629 786 3856 860 esse‘de

2206 891 2394 962 gratia
2413 895 2520 946 est.
2546 895 2907 964 Quapropter
2927 893 3318 965 colligendum
3345 898 3520 966 atque
3543 894 3855 950 sciendum

2207 982 2533 1046 est,sanum
2557 981 2794 1050 quidem
2818 981 3002 1037 fuisse
3033 981 3340 1038 arbitrium
3369 981 3622 1038 liberum
3649 981 3709 1037 in
3735 981 3854 1054 pri-

2208 1083 2303 1122 mo
2325 1066 2561 1123 homine
2584 1069 2770 1124 eidem
2799 1069 2988 1142 primo
3010 1069 3234 1126 homini
3253 1071 3602 1142 datum,quo
3621 1070 3860 1126 liberta-

2209 1159 2325 1210 tem
2349 1159 2408 1210 et
2430 1156 2878 1228 possibilitatem
2903 1159 3120 1214 bonum
3140 1157 3282 1214 velle
3300 1163 3358 1214 et
3378 1176 3546 1230 posse
3567 1158 3861 1223 habuit,et

2207 1261 2322 1316 quo
2353 1261 2455 1316 per
2481 1245 2699 1301 malum
2722 1247 2864 1302 velle
2895 1247 3148 1319 perdidit
3169 1247 3388 1302 bonum
3411 1264 3602 1320 posse,
3619 1247 3721 1320 qui
3753 1263 3860 1320 per

2206 1349 2379 1405 posse
2409 1334 2627 1388 bonum
2661 1335 2848 1406 potuit
2873 1335 3101 1391 vincere
3130 1335 3273 1390 velle
3303 1335 3547 1391 malum.
3581 1336 3720 1391 Post
3747 1334 3859 1392 hoc

2209 1427 2402 1477 autem
2423 1440 2537 1478 non
2558 1423 2667 1478 fuit
2687 1424 2745 1478 in
2764 1424 2998 1480 homine
3017 1424 3325 1480 arbitrium
3347 1424 3600 1480 liberum
3616 1441 3854 1491 sanum,

2208 1511 2308 1566 sed
2341 1511 2637 1567 sanabile:
2673 1511 2756 1566 illi
2789 1517 2984 1570 tamen
3015 1513 3109 1568 cui
3153 1513 3297 1568 nihil
3337 1519 3428 1569 est
3464 1513 3855 1585 impossibile.

2207 1599 2308 1653 Est
2338 1603 2532 1654 autem
2565 1601 2622 1654 in
2653 1601 2738 1656 eis
2769 1619 3000 1671 sanum,
3035 1599 3106 1658 ab
3128 1619 3194 1658 eo
3213 1605 3270 1658 et
3292 1619 3395 1675 per
3419 1619 3555 1658 eum
3577 1605 3856 1658 sanatum

2209 1689 2378 1757 cujus
2407 1691 2497 1742 est
2524 1689 2732 1760 gratia,
2755 1691 2824 1745 de
2856 1691 3076 1762 peccati
3107 1707 3270 1747 servo
3297 1690 3486 1762 gratia
3516 1689 3856 1760 liberatum,

2208 1779 2266 1830 et
2286 1777 2474 1847 gratia
2498 1776 2764 1834 libertate
2783 1779 3084 1848 donatum,
3109 1784 3166 1836 et
3190 1779 3438 1834 libertati
3461 1780 3650 1852 gratia
3670 1779 3860 1834 reddi-

2210 1868 2336 1918 tum
2363 1881 2374 1919 :
2403 1865 2601 1936 sicque
2630 1865 2689 1920 in
2719 1867 2919 1922 electis
2967 1867 3090 1923 suis
3119 1866 3308 1940 gratia
3331 1867 3431 1923 Dei
3474 1868 3544 1922 de
3583 1871 3858 1940 corrupto

2211 1958 2510 2020 sanatum,
2533 1960 2705 2026 atque
2737 1956 3156 2012 incolumitatis
3187 1955 3434 2012 sanitate
3454 1961 3856 2023 numeratum,

2211 2043 2383 2096 modo
2415 2041 2474 2096 in
2507 2061 2627 2114 spe,
2660 2044 2720 2099 in
2767 2045 2963 2100 futura
2993 2045 3110 2100 vita
3149 2061 3208 2100 re
3253 2061 3485 2111 sanum,
3520 2044 3647 2100 sine
3677 2043 3861 2100 ullius

2211 2131 2598 2202 corruptionis
2629 2131 3073 2204 interpolatione
3101 2137 3159 2188 et
3188 2133 3631 2188 attaminatione
3653 2133 3860 2188 datum

2213 2223 2384 2290 atque
2405 2221 2802 2276 donandum.»
2819 2223 2887 2276 Et
2907 2222 3034 2278 ideo
3058 2221 3313 2278 diximus
3333 2237 3386 2277 :u
3405 2221 3706 2277 Habemus
3727 2220 3865 2278 libe-

2211 2324 2342 2361 rum
2368 2307 2674 2362 arbitrium
2697 2311 2886 2381 gratia
2905 2310 2976 2365 de
2997 2315 3270 2382 corrupto
3292 2315 3626 2366 sanatum.»
3651 2309 3868 2366 Subse-

2211 2395 2412 2466 quitur
2430 2402 2670 2452 sanctus
2691 2397 3038 2454 CwIestinus
3064 2415 3110 2454 :«
3137 2399 3216 2455 De
3237 2399 3606 2470 imprudente
3629 2397 3711 2454 sit
3731 2414 3866 2470 pro-

2210 2483 2469 2538 vidum.»
2491 2485 2603 2540 Nec
2625 2485 2733 2541 hoc
2756 2487 2962 2542 exinde
2983 2492 3287 2560 exceptum
3314 2491 3404 2542 est
3424 2487 3578 2558 quod
3601 2485 3867 2544 diximus

2209 2571 2274 2628 de
2304 2581 2550 2644 corrupto
2587 2583 2858 2642 sanatum,
2885 2576 3038 2631 sicut
3068 2575 3252 2632 sancti
3291 2574 3615 2631 Innocentii
3643 2575 3864 2644 verbis,

2211 2665 2277 2716 ut
2307 2661 2605 2717 brevitatis
2646 2663 2839 2718 studio
2880 2681 3006 2736 quae
3045 2663 3411 2737 Augustinus
3442 2669 3499 2718 et
3528 2663 3782 2736 Prosper
3809 2671 3871 2720 et

2211 2755 2452 2805 sanctus
2470 2751 2781 2824 Gregorius
2799 2757 2973 2824 atque
2987 2753 3332 2829 Ambrosius
3351 2753 3484 2808 inde
3501 2752 3710 2809 dicunt
3725 2769 3872 2826 pra:-

2210 2839 2626 2908 termittamus,
2651 2841 2708 2896 S.
2735 2840 3082 2897 Ccelestinus
3129 2841 3270 2897 dicit
3303 2859 3316 2896 ε
3343 2864 3371 2892 ‹‹
3403 2841 3466 2897 In
3515 2841 3868 2914 praevarica-

2211 2926 2390 2983 tionis
2420 2929 2710 3000 profuuda
2738 2929 3030 2986 dimersus
3069 2930 3202 2986 huic
3245 2929 3426 2986 ruinae
3465 2931 3872 3002 subjacuisset

2213 3031 2548 3088 oppressus,
2569 3017 2680 3072 nisi
2702 3033 2836 3073 eum
2860 3024 2993 3090 post
3013 3018 3226 3075 Christi
3248 3035 3352 3092 pro
3373 3035 3482 3074 sua
3499 3017 3693 3091 gratia
3713 3018 3872 3076 rele-

2211 3109 2404 3160 vasset
2422 3106 2724 3162 adventus.
2743 3107 2805 3160 In
2827 3106 3315 3178 praevaricationis
3332 3106 3548 3180 quippe
3569 3108 3708 3179 prof
3707 3107 3873 3164 unda

2211 3191 2394 3248 libero
2411 3193 2648 3249 arbitrio
2663 3194 2954 3250 dimersus
2976 3195 3224 3251 liberum
3243 3195 3502 3267 corrupit
3518 3195 3841 3252 arbitrium
3855 3241 3871 3266 ,

464 3283 752 3355 quosdam
781 3282 840 3336 in
873 3283 1170 3338 interitum
1205 3283 1670 3354 praedestinasse,
1693 3283 1971 3355 quoniam
2003 3283 2103 3354 qui
2133 3269 2178 3335 (ἶ
2215 3286 2273 3336 et
2301 3282 2472 3338 ruina
2493 3283 2698 3354 jacens
2727 3301 3044 3356 oppressus
3075 3285 3215 3340 utile
3245 3283 3355 3341 sibi
3387 3285 3688 3357 providere
3719 3286 3874 3358 quid

464 3387 668 3428 omnes
699 3371 964 3427 homines
987 3371 1110 3428 vult
1139 3372 1328 3428 salvos
1348 3372 1470 3428 fieri
1495 3376 1550 3427 et
1573 3372 1864 3427 neminem
1894 3371 2100 3442 perire,

464 3460 759 3516 neminem
793 3461 1114 3518 credendus
1153 3465 1242 3516 est
1279 3461 1351 3516 ad
1391 3461 1776 3532 perditionem
1807 3461 2102 3532 praedesti-

463 3567 655 3606 nasse.
677 3549 839 3605 Sicut
870 3566 1048 3620 supra
1076 3549 1452 3620 apostolicam
1486 3553 1748 3605 tenentes
1779 3548 2102 3604 doctrinam

463 3638 890 3694 commilitones
903 3656 968 3693 ac
979 3639 1366 3694 comministri
1381 3638 1843 3694 uostridocuisse
1861 3655 2104 3694 noscun-

462 3732 579 3782 tur.
599 3727 738 3783 Etsi
761 3745 893 3782 cum
921 3727 1016 3782 tali
1041 3727 1328 3782 sententia
1353 3728 1423 3781 ad
1448 3726 1912 3798 illiusjudicium
1933 3744 2117 3786 vene-.

463 3819 566 3886 ris,
586 3818 738 3874 scias
759 3834 862 3888 pro
880 3821 1036 3872 certo
1055 3816 1192 3887 quia
1213 3833 1327 3870 non
1349 3815 1512 3870 clava
1532 3815 1824 3883 Herculea,
1852 3817 1951 3872 sed
1975 3833 2102 3888 qua}

463 3905 717 3978 amplius
744 3910 950 3978 pensat
971 3903 1290 3980 apostolica
1316 3903 1710 3973 ferula,talem
1733 3906 1792 3960 in
1815 3905 2002 3977 capite
2021 3906 2100 3960 ic-

461 4000 588 4050 tum
610 3995 882 4067 accipies,
901 3998 967 4049 ut
988 3995 1141 4049 I40
1159 3993 1248 4048 vix
1267 3997 1369 4048 aut
1391 4010 1694 4064 nunquam
1715 3993 2100 4066 ulteriusjam

462 4101 755 4156 resurgas.
772 4089 846 4140 De
867 4083 976 4138 hoc
993 4082 1246 4154 capitulo
1264 4083 1406 4138 satis
1423 4082 1480 4136 in
1499 4083 1852 4154 supradictis
1870 4100 2103 4154 respon-

462 4174 679 4229 dimus.
703 4175 773 4229 Et
803 4190 872 4230 ne
901 4173 1058 4228 dicat
1079 4190 1184 4229 nos
1205 4172 1467 4244 complex
1487 4172 1734 4244 quilibet
1753 4171 2100 4245 composito-

462 4262 544 4318 ris
575 4261 817 4333 capituli
848 4261 1096 4334 pleniter
1119 4279 1232 4317 non
1255 4263 1327 4318 ad
1349 4261 1549 4318 omnia
1569 4261 2104 4334 respondisse,quia

461 4352 577 4406 duo
595 4353 824 4406 tantum
847 4367 915 4404 ex
940 4348 1120 4404 libero
1141 4349 1379 4405 arbitrio
1401 4350 1472 4405 de
1492 4349 1682 4406 verbis
1711 4349 1900 4406 sancti
1923 4349 2099 4406 Coale-

460 4439 598 4496 stini
628 4439 688 4495 in
711 4439 972 4512 Capitulo
993 4456 1027 4494 a
1055 4438 1222 4494 nobis
1242 4443 1508 4511 excerpto
1534 4438 2100 4511 posuimus,quando

461 4529 715 4585 diximus
739 4545 786 4584 ;‹‹
814 4529 1105 4584 Habemus
1127 4527 1376 4584 liberum
1399 4527 1731 4597 arbitrium,
1755 4526 1894 4600 quia
1911 4529 2100 4600 gratia

2213 3375 2428 3443 posset,
2463 3372 2576 3428 nisi
2613 3388 2746 3427 eum
2777 3371 2987 3428 Christi
3031 3373 3220 3445 gratia
3247 3372 3546 3440 relevaret,
3598 3379 3867 3442 sanaret,

2213 3465 2387 3531 atque
2415 3459 2795 3526 illuminaret,
2829 3466 2886 3516 et
2923 3462 2994 3516 de
3031 3461 3402 3531 imprudente
3432 3461 3742 3532 providum
3777 3464 3872 3518 fa-

2213 3549 2407 3605 ceret?
2431 3571 2452 3598 ιο
2486 3549 2600 3604 Nec
2649 3549 2785 3604 hinc
2817 3567 2850 3605 a
2879 3549 3164 3606 catholico
3212 3566 3387 3606 sensu
3438 3555 3494 3606 et
3542 3549 3873 3608 catholico-

2212 3653 2342 3690 rum
2372 3637 2582 3704 verbis,
2616 3637 2834 3709 gratias
2875 3637 3072 3709 gratiae
3118 3637 3504 3710 sempiternae,
3534 3637 3619 3692 vel
3651 3637 3713 3692 in
3747 3638 3862 3694 ali-

2213 3742 2326 3796 quo
2361 3726 2740 3781 doviavimus.
2771 3728 2832 3780 ϐο
2859 3725 3162 3798 subjunxit
3195 3742 3241 3782 :u
3278 3727 3552 3782 Fatemur
3598 3725 3863 3798 gratiam

2212 3815 2310 3869 Dei
2343 3819 2400 3870 et
2429 3815 2783 3885 adiutorium
2827 3815 3004 3870 etiam
3053 3815 3125 3870 ad
3177 3814 3440 3888 singulos
3489 3819 3654 3870 actus
3705 3816 3869 3884 dari,

2211 3905 2357 3958 141
2405 3920 2651 3975 eamque
2685 3920 2798 3958 non
2843 3904 2967 3958 dari
3018 3903 3342 3960 secundum
3391 3903 3600 3960 merita
3637 3909 3873 3976 nostra,

2213 3997 2278 4047 ut
2304 4009 2438 4048 vera
2469 3992 2544 4048 sit
2571 3993 2780 4064 gratia,
2805 3993 2858 4048 id
2895 3997 2983 4049 est
3025 3992 3208 4066 gratis
3239 3993 3375 4049 data
3422 4009 3525 4064 per
3570 3993 3700 4065 ejus
3751 3996 3874 4050 mi-

2210 4081 2585 4137 sericordiam
2608 4081 2710 4154 qui
2740 4080 2918 4136 dixit:
2943 4082 3260 4138 Miserebor
3289 4082 3384 4138 cui
3423 4082 3702 4138 misertus
3735 4100 3867 4155 ero,

2209 4175 2268 4226 et
2297 4169 2756 4226 misericordiam
2787 4171 3072 4242 praestabo
3112 4171 3207 4227 cui
3251 4169 3582 4228 misericors
3613 4172 3808 4229 fuero.
3835 4195 3868 4224 ››

2210 4258 2339 4314 Haec
2369 4259 2484 4313 duo
2516 4259 2790 4331 capitula,
2819 4259 3133 4331 septimum
3166 4263 3223 4316 et
3251 4263 3540 4326 octavum,
3573 4259 3634 4314 in
3665 4277 3868 4319 unum

2209 4347 2490 4419 copulans
2546 4349 2617 4404 de
2673 4349 2891 4421 synodo
2941 4348 3250 4406 Palaestina
3293 4353 3496 4404 contra
3551 4348 3870 4424 Pelagium

2209 4438 2364 4493 dicta
2393 4439 2733 4509 assumpsit.
2757 4442 2923 4494 Forte
2951 4439 3275 4512 lethargica
3312 4439 3584 4512 passione
3614 4455 3872 4512 oppres-

2208 4544 2339 4596 sus,
2393 4532 2494 4582 aut
2546 4527 2794 4584 Silenico
2852 4528 3132 4585 cantharo
3194 4527 3516 4595 debriatus,
3567 4530 3875 4588 memoria

459 4611 791 4686 liberatum,
816 4623 872 4674 et
903 4617 1092 4690 gratia
1111 4617 1182 4673 de
1211 4620 1480 4690 corrupto
1511 4621 1836 4686 sanatum,»
1867 4617 1938 4674 de
1965 4617 2096 4674 aliis
2124 4629 2174 4697 Ι)
2207 4620 2437 4672 mortua
2465 4618 2771 4689 ignoravit,
2805 4617 2944 4689 quia
2973 4617 3032 4672 in
3065 4617 3235 4674 tertio
3265 4621 3323 4673 et
3351 4621 3556 4688 quarto
3587 4615 3874 4690 Capitulo

460 4725 588 4780 qum
649 4713 888 4763 sanctus
940 4706 1286 4763 Coelestinus
1337 4709 1562 4780 posuit,
1613 4709 2105 4780 superaddamus.

459 4796 615 4853 Dixit
647 4797 800 4852 enim
828 4814 878 4852 ;‹‹
911 4797 990 4853 De
1019 4798 1325 4854 tenebroso
1365 4797 1648 4866 lucidum,
1674 4800 1909 4870 quando
1939 4805 2106 4858 tene-

458 4888 701 4944 brosum
731 4885 861 4953 fuit,
885 4890 1224 4957 corruptum
1273 4887 1397 4942 sine
1447 4886 1624 4942 dubio
1679 4887 1788 4942 fuit
1821 4905 1832 4944 :
1867 4892 2100 4960 quando

457 4977 656 5032 lumen
690 4975 922 5048 recepit,
949 4976 1258 5031 sanitatem
1282 4977 1520 5049 accepit.
1539 4977 1626 5032 De
1657 4994 1832 5048 pravo
1855 4983 2096 5045 rectum,

458 5066 694 5137 quando
725 5081 970 5137 parvum
1013 5063 1145 5132 fuit,
1167 5069 1508 5138 corruptum
1553 5065 1678 5121 sine
1709 5065 1884 5121 dubio
1938 5067 2049 5122 fuit
2081 5085 2094 5122 ε

458 5155 692 5225 quando
714 5159 1036 5209 recreatum
1065 5155 1254 5227 gratia
1267 5155 1368 5210 Dei
1387 5154 1514 5221 fuit,
1531 5153 1926 5224 proculdubio
1948 5157 2096 5210 sani-

457 5247 638 5299 tatem
661 5243 894 5314 recepit.
923 5244 999 5298 De
1028 5243 1304 5316 languido
1337 5243 1817 5314 sanum,quando
1840 5243 1949 5299 fuit
1979 5243 2098 5300 lan-

457 5331 724 5404 guidum,
757 5333 867 5388 fuit
892 5333 1017 5388 sine
1049 5332 1408 5387 dubitatione
1441 5338 1780 5403 corruptum
1813 5349 1826 5388 :
1861 5335 2094 5406 quando

457 5420 767 5476 sanitatem
799 5422 1036 5494 recepit,
1063 5425 1334 5476 sanatum
1367 5437 1432 5476 ac
1461 5437 1563 5490 per
1591 5419 1698 5476 hoc
1730 5439 1939 5477 sanum
1971 5424 2096 5480 sine

457 5511 634 5566 dubio
663 5512 790 5566 fuit.
813 5513 883 5566 Et
903 5511 1041 5582 quia
1071 5511 1230 5566 aliud
1262 5511 1341 5566 sit
1369 5527 1604 5577 sanum,
1628 5509 1785 5566 aliud
1819 5511 1896 5566 sit
1924 5530 2094 5568 sana-

454 5605 604 5666 tum,
620 5599 774 5656 sicut
792 5605 849 5656 et
870 5599 1028 5656 aliud
1051 5598 1332 5664 sanabile,
1356 5602 1412 5654 et
1431 5597 1590 5654 aliud
1613 5604 1914 5667 sanum,et
1936 5600 2092 5656 aliud

455 5689 795 5761 reparabile,
816 5689 973 5744 aliud
997 5694 1352 5762 reparatum,
1373 5688 1615 5762 Prosper
1634 5688 1692 5744 in
1723 5688 1870 5746 libro
1893 5707 2098 5747 secun-

455 5779 780 5862 spondendi
812 5779 1222 5837 necessitatem
1267 5777 1528 5850 abstulit,
1554 5779 1653 5836 sed
1685 5777 2013 5839 libertatem
2043 5781 2094 5840 si

2217 4707 2368 4762 beati
2401 4705 2704 4762 Cwlestini'
2725 4706 2806 4761 illi
2828 4707 2954 4778 jam
2976 4706 3296 4778 scripserit,
3319 4724 3354 4762 a
3372 4705 3587 4778 quibus
3609 4723 3720 4763 nos
3741 4725 3874 4767 non

2216 4796 2582 4852 discordasse
2611 4793 3086 4850 monstravimus.
3106 4798 3165 4850 7°
3186 4819 3214 4846 ‹‹
3251 4795 3524 4851 Fatemur
3551 4809 3679 4851 esse
3711 4795 3874 4854 libe-

2211 4901 2342 4940 rum
2375 4883 2947 4950 arbitrium,etiamsi
2973 4884 3166 4940 divino
3195 4883 3454 4956 indigeat
3483 4883 3808 4955 adjutorio,
3840 4910 3874 4937 ››

2208 4974 2279 5028 Et
2309 4973 2417 5028 hoc
2457 4971 2800 5043 capitulum,
2836 4972 2897 5027 in
2937 4974 3166 5046 Synodo
3205 4972 3512 5028 Palaestina
3541 4972 3872 5044 dicimum,

2208 5062 2574 5133 interponere
2631 5061 2978 5132 procuravit,
3012 5063 3082 5117 de
3129 5079 3244 5134 quo
3290 5078 3396 5117 nos
3443 5060 3582 5117 fassi
3616 5078 3870 5135 sumus,

2207 5151 2392 5222 quia«
2418 5150 2703 5204 habemus
2734 5149 2984 5206 liberum
3017 5151 3323 5206 arbitrium
3355 5151 3428 5206 ad
3461 5152 3681 5207 bonum
3715 5169 3876 5224 pra-

2203 5243 2442 5296 ventum
2467 5243 2524 5294 et
2545 5239 2814 5310 adjutum
2835 5240 3105 5311 gratia,et
3125 5239 3410 5296 habemus
3429 5239 3680 5294 liberum
3706 5243 3878 5299 arbi-

2205 5329 2404 5397 trium,
2430 5328 2569 5401 quia
2598 5329 2786 5400 gratia
2815 5327 3150 5397 liberatum,
3177 5335 3235 5385 et
3263 5330 3451 5402 gratia
3475 5329 3545 5385 de
3574 5337 3875 5404 corrupto

2205 5423 2534 5476 sanatum.»
2558 5417 2643 5472 Ad
2669 5417 2789 5472 haec
2821 5421 3041 5489 autem,
3064 5422 3120 5474 et
3145 5420 3217 5474 ad
3239 5418 3338 5474 illa
3359 5435 3486 5490 quae
3519 5418 3873 5494 subjungit,

2203 5508 2385 5582 gratis
2401 5506 2822 5578 respondemus
2838 5505 2976 5578 quia
2984 5507 3110 5578 jam
3127 5509 3260 5564 inde
3278 5507 3691 5580 respondimus
3715 5526 3728 5562 :
3751 5513 3876 5570 sed

2203 5597 2394 5654 adhuc
2425 5595 2775 5668 respondere
2801 5612 2917 5650 non
2951 5597 3363 5665 detrectamus,
3387 5595 3526 5670 quia
3559 5596 3876 5670 scriptum

2203 5691 2336 5744 est:
2371 5685 2532 5754 Quod
2583 5685 3084 5758 supererogaveris
3124 5703 3228 5760 ego
3260 5703 3395 5742 cum
3443 5685 3668 5742 rediero
3722 5689 3877 5746 red-

2203 5779 2340 5837 dam
2371 5775 2499 5836 tibi.
2524 5775 2772 5834 Sanctus
2798 5773 2953 5833 enim
2975 5775 3320 5835 Coelestinus
3351 5774 3521 5836 nobis
3541 5791 3612 5833 ex
3641 5773 3741 5838 his
3775 5794 3880 5844 re.
