4020 6474
459 463 576 524 207

1395 461 1773 524 HINCMARI
1817 460 2264 522 BHEMENSIS
2309 457 2920 520 ARCHIEPISCOPI.

3744 457 3858 516 208

463 617 492 646 α
526 595 630 661 Qui
681 611 817 666 ergo
865 594 1049 650 Adam
1101 611 1214 650 non
1267 593 1475 650 habuit
1525 593 1627 650 Dei
1658 592 1950 667 gratiam?
1978 593 2102 648 Imo
2130 595 2184 662 Α
2214 590 2622 646 Manifestatur
2649 589 2804 645 enim
2853 606 2939 658 eo,
2990 589 3145 660 quod
3197 587 3504 644 arbitrium
3543 585 3862 644 voluntatis

458 701 592 740 vero
623 683 832 739 habuit
869 700 1168 755 magnam,
1215 684 1315 740 sed
1367 685 1684 756 disparem.
1706 682 1820 738 IIlle
1851 683 1910 737 in
1941 680 2111 738 bonis

461 777 587 828 erat
617 789 742 844 quae
775 771 1036 826 bonitate
1069 771 1160 827 sui
1195 771 1512 828 conditoris
1562 774 1882 844 acceperat.
1915 771 2111 842 Neque

463 861 620 917 enim
653 877 720 916 ea
750 861 985 928 bona,et
1013 859 1110 916 ille
1137 861 1261 917 suis
1287 859 1514 916 meritis
1543 862 1998 932 comparaverat,
2052 857 2112 912 in

465 949 684 1021 quibus
715 965 957 1021 prorsus
992 947 1222 1004 nullum
1255 949 1590 1022 patiebatur
1636 948 1882 1004 malum.
1916 947 2112 1003 Sancti

463 1053 598 1092 vero
630 1037 688 1091 in
719 1037 828 1092 hac
857 1038 994 1106 vita,
1030 1038 1102 1093 ad
1134 1055 1282 1110 quos
1313 1039 1564 1110 pertinet
1593 1037 1954 1094 liberationis
1994 1037 2114 1092 haec

467 1125 746 1199 gratia,in
777 1124 950 1182 malis
981 1131 1141 1194 sunt,
1171 1143 1240 1182 ex
1269 1128 1486 1199 quibus
1517 1127 1772 1183 clamant
1801 1127 1873 1183 ad
1920 1126 2114 1182 Domi-

467 1231 613 1270 num
645 1231 659 1269 :
694 1215 892 1271 Libera
919 1232 1018 1272 nos
1049 1233 1082 1271 ιι
1110 1217 1253 1272 male
1285 1215 1490 1285 (Matth.
1517 1215 1738 1287 v1).llle
1769 1215 1828 1270 in
1859 1213 1977 1270 illis
2009 1215 2116 1269 bo-

468 1303 562 1360 nis
593 1303 802 1360 Christi
837 1308 1023 1360 morte
1046 1322 1161 1361 non
1185 1305 1374 1379 eguit:
1393 1305 1540 1361 istos
1565 1321 1598 1359 a
1618 1307 1781 1360 reatu
1803 1307 1862 1359 et
1881 1301 2119 1358 haeredi-

468 1391 617 1448 tario
646 1395 704 1448 et
728 1393 962 1465 proprio
985 1392 1146 1450 illius
1167 1393 1315 1466 Agni
1345 1393 1588 1466 sanguis
1608 1390 1979 1448 absolvit.llle
2001 1407 2116 1446 non

470 1497 618 1552 opus
648 1479 902 1537 habebat
931 1497 996 1537 eo
1029 1481 1299 1552 ajutorio.
1325 1481 1487 1548 Quod
1519 1479 1834 1552 implorant
1863 1479 1959 1536 isti
1983 1495 2117 1535 cum

470 1568 674 1624 dicunt
692 1569 870 1626 :Video
889 1571 1058 1626 aliam
1079 1571 1248 1643 legem
1275 1571 1336 1626 in
1363 1569 1620 1626 membris
1646 1571 1782 1626 meis
1811 1585 2120 1641 repugnan-

471 1665 577 1714 tem
605 1659 712 1730 legi
734 1659 930 1714 mentis
956 1675 1116 1728 mea),
1147 1667 1198 1715 et
1224 1660 1582 1730 captivantem
1623 1675 1709 1714 me
1759 1659 1820 1714 in
1860 1659 1973 1730 lege
1992 1673 2120 1730 pec-

469 1748 578 1802 cati
606 1761 732 1818 qua?
759 1755 838 1802 est
867 1749 926 1801 in
955 1746 1196 1802 menbris
1226 1749 1382 1802 meis.
1407 1747 1613 1818 Infelix
1641 1763 1744 1819 ego
1773 1746 1948 1816 homo,
2001 1747 2124 1818 quis

467 1850 554 1891 me
583 1835 835 1892 liberabit
863 1835 928 1891 de
957 1852 1176 1907 corpore
1203 1837 1392 1892 mortis
1423 1835 1624 1908 hujus?
1663 1836 1847 1892 Gratia
1891 1836 1992 1892 Dei
2025 1851 2124 1908 per

469 1923 651 1980 Iesum
697 1924 974 1981 Christum
1019 1926 1311 1982 Dominum
1359 1933 1606 1982 nostrum
1653 1926 1826 1998 (Rom.
1858 1943 1959 1993 vn,
2003 1926 2119 1992 23).

2219 698 2432 738 sanum
2464 679 2652 752 primo
2683 677 2906 733 homini
2937 679 3126 733 fuerat
3155 679 3380 746 datum,
3404 682 3462 732 et
3491 677 3551 732 in
3581 675 3682 732 illo
3713 675 3868 732 inﬁn

2221 773 2534 836 matum,et
2564 767 2717 840 quod
2752 767 3070 824 amisssum
3104 783 3219 822 non
3251 769 3440 838 potest
3469 764 3727 838 reparari
3758 763 3870 820 nisi

2221 873 2326 930 per
2352 855 2600 930 gratiam
2632 854 2932 927 baptismi,
2967 872 3081 928 quo
3129 857 3516 910 renascuntur
3544 853 3746 910 fideles
3777 870 3870 909 eo-

2222 945 2356 1000 dem
2387 944 2743 1017 spiritu,quo
2776 947 2833 999 et
2865 943 3132 1000 conditor
3161 947 3216 1000 et
3249 946 3546 1015 reparator
3566 947 3766 998 noster
3786 947 3875 998 est

2222 1033 2696 1104 natus,idemque
2708 1031 3025 1088 voluntatis
3047 1031 3356 1088 arbitrium
3371 1032 3441 1088 ab
3457 1031 3582 1104 ipso
3607 1030 3876 1088 ﬁdelibus

2221 1122 2510 1191 redditur,
2541 1139 2657 1194 quo
2689 1122 2877 1195 primo
2929 1121 3152 1177 homini
3201 1123 3389 1177 fuerat
3433 1121 3660 1176 datum.
3702 1119 3878 1178 Plena

2220 1227 2354 1266 vero
2387 1209 2611 1267 sanitas
2641 1215 2817 1282 atque
2849 1211 3100 1282 perfecta
3133 1209 3376 1265 libertas
3405 1226 3563 1265 nunc
3605 1209 3878 1266 fidelibus

2221 1299 2490 1356 redditur
2516 1299 2576 1356 in
2608 1316 2730 1371 spe,
2765 1299 2826 1354 in
2858 1299 3077 1368 futuro,
3109 1315 3245 1354 cum
3277 1298 3592 1354 novissime
3640 1297 3879 1356 inimica

2224 1389 2523 1444 destructa
2551 1387 2728 1444 fuerit
2758 1403 2937 1455 mors,
2972 1387 3030 1442 in
3064 1405 3144 1452 re,
3179 1387 3329 1443 sicut
3361 1387 3649 1460 scriptum
3673 1393 3881 1460 est,spe

2219 1477 2362 1534 salvi
2386 1480 2522 1550 facti
2547 1494 2755 1534 sumus.
2785 1477 2932 1532 Nam
2963 1477 3226 1549 quandiu
3256 1476 3351 1532 hic
3383 1477 3709 1533 mortaliter
3735 1477 3850 1532 vivi

2227 1583 2525 1636 mus,cum
2557 1571 2744 1622 morte
2774 1565 3167 1639 confligimus,
3201 1564 3302 1620 ubi
3333 1583 3543 1638 corpus
3575 1565 3734 1638 quod
3763 1583 3883 1624 cor-

2225 1655 2527 1728 rumpitur
2558 1659 2833 1729 aggravat
2863 1655 3207 1722 animam,ct
3237 1654 3513 1728 deprimit
3539 1659 3772 1712 terrena
3801 1655 3884 1714 in-

2227 1744 2450 1800 habitio
2502 1761 2742 1800 sensum
2792 1743 2983 1799 multa
3029 1743 3402 1816 cogitantem.
3438 1741 3544 1798 Ubi
3579 1760 3714 1800 caro
3746 1761 3884 1801 con-

2229 1832 2476 1905 cupiscit
2489 1834 2768 1890 adversus
2780 1832 3322 1905 spiritum,spiritus
3335 1833 3614 1888 adversus
3625 1849 3884 1902 carnem,

2232 1925 2296 1978 ut
2324 1939 2438 1978 non
2462 1940 2822 1996 quaecunque
2843 1923 3113 1978 volumus
3134 1921 3237 1978 illa
3258 1922 3678 1980 faciamus.Ubi
3700 1923 3887 1980 inter-

473 1971 650 1980 .-......-
700 1971 972 1981 “ne”..-
1019 1971 1311 1982 --.....-.....
1361 1971 1604 1982 ..νυν
1655 1971 1826 1998 ,-.-....
1871 1971 1959 1993 ...,
2004 1971 2119 1992 _v,.
2237 1971 2294 1978 _-
2324 1971 2821 1996 -----.,_..-_---,_-
2855 1971 3846 1980 .--τ-,η---μηη---ηη---.ηη

473 2014 757 2080 Quoniam
779 2015 838 2069 in
863 2015 946 2071 eis
971 2031 1102 2071 caro
1133 2015 1497 2086 concupiscit
1521 2015 1800 2071 adversus
1827 2014 2122 2086 spiritum,
2154 1971 2202 2037 Β
2233 2011 2375 2067 dum
2407 2011 2691 2068 habemus
2720 2011 3075 2080 deserentes,
3106 2011 3352 2084 ideoque
3381 2011 3570 2083 gratia
3590 2012 3755 2084 justo
3787 2013 3887 2070 de-

474 2108 534 2160 et
559 2101 802 2175 spiritus
831 2103 1110 2158 adversus
1133 2107 1573 2174 carnem,atque
1599 2103 1657 2158 in
1685 2102 1786 2158 tali
1811 2102 2126 2158 certamine

476 2189 808 2246 laborantes
837 2208 902 2246 ac
932 2190 1330 2262 periclitantes
1357 2191 1482 2246 dari
1515 2191 1624 2246 sibi
1659 2191 1957 2263 pugnandi
1997 2191 2122 2246 vin-

478 2279 760 2351 cendique
787 2279 1059 2334 virtutem
1091 2296 1194 2352 per
1222 2279 1436 2335 Christi
1467 2279 1715 2351 gratiam
1751 2277 2124 2351 poscunt.llle

475 2367 801 2436 vero,nulla
830 2367 928 2422 tali
965 2367 1088 2423 rixa
1117 2386 1151 2423 a
1181 2369 1371 2440 seipse
1404 2369 1681 2424 adversus
1711 2368 1971 2441 seipsum
2004 2373 2124 2424 ten-

477 2459 634 2512 tatus
667 2461 840 2528 atque
861 2455 1218 2523 turbatus,in
1243 2455 1340 2512 illo
1364 2456 1745 2512 beatitudinis
1765 2455 1889 2512 loco
1912 2473 2019 2512 sua
2040 2473 2124 2511 se-

478 2561 612 2600 cum
643 2561 784 2616 pace
811 2545 1132 2600 fruebatur.
1166 2545 1411 2600 Proinde
1459 2545 1566 2600 etsi
1616 2563 1732 2600 non
1764 2545 1994 2600 interim
2025 2544 2120 2600 lae-

478 2633 646 2700 tiore,
679 2650 836 2688 nunc
864 2651 998 2688 vero
1029 2638 1225 2688 tamen
1257 2633 1579 2706 potentiore
1627 2634 1814 2706 gratia
1857 2633 2123 2706 indigent

476 2721 597 2778 isti.
629 2723 699 2778 Et
728 2739 855 2794 quze
886 2721 1194 2794 potentior,
1229 2739 1407 2794 quam
1433 2721 1528 2778 Dei
1552 2721 1888 2796 unigenitus
1914 2721 2118 2788 Filius,

477 2809 717 2882 aequalis
747 2811 900 2866 Patri
933 2816 991 2867 et
1021 2816 1361 2878 coaeternus,
1396 2829 1498 2884 pro
1525 2812 1608 2868 eis
1638 2811 1812 2868 homo
1840 2813 2048 2880 factus,
2065 2817 2122 2868 et

474 2897 525 2955 si
557 2898 683 2955 sine
711 2916 817 2956 suo
848 2899 968 2956 ullo
995 2899 1085 2956 vel
1119 2899 1387 2972 originali
1408 2901 1494 2956 vel
1524 2901 1756 2974 proprio
1784 2901 2118 2973 peccato,ab

473 2987 812 3045 hominibus
843 2989 1247 3062 peccatoribus
1295 2989 1646 3046 cruciﬁxus?
1692 2989 1801 3056 Qui
1849 2989 2116 3062 quamvis

473 3077 646 3133 tertia
677 3077 770 3133 die
801 3078 1117 3134 resurrexit
1147 3095 1450 3150 nunquam
1485 3079 1807 3133 moriturus
1848 3077 2115 3148 ulterius,

471 3165 714 3238 pertulit
738 3170 934 3222 tamen
967 3183 1070 3238 pro
1101 3165 1450 3222 mortalibus
1473 3171 1718 3222 mortem
1743 3167 1842 3238 qui
1869 3165 2115 3222 mortuis

473 3254 744 3326 praestitit
763 3253 1036 3322 vitam,ut
1063 3255 1345 3326 redempti
1378 3257 1506 3327 ejus
1527 3255 1834 3328 sanguine,
1857 3259 2016 3311 tanto
2047 3273 2113 3310 ac

2233 2101 2394 2172 serti,
2446 2100 2663 2157 librum
2713 2100 3022 2156 arbitrium
3064 2101 3309 2172 justitize
3357 2099 3610 2156 liberum
3662 2101 3889 2173 peccati

2231 2207 2484 2259 servum,
2519 2191 2671 2246 sicut
2700 2192 3061 2246 demonstrat
3091 2189 3404 2262 Apostolus
3435 2190 3636 2246 dicens
3683 2207 3696 2246 :
3751 2191 3888 2248 Cum

2230 2281 2378 2334 enim
2397 2281 2542 2345 servi
2571 2281 2752 2336 essetis
2778 2279 3174 2352 pcecati,liberi
3200 2280 3385 2350 fuistis
3419 2281 3674 2351 justitiw.
3709 2284 3890 2354 Quem

2230 2384 2354 2439 ergo
2400 2370 2640 2438 fructum
2688 2368 2956 2424 habuistis
3005 2375 3132 2424 tunc
3160 2369 3219 2423 in
3249 2367 3360 2436 his,
3388 2370 3449 2422 in
3493 2369 3691 2440 quibus
3733 2386 3890 2427 nunc

2228 2455 2586 2511 erubescitis?
2617 2457 2788 2528 (Rom.
2820 2475 2898 2526 v1,
2929 2456 3044 2529 21.)
3073 2457 3219 2512 Nam
3271 2456 3407 2514 finis
3455 2457 3692 2512 illorum
3725 2475 3888 2516 mors

2229 2548 2336 2599 est.
2372 2543 2670 2601 Interdum
2702 2549 2896 2600 autem
2927 2545 3236 2613 habemus,
3267 2545 3456 2618 gratia
3501 2547 3782 2618 praeventi
3829 2553 3890 2604 et

2229 2631 2415 2703 adjuti
2442 2631 2691 2688 liberum
2719 2633 3050 2701 arbitrium,
3083 2633 3305 2706 peccati
3333 2633 3606 2708 liberum,
3633 2637 3890 2708 justitia:

2228 2737 2482 2788 servum,
2516 2721 2668 2778 sicut
2696 2721 2908 2778 iterum
2951 2722 3106 2778 idem
3155 2724 3518 2781 demonstrat
3564 2727 3890 2798 Apostolus

2225 2808 2424 2866 dicens
2458 2827 2471 2865 :
2502 2812 2658 2867 Nunc
2709 2829 2830 2868 vero
2879 2812 3097 2869 liberati
3142 2830 3177 2868 a
3219 2821 3452 2886 peccato,
3495 2815 3639 2872 servi
3693 2825 3888 2874 autem

2222 2899 2354 2968 facti
2381 2899 2724 2969 Deo,habetis
2751 2903 2994 2973 fructum
3021 2904 3337 2958 vestrumin
3364 2905 3882 2977 sanctiﬁcationem,

2221 2986 2386 3056 ﬁnem
2425 3004 2548 3045 vero
2588 2991 2757 3046 vitam
2801 2998 3060 3046 aeternam
3107 2991 3291 3060 (ibid.,
3321 2992 3437 3061 22).
3488 2993 3635 3049 Cum
3666 3000 3876 3053 autem

2221 3075 2464 3133 mortale
2476 3076 2856 3134 hoeinduerit
2870 3078 3453 3146 immortalitatem,et
3465 3083 3810 3156 corruptivu
3829 3101 3890 3142 In

2221 3162 2330 3220 hoc
2363 3165 2619 3223 induerit
2647 3167 3142 3242 incorruptionem
3171 3171 3395 3226 venerit
3439 3172 3595 3244 quod
3645 3175 3877 3245 perfec-

2220 3256 2348 3308 tum
2379 3261 2488 3325 est,
2521 3257 2896 3314 evacuabitur
2923 3259 3079 3331 quod
3103 3275 3170 3314 ex
3201 3263 3365 3332 parte
3395 3265 3484 3316 est
3515 3260 3882 3322 habebimus

471 3341 574 3398 tali
623 3343 866 3414 pignore
911 3348 1144 3415 accepto
1195 3345 1446 3400 dicerem
1481 3363 1494 3400 :
1529 3345 1592 3400 Si
1619 3346 1759 3401 Deus
1800 3361 1900 3418 pro
1931 3345 2114 3414 nobis,
2148 3341 2192 3412 C
2227 3344 2366 3398 tunc
2395 3346 2648 3416 perfecte
2684 3345 2994 3404 arbitrium
3039 3346 3233 3404 liberae
3284 3347 3606 3407 voluntatis
3658 3351 3897 3412 scilicet

475 3433 598 3504 quis
628 3439 815 3487 contra
841 3435 977 3487 nos?
1008 3434 1104 3504 qui
1144 3435 1365 3506 proprio
1417 3434 1558 3489 Filio
1608 3450 1719 3489 non
1745 3435 2002 3506 pepercit,
2032 3435 2124 3490 sed

467 3535 571 3592 pro
591 3519 748 3576 nobis
777 3519 1026 3576 omnibus
1057 3521 1285 3576 tradidit
1314 3522 1496 3590 illum,
1529 3522 1788 3593 quomodo
1833 3539 1944 3578 non
2002 3540 2123 3578 cum

471 3609 570 3664 illo
615 3611 800 3664 omnia
851 3609 1007 3664 nobis
1061 3609 1316 3666 donarit?
1364 3611 1536 3681 (Rom.
1586 3629 1710 3679 vm,
1753 3610 1972 3684 31-32.)
2016 3612 2122 3667 Per

472 3695 628 3753 hunc
659 3697 1038 3754 mediatorem
1062 3703 1213 3754 Deus
1235 3698 1491 3754 ostendit
1512 3716 1610 3754 eos
1631 3717 1776 3770 quos
1807 3700 1934 3770 ejus
1966 3703 2119 3757 144

471 3787 755 3860 sanguine
785 3787 1030 3844 redemit
1061 3788 1248 3844 facere
1298 3805 1360 3844 se
1408 3805 1476 3842 ex
1524 3787 1694 3844 malis
1739 3789 2011 3862 deinceps
2057 3791 2118 3846 in

471 3880 750 3932 aeternum
799 3877 1004 3943 bonos,
1041 3893 1217 3948 quem
1271 3877 1356 3932 sic
1407 3877 1686 3949 suscepit,
1721 3882 1785 3934 ut
1815 3896 2118 3952 nunquam

470 3969 624 4020 esset
653 3964 869 4033 malus,
902 3982 1007 4020 nec
1037 3981 1107 4021 ex
1137 3965 1291 4021 malo
1323 3966 1514 4020 factus
1544 3982 1774 4038 semper
1820 3971 1973 4024 esset
2017 3969 2116 4026 bo-

471 4068 604 4120 nus,
658 4053 837 4108 Istam
913 4052 1160 4124 gratiam
1218 4070 1333 4108 non
1382 4053 1587 4108 habuit
1631 4055 1806 4110 homo
1863 4057 2112 4128 primus,

472 4153 589 4209 qua
616 4155 918 4212 nunquam
949 4138 1123 4195 vellet
1153 4157 1281 4196 esse
1311 4140 1503 4195 malus
1537 4159 1550 4196 :
1587 4143 1687 4198 sed
1718 4161 1856 4200 sane
1886 4144 2111 4217 habuit,

471 4227 533 4282 in
563 4243 681 4299 qua
709 4227 759 4284 si
788 4243 1127 4300 permanere
1155 4228 1346 4297 vellet,
1382 4247 1682 4302 nunquam
1714 4232 1906 4289 malus
1935 4239 2108 4290 esset.

475 4336 503 4367 «
533 4316 604 4370 Et
632 4314 771 4371 item
802 4315 1008 4372 beatus
1035 4317 1400 4390 Augustinus
1435 4334 1447 4372 :
1473 4342 1502 4369 «
1537 4319 1731 4376 Prima
1756 4321 1994 4378 libertas
2021 4341 2114 4380 vo-

469 4403 712 4462 luntatis
762 4409 903 4476 erat,
951 4422 1123 4479 posse
1173 4424 1288 4462 non
1335 4423 1620 4479 peccare:
1654 4410 1973 4468 novissima
2001 4413 2111 4469 erit

470 4492 654 4548 multo
684 4495 888 4566 major,
924 4511 1039 4550 non
1063 4511 1232 4566 posse
1263 4513 1499 4567 peccare
1530 4515 1542 4552 :
1580 4515 1706 4570 quae
1744 4501 1942 4556 futura
1987 4505 2110 4558 erat

469 4584 525 4637 et
553 4581 800 4652 homini,
833 4583 984 4638 sicut
1015 4582 1166 4639 facta
1194 4588 1284 4640 est
1313 4589 1370 4641 ct
1409 4585 1630 4658 angelis
1670 4588 1910 4659 sanctis,
1963 4607 2108 4646 mer-

469 4683 562 4728 ces
592 4669 802 4727 meriti.
837 4694 865 4723 »

1055 4805 1283 4862 CAPUT
1319 4807 1512 4864 XXIII.

461 4928 707 4998 Sequitur
734 4928 1032 4993 redargutio
1062 4930 1223 4992 ipsius
1253 4931 1622 4995 compilatoris,
1650 4947 1713 4982 ea:
1742 4933 1879 4984 beati
1907 4937 2105 5000 Augus-

490 5021 519 5040 -
790 5001 886 5051 lini
904 5003 954 5050 et
981 5003 1276 5050 ceterorum
1305 5001 1565 5052 doctorum
1596 5003 1779 5054 verbis.

531 5117 632 5174 His
653 5118 840 5174 sancti
861 5117 1175 5190 Augustini
1197 5117 1390 5175 verbis
1403 5119 1879 5178 manifestissime
1901 5123 2100 5196 claret,

461 5205 866 5263 rationabilius
897 5210 1162 5264 sanctam
1195 5208 1484 5280 synodum
1515 5211 1914 5280 composuisse
1945 5213 2100 5286 capi-

457 5293 669 5364 tulum,
700 5313 877 5368 quam
907 5297 1088 5353 istum
1121 5295 1410 5353 divisisse.
1453 5295 1598 5362 Quia
1645 5300 1796 5370 quod
1843 5303 2102 5374 synodus

458 5381 604 5438 dixit
636 5401 648 5438 :
677 5406 704 5434 ‹‹
737 5385 1056 5441 Arbitrium
1086 5385 1408 5442 voluntatis
1437 5384 1496 5440 in
1526 5385 1722 5457 primo
1744 5387 1979 5448 homine
2008 5391 2097 5448 in-

455 5469 893 5540 ﬁrmatum,nisi
922 5491 1024 5545 per
1053 5473 1304 5546 gratiam
1335 5473 1612 5545 baptismi
1645 5493 1758 5532 non
1789 5482 1978 5550 potest
2007 5498 2094 5538 re-

453 5558 667 5632 parari,
702 5562 853 5632 quod
885 5561 1170 5618 amissum
1203 5561 1316 5618 nisi
1346 5579 1380 5617 a
1410 5579 1524 5634 quo
1564 5565 1752 5636 potuit
1796 5567 1944 5640 dari,
1977 5587 2094 5626 non

451 5651 644 5721 potest
671 5649 852 5717 reddi,
890 5672 918 5699 »
950 5654 1139 5706 totum
1169 5649 1429 5706 continet
1461 5651 1742 5726 quidquid
1783 5657 1852 5712 ad
1905 5658 2090 5716 scien-

451 5735 595 5819 dum
609 5741 782 5816 atque
793 5739 1143 5799 credendum
1159 5739 1328 5798 nobis
1339 5739 1544 5800 exinde
1567 5747 1656 5802 est
1669 5746 2087 5807 necessarium.

2231 3433 2383 3488 145
2417 3433 2567 3490 nolle
2599 3453 2856 3507 peccare,
2907 3453 3021 3492 non
3053 3453 3224 3508 posse
3254 3453 3518 3509 peccare,
3551 3455 3668 3494 non
3711 3457 3897 3512 posse

2231 3521 2522 3589 mori,non
2554 3541 2724 3596 posse
2754 3526 2974 3582 bonum
3008 3525 3370 3582 deserere.Et
3397 3525 3457 3581 in
3488 3525 3580 3584 his
3601 3529 3897 3588 omnibus

2231 3610 2559 3668 adhaerente
2589 3614 2757 3670 nobis
2787 3614 3188 3670 misericordia
3219 3613 3532 3672 Salvatoris
3575 3618 3792 3688 nostri,
3825 3625 3900 3677 ut

2229 3698 2434 3754 beatus
2463 3702 2826 3774 Augustinus
2848 3701 3073 3772 dieit,in
3096 3721 3248 3776 saepe
3279 3710 3601 3760 memorato
3632 3705 3789 3764 libro
3811 3709 3895 3764 de

2229 3787 2598 3860 Correptione
2627 3796 2682 3847 et
2710 3792 3002 3862 Gratia,de
3050 3792 3479 3864 prmdestinatis
3521 3812 3534 3850 :
3570 3795 3714 3867 quia
3765 3797 3903 3856 sive

2226 3893 2361 3932 cum
2394 3884 2830 3950 convertuntur,
2864 3880 2982 3936 sive
3013 3899 3146 3937 cum
3178 3882 3535 3954 proeliantur,
3569 3883 3692 3940 sive
3741 3903 3894 3944 cum

2226 3973 2597 4024 coronantur.
2629 3969 2776 4025 Nam
2809 3973 2864 4025 et
2894 3975 3032 4025 tunc
3085 3969 3201 4027 illis
3251 3971 3352 4028 Dei
3381 3967 3897 4033 'misericordiam

2225 4057 2615 4113 necessariam
2647 4062 2848 4114 sancta
2879 4059 3181 4132 Scriptura
3211 4063 3479 4130 testatur,
3495 4061 3596 4116 ubi
3630 4069 3896 4124 sanctus

2223 4144 2295 4198 de
2325 4144 2570 4201 Domino
2597 4147 2712 4202 Deo
2743 4147 2884 4203 dicit
2921 4149 3129 4204 animae
3157 4167 3296 4217 suae,
3332 4153 3448 4224 Qui
3473 4161 3698 4210 coronat
3736 4162 3791 4210 te
3828 4157 3900 4212 in

2220 4234 2566 4290 miseratione
2593 4243 2644 4291 et
2664 4237 3041 4293 misericordia
3055 4237 3326 4309 (Psal.cn,
3360 4241 3434 4308 4).
3473 4241 3586 4296 lloc
3618 4239 3902 4301 liberum

2221 4321 2528 4378 arbitrium
2559 4323 2734 4380 homo
2783 4325 3008 4398 primus
3056 4326 3380 4397 habuisset,
3414 4329 3464 4384 si
3497 4328 3556 4383 in
3587 4345 3654 4385 eo
3688 4330 3894 4391 libero
3939 4321 3952 4330 ’

2219 4411 2458 4467 arbitrio
2474 4413 2627 4484 quod
2640 4413 2845 4470 habuit
2857 4415 3008 4470 sicut
3026 4418 3297 4488 potuerat
3315 4434 3460 4474 usus
3483 4417 3904 4486 fuisset,sicnt

2217 4499 2606 4572 praemisimus
2637 4502 2708 4558 de
2737 4503 2929 4559 verbis
2961 4505 3148 4560 sancti
3199 4506 3512 4578 Augustini
3544 4511 3689 4580 (cap.
3730 4510 3832 4582 11)
3871 4530 3890 4570 :

2217 4611 2244 4638 «
2278 4589 2424 4655 Quid
2455 4595 2594 4659 erat,
2631 4591 3091 4664 inquit,liberius
3121 4592 3302 4650 libero
3337 4595 3602 4663 arbitrio,
3632 4601 3896 4668 quando

2132 4712 2182 4780 Β
2213 4694 2328 4780 non
2359 4681 2628 4778 .potuerit
2673 4681 2885 4738 servire
2934 4687 3190 4755 peccato,
3225 4700 3352 4754 quae
3386 4684 3586 4741 futura
3636 4691 3774 4742 erat
3821 4694 3894 4748 et;

2213 4766 2458 4835 homini,
2489 4768 2642 4824 sicut
2689 4769 2840 4826 facta
2879 4775 2966 4827 est
3008 4774 3066 4826 et
3111 4770 3334 4845 angelis
3365 4772 3604 4844 sanctis,
3637 4789 3890 4836 merces

2213 4856 2407 4912 meriti
2421 4856 2596 4913 ‘lnSed
2631 4859 2982 4932 cuicumque
3014 4859 3483 4936 placet,henigno
3505 4861 3704 4919 animo
3727 4881 3892 4924 con-

2211 4947 2357 5002 ferat
2369 4946 2689 5018 capitulum
2703 4954 2902 5006 sancta
2911 4951 3202 5008 Arausicse
3219 4951 3426 5025 synodi
3447 4969 3581 5010 eum
3599 4955 3888 5027 capitulo

2211 5054 2246 5092 a
2273 5035 2441 5092 nobis
2473 5037 2544 5092 ad
2577 5053 2818 5094 sensum
2839 5041 3275 5114 excerpto,quia
3303 5041 3520 5098 librum
3537 5059 3652 5114 prae
3677 5047 3892 5102 mani-

2211 5125 2330 5190 bus,
2349 5128 2491 5180 tunc
2523 5143 2636 5182 non
2668 5127 3006 5198 habuimus,
3032 5130 3266 5201 quando
3294 5131 3404 5186 hoc
3434 5130 3767 5203 capitulum
3802 5137 3890 5195 de

2210 5213 2481 5270 sensibus
2518 5215 2970 5272 orthodoxorum
3019 5218 3236 5275 dictare
3285 5220 3470 5276 coacti
3519 5237 3755 5290 sumus,
3817 5229 3892 5282 et

2207 5301 2399 5358 videat
2425 5303 2474 5360 si
2496 5304 2556 5360 in
2579 5303 2772 5376 aliquo
2793 5304 2939 5361 illud
2962 5305 3246 5364 dictantes
3274 5325 3308 5364 a
3336 5307 3623 5365 catholica
3652 5309 3780 5366 ﬁde
3818 5319 3890 5371 et

2205 5391 2562 5462 expositione
2592 5393 2797 5465 synodi
2831 5394 3314 5453 discordavimus.
3349 5398 3620 5472 Synodus
3665 5399 3828 5458 dicit
3865 5420 3884 5458 :

2208 5481 2560 5536 «Arbitrium
2585 5480 2903 5538 voluntatis
2927 5483 2985 5539 in
3009 5485 3198 5558 primo
3219 5486 3455 5544 homine
3486 5487 3884 5549 inﬁrmatum

2203 5569 2317 5626 nisi
2348 5587 2452 5643 per
2479 5569 2726 5644 gratiam
2758 5572 3037 5644 baptismi
3061 5592 3176 5631 non
3199 5580 3390 5649 potest
3411 5575 3886 5651 reparari,quod

2138 5707 2142 5710 .
2201 5659 2488 5715 amissum
2519 5658 2632 5714 nisi
2661 5677 2694 5714 a
2723 5677 2838 5732 quo
2869 5663 3062 5734 potuit
3101 5663 3227 5720 dari
3275 5682 3390 5720 non
3440 5669 3632 5738 potest
3651 5658 3881 5726 ~reddi.

2199 5748 2360 5810 Unde
2391 5747 2620 5807 Veritas
2640 5748 2765 5824 ipse
2797 5751 3046 5810 dicit:5i
3073 5769 3162 5812 vos
3183 5755 3358 5814 Filius
3386 5754 3888 5826 liberaverit,tunc
