4020 6454
173 427 288 490 209

866 426 969 487 DE
1011 425 1770 487 PRIEDESTINATIONE
1815 425 2331 498 DlSSEltTA'l‘lO
2379 431 2839 496 POSTEBIOR.

3453 435 3574 498 210

171 576 293 619 rem
341 559 511 616 liberi
556 559 732 615 eritis.
784 581 814 610 «
848 558 918 614 Et
980 575 1087 616 nos
1133 558 1412 626 diximus,
1465 559 1817 615 Libertatem
1845 559 1905 628 Α
1933 564 2114 617 restat
2131 560 2450 620 liberandis
2476 562 2584 620 nisi
2605 565 3324 638 gratialiberantis.0uam
3347 569 3574 628 arbitrii

171 649 398 709 arbitrii
453 649 514 705 in
561 646 750 721 primo
799 646 1038 702 homine
1090 647 1474 720 perdidimus.
1507 665 1684 720 quam
1723 665 1826 721 per

171 739 474 797 Christum
489 736 804 792 Dominum
820 741 1087 791 nostrum
1109 737 1528 809 recepimus.Et
1540 737 1825 793 habemus

171 831 424 887 liberum
449 825 762 882 arbitrium
778 825 849 880 ad
876 825 1093 881 bonum
1116 830 1471 899 prmventum
1483 831 1540 882 et
1553 828 1644 898 adj
1657 831 1824 884 utum

170 919 388 993 gratia:
405 922 466 973 et
487 916 774 971 habemus
795 913 1044 970 liberum
1066 914 1376 971 arbitrium
1398 916 1470 971 ad
1495 915 1714 972 malum
1733 917 1826 972 de-

170 1015 397 1066 sertum
420 1005 632 1078 gratia.
651 1004 924 1060 Liberum
946 1009 1140 1060 autem
1172 1004 1459 1060 habemus
1491 1005 1820 1074 arbitrium,

169 1098 309 1172 quia
323 1095 519 1169 gratia
535 1093 848 1150 liberatum
867 1098 922 1149 et
937 1094 1123 1166 gratia
1139 1094 1208 1150 de
1225 1098 1496 1166 corrupto
1526 1099 1822 1150 sanatum.

239 1186 343 1242 His
358 1185 442 1240 ita
454 1181 699 1239 redditis
711 1187 912 1238 contra
930 1181 1404 1253 reprehensorem
1420 1182 1825 1254 hujusanobis

167 1273 424 1347 excerpti
447 1270 712 1344 capituli,
746 1270 916 1342 quasi
938 1287 1008 1326 ex
1038 1270 1215 1326 latere
1236 1271 1484 1327 breviter
1514 1271 1825 1327 memorari

169 1362 523 1436 delegimus,
559 1359 697 1433 quia
728 1359 988 1432 pervenit
1019 1360 1091 1414 ad
1124 1376 1250 1426 nos,
1285 1361 1560 1432 quoniam
1591 1359 1688 1415 isti
1722 1378 1824 1416 ne—

169 1453 442 1518 buloncs,
477 1450 578 1522 qui
611 1449 671 1504 in
703 1453 892 1504 totum
938 1449 1130 1505 adhuc
1177 1449 1331 1504 sicut
1359 1467 1532 1522 prave
1564 1449 1826 1506 sentiunt

167 1541 428 1617 proferre
444 1539 506 1595 in
526 1536 828 1612 publicum
850 1555 966 1594 non
987 1541 1373 1610 praesumunt,
1389 1537 1604 1594 librum
1618 1539 1825 1595 adver-

165 1647 300 1689 sum
334 1646 448 1686 nos
477 1626 702 1684 occulte
731 1626 1310 1698 conscribunt,quem
1341 1628 1412 1683 ad
1446 1631 1706 1683 nostram
1729 1646 1825 1684 no-

163 1719 362 1777 titiam
383 1717 710 1791 pervenire,
741 1720 800 1772 et
820 1717 892 1772 ad
915 1714 1221 1772 lectionem
1254 1721 1512 1773 nostram
1545 1718 1825 1774 adversus

164 1825 316 1882 quos
355 1807 632 1864 scribunt
673 1805 1001 1860 detractant
1043 1804 1377 1876 perducere.
1409 1805 1473 1861 In
1505 1823 1638 1878 quo,
1674 1806 1826 1862 sicut

1931 649 2258 708 libertatem
2304 651 2650 725 recepimus,
2683 659 2750 710 ut
2781 673 2894 711 non
2929 655 3119 713 solum
3149 658 3294 715 bene
3324 659 3573 718 velimus

1930 743 1990 795 et
2019 741 2165 796 bene
2192 743 2489 814 possimus
2513 760 2526 798 :
2563 760 2765 799 verum
2799 749 2864 800 nt
2891 762 2925 800 a
2952 745 3103 801 bono
3135 747 3428 806 discedere
3454 767 3570 806 non

1930 829 2199 902 velimus,
2217 832 2352 887 etin
2375 833 2527 889 bono
2555 850 2919 906 perseverare
2951 836 3267 908 possimus,
3287 855 3400 894 non
3431 840 3568 896 abo-

1931 916 2087 974 lentc
2118 921 2216 976 sed
2250 921 2514 978 adolente
2545 923 2734 996 gratia
2763 924 3073 980 arbitrium
3105 925 3353 982 liberum
3383 927 3573 1000 gratia

1932 1006 2265 1080 liberatum,
2296 1010 2485 1084 gratia
2530 1013 2602 1068 de
2648 1018 2920 1086 corrupto
2975 1019 3273 1071 sanatum.
3309 1017 3435 1072 llaec
3483 1021 3574 1074 est

1931 1099 2189 1154 secunda
2215 1100 2422 1171 gratia,
2446 1105 2502 1157 et
2523 1102 2750 1158 arbitrii
2779 1102 2946 1159 liberi
2975 1103 3166 1176 gratia
3192 1105 3293 1160 Dei
3327 1121 3569 1178 recupe-

1933 1190 2059 1240 rata
2077 1185 2485 1244 libcrtas.Cum
2499 1194 2698 1246 autem
2719 1191 2777 1245 in
2800 1190 2998 1246 electis
3012 1191 3243 1264 penitus
3257 1192 3573 1249 novissima

1932 1272 2172 1331 inimica
2196 1277 2496 1335 destructa
2537 1281 2709 1336 fuerit
2757 1298 2936 1352 mors,
2969 1286 3027 1338 et
3056 1282 3300 1338 mortale
3331 1283 3439 1339 hoc
3477 1283 3566 1339 in-

1932 1363 2124 1419 (luerit
2150 1365 2669 1436 immortalitatem,
2689 1373 2746 1424 et
2771 1371 3166 1442 corruptivum
3189 1371 3296 1427 hoc
3319 1371 3574 1428 induerit

1931 1451 2446 1526 incorruptionem,
2481 1458 2844 1529 profuturam
2895 1459 3118 1515 scilicet
3165 1462 3236 1516 ad
3289 1460 3572 1517 honorem

1928 1541 2200 1611 vitaa,non
2223 1545 2294 1599 ad
2317 1544 2760 1602 diuturnitatem
2782 1548 3054 1621 supplicii
3083 1566 3093 1605 :
3120 1549 3258 1622 quia
3286 1554 3343 1606 et
3371 1566 3573 1623 pecca-

1931 1634 2086 1688 tores
2105 1632 2351 1690 induent
2371 1634 2866 1709 incorruptionem
2887 1639 2959 1693 ad
2981 1639 3424 1695 diuturnitatem
3440 1656 3574 1712 sup-

1932 1721 2114 1794 plicii,
2142 1740 2256 1778 non
2284 1725 2355 1780 ad
2388 1723 2666 1781 honorem
2711 1727 2858 1781 vitm.
2901 1731 3055 1794 Quos
3104 1727 3256 1801 ignis
3304 1727 3406 1801 qui
3455 1746 3570 1784 non

1931 1811 2334 1883 exstinguetur
2381 1831 2515 1870 cum
2563 1816 2904 1888 susceperit,
2956 1834 3070 1872 non
3135 1817 3467 1891 exstinguat
3515 1821 3572 1874 et

167 1897 341 1955 nobis
367 1893 1152 1966 retulitquieumdemnobis
1175 1893 1822 1967 transcriptumpcrfer-
1849 1930 1899 1997 B
1933 1899 2322 1970 pcrimet,'sed
2355 1919 2535 1973 penna:
2566 1921 2683 1959 sua:
2715 1921 2944 1976 semper
2974 1905 3230 1978 integros
3261 1921 3568 1962 conserva-

161 1981 622 2057 resatagens,in
653 1981 887 2037 turbine
919 1980 1307 2049 tumultuoso,
1337 1981 1437 2054 qui
1469 2000 1654 2055 nuper
1685 1982 1820 2039 huic

159 2092 344 2148 regno
375 2072 611 2138 accidit,
631 2087 767 2127 cum
798 2070 930 2127 aliis
960 2069 1084 2126 suis
1116 2071 1386 2142 perdidit,
1407 2070 1600 2126 aemuli
1633 2071 1820 2128 nostri

157 2165 367 2221 dicunt
389 2178 502 2218 nos
525 2159 1000 2226 dicere,scribcrc
1013 2159 1818 2232 etprzedicare,quialiberum

156 2251 478 2310 arbitrium
529 2249 796 2305 funditus
826 2247 886 2302 in
916 2247 1153 2304 homine
1203 2247 1392 2320 primo
1441 2253 1715 2322 peccante
1744 2249 1822 2306 sit

157 2337 659 2414 perditumllndc
690 2335 941 2392 breviter
970 2337 1248 2392 adnotare
1277 2337 1818 2412 decrevimus,quid

155 2429 432 2487 delibero
454 2425 699 2482 arbitrio
721 2425 1046 2482 sentiamus
1073 2442 1085 2480 :
1113 2430 1179 2481 ut
1199 2425 1298 2498 qui
1323 2426 1467 2483 forte
1487 2427 1816 2484 fatuitatem

153 2519 394 2574 illorum
418 2513 703 2589 attigerit,
728 2532 855 2586 qua:
887 2513 1007 2570 sale
1037 2515 1334 2570 catholica:
1361 2514 1656 2588 sapientia:
1679 2533 1816 2571 con-

154 2609 280 2664 dita
297 2622 471 2662 mens
487 2608 688 2660 nostra
699 2602 1017 2659 sentiathic
1031 2603 1156 2659 sine
1177 2603 1266 2658 dif
1265 2603 1522 2660 ﬁcultate
1545 2604 1813 2676 reperiat.

155 2697 392 2754 Primus
426 2708 684 2766 namque
716 2691 890 2748 homo
921 2707 1059 2748 cum
1092 2691 1296 2748 liberio
1327 2691 1568 2748 arbitrio
1603 2691 1685 2748 ita
1705 2692 1814 2747 im-

156 2783 429 2844 mortalis
451 2786 544 2839 est
567 2779 938 2849 conditus,ut
957 2785 1156 2852 posset
1176 2797 1289 2836 non
1303 2798 1540 2854 peccare
1553 2781 1603 2836 si
1623 2780 1814 2848 vellet,

155 2881 209 2932 et
241 2877 448 2948 posset
497 2886 737 2944 peccare
780 2869 828 2924 si
875 2868 1084 2925 vellet:
1121 2887 1237 2926 non
1268 2873 1591 2926 moreretur
1619 2869 1668 2926 si
1701 2887 1814 2926 non

158 2965 451 3036 peccaret,
477 2961 802 3014 moreretur
832 2959 1028 3013 autem
1052 2959 1404 3030 sipeccaret:
1421 2975 1536 3015 non
1555 2962 1818 3030 peccaret

155 3067 290 3107 vero
302 3049 354 3105 si
369 3064 490 3104 non
503 3045 693 3102 vellet.
721 3046 790 3101 Et
806 3045 854 3100 si
881 3045 1122 3101 arbitrio
1143 3045 1325 3102 libero
1351 3047 1434 3102 ita
1455 3047 1812 3118 persisteret,

159 3147 222 3195 ut
241 3153 494 3212 peccare
524 3153 641 3191 non
674 3133 864 3201 vellet,
884 3133 1172 3208 acciperet
1203 3135 1362 3191 illam
1394 3135 1583 3192 meriti
1617 3134 1816 3209 magni

157 3225 668 3302 permansionem,
699 3225 854 3280 I46
894 3229 960 3279 ut
1007 3240 1244 3296 peccare
1301 3241 1418 3280 non
1464 3227 1660 3298 posset
1710 3241 1816 3280 nec

156 3295 515 3385 vellet,sicut
535 3316 888 3384 acceperunt
906 3311 966 3367 in
993 3295 1231 3369 munere
1247 3311 1438 3386 angeli
1462 3295 1668 3382 sancti,
1685 3330 1814 3386 qua:
1841 3295 1888 3366 (ἶ

157 3421 384 3462 merces
409 3401 607 3459 meriti
631 3405 758 3457 erat
797 3400 992 3457 futura
1019 3405 1076 3456 et
1104 3401 1348 3458 homini.
1379 3403 1503 3458 llaac
1525 3406 1613 3458 est
1642 3401 1817 3475 primi

159 3494 420 3552 hominis
443 3490 676 3548 arbitrii
696 3489 864 3546 liberi
886 3506 1099 3562 magna
1120 3496 1177 3547 et
1195 3490 1386 3562 prima
1415 3490 1674 3559 libertas,
1701 3507 1818 3564 qua

157 3582 430 3640 libertate
477 3579 776 3636 voluntate
819 3579 1100 3652 peccavit,
1131 3583 1188 3634 et
1219 3583 1464 3635 mortem
1496 3579 1606 3636 sibi
1639 3596 1673 3635 a
1701 3579 1816 3636 Deo

157 3671 530 3744 praedictam,
555 3685 628 3724 ne
653 3667 816 3724 illam
839 3668 1133 3740 peccando
1153 3667 1497 3735 incurreret,
1521 3668 1818 3724 voluntate

158 3759 460 3832 peccando
475 3755 745 3812 incurrit:
761 3755 1166 3828 etpermalum
1179 3754 1322 3812 velle
1333 3755 1586 3828 perdidit
1598 3755 1818 3812 bonum

159 3865 356 3922 posse,
390 3847 496 3920 qui
550 3863 657 3919 per
703 3862 876 3918 posse
923 3845 1144 3900 bonum
1189 3844 1381 3917 potuit
1420 3844 1648 3902 vincere
1675 3844 1820 3900 velle

161 3937 414 3994 malum.
451 3935 526 3991 Et
552 3934 708 3992 sicut
731 3933 906 3990 homo
937 3933 1037 4000 ita,
1067 3938 1130 3989 ut
1160 3932 1438 4000 diximus,
1470 3933 1822 3990 immortalis

162 4025 444 4084 conditus
473 4022 605 4092 fuit,
647 4022 789 4094 quia
818 4022 972 4078 Deus
1001 4039 1128 4078 esse
1153 4021 1351 4091 voluit,
1386 4022 1638 4094 perdidit
1667 4022 1822 4094 quod

163 4111 547 4180 immortalis,
580 4115 640 4167 et
672 4109 952 4167 remansit
1001 4111 1158 4182 quod
1190 4110 1365 4166 homo
1397 4109 1506 4166 fuit
1537 4127 1549 4166 :
1583 4110 1665 4166 ita
1693 4113 1826 4182 post

161 4220 372 4262 casum
407 4199 622 4259 habuit
653 4200 965 4256 arbitrium
995 4201 1269 4267 liberum,
1295 4200 1542 4272 jnstitia:
1573 4199 1824 4256 liberum

163 4292 390 4366 peccati
431 4305 694 4356 servum,
725 4307 828 4362 per
858 4305 920 4346 se
951 4289 1250 4346 sufficiens
1297 4289 1410 4346 sibi
1457 4289 1530 4345 ad
1579 4288 1824 4354 malum,

161 4381 522 4456 languidum
545 4383 744 4435 autem
767 4383 942 4450 atque
963 4377 1286 4436 invalidum
1309 4377 1381 4434 ad
1399 4394 1569 4461 omne
1582 4378 1822 4445 bonum,

163 4476 490 4543 antequam
513 4484 619 4542 per
656 4466 874 4524 Christi
903 4468 1216 4523 adventum
1249 4466 1458 4539 spiritu
1489 4466 1589 4521 Dei
1621 4470 1828 4539 agente

1932 1987 2036 2044 bit.
2070 1990 2230 2045 Tuen
2261 1991 2524 2062 ejusdem
2557 1993 2874 2049 conditoris
2903 1999 2962 2049 et
2992 1995 3359 2066 reparatoris,
3395 2000 3570 2067 atque

1927 2079 2285 2135 coronatoris
2316 2080 2499 2136 nostri
2529 2081 2735 2153 gratia,
2767 2082 2866 2154 qui
2893 2089 3132 2139 coronat
3169 2100 3274 2139 nos
3304 2083 3364 2139 in
3395 2085 3570 2140 misc-

1927 2165 2808 2240 ricordiaetmiserationibus,si
2829 2188 2963 2228 cum
2984 2172 3181 2228 electis
3204 2177 3572 2246 resurgentes

1928 2253 2229 2312 immutari
2260 2259 2884 2328 meruerimus,omncs
2911 2261 3148 2333 quidem
3172 2278 3568 2335 resurgemus,

1927 2344 2025 2400 sed
2042 2361 2156 2400 non
2179 2362 2382 2402 omnes
2405 2347 3233 2423 immutabimur,accipiemus
3255 2351 3571 2422 perfectam

1925 2438 1981 2488 et
2000 2432 2161 2490 illam
2183 2435 2500 2492 maximam
2519 2436 2870 2505 libertatem,
2894 2444 2959 2495 ut
2982 2457 3085 2495 nec
3107 2455 3363 2511 peccare,
3383 2457 3572 2513 neque

1925 2522 1996 2577 ab
2027 2522 2350 2580 aeternitate
2393 2525 2673 2582 desistere
2703 2529 3018 2598 possimus,
3054 2545 3240 2600 neque
3269 2529 3514 2584 velimus
3547 2545 3560 2585 :

1923 2627 2100 2683 quam
2123 2619 2472 2684 acceperunt
2491 2613 2550 2670 in
2571 2632 2814 2672 munere
2835 2616 3025 2690 angeli
3047 2618 3232 2673 sancti
3255 2637 3267 2686 ;
3295 2634 3420 2690 qua:
3441 2619 3568 2674 erat

1925 2700 2150 2756 arbitrii
2196 2701 2366 2758 liberi
2416 2719 2637 2760 merces
2686 2705 2898 2772 meriti,
2948 2705 3075 2762 sine
3126 2705 3564 2778 interpositione

1923 2789 2152 2856 mortis,
2187 2789 2237 2846 si
2268 2807 2382 2846 non
2413 2797 2726 2863 peccasset,
2759 2797 2818 2848 et
2857 2792 3102 2850 homini.
3137 2794 3295 2851 Hanc
3339 2793 3564 2850 arbitrii

1923 2877 2251 2934 libertatem
2300 2878 2526 2952 primus
2579 2879 2752 2938 homo
2803 2899 2918 2937 non
2962 2882 3188 2948 habuit,
3221 2881 3360 2956 quia
3387 2899 3461 2939 ne
3490 2883 3564 2939 ad

1924 2965 2074 3022 hanc
2107 2971 2171 3022 ut
2199 2971 2426 3040 poterat
2456 2969 2799 3041 perveniret,
2831 2969 3096 3027 libertate
3125 2971 3351 3026 arbitrii
3384 2987 3564 3042 quam

1923 3059 2222 3128 acceperat
2249 3054 2638 3114 inconsultius
2668 3059 2926 3126 utcns,in
2944 3059 3052 3115 iter
3071 3058 3280 3115 laevum
3309 3059 3564 3127 deﬂevit,

1923 3144 2192 3200 desertus
2221 3146 2365 3201 147
2395 3146 2494 3202 Dei
2524 3147 2913 3219 gratia,quem
2945 3147 3103 3220 prior
3132 3147 3256 3220 ipse
3285 3147 3562 3204 deseruit.

1926 3233 2037 3289 Sed
2065 3233 2204 3305 quia
2225 3250 2340 3289 non
2371 3234 2431 3290 in
2461 3239 2742 3292 aeternum
2773 3235 3165 3308 projieiet,aut
3192 3235 3566 3293 obliviscetur

1927 3319 2187 3377 misereri
2219 3321 2392 3392 Deus,
2409 3323 2642 3379 dabitur
2663 3323 2782 3380 haec
2813 3324 2999 3398 gratia
3019 3323 3243 3380 homini
3263 3323 3323 3379 in
3345 3324 3564 3393 futuro,

1925 3426 2062 3482 cum
2095 3411 2270 3468 fuerit
2299 3411 2450 3468 sicut
2478 3411 2667 3484 angeli
2698 3413 2885 3469 sancti
2918 3413 2976 3468 in
3008 3413 3341 3483 coelo,nunc
3372 3413 3433 3468 in
3465 3429 3569 3486 spe

1926 3497 2122 3555 salvus
2169 3499 2358 3555 factus
2407 3500 2468 3556 in
2516 3500 2748 3569 saeculo,
2780 3504 2920 3556 tunc
2972 3500 3032 3557 in
3072 3517 3132 3558 re
3163 3500 3478 3558 salvandus
3507 3501 3568 3556 in

1926 3586 2140 3643 saecula
2169 3587 2536 3644 saeculorum.
2568 3589 2768 3644 Amen.

2521 3730 2751 3787 CAPUT
2789 3731 2978 3788 XXlV.

1928 3837 2200 3888 Reddenda
2279 3839 2413 3886 ratio
2493 3837 2672 3900 incipit
2735 3836 2799 3884 de
2857 3836 3080 3900 capitulo
3148 3837 3298 3886 tertio
3337 3851 3369 3886 a
3425 3836 3569 3886 nobis

1991 3911 2242 3973 excerpta,
2275 3909 2415 3973 quod
2453 3907 2753 3970 compilator
2797 3907 3134 3972 capitulorum
3191 3905 3338 3956 nobis
3365 3921 3397 3956 a
3425 3908 3571 3971 regia

1990 3979 2306 4030 sublimitate
2360 3979 2599 4028 datorum
2656 3979 2901 4027 acen-ime
2954 3977 3294 4042 reprehendit,
3324 3991 3437 4026 cum
3491 3977 3572 4027 his

1992 4067 2104 4117 quae
2131 4050 2580 4100 Prmtestinatiani
2620 4047 2804 4098 exinde
2840 4048 2914 4098 ad
2956 4062 3104 4097 suam
3153 4047 3330 4098 dicunt
3383 4046 3570 4111 conﬁr-

1994 4122 2239 4173 mandam
2309 4121 2638 4179 sententiam,
2693 4123 2742 4169 et
2795 4119 3017 4183 qualiter
3089 4118 3326 4168 catholici
3396 4133 3570 4168 eorum

1990 4208 2149 4259 prave
2203 4191 2351 4242 dictis
2404 4207 2466 4242 ea:
2520 4194 2905 4255 Scripturarum
2976 4191 3238 4240 sententiis
3310 4188 3572 4239 contradi-

1992 4267 2129 4316 cant.

2004 4371 2304 4445 Explicitis
2333 4373 2504 4443 prout
2531 4369 2815 4425 Dominus
2841 4368 3002 4424 dedit
3029 4367 3258 4424 duobus
3279 4365 3574 4440 capitulis,

1935 4467 1994 4520 et
2023 4461 2251 4518 reddita
2280 4459 2501 4515 ratione
2534 4461 2735 4514 contra
2765 4456 3135 4528 cribratorcs,
3158 4457 3257 4512 sed
3289 4471 3406 4512 non
3437 4472 3573 4511 con-

164 4559 242 4616 sit
271 4563 531 4626 rectum,
564 4559 626 4611 et
664 4555 799 4612 fidei
847 4555 1036 4628 gratia
1082 4555 1500 4623 illuminatum,
1534 4555 1688 4626 quod
1721 4571 1830 4610 sua
1936 4555 2267 4624 sumptores
2291 4562 2676 4616 eorum,nunc
2691 4546 2932 4602 tertium
2953 4546 3234 4602 adeamus
3253 4543 3576 4617 capitulum

163 4646 444 4704 libertate
493 4649 623 4701 erat
669 4661 914 4716 pravum
962 4662 1028 4701 ac
1077 4645 1468 4701 tenebrosum.
1502 4643 1664 4710 Quod
1713 4660 1828 4698 non
1856 4660 1908 4728 ι)

167 4737 306 4793 inde
329 4734 552 4807 recepit
572 4732 729 4789 unde
749 4732 1038 4805 perdidit:
1065 4734 1165 4788 sed
1198 4733 1270 4789 ab
1301 4731 1398 4788 illo
1429 4732 1646 4804 recepit
1675 4731 1829 4803 quod

1937 4657 2070 4697 cum
2091 4637 2250 4695 omni
2275 4637 2632 4705 iiducia,non
2655 4635 2726 4691 de
2747 4634 2915 4690 nobis
2935 4633 3482 4706 prassumentes,sed
3505 4633 3578 4687 de

1937 4729 2036 4786 illo
2067 4728 2426 4784 conﬁdentes
2457 4724 2558 4797 qui
2591 4723 2736 4780 dixit
2768 4739 2780 4778 :
2813 4724 2919 4795 Ego
2965 4723 3104 4780 dabo
3149 4724 3296 4780 vobis
3325 4739 3383 4780 os
3411 4730 3462 4779 et
3487 4739 3577 4777 sa-

168 4827 464 4892 habeat,a
485 4841 601 4894 quo
621 4823 780 4894 quod
810 4822 1012 4878 amisit
1043 4827 1363 4894 acceperat.
1387 4821 1671 4888 Quoniam
1703 4823 1834 4892 post
1937 4819 2224 4892 pientiam,
2256 4817 2349 4870 cui
2395 4830 2504 4870 non
2545 4820 2797 4885 poterunt
2848 4813 3098 4870 resistere
3137 4820 3189 4868 et
3215 4810 3581 4867 contradicere

169 4931 381 4972 casum
409 4912 586 4986 primi
612 4910 870 4967 hominis
894 4910 1081 4967 noluit
1102 4911 1255 4968 Deus
1279 4911 1391 4966 nisi
1417 4911 1489 4966 ad
1512 4927 1680 4966 suam
1703 4925 1832 4982 gra-

173 5004 322 5061 tiam
365 5001 681 5075 pcrtinere,
715 5005 781 5055 ut
811 4999 984 5056 homo
1017 5001 1255 5056 accedat
1285 5000 1356 5055 ad
1389 5015 1544 5066 cum,
1577 5004 1633 5054 et
1660 4998 1835 5055 homo

174 5109 295 5148 non
321 5090 558 5146 recedat
589 5089 666 5146 ab
697 5105 784 5156 eo,
809 5086 962 5143 sicut
992 5087 1276 5159 scriptum
1310 5092 1398 5143 est
1429 5103 1443 5142 :
1477 5087 1597 5142 Fiat
1641 5103 1837 5142 mnus

174 5189 276 5238 tua
303 5197 472 5252 super
505 5181 693 5235 virum
721 5177 962 5234 dexterw
992 5184 1122 5242 tua},
1135 5183 1186 5232 et
1213 5192 1376 5247 super
1401 5177 1583 5247 [ilium
1601 5177 1840 5231 hominis

175 5287 342 5344 φιαη
368 5268 715 5341 conﬁrmasti
760 5267 882 5334 tibi,
913 5273 965 5322 et
1005 5282 1116 5321 non
1164 5264 1493 5321 discedimus
1518 5283 1551 5319 ιι
1581 5273 1630 5320 te
1667 5264 1836 5334 (Psat.

177 5377 369 5426 xxxix,
394 5362 505 5432 18).
529 5359 645 5414 Istc
677 5359 766 5411 est
796 5356 1090 5411 secundus
1119 5356 1326 5422 Adam,
1353 5371 1455 5426 per
1475 5371 1648 5426 quem
1680 5370 1840 5409 accc-

177 5451 384 5505 dimus
419 5449 494 5504 ad
536 5447 748 5510 Deum,
774 5449 830 5500 et
860 5443 918 5498 in
951 5460 1065 5515 quo
1098 5461 1212 5498 non
1246 5441 1608 5497 discedimus
1641 5459 1674 5497 a
1703 5441 1838 5496 Deo.

176 5539 244 5596 In
265 5537 459 5612 primo
494 5551 756 5607 namque
783 5533 966 5589 Adam
999 5531 1380 5588 discessimus
1414 5549 1448 5586 a
1481 5531 1616 5599 Deo,
1639 5531 1697 5585 in
1729 5547 1842 5602 quo

179 5625 410 5700 perdita
438 5629 532 5682 est
561 5623 833 5679 libertate
863 5620 1088 5678 arbitrii
1122 5620 1375 5676 maxima
1397 5619 1496 5675 illa
1526 5619 1846 5687 libertas,et

182 5733 300 5772 non
333 5713 624 5771 remansit
655 5711 771 5769 nisi
803 5710 927 5768 sola
957 5708 1288 5766 infirmitas.
1322 5711 1682 5782 Quapropter
1729 5725 1844 5765 non

1941 4923 2124 4964 omnes
2179 4904 2487 4960 adversarii
2540 4905 2704 4958 vestri
2761 4903 2908 4974 (Luc.
2960 4918 3077 4968 xxi,
3126 4903 3235 4968 15),
3281 4899 3580 4955 credentes

1945 4993 2268 5052 certissime
2299 4996 2356 5048 et
2381 4990 2526 5047 nihil
2556 4990 2890 5046 hazsitantes
2909 4989 2970 5045 in
2994 4987 3269 5061 fide,quia
3289 4986 3387 5058 qui
3409 4983 3584 5056 cmpit

1946 5085 2070 5158 ipse
2101 5081 2360 5156 perficiet
2395 5098 2406 5136 :
2440 5080 2552 5152 ipsi
2601 5079 2804 5151 gloria,
2838 5080 3042 5147 virtus,
3075 5082 3131 5132 et
3177 5074 3488 5146 imperium
3519 5073 3581 5127 in

1948 5171 2159 5230 saecula
2205 5169 2578 5244 sempiterna.
2611 5167 2691 5223 De
2721 5168 2827 5222 hoc
2859 5165 3132 5238 capitulo,
3165 5163 3316 5218 sicut
3343 5162 3584 5217 sanctus

1949 5264 2193 5334 Prosper
2219 5261 2677 5324 demonstrat,ex
2697 5256 3018 5327 objectionc
3049 5251 3346 5308 Gallorum
3378 5254 3435 5305 et
3452 5247 3588 5304 Vin-

1948 5351 2374 5416 centianorum,
2407 5354 2465 5403 et
2491 5364 2560 5402 ex
2590 5342 3065 5416 responsionibus
3097 5340 3312 5411 quibus
3341 5356 3409 5394 ex
3439 5337 3590 5394 dele-

1949 5440 2179 5513 gatione
2191 5437 2346 5493 sedis
2359 5434 2684 5508 apostolicm
2700 5448 2899 5486 eorum
2915 5430 3289 5500 ipsorumque
3302 5426 3588 5482 similium

1951 5533 2282 5584 commenta
2310 5523 2594 5590 dissolvit,
2629 5525 2845 5577 veteres
2896 5516 3392 5574 Przedcstinatiani
3432 5515 3589 5571 dixe-

1953 5617 2217 5675 runt.Ait
2248 5615 2403 5690 qnim
2435 5609 2680 5683 objectio
2702 5614 2902 5665 octava
2922 5606 3219 5664 Gallorum
3246 5625 3258 5662 :
3283 5606 3444 5673 Quod
3476 5620 3591 5660 non

1955 5723 2158 5766 omnes
2189 5702 2456 5760 homines
2481 5697 2617 5755 velit
2654 5698 2807 5756 Deus
2837 5697 3026 5756 salvos
3059 5697 3202 5764 fieri,
3237 5695 3336 5751 sed
3370 5696 3593 5750 certum
