4020 6452
186 474 287 538 913

861 474 963 536 DE
1011 474 1766 539 PREDESTINATIONE
1814 475 2333 540 DlSSERTATIO
2375 475 2842 541 POSTERIOR.

3436 482 3557 544 2H

184 606 372 679 inquit,
412 602 608 678 primm
655 604 937 669 civitates,
960 623 1107 678 quas
1138 607 1301 663 vobis
1349 608 1711 681 conscriptas
1744 610 1799 663 in
1831 607 1884 676 Α
1915 607 2225 681 iniquitate
2254 614 2311 665 et
2342 610 2727 666 obduratione
2776 611 3007 683 propria
3056 617 3309 684 pereant.
3332 611 3560 673 Veritas

185 697 409 771 quodam
451 698 607 749 tomo
654 693 967 759 mittimus,
1003 714 1037 751 a
1082 696 1299 750 sanctis
1331 695 1631 768 apostolis,
1678 701 1735 753 et
1766 715 1801 753 a

186 788 328 841 beato
354 782 659 847 Clemente,
684 783 804 837 sive
827 800 859 838 a
881 783 1068 847 nobis,
1094 783 1371 854 primates
1396 785 1799 856 praedicatores

183 876 499 944 acceperunt
524 888 536 925 :
564 870 682 926 haec
713 888 847 927 vero
871 876 1073 927 saneta
1104 873 1363 928 Romana
1395 876 1451 927 et
1480 874 1799 945 apostolica

182 961 426 1027 Ecclesia,
451 976 565 1014 non
600 960 672 1016 ab
698 960 998 1032 apostolis,
1022 962 1121 1015 sed
1154 961 1225 1016 ab
1259 962 1385 1033 ipso
1412 963 1657 1018 Domino
1688 963 1797 1019 sal-

180 1058 347 1106 vatore
376 1054 572 1105 nostro
617 1049 932 1121 primatum
967 1050 1236 1117 obtinuit,
1272 1051 1425 1106 sicut
1464 1051 1587 1123 ipse
1626 1052 1794 1107 beato

179 1141 322 1197 Petro
358 1137 628 1210 Apostola
658 1137 802 1192 dixit
837 1155 848 1193 :
887 1141 959 1194 Tu
1005 1156 1060 1194 es
1108 1140 1317 1205 Petrus,
1350 1148 1403 1195 et
1446 1158 1610 1212 super
1643 1141 1796 1226 ⁸Ιιίιηο

175 1238 355 1303 ρειηιηι
380 1226 660 1298 ινάίραιὺο
690 1227 981 1282 Ecclesium
1002 1244 1196 1292 meam,
1220 1237 1273 1283 et
1289 1238 1461 1299 portze
1491 1231 1657 1301 inferi
1683 1246 1794 1284 non

172 1317 517 1393 prmialebunt
544 1315 803 1373 adversus
829 1332 985 1383 eam;
1011 1321 1067 1371 et
1092 1334 1104 1370 :
1135 1317 1252 1372 Tibi
1280 1316 1414 1373 dabo
1443 1319 1618 1373 claves
1639 1320 1795 1389 regni

173 1409 417 1470 arlorum,
447 1406 501 1460 et
528 1420 867 1477 qwecunque
896 1406 1151 1476 ligaveris
1187 1422 1351 1477 super
1380 1413 1599 1472 terram,
1632 1414 1796 1462 erunt

176 1498 318 1568 ligata
345 1502 394 1551 et
418 1497 477 1549 in
508 1494 659 1558 cazlo,
684 1501 735 1549 et
762 1509 1081 1565 quacunque
1115 1495 1339 1548 solveris
1376 1511 1540 1566 super
1568 1503 1789 1564 terram,

173 1592 312 1641 erunt
334 1585 503 1639 soluta
545 1590 597 1638 et
638 1584 697 1637 in
726 1583 853 1637 ctrIo
884 1581 1086 1652 (Matth.
1111 1599 1223 1643 svi.
1259 1584 1343 1649 18,
1382 1582 1487 1653 19).
1518 1583 1793 1639 Adhibita

174 1678 247 1730 est
271 1673 434 1728 etiam
466 1671 719 1727 societas
762 1671 819 1725 in
854 1671 1053 1725 eadem
1107 1670 1369 1725 Romana
1398 1671 1542 1727 urbe
1571 1672 1779 1727 beatis-

172 1761 284 1817 simi
307 1759 560 1833 Apostoli
585 1757 936 1828 Pauli,vasis
960 1758 1385 1830 electionis.qui
1405 1777 1521 1815 uno
1538 1760 1629 1815 die
1652 1777 1791 1815 uno-

172 1865 267 1922 que
283 1847 557 1921 temporis
580 1848 833 1921 gloriosa
852 1851 1037 1901 morte
1058 1863 1189 1902 cum
1211 1848 1375 1903 Petro
1397 1850 1506 1903 sub
1529 1849 1789 1921 principe

171 1939 365 1995 Nerone
393 1936 711 2009 agonizans
749 1939 1061 1990 coronatus
1091 1940 1199 2001 est,
1225 1940 1281 1991 et
1320 1937 1490 1992 ambo
1524 1942 1784 1993 sanctam
1819 1970 1870 2038 Β

170 2025 461 2081 Romanam
494 2023 817 2079 Ecclesiam
863 2028 1369 2091 consecraverunt,
1406 2024 1651 2097 aliisque
1690 2042 1791 2080 ur-

169 2114 318 2169 bibus
344 2113 401 2168 in
428 2112 704 2168 universo
735 2112 956 2167 mundo
986 2128 1112 2166 eam
1146 2128 1254 2166 sua
1284 2114 1590 2183 praesentia
1621 2118 1794 2185 atque

168 2201 467 2258 venerando
501 2200 804 2271 triumpho
824 2200 1259 2272 praetulerunt.»
1283 2201 1351 2255 Et
1371 2206 1608 2256 sanctus
1631 2202 1795 2256 Inno-

168 2290 368 2348 centius
410 2290 482 2346 ad
540 2290 881 2345 Decentium
913 2288 1287 2360 Eugubinum
1336 2289 1538 2345 scribit
1566 2291 1793 2362 episco-

172 2395 289 2451 pum
319 2378 520 2434 dicens
554 2380 732 2450 (epist.
760 2378 831 2431 29
859 2379 919 2432 in
945 2377 1207 2449 princip.)
1231 2395 1281 2433 :«
1314 2378 1452 2442 Quis
1484 2379 1639 2433 enim
1661 2395 1792 2434 nes-

168 2468 282 2533 ciat,
304 2472 399 2523 aut
428 2483 552 2522 non
584 2466 864 2531 advertat,
890 2465 946 2519 id
971 2465 1124 2537 quod
1160 2482 1193 2520 a
1222 2465 1481 2538 principe
1513 2466 1796 2539 apostolo-

169 2572 279 2612 rum
302 2556 463 2611 Petro
485 2556 766 2611 Romanae
797 2554 1065 2609 Ecclesia:
1098 2555 1378 2610 traditum
1411 2559 1518 2626 est,
1544 2572 1608 2611 ac
1638 2572 1794 2611 nunc

168 2660 329 2717 usque
365 2643 725 2705 custoditur,
751 2642 821 2696 ab
854 2642 1130 2696 omnibus
1170 2642 1377 2697 debere
1421 2643 1656 2703 servari,
1688 2660 1794 2697 nec

165 2732 425 2804 superdici
460 2735 573 2786 aut
614 2729 905 2785 introduci
938 2727 1180 2801 aliquid,
1207 2731 1361 2802 quod
1413 2734 1514 2785 aut
1544 2730 1792 2786 auctori-

164 2823 317 2875 tatem
363 2837 476 2874 non
532 2818 765 2886 bateat,
800 2821 901 2873 aut
956 2817 1191 2873 aliunde
1239 2819 1498 2889 accipere
1528 2819 1795 2875 videatur

160 2908 507 2981 exemplum?
554 2905 879 2963 Prmsertim
922 2922 1056 2961 cum
1098 2905 1174 2959 sit
1212 2907 1609 2973 manifestum,
1638 2908 1793 2964 150

160 2996 209 3052 in
246 3014 470 3054 omnem
535 2995 791 3061 Italiam,
825 2995 1062 3060 Gallias,
1124 2995 1455 3067 Hispanias,
1514 2996 1790 3068 Africam,

159 3093 311 3159 atque
355 3086 648 3151 Siciliam,
704 3084 1048 3157 insulasque
1097 3086 1529 3157 interjacentes,
1561 3086 1789 3142 nullum

158 3173 460 3231 instituisse
490 3172 810 3237 Ebelesias,
836 3173 949 3227 nisi
999 3190 1098 3229 eos
1128 3189 1275 3244 quos
1310 3174 1658 3230 venerabilis
1688 3175 1790 3230 Pe-

160 3266 285 3329 trus,
310 3269 409 3320 aut
430 3264 570 3335 ejus
591 3277 980 3329 successores,
1005 3262 1413 3318 constituerint
1435 3263 1787 3319 sacerdotes.

1907 701 1996 752 est
2025 697 2179 753 enim
2213 716 2339 770 qua:
2384 699 2531 754 dixit
2564 717 2576 754 :
2614 700 2739 756 Vivo
2768 716 2879 771 ego,
2914 699 3048 756 dicit
3090 703 3355 758 Dominus
3392 703 3554 771 Deus,

1905 786 2037 841 Nolo
2092 795 2317 842 mortem
2378 790 2556 859 impii,
2590 789 2683 843 sed
2714 796 2773 843 ut
2812 797 3115 843 revertatur
3170 792 3373 861 impius
3402 808 3433 846 a
3464 794 3557 849 via

1903 891 2001 929 sua
2033 883 2084 931 et
2114 878 2272 930 vivat.
2299 879 2694 933 Convertimini
2730 896 2760 932 a
2806 880 2912 932 viis
2962 881 3153 933 vestris
3199 881 3471 950 pessimis,
3503 887 3555 937 et

1904 979 2071 1034 quare
2126 967 2469 1033 moriemini,
2540 965 2728 1020 domus
2791 966 2978 1020 Israel.
3054 967 3308 1037 Nunquid
3372 969 3552 1025 volens

1901 1052 2060 1122 cupio
2104 1061 2330 1108 mortem
2381 1054 2608 1125 iniqui?
2655 1054 2791 1108 dicit
2846 1055 3109 1109 Dominus
3166 1056 3307 1111 Deus
3337 1056 3549 1121 (EI-06h.

1901 1157 2097 1207 χχχιιι,
2124 1142 2230 1211 11).
2256 1142 2541 1196 Dominus
2565 1142 2748 1211 jurat,
2776 1159 2845 1195 ne
2889 1143 3023 1212 quis
3055 1142 3368 1198 criminum
3402 1143 3551 1200 mole

1901 1229 2187 1300 desperet,
2223 1231 2362 1301 quia
2410 1246 2521 1283 non
2555 1229 2676 1283 vult
2717 1234 2961 1283 mortem
3013 1229 3198 1301 impii,
3228 1232 3327 1285 sed
3362 1235 3425 1285 ut
3456 1249 3549 1287 re-

1899 1321 2160 1372 vertatur
2181 1335 2214 1372 a
2243 1318 2334 1373 via
2364 1335 2471 1373 sua
2508 1322 2564 1372 et
2601 1317 2776 1382 vivat,
2802 1322 2857 1371 et
2890 1318 3383 1374 Prmdestinatiani
3419 1336 3546 1391 per-

1891 1405 2117 1476 jurant,
2151 1406 2289 1477 quia
2317 1406 2415 1477 qui
2462 1422 2573 1460 non
2628 1406 2923 1461 salveutur
2971 1407 3204 1477 penitus
3254 1424 3367 1462 non
3418 1424 3547 1465 esse

1898 1492 2215 1549 voluntatis
2262 1495 2488 1550 Domini
2525 1499 2589 1549 ut
2619 1494 2937 1550 salvcntur.
2974 1496 3039 1549 Et
3070 1494 3208 1549 item
3260 1496 3546 1553 Dominus

1900 1582 1957 1636 in
1989 1583 2298 1655 Evangelio
2346 1583 2488 1638 dicit
2521 1599 2532 1638 :
2567 1585 2692 1638 Dico
2734 1584 2898 1649 vobis,
2930 1583 3194 1652 gaudium
3239 1592 3318 1640 est
3363 1601 3545 1640 coram

1898 1670 2116 1741 Angelis
2145 1673 2244 1727 Dei
2274 1674 2331 1727 in
2359 1673 2486 1727 (velo
2534 1689 2698 1744 super
2728 1690 2836 1727 uno
2861 1680 3133 1742 peccatore
3172 1675 3544 1744 pmnitentiam

1896 1767 2084 1827 agente
2111 1762 2261 1828 (Luc.
2294 1778 2386 1823 xv,
2408 1763 2484 1828 7).
2511 1762 2577 1815 Et
2610 1762 2657 1815 ei
2694 1778 2869 1831 super
2897 1777 3011 1814 uno
3054 1761 3368 1831 pmnitente
3397 1780 3539 1829 gau-

1898 1847 2036 1901 dent
2064 1848 2276 1920 angeli,
2312 1867 2424 1904 non
2468 1849 2652 1903 multo
2682 1849 2890 1917 magis,
2925 1849 2971 1903 si
3012 1866 3213 1903 omnes
3253 1850 3537 1920 poiniten-

1898 1934 2039 1989 tiam
2062 1936 2285 2006 egerint
2305 1940 2361 1991 et
2376 1936 2748 2003 crediderint,
2769 1935 2957 2006 angeli
2979 1937 3161 1991 sancti
3180 1938 3542 2007 gaudebunt,

1903 2023 2001 2094 qui
2032 2022 2092 2077 in
2129 2024 2225 2078 illo
2256 2025 2453 2079 vident
2482 2025 2636 2078 unde
2666 2024 2998 2095 gaudeant?
3029 2025 3107 2078 De
3137 2024 3295 2080 illius
3326 2025 3549 2081 scilicet

1900 2112 2134 2183 gaudio,
2169 2130 2201 2167 a
2233 2130 2348 2184 quo
2392 2112 2816 2184 sempiternum
2849 2112 3127 2183 gaudium
3176 2117 3545 2184 acceperunt.

1903 2200 2112 2271 Legem
2145 2217 2279 2272 ergo
2309 2199 2601 2267 credendi,
2628 2204 2692 2255 ut
2724 2204 2961 2254 sanctus
2987 2199 3334 2255 leestinus
3358 2202 3548 2271 jubet,

1901 2286 1991 2341 lex
2022 2288 2190 2343 nobis
2223 2293 2439 2343 statuat
2468 2287 2835 2360 supplicandi
2866 2305 2877 2343 :
2902 2292 2965 2342 ut
2995 2288 3272 2359 quoniam
3296 2290 3368 2344 ab
3390 2288 3552 2344 omni

1901 2375 2157 2431 Ecclesia
2190 2375 2475 2431 catholica
2522 2377 2638 2431 Deo
2690 2376 3055 2447 supplicatur
3102 2394 3204 2447 pro
3251 2376 3546 2443 omnibus,

1902 2465 2210 2519 credamus
2240 2466 2423 2519 Deum
2466 2481 2669 2519 omnes
2702 2464 2966 2518 homines
2998 2464 3141 2518 velle
3182 2464 3371 2520 salvos
3404 2466 3550 2536 fieri,

1902 2551 2037 2607 licet
2060 2570 2172 2607 non
2204 2570 2410 2608 omnes
2442 2552 2755 2617 solventur,
2782 2556 2838 2606 et
2868 2553 3021 2621 quod
3056 2552 3291 2623 quidam
3324 2553 3551 2609 salvan-

1902 2643 2017 2707 tur,
2042 2639 2320 2696 salvautis
2354 2641 2429 2695 sit
2467 2641 2717 2707 donum;
2753 2641 2907 2711 quod
2950 2645 3142 2694 autem
3184 2641 3421 2712 quidam
3454 2658 3552 2713 pe-

1902 2733 2091 2799 reunt,
2126 2727 2203 2783 sit
2232 2728 2601 2801 pereuntium
2637 2729 2933 2783 meritum.

1973 2816 2111 2883 Piis,
2142 2817 2386 2884 devotis,
2421 2823 2595 2888 atque
2636 2817 2938 2872 catholicis
2978 2817 3085 2871 hoc
3129 2823 3318 2887 potest
3346 2822 3403 2872 et
3440 2818 3549 2876 hoc

1900 2904 2071 2959 debet
2101 2905 2389 2973 sufﬁcere,
2425 2906 2574 2977 quod
2625 2905 2887 2959 omnium
2942 2903 3329 2959 Ecclesiarum
3362 2910 3550 2963 mater

1900 2997 2101 3047 sancta
2132 2992 2416 3048 catholica
2464 2998 2637 3064 atque
2689 2991 3019 3063 Apostolicu
3048 2992 3191 3047 I51
3230 2994 3396 3048 docet
3428 2994 3547 3051 Ro-

1901 3097 2076 3136 mana
2104 3080 2380 3136 Ecclesia.
2408 3082 2537 3152 Ipsa
2563 3082 2717 3136 enim
2752 3086 2813 3135 ut
2848 3085 3034 3135 mater
3058 3098 3164 3136 nos
3187 3081 3414 3137 Christo
3445 3098 3544 3154 ge-

1900 3170 2169 3240 nuit,nos
2201 3169 2479 3241 religione
2511 3169 2771 3235 nutrivit,
2798 3186 2904 3223 nos
2935 3168 3199 3224 doctrina
3227 3170 3540 3227 instruxit:

1899 3274 2006 3314 nos
2028 3258 2181 3313 sicut
2200 3258 2256 3311 in
2283 3263 2484 3313 sancto
2510 3258 2672 3311 Petro
2695 3275 2727 3312 a
2748 3257 2975 3312 Christo
3000 3258 3168 3313 firma
3199 3262 3360 3329 petra
3391 3274 3548 3315 acce-

158 3352 252 3407 Aut
286 3329 480 3425 legant
510 3351 565 3408 si
597 3351 656 3405 in
690 3350 781 3405 his
837 3349 1148 3422 provinciis
1196 3350 1347 3405 alius
1396 3351 1790 3423 apostolorum
1822 3329 1868 3399 Ο
1906 3346 2007 3418 pit,
2025 3347 2287 3402 doctores
2317 3344 2589 3409 instituit,
2618 3352 2673 3399 et
2703 3344 2986 3400 catholico
3016 3344 3162 3399 lacte
3194 3346 3466 3418 nutritos,
3492 3351 3551 3404 et

158 3446 241 3495 aut
261 3439 467 3513 legitur
487 3444 598 3496 aut
618 3439 914 3494 invenitur
929 3438 1329 3505 docuisse.0ui
1356 3438 1403 3493 si
1427 3457 1538 3494 non
1564 3438 1783 3511 legunt,

158 3528 275 3598 quia
293 3544 590 3601 nusquam
618 3526 940 3592 inveniunt,
957 3530 1182 3597 oportet
1199 3543 1296 3581 eos
1314 3527 1419 3581 hoc
1444 3528 1607 3598 sequi
1631 3529 1783 3600 quod

157 3614 386 3675 Ecclesia
416 3617 689 3673 Romana
709 3613 983 3681 custodit,
1009 3631 1043 3669 a
1061 3631 1175 3685 qua
1196 3630 1294 3669 eos
1316 3614 1667 3687 principium
1700 3634 1787 3671 ac-

158 3705 353 3777 cepisse
381 3722 499 3761 non
534 3703 786 3759 dubium
817 3706 922 3768 est,
950 3718 1021 3757 ne
1051 3703 1191 3756 dum
1225 3702 1567 3773 peregrinus
1598 3721 1784 3759 asser-

158 3790 389 3849 tionibus
448 3792 725 3857 student,
767 3793 941 3862 caput
995 3790 1432 3845 institutionum
1479 3792 1787 3847 videantur

157 3879 459 3938 amittere.»
482 3880 637 3935 Cum
669 3878 791 3933 hmc
819 3878 901 3933 ita
931 3893 993 3933 se
1024 3877 1297 3943 habeant,
1322 3882 1377 3934 et
1408 3881 1646 3934 sanctus
1670 3880 1787 3934 Ca3-

156 3966 375 4028 lestinus
395 3987 574 4043 papa,
590 3969 762 4039 cujus
785 3973 1042 4040 tempore
1062 3968 1317 4039 primum
1340 3968 1461 4023 haec
1480 3973 1676 4024 exorta
1699 3973 1789 4023 est

157 4055 355 4123 haeresi,
394 4060 559 4114 dicat
592 4058 649 4111 in
685 4055 965 4112 Decretali
1012 4056 1258 4127 epistolo
1308 4074 1414 4111 sua
1442 4060 1583 4129 (post
1627 4059 1781 4128 epist.

158 4143 198 4198 8.
244 4146 512 4215 Calesini)
564 4146 636 4201 ad
689 4143 1004 4199 Venerium
1063 4148 1119 4199 et
1169 4148 1403 4199 cmteros
1455 4145 1785 4202 Gallicanos

154 4234 428 4308 episcopos
461 4238 607 4307 (cap.
644 4235 755 4301 11),
789 4233 926 4304 quid
986 4232 1123 4287 inde
1182 4235 1436 4299 credere,
1489 4238 1683 4290 tenere
1728 4239 1786 4290 et

157 4323 440 4391 praedicare
488 4321 781 4379 catholice
825 4321 1142 4376 debeamus
1176 4338 1189 4375 :
1219 4345 1245 4371 «
1280 4322 1781 4390 Obsecrationum,

155 4408 420 4481 inquiens,
453 4408 913 4467 sacerdotalium
963 4413 1331 4465 sacramenta
1378 4410 1780 4481 respiciamus,

156 4512 261 4568 qua
299 4500 371 4554 ab
414 4498 707 4573 apostolis
737 4497 972 4564 tradita,
1008 4498 1066 4553 in
1099 4501 1217 4551 toto
1259 4499 1477 4553 mundo
1519 4502 1693 4570 atque
1722 4499 1782 4554 in

154 4588 287 4641 omni
309 4587 601 4644 catholica
622 4583 880 4642 Ecclesia
910 4585 1279 4641 uniformiter
1309 4585 1695 4651 celebrantur,
1720 4591 1785 4643 ut

1897 3435 1967 3489 ad
2000 3434 2186 3489 virum
2224 3435 2538 3506 perfectum
2577 3434 2907 3505 perductos,
2936 3434 3005 3487 ad
3040 3435 3368 3489 docendum
3400 3434 3546 3493 alios

1897 3522 2246 3587 informavit,
2276 3540 2375 3593 per
2422 3521 2663 3576 Paulum
2698 3522 2917 3586 dicens,
2954 3521 3089 3592 quia
3120 3522 3366 3578 Christus
3394 3524 3547 3579 Iesus

1894 3614 2042 3667 venit
2098 3613 2155 3665 in
2198 3611 2344 3665 hunc
2394 3610 2661 3664 mundum
2717 3618 3015 3681 peccatores
3060 3611 3237 3665 salvos
3282 3613 3461 3681 facere
3501 3612 3550 3683 (1

1901 3702 2033 3755 Tim.
2067 3716 2107 3763 ι,
2140 3702 2245 3770 15).
2272 3700 2478 3754 Dicant
2510 3698 3029 3763 Praedestinatiani,
3063 3715 3235 3769 quem
3270 3716 3383 3754 non
3416 3716 3543 3756 esse

1894 3792 2255 3860 peecatorem
2306 3787 2533 3859 possint
2566 3787 2847 3857 excipere,
2884 3785 2981 3839 illo
3020 3790 3253 3857 excepto
3285 3786 3383 3858 qui
3414 3786 3541 3843 sine

1896 3881 2127 3949 peccato
2149 3881 2205 3930 et
2228 3875 2413 3929 alieno
2436 3878 2493 3928 et
2525 3873 2755 3945 proprio
2777 3872 2933 3927 venit
2964 3890 3217 3943 quaerere
3237 3878 3293 3928 et
3316 3873 3539 3932 salvere

1894 3965 2048 4036 quod
2083 3965 2348 4035 perierat.
2376 3963 2582 4017 Dicant
2611 3962 2707 4032 qui
2742 3979 2857 4016 non
2890 3960 3076 4033 periit,
3103 3978 3236 4016 cum
3271 3961 3424 4017 idem
3456 3963 3539 4017 di-

1893 4058 1987 4108 cat
2013 4051 2344 4124 Apostolus,
2377 4068 2445 4105 ex
2484 4066 2591 4105 uno
2650 4066 2831 4105 omnes
2878 4066 2992 4105 esse
3039 4051 3096 4103 in
3143 4050 3539 4107 condemnatio-

1891 4158 2015 4197 nem
2044 4143 2217 4209 (Rom.
2240 4156 2293 4203 v,
2322 4141 2427 4205 16).
2454 4138 2513 4193 Si
2544 4154 2747 4192 omnes
2780 4137 3114 4208 perivimus,
3153 4154 3356 4193 omnes
3390 4155 3539 4211 qum-

1894 4247 2018 4285 rere
2046 4230 2203 4285 venit
2234 4246 2246 4283 :
2282 4228 2331 4284 si
2361 4243 2564 4282 omnes
2597 4243 2852 4298 quaerere
2883 4227 3057 4287 venit,
3093 4243 3295 4281 omnes
3328 4226 3538 4283 salvari

1892 4318 2094 4373 voluit.
2121 4319 2189 4372 Et
2219 4315 2359 4371 item
2401 4315 2685 4387 scriptum
2717 4318 2805 4368 est
2839 4330 2851 4367 :
2888 4313 3101 4368 Invidia
3148 4314 3354 4370 diaboli
3395 4332 3542 4371 mors

1894 4408 2141 4461 introivit
2171 4408 2225 4460 in
2254 4405 2431 4460 orbem
2474 4412 2741 4459 terrarum
2776 4403 2924 4473 (Sap.
2960 4420 3021 4469 ιι,
3051 4404 3163 4471 2-1).
3189 4404 3259 4457 Et
3287 4404 3541 4460 Joannes

1894 4495 2237 4566 apostolus:
2284 4494 2344 4548 In
2395 4493 2491 4547 hoc
2538 4493 2815 4563 apparuit,
2870 4492 3081 4563 inquit,
3116 4493 3291 4547 Filius
3337 4494 3454 4559 Dei,
3486 4501 3548 4550 ut

1892 4585 2149 4639 dissolvat
2199 4598 2358 4653 opera
2406 4581 2612 4635 diaboli
2641 4581 2689 4647 (1
2714 4584 2878 4637 Joan.
2915 4597 2996 4645 ιιι,
3032 4582 3106 4649 8).
3143 4580 3304 4635 Unde
3339 4581 3492 4637 Beda
3524 4600 3537 4637 :

154 4670 309 4743 legem
350 4675 628 4731 credendi
683 4673 773 4728 lex
822 4664 1043 4729 statuat
1091 4672 1520 4746 supplicandi.»
1542 4677 1674 4741 Qum
1706 4676 1782 4729 sit
1811 4693 1861 4760 D
1893 4676 2154 4728 «Omnes
2178 4674 2506 4742 peccatores
2529 4687 2597 4725 ex
2618 4668 2847 4723 diabolo
2870 4669 2986 4723 nati
3013 4672 3149 4723 sunt
3170 4668 3225 4722 in
3252 4675 3540 4741 quantum

152 4768 316 4819 autem
350 4764 437 4820 lex
487 4762 891 4836 supplicandi,
923 4768 978 4817 et
1011 4763 1134 4834 ipse
1186 4763 1241 4817 in
1291 4764 1494 4818 eodem
1527 4764 1781 4837 capitulo

154 4850 394 4921 explicat,
420 4855 481 4907 et
512 4850 775 4907 Ecclesia
804 4850 969 4921 quasi
1013 4848 1343 4922 specialiter
1372 4850 1430 4905 in
1463 4850 1554 4907 die
1598 4851 1781 4907 cruci-

155 4936 358 4996 ﬁxionis
385 4939 625 4995 Domini
674 4938 857 4993 nostri
898 4938 1037 4993 Jesu
1080 4938 1312 5003 Christi,
1339 4940 1650 4996 ostendens
1681 4958 1783 5013 pro

154 5025 340 5094 quibus
372 5027 449 5083 sit
479 5027 822 5096 crucifixus,
848 5043 1109 5097 quosque
1138 5025 1261 5080 vult
1282 5026 1470 5082 salvos
1503 5028 1786 5101 ﬂeri,sup-

157 5110 417 5185 plicando,
449 5120 509 5170 et
539 5115 1029 5185 congemiscendo
1061 5115 1448 5179 demonstrat,
1477 5134 1650 5172 orans
1682 5136 1784 5189 pro

157 5204 399 5259 omnibus
428 5203 797 5265 hominibus,
823 5208 881 5258 et
926 5202 1269 5273 singillatim
1302 5208 1476 5275 atque
1509 5205 1783 5261 distincte

157 5301 240 5357 pro
266 5291 542 5347 omnibus
564 5291 895 5358 ordinibus,
922 5308 1024 5363 pro
1046 5292 1320 5346 omnibus
1344 5294 1643 5363 gradibus,
1678 5313 1781 5366 pro

156 5377 401 5432 omnibus
417 5376 839 5450 dignitatibus,
858 5395 959 5449 pro
982 5378 1372 5433 sebismaticis
1399 5384 1454 5433 et
1475 5380 1780 5450 haereticis,

157 5475 241 5530 pro
263 5463 481 5521 Judaais
512 5472 696 5537 atque
729 5465 1065 5537 paganis.ut
1085 5483 1256 5520 nemo
1281 5468 1553 5521 credatur
1582 5486 1784 5541 excep-

156 5556 252 5615 tus,
268 5569 442 5623 agens
470 5553 632 5625 apud
656 5552 911 5607 divinam
936 5554 1301 5609 clementiam
1332 5556 1511 5609 totius
1544 5555 1782 5611 humani

158 5641 359 5705 generis
385 5658 657 5699 causam.
687 5641 847 5697 Unde
879 5647 935 5696 et
966 5644 1037 5697 ad
1072 5642 1258 5697 locum
1293 5643 1468 5699 dicit:
1504 5645 1654 5699 Deus
1687 5647 1787 5717 qui

159 5728 319 5785 salvos
348 5747 580 5797 omnes,
607 5734 661 5784 et
695 5730 985 5786 neminem
1019 5730 1105 5786 vis
1144 5732 1349 5802 perire,
1382 5731 1513 5786 licet
1548 5734 1789 5804 quidam

1894 4765 2242 4834 peccatores.
2265 4759 2395 4813 Ideo
2436 4758 2590 4811 enim
2618 4757 2773 4811 venit
2810 4756 3080 4811 Christus
3123 4757 3296 4812 homo
3329 4762 3391 4813 ut
3424 4757 3537 4813 sol-

1889 4855 2049 4905 veret
2070 4853 2303 4921 peccata
2332 4846 2657 4900 hominum.
2683 4846 2963 4911 Quocirca
2986 4844 3030 4899 si
3057 4844 3183 4899 ideo
3206 4845 3380 4911 venit,
3407 4860 3537 4914 pec-

1894 4942 2115 4993 catores
2155 4936 2344 4991 salvos
2376 4936 2559 4989 facere
2591 4933 2743 4987 venit
2779 4951 2791 4987 :
2827 4939 2881 4987 et
2912 4932 3049 5003 quia
3080 4950 3281 4988 omnes
3327 4947 3537 4985 secun-

1894 5026 2034 5081 dum
2080 5023 2419 5096 Apostolum
2480 5026 2805 5093 peccatores
2862 5021 3222 5088 erant,sicut
3252 5018 3396 5073 dixit
3439 5034 3537 5090 per

1892 5122 2167 5188 peccatum
2197 5129 2362 5177 mors,
2391 5119 2441 5165 et
2468 5112 2543 5164 ita
2574 5112 2629 5164 in
2674 5126 2856 5163 omnes
2903 5109 3145 5162 homines
3184 5108 3542 5177 pertransivit

1898 5207 1955 5259 in
2013 5219 2117 5275 quo
2166 5218 2348 5257 omnes
2396 5208 2748 5271 peceawrmit
2795 5201 2965 5261 (llum.
3002 5215 3053 5261 v,
3094 5196 3194 5261 12),
3233 5193 3331 5265 qui
3384 5195 3539 5251 venit

1891 5309 2145 5364 quaerere
2168 5290 2319 5361 quod
2346 5288 2615 5360 perierat,
2635 5304 2837 5341 omnes
2860 5300 3111 5355 qua‘rere
3134 5283 3310 5354 venit,
3335 5301 3538 5339 omnes

1895 5379 2084 5435 salvos
2115 5377 2235 5433 ﬁeri
2267 5376 2463 5441 voluit,
2493 5376 2719 5429 dicente
2753 5373 2959 5425 iterum
3006 5370 3180 5425 Paulo
3222 5388 3323 5444 per
3364 5389 3539 5445 quem

1896 5470 2020 5541 ipse
2053 5468 2283 5523 locutus
2329 5470 2417 5518 est
2449 5465 2714 5517 Christus
2742 5478 2754 5514 :
2783 5463 2886 5527 Qui
2918 5460 3031 5515 vult
3073 5477 3254 5515 omnes
3299 5461 3543 5516 homines

1894 5560 2070 5612 salvos
2100 5557 2222 5626 ﬁeri
2264 5553 2311 5619 (1
2342 5554 2473 5606 Tim.
2513 5550 2679 5617 11,11);
2733 5552 2787 5600 et
2842 5548 3005 5601 Petro
3058 5566 3070 5603 :
3121 5551 3225 5617 (lui
3270 5552 3543 5603 neminem

1900 5648 2015 5702 vult
2062 5647 2267 5717 perire,
2294 5641 2383 5695 sed
2426 5656 2606 5694 omnes
2664 5637 2731 5691 (ul
2788 5639 3157 5707 petulantiam
3212 5639 3447 5694 converti
3474 5638 3547 5706 (II

1899 5738 2043 5791 Petr.
2078 5751 2160 5799 ιιι,
2189 5734 2263 5797 9).
