4020 6460
433 429 551 495 215

1367 429 1749 492 HINCMARI
1794 427 2240 492 BHEMENSIS
2285 429 2330 490 A
2346 429 2460 490 nm
2475 429 2900 490 llEPlSCthl.

3720 427 3834 489 2i6

503 562 619 618 Cur
645 577 782 635 ergo
817 577 935 619 non
972 575 1177 631 omnes
1216 560 1534 630 salvantur,
1567 563 1695 635 ipsa
1723 562 1950 620 Veritas
1980 579 2082 634 per
2109 563 2166 632 Α
2193 559 2691 629 luminamur,sed
2714 560 3078 634 exigentibus
3098 559 3314 616 nostris
3335 557 3560 616 meritis
3573 559 3836 631 adjuvari

427 651 715 708 Joannem
756 650 1172 723 evangelistam
1214 652 1582 724 respondeat.
1615 653 1723 708 Hoc
1761 659 1838 707 est
1880 659 2082 716 autem,

432 741 644 813 inquit,
669 739 973 811 judicium,
1006 742 1136 811 quia.
1176 741 1275 796 lue:
1306 742 1452 796 venit
1500 743 1559 796 in
1605 740 1892 807 mundum,
1925 749 1974 796 et
2003 740 2087 794 di-

431 831 684 888 lexerunt
713 829 960 884 homines
993 828 1240 884 tenebras
1279 831 1456 900 magis
1496 846 1658 900 quam
1697 830 1888 884 lucem.
1924 830 2092 883 Erant

430 921 580 976 enim
609 935 800 975 eorum
829 918 975 973 mala
1008 934 1169 989 opera
1198 921 1380 985 (Joau.
1405 935 1488 984 III,
1517 918 1620 988 19).
1652 917 1813 973 Unde
1845 923 2086 972 sanctus

431 1007 797 1080 Augustinus
842 1005 985 1061 dicit
1033 1007 1210 1078 (tract.
1247 1008 1313 1060 12
1362 1008 1418 1060 in
1467 1006 1656 1077 Joan.)
1683 1023 1694 1059 :
1725 1029 1751 1054 ‹‹
1787 1007 2087 1071 Quomodo

437 1096 680 1170 quidam
703 1095 922 1151 bonum
945 1112 1094 1166 opus
1117 1095 1397 1166 fecerunt,
1413 1099 1476 1149 ut
1492 1094 1756 1150 venirent
1777 1095 1848 1148 ad
1873 1093 2084 1163 lucem,

439 1185 500 1244 id
531 1189 621 1241 est
650 1185 720 1240 ad
743 1183 1063 1251 Christum,
1090 1187 1144 1239 et
1167 1184 1458 1255 quomodo
1490 1182 1728 1254 quidam
1762 1182 2090 1244 dilexerunt

436 1273 747 1330 tenebras?
779 1273 837 1328 Si
871 1289 1074 1328 omnes
1119 1276 1449 1344 peccatores
1481 1271 1716 1337 invenit,
1741 1276 1795 1327 et
1825 1289 2026 1328 omnes
2057 1289 2091 1328 a

437 1366 674 1435 peccato
706 1366 894 1428 sanat,
935 1366 992 1416 et
1036 1378 1274 1432 serpens
1324 1360 1440 1429 ille,
1470 1361 1527 1415 in
1562 1378 1675 1432 quo
1726 1361 1976 1433 ﬁgurata
2005 1367 2094 1416 est

439 1466 602 1506 mors
633 1449 886 1517 Domini,
911 1466 1010 1504 eos
1041 1454 1210 1504 sanat
1239 1449 1340 1520 qui
1378 1448 1557 1504 morsi
1597 1452 1847 1515 fuerant,
1872 1454 1928 1504 et
1957 1466 2088 1522 pro-

438 1542 570 1612 pter
599 1555 832 1596 morsus
880 1537 1165 1610 serpentis
1213 1543 1440 1594 erectus
1493 1542 1582 1593 est
1629 1537 1970 1610 serpens,id
2003 1543 2091 1594 est

441 1643 602 1683 mors
619 1626 850 1683 Domini
871 1631 1107 1699 propter
1128 1625 1401 1682 mortales
1416 1626 1684 1683 homines
1703 1643 1850 1698 quos
1873 1627 2092 1682 invenit

439 1715 720 1790 injustos,
757 1716 1046 1786 quomodo
1095 1713 1486 1786 intelligitur:
1531 1716 1636 1770 Hoc
1679 1723 1758 1770 est
1791 1713 2089 1788 judicium,

439 1805 696 1879 quoniam
727 1805 826 1860 luo:
854 1805 1000 1860 venit
1030 1805 1089 1859 in
1115 1803 1402 1870 mundum,
1426 1811 1476 1859 et
1505 1803 1820 1859 dilexerunt
1847 1803 2092 1860 homines

436 1895 615 1965 magis
647 1893 892 1950 tenebras
923 1909 1087 1965 quam
1125 1893 1316 1948 lucem.
1350 1893 1521 1948 Erant
1543 1893 1692 1948 em'm
1735 1893 1884 1948 mala
1931 1909 2093 1964 opera

435 1987 660 2039 eorum?
688 1982 836 2049 Quid
867 1986 956 2039 est
1002 1981 1154 2038 hoc?
1199 1984 1456 2048 Quorum
1502 1981 1659 2036 enim
1708 1986 1874 2037 erant
1921 1981 2098 2037 mala-

439 2086 615 2142 opera
635 2070 662 2126 ?
695 2071 898 2126 Nonne
922 2069 1132 2126 venisti
1166 2074 1229 2125 ut
1262 2070 1564 2141 justificcs
1607 2069 1866 2140 impios?
1896 2071 2010 2126 Sed
2041 2070 2102 2125 (li

437 2159 708 2225 texerunt,
742 2158 958 2230 inquit,
990 2159 1164 2228 magis
1196 2157 1431 2213 teeebras
1467 2174 1631 2230 quam
1661 2158 1853 2212 lucem.
1881 2158 1962 2212 Ibi
1993 2176 2094 2230 po-

440 2247 562 2305 suit
590 2246 728 2302 vim.
754 2245 919 2301 Multi
963 2246 1124 2300 enim
1153 2245 1481 2300 dilexerunt
1519 2249 1756 2317 peccata
1790 2263 1914 2301 sua.
1951 2247 2098 2312 Quia

441 2333 544 2407 qui
578 2335 889 2391 conﬁtetur
920 2339 1158 2406 peccata
1189 2351 1315 2402 sua,
1350 2339 1406 2389 et
1436 2339 1671 2390 accusat
1703 2339 1938 2404 peccata
1967 2353 2092 2404 sua,

431 2436 559 2510 jam
591 2440 724 2480 cum
756 2423 870 2480 Deo
900 2423 1058 2479 facit.
1081 2424 1333 2478 Accusat
1359 2423 1514 2478 Deus
1545 2426 1780 2494 peccata
1811 2427 1934 2491 tua,
1962 2423 2008 2480 si
2041 2429 2097 2479 et

441 2515 506 2568 tu
536 2529 797 2579 accusas,
833 2511 1207 2584 conjungeris
1247 2511 1384 2566 Deo.
1409 2511 1584 2577 Quasi
1617 2512 1744 2586 duae
1790 2530 1882 2568 res
1933 2517 2093 2582 sunt,

369 2580 394 2602 .
445 2600 621 2658 homo
650 2604 707 2656 et
752 2580 1020 2672 peccator
1045 2580 1244 2670 :—quod
1286 2599 1457 2655 audis
1498 2580 1692 2666 homo,
1721 2601 1874 2656 Deus
1910 2601 2048 2656 fecit

449 2690 604 2762 quod
628 2688 796 2746 audis
827 2692 1112 2761 peccator,
1139 2688 1262 2760 ipse
1292 2689 1466 2744 homo
1498 2687 1810 2744 fecit.Dele.
1831 2690 1983 2761 quod
2017 2691 2096 2744 fc-

450 2776 688 2845 cisti,ut
718 2778 872 2834 Deus
901 2777 1081 2833 solvet
1103 2777 1256 2850 quod
1290 2777 1700 2849 fecit.0portet
1725 2783 1788 2833 ut
1819 2778 2008 2834 oderis
2038 2778 2097 2833 in

451 2871 509 2924 te
539 2884 688 2940 opus
717 2871 906 2932 tuum,
931 2870 988 2922 et
1016 2882 1178 2921 ames
1207 2865 1267 2921 in
1311 2871 1366 2922 te
1405 2883 1552 2938 opus
1583 2866 1703 2921 Dei.
1728 2872 1870 2922 Cum
1903 2873 2098 2924 autem

451 2954 691 3027 cmperit
719 2953 824 3010 tibi
855 2953 1161 3026 displicere
1191 2953 1345 3025 quod
1398 2954 1608 3021 fecisti,
1649 2954 1783 3010 inde
1814 2956 2101 3028 incipiunt

453 3045 607 3100 bona
627 3059 802 3116 opera
821 3043 1086 3115 tua,quia
1107 3060 1347 3098 accusas
1367 3041 1520 3098 mala
1536 3060 1709 3114 opera
1733 3044 2097 3101 tua.lnitium

452 3133 740 3191 bonorum
771 3149 1012 3205 operum
1044 3132 1330 3189 confessio
1363 3136 1450 3187 est
1488 3149 1731 3204 operum
1785 3133 2095 3190 malorum.

448 3221 618 3278 Facis
648 3220 974 3288 veritatem,
1007 3219 1162 3277 152
1193 3225 1247 3276 et
1277 3219 1439 3276 venis
1471 3221 1541 3276 ad
1585 3219 1796 3276 lucem.
1832 3221 1978 3286 Quid
2011 3227 2100 3278 est

2195 669 2308 708 non
2343 669 2678 724 possumus.
2707 674 2734 700 ››
2756 652 2841 706 Ab
2873 651 3281 722 Omnipotente
3309 647 3600 720 videlicet,
3625 650 3695 704 de
3726 665 3838 721 quo

2195 745 2253 796 et
2285 741 2498 795 Paulus
2531 740 2668 795 dicit
2701 757 2713 794 ε
2747 741 2808 796 Si
2834 757 3114 810 negmnus,
3136 747 3186 795 et
3227 739 3322 793 ille
3359 737 3575 815 negabit
3613 753 3715 793 nos
3744 755 3762 790 :
3791 738 3841 792 si

2195 846 2301 885 non
2333 831 2623 897 credimus,
2658 831 2752 885 ille
2773 830 2953 902 ﬁdelis
2974 835 3274 901 permanet.
3305 829 3511 899 Negare
3555 843 3613 882 se
3664 829 3840 898 ipsum

2194 934 2302 973 non
2341 927 2511 990 potest
2546 920 2620 988 (11
2654 921 2785 974 Tim.
2821 936 2881 987 ιι,
2919 920 3027 987 12).
3054 919 3188 984 Qua:
3227 915 3592 988 impotentia,
3625 920 3694 970 ut
3729 918 3842 971 Au-

2198 1008 2472 1080 gustinus
2518 1009 2899 1075 demonstrat,
2935 1007 3188 1062 maxime
3234 1005 3309 1060 ad
3359 1003 3842 1076 omnipotentiam

2199 1096 2468 1168 pertinet.
2503 1095 2716 1152 Fidelis
2761 1097 2916 1150 enim
2960 1096 3280 1167 permanet,
3313 1109 3523 1164 negare
3582 1093 3844 1164 seipsum

2199 1185 2557 1256 non‘potcst.
2591 1183 2753 1239 Unde
2779 1184 2932 1238 idem
2967 1183 3168 1238 doctor
3195 1181 3444 1237 eximius
3473 1180 3531 1235 in
3567 1181 3847 1237 Sermone

2197 1273 2270 1328 de
2301 1272 2564 1345 symbolo
2597 1273 2666 1328 ad
2716 1272 3045 1344 NeOphytos
3073 1271 3155 1326 ita
3185 1270 3328 1326 dicit
3361 1287 3373 1324 :
3400 1293 3428 1320 «
3463 1269 3846 1342 Omnipotens

2197 1378 2266 1418 ex
2297 1360 2478 1416 nihilo
2530 1361 2805 1432 primitus
2836 1365 3048 1415 cuncta
3093 1360 3249 1426 fecit,
3277 1375 3412 1414 cum
3443 1357 3660 1430 quibus
3718 1359 3850 1414 fecit

2199 1450 2414 1524 pariter
2445 1451 2599 1504 unde
2651 1449 2802 1504 fecit.
2839 1448 3108 1504 Materies
3152 1447 3350 1519 itaque
3379 1447 3504 1502 οωιί
3554 1451 3614 1502 et
3657 1451 3846 1516 terra),

2201 1539 2354 1595 sicut
2382 1538 2503 1593 haec
2535 1537 2594 1592 in
2625 1535 2909 1609 principio
2935 1540 3076 1592 sunt
3103 1539 3315 1604 creata,
3341 1535 3516 1591 simul
3540 1552 3676 1592 cum
3707 1535 3850 1607 ipsis

2200 1633 2289 1683 est
2319 1631 2530 1682 creata.
2560 1627 2673 1680 Nec
2704 1625 2814 1680 fuit
2844 1625 2999 1680 unde
3029 1626 3234 1680 fierent
3263 1641 3390 1694 quis
3422 1623 3574 1679 Deus
3602 1621 3662 1678 in
3699 1623 3854 1696 prin-

2201 1717 2350 1788 cipio
2402 1715 2555 1782 fecit,
2615 1721 2670 1770 et
2725 1719 2919 1769 tamen
2981 1714 3132 1769 facta
3189 1717 3329 1768 sunt
3385 1729 3512 1784 quae
3569 1712 3853 1784 Omnipo-

2201 1809 2331 1861 tens
2363 1805 2518 1869 fecit,
2553 1821 2677 1876 qua:
2718 1804 2870 1858 facta
2909 1799 3258 1874 composuit,
3291 1799 3569 1873 implevit,
3603 1799 3852 1856 ornavit.

2204 1895 2263 1950 Si
2291 1894 2445 1949 enim
2493 1910 2619 1965 qua:
2669 1891 2728 1946 in
2769 1891 3055 1964 principio
3087 1889 3222 1946 fecit
3277 1907 3346 1946 ex
3403 1888 3588 1946 nihilo
3648 1889 3857 1961 utique

2206 1982 2359 2051 fecit,
2393 1983 2568 2038 etiam
2627 1999 2696 2036 cx
2748 1981 2840 2035 his
2888 1997 3015 2052 qua:
3072 1980 3208 2034 fecit
3263 1977 3548 2050 quidquid
3607 1976 3858 2034 voluerit.

2206 2073 2392 2127 facere
2451 2076 2656 2144 potens
2727 2075 2844 2136 est,
2916 2069 3056 2141 quia
3121 2068 3494 2140 omnipotens
3561 2072 3673 2124 est.
3741 2067 3858 2124 Nec

2205 2161 2333 2216 ideo
2365 2161 2605 2215 credant
2634 2157 2821 2230 iniqui
2851 2159 3034 2214 Deum
3069 2175 3183 2214 non
3215 2175 3341 2213 esse
3371 2155 3856 2228 omnipotentem,

2207 2250 2346 2322 quia
2374 2249 2560 2304 multa
2609 2253 2811 2304 contra
2859 2249 2988 2319 ejus
3035 2247 3256 2302 faciunt
3303 2245 3683 2314 voluntatem,
3720 2245 3862 2318 quia

2207 2343 2262 2395 et
2293 2356 2426 2394 cum
2461 2337 2684 2393 faciunt
2715 2337 2864 2409 quod
2911 2353 3028 2392 non
3054 2335 3198 2407 vult,
3232 2336 3341 2392 hoc
3372 2333 3456 2390 eis
3497 2333 3671 2390 faciet
3699 2334 3861 2407 quod

2206 2427 2330 2500 ipse
2360 2427 2502 2482 vult.
2538 2427 2706 2481 Nullo
2738 2425 2910 2481 modo
2948 2423 3129 2498 igitur
3157 2423 3575 2495 omnipotentis
3605 2421 3695 2478 vel
3727 2438 3863 2478 mu-

2205 2521 2332 2571 tant
2371 2515 2456 2570 vcl
2517 2519 2797 2586 superant
2849 2514 3256 2570 voluntatem:
3293 2512 3412 2568 sive
3468 2511 3645 2568 homo
3695 2511 3865 2582 justo

2208 2606 2536 2672 damnetur,
2587 2604 2705 2658 sive
2753 2601 3205 2658 misericorditer
3251 2599 3548 2670 liberetur,
3583 2599 3866 2657 voluntas

2209 2692 2635 2765 Omnipotentis
2683 2691 2978 2763 impletur.
3003 2691 3164 2756 Quod
3214 2705 3350 2762 ergo
3400 2705 3516 2745 non
3564 2687 3694 2744 vult
3723 2689 3866 2745 0m-

2209 2781 2480 2854 nipotens
2511 2781 2618 2837 hoc
2649 2781 2840 2836 solum
2881 2797 2997 2836 non
3028 2783 3240 2852 potest.
3275 2778 3470 2834 Utitur
3497 2795 3635 2850 ergo
3659 2777 3864 2847 malis,

2211 2889 2324 2927 non
2349 2871 2670 2927 secundum
2695 2886 2895 2926 eorum
2920 2885 3177 2940 pravam,
3207 2867 3306 2923 sed
3327 2866 3654 2922 secundum
3687 2884 3869 2924 suam

2210 2965 2427 3016 rectam
2467 2960 2846 3014 voluntatem.
2879 2957 3023 3013 Nam
3083 2956 3234 3012 sicut
3287 2955 3424 3011 mali
3486 2959 3698 3011 natura
3754 2973 3871 3014 sua

2211 3050 2381 3116 bona,
2407 3049 2514 3103 hoc
2544 3053 2632 3103 est
2661 3048 2811 3102 bono
2865 3048 2994 3118 ejus
3043 3062 3234 3118 opere,
3267 3044 3419 3100 male
3450 3049 3743 3100 utuntur:
3779 3045 3870 3102 sic

2211 3138 2333 3210 ipse
2363 3139 2551 3193 bonus
2579 3141 2753 3192 etiam
2796 3151 2997 3191 eorum
3039 3133 3209 3189 malis
3249 3133 3526 3204 operibus
3558 3133 3709 3188 bene
3741 3134 3869 3190 uti-

2211 3230 2308 3280 tur
2339 3243 2410 3280 ne
2437 3223 2865 3296 Omnipotentis
2893 3221 3163 3278 voluntas
3194 3221 3391 3293 aliqua
3429 3237 3498 3276 ex
3537 3226 3704 3294 parte
3734 3222 3868 3278 vin-

445 3307 594 3366 facis
623 3307 965 3364 veritatem?
996 3309 1120 3364 Non
1151 3313 1206 3364 te
1237 3307 1458 3380 palpas,
1491 3326 1606 3364 non
1651 3307 1753 3364 tibi
1787 3309 2092 3378 blandiris,
2128 3296 2170 3377 Ο
2211 3317 2393 3369 catur.
2429 3313 2581 3370 153
2614 3311 2674 3368 Si
2704 3311 2858 3366 enim
2903 3328 3018 3367 non
3068 3310 3309 3366 haberet
3358 3310 3512 3381 quod
3565 3310 3763 3367 bonus
3793 3311 3870 3368 de

448 3414 567 3454 non
599 3401 654 3452 te
685 3395 912 3463 adulas,
945 3413 1060 3454 non
1107 3396 1253 3452 dicis
1283 3397 1489 3453 Justus
1519 3414 1672 3469 sum,
1699 3415 1832 3454 eum
1872 3400 1952 3453 sis
1984 3399 2092 3455 ini-

447 3501 622 3558 quus,
657 3489 714 3541 et
753 3485 962 3558 incipis
1007 3486 1194 3541 facere
1229 3485 1553 3541 veritatem.
1580 3486 1756 3542 Venis
1795 3492 1988 3542 autem
2021 3489 2092 3544 ad

449 3573 660 3643 lucem,
682 3577 746 3628 ut
767 3573 1216 3630 manifestentur
1239 3590 1413 3645 opera
1434 3579 1552 3641 tua,
1571 3573 1706 3646 quia
1728 3573 1785 3630 in
1808 3576 1922 3630 Deo
1946 3577 2097 3631 facta

448 3665 622 3718 sunt:
649 3661 787 3734 quia
816 3666 871 3717 et
901 3661 1009 3716 hoc
1040 3662 1235 3734 ipsum
1269 3661 1423 3732 quod
1451 3660 1556 3715 tibi
1579 3661 1880 3733 displicuit
1901 3681 2096 3734 pecca-

447 3753 577 3808 tum
608 3755 799 3822 tuum,
838 3767 952 3806 non
1002 3749 1109 3804 tibi
1142 3748 1495 3821 displiceret,
1521 3749 1634 3804 nisi
1685 3751 1840 3806 Deus
1871 3751 1975 3806 tibi
2005 3751 2090 3806 lu-

447 3843 620 3908 ceret,
645 3843 702 3895 et
729 3841 858 3912 ejus
889 3837 1101 3894 veritas
1131 3837 1236 3892 tibi
1267 3838 1690 3894 ostenderetur.
1720 3861 1746 3888 ››

513 3929 587 3986 At
615 3927 665 3984 si
695 3927 830 4000 quis
855 3928 926 3983 de
965 3925 1492 3982 Praedestinatianis
1530 3926 1651 3982 hmc
1691 3927 1914 3999 legerit,
1951 3931 2094 3985 forte

445 4015 556 4086 sub
587 4032 694 4072 suo
727 4033 902 4072 sensu
936 4015 1090 4070 dicet
1129 4015 1284 4084 quod
1327 4015 1599 4070 dixerunt
1631 4015 1868 4086 quidam
1903 4017 1962 4071 in
1993 4017 2092 4072 illo

444 4107 723 4174 tempore.
750 4102 856 4168 Qui
886 4100 1113 4173 aperuit
1133 4102 1332 4157 oculos
1353 4103 1486 4157 caici
1519 4103 1662 4167 nati,
1687 4105 1952 4176 nunquid
1975 4125 2092 4164 non

445 4193 672 4262 poterat
701 4190 888 4246 facere
921 4195 986 4245 ut
1016 4189 1124 4245 iste
1157 4206 1272 4244 non
1307 4192 1672 4246 moreretur?
1701 4196 1757 4247 et
1788 4193 2092 4252 Prcedesti-

445 4278 724 4335 natianus
749 4295 761 4334 :
789 4279 953 4335 Sicut
977 4277 1074 4332 isti
1104 4277 1294 4333 illuxit
1322 4278 1496 4346 Deus,
1523 4297 1696 4350 quem
1723 4281 1944 4338 salvum
1968 4285 2088 4339 tieri

443 4365 644 4436 Voluit,
681 4367 765 4423 sic
793 4371 850 4423 et
879 4365 976 4422 isti
1028 4365 1318 4422 illuxisset
1355 4371 1418 4421 ut
1465 4367 1807 4436 salvaretur,
1842 4372 1889 4425 si
1923 4372 2088 4428 illum

445 4455 673 4512 salvum
705 4454 829 4511 ﬁeri
861 4453 1560 4527 voluisset.Omnipotens
1599 4463 1688 4513 est
1726 4459 1880 4514 enim
1913 4461 2086 4530 Deus,

443 4548 510 4602 ut
541 4549 598 4598 et
628 4543 686 4600 in
720 4543 982 4616 symbolo
1018 4543 1306 4600 catholica
1345 4547 1654 4600 confitetur
1690 4547 1965 4614 Ecclesia,
1988 4553 2088 4622 qui

2206 3402 2376 3457 malis
2423 3403 2586 3473 justo
2617 3419 2682 3456 ac
2723 3401 2868 3456 bene
2901 3400 3132 3466 faceret,
3167 3398 3326 3454 nullo
3381 3399 3552 3455 modo
3609 3415 3713 3454 eos
3771 3399 3866 3456 vel

2203 3491 2365 3546 nasci
2394 3490 2480 3546 vel
2513 3490 2697 3544 vivere
2730 3489 2965 3544 sineret.
2985 3491 3139 3554 Quos
3176 3487 3362 3543 malos
3392 3487 3516 3558 ipso
3549 3503 3662 3542 non
3700 3487 3870 3559 fecit,

2204 3578 2342 3650 quia
2371 3576 2637 3631 homines
2683 3576 2816 3631 fecit
2848 3592 2860 3630 :
2897 3577 3033 3648 quia
3086 3593 3200 3631 non
3250 3579 3507 3647 peccata,
3540 3591 3668 3646 quae
3715 3581 3869 3633 sunt

2203 3672 2402 3722 contra
2435 3671 2725 3731 naturam,
2760 3665 2860 3720 sed
2901 3668 3142 3719 naturas
3188 3664 3347 3735 ipsas
3397 3663 3634 3718 creavit.
3667 3663 3869 3722 Malos

2203 3759 2396 3810 tamen
2419 3771 2517 3810 cos
2537 3757 2764 3809 futuros
2787 3753 3063 3825 praescius
3085 3753 3353 3825 ignorare
3376 3769 3486 3807 non
3513 3752 3726 3824 potuit.
3743 3754 3868 3810 Sed

2203 3843 2356 3898 sicut
2384 3847 2620 3898 noverat
2635 3859 2761 3914 qua:
2791 3841 2900 3914 ipsi
2924 3848 3120 3897 essent
3141 3839 3296 3897 mala
3316 3841 3548 3907 facturi,
3568 3840 3652 3896 sic
3673 3840 3868 3900 etiam

2203 3936 2439 3987 noverat
2469 3949 2594 4002 quae
2628 3930 2780 3984 bona
2811 3930 2881 3985 de
2910 3928 3027 3984 illis
3077 3935 3230 3985 esset
3277 3930 3594 3986 tacturus.»
3619 3930 3688 3984 Et
3721 3936 3872 4002 post

2201 4019 2508 4093 paululum
2535 4036 2546 4074 :
2572 4042 2598 4068 «
2626 4020 2735 4074 Sed
2760 4019 3038 4090 quoniam
3061 4017 3178 4073 dixi
3209 4018 3318 4074 hoc
3349 4017 3539 4073 solum
3571 4018 3866 4091 Omnipo-

2199 4112 2416 4164 tentem
2440 4125 2552 4164 non
2577 4123 2745 4177 posse
2773 4106 2927 4176 quod
2956 4122 3071 4160 non
3091 4105 3233 4172 vult,
3253 4122 3324 4162 ne
3347 4104 3478 4177 quis
3507 4122 3603 4160 me
3633 4110 3869 4165 temere

2202 4195 2314 4251 dixi
2325 4214 2414 4251 ssc
2437 4195 2752 4251 arbitretur
2773 4193 2993 4266 aliquid
3018 4194 3486 4266 Omnipotentem
3514 4210 3628 4249 non
3652 4211 3863 4266 posse,

2201 4285 2308 4340 hoc
2339 4290 2394 4339 et
2426 4285 2628 4340 beatus
2659 4282 2972 4355 Apostolus
3003 4283 3184 4338 dixit:
3207 4283 3269 4340 Si
3297 4299 3408 4338 non
3435 4282 3730 4352 credimus,
3756 4285 3866 4348 ille

2197 4374 2373 4444 ﬁdelis
2399 4381 2700 4444 permanet,
2730 4389 2926 4443 negare
2945 4373 3178 4444 seipsum
3211 4388 3321 4428 non
3344 4379 3532 4443 potest.
3557 4371 3863 4430 Nonenim

2199 4467 2390 4534 potest
2412 4461 2643 4533 justitia
2673 4461 2816 4516 velle
2858 4463 3046 4517 facere
3086 4462 3241 4533 quod
3283 4461 3566 4532 injustum
3601 4465 3710 4528 est,
3747 4470 3866 4522 aut

2198 4551 2482 4624 sapientia
2512 4550 2655 4606 vello
2685 4551 2836 4622 quod
2874 4549 3120 4604 stultum
3171 4554 3280 4615 est,
3307 4555 3408 4605 aut
3453 4549 3669 4604 veritas
3699 4551 3863 4608 velle

442 4631 640 4686 omnia
670 4648 1034 4704 quaecunque
1055 4631 1235 4687 voluit
1266 4632 1422 4688 fecit.
1450 4633 1814 4704 ltesponzleat
1841 4635 2067 4710 Evange
2118 4663 2164 4734 η
2197 4642 2350 4712 quod
2385 4641 2596 4696 falsum
2645 4645 2752 4694 est.
2789 4639 2949 4694 Unde
2979 4639 3365 4694 admonemur
3412 4639 3598 4694 Deum
3645 4639 3860 4694 omni-

441 4720 577 4776 lista
604 4720 834 4775 Marcus
866 4737 878 4775 :
913 4722 978 4777 Et
1004 4737 1110 4776 non
1149 4729 1357 4793 poterat
1396 4722 1474 4776 ibi
1512 4723 1767 4779 virtutem
1797 4725 1971 4781 ullam.
1997 4731 2084 4798 fa-

437 4824 580 4878 cere,
612 4809 730 4864 nisi
754 4825 955 4880 paucos
986 4810 1232 4880 inﬁrmos
1275 4812 1543 4882 impositis
1572 4813 1828 4868 manibus
1857 4819 2085 4872 curavit.

436 4897 502 4952 Et
555 4897 864 4953 mirabatur
896 4905 1116 4970 propter
1158 4898 1602 4954 incredulitatem
1648 4901 1872 4956 illorum
1902 4903 2084 4970 (Marc.

435 5004 514 5058 v1,
544 4987 620 5058 5).
663 4986 808 5043 Hinc
868 4986 1023 5042 Beda
1078 4988 1217 5058 (cap.
1269 4987 1321 5058 4)
1375 4987 1441 5041 in
1501 4988 1810 5059 Evangelia
1871 4991 2082 5054 Lucae:

435 5097 464 5124 (ι
495 5076 746 5133 Amabat
776 5075 972 5147 itaque
1014 5073 1186 5140 cives,
1213 5076 1312 5130 sed
1349 5075 1461 5146 ipsi
1495 5091 1556 5130 se
1589 5075 1867 5133 charitute
1899 5083 2086 5150 patria

433 5179 540 5218 suo
570 5163 746 5220 livore
777 5163 1103 5236 privabant.
1125 5185 1144 5210 ι
1171 5164 1239 5218 Et
1269 5163 1556 5218 Dominus
1588 5163 1798 5218 dicenti
1831 5167 1942 5222 sibi
1977 5185 1988 5224 :
2023 5171 2084 5226 Si

431 5251 563 5321 quid
587 5261 754 5322 potes,
777 5253 976 5325 adjuva
1004 5268 1102 5308 nos
1143 5254 1402 5308 misertus
1442 5254 1618 5308 nostri
1654 5252 1834 5319 (Marc.
1859 5273 1934 5323 1x,
1965 5259 2077 5342 22),

431 5340 764 5409 respondit:
789 5342 850 5397 Si
863 5350 1010 5414 potes
1031 5340 1264 5409 credere,
1289 5343 1472 5396 omnia
1503 5341 1786 5412 possibilia
1817 5340 2075 5402 ereclmtil

427 5425 496 5480 Et
526 5433 765 5482 sanctus
795 5430 1106 5501 Gregorius
1152 5428 1394 5484 humilia
1423 5431 1486 5483 31
1526 5446 1582 5482 ;‹ι
1621 5429 1776 5486 lianc
1809 5433 2078 5492 videlicet

425 5513 787 5570 incurvatam
818 5517 1121 5573 mulierem
1145 5535 1278 5574 cum
1301 5517 1545 5573 vidisset
1565 5517 1736 5573 Jcsus
1759 5524 1979 5578 vocavit
2001 5527 2072 5580 ad

425 5619 506 5672 se,
539 5627 567 5652 ››
591 5607 649 5659 et
679 5603 923 5676 reliqua.
949 5629 974 5654 ‹‹
1009 5605 1208 5673 Vocat,
1243 5605 1434 5678 inquit
1465 5610 1704 5662 sanctus
1737 5609 2069 5680 Gregorius,

425 5693 523 5748 scd
557 5710 670 5748 non
703 5692 908 5765 erigit:
933 5695 1404 5766 quandoquidem
1437 5712 1539 5766 per
1569 5696 1695 5766 ejus
1727 5697 1974 5767 gratiam
2010 5701 2071 5754 il-

2196 4735 2486 4802 potentcm
2520 4746 2632 4783 non
2656 4727 2763 4784 hoc
2787 4728 2978 4783 solum
3001 4729 3156 4799 quod
3189 4728 3270 4783 ait
3289 4726 3620 4799 Apostolus,
3643 4745 3866 4799 negare

2194 4821 2433 4890 seipsum
2450 4835 2560 4872 non
2583 4825 2769 4888 potest,
2791 4817 2891 4873 sed
2914 4815 3102 4871 multa
3131 4833 3246 4872 non
3279 4832 3468 4888 posse.
3493 4815 3637 4872 Ecce
3656 4820 3716 4871 et
3738 4834 3860 4890 ego

2195 4909 2342 4973 dico,
2368 4912 2424 4962 et
2453 4907 2580 4978 ejus
2611 4905 2850 4961 veritate
2873 4905 3062 4960 dicere
3092 4907 3276 4961 audeo
3303 4905 3459 4978 quod
3489 4921 3703 4976 negare
3725 4923 3862 4964 non

2193 4997 2398 5052 audeo.
2416 4995 2568 5050 Deus
2587 4994 2953 5065 omnipotens
2972 5011 3087 5049 non
3109 4998 3302 5066 potest
3319 4991 3487 5058 mori,
3508 5009 3624 5047 non
3649 4999 3864 5064 potest

2193 5084 2429 5149 mutari,
2454 5100 2568 5138 non
2600 5088 2786 5154 potest
2813 5081 2952 5153 falli,
2977 5098 3092 5138 non
3124 5087 3312 5154 potest
3342 5081 3521 5136 miser
3545 5081 3692 5146 ﬁeri,
3721 5099 3856 5142 non

2191 5179 2379 5244 potest
2411 5171 2580 5226 vinci.
2615 5171 2742 5226 llwc
2775 5176 2947 5242 atque
2979 5171 3319 5241 hujusmodi
3351 5168 3610 5225 absit-ut
3649 5173 3857 5240 possit

2191 5262 2590 5333 Omnipotens.
2612 5262 2689 5314 Ac
2719 5276 2820 5331 per
2850 5260 2956 5315 hoc
2980 5277 3096 5315 non
3120 5258 3311 5314 solum
3334 5256 3586 5329 ostendit
3606 5255 3854 5320 Veritas

2189 5349 2342 5406 omni
2352 5353 2644 5420 potentem
2677 5364 2802 5402 esse
2834 5364 2980 5418 quos
3010 5347 3123 5402 ista
3151 5364 3266 5402 non
3299 5346 3501 5418 possit,
3527 5344 3627 5400 sed
3653 5345 3850 5406 etiam

2187 5439 2341 5510 cogit
2373 5437 2596 5492 Veritas
2627 5436 3088 5507 omnipotentem
3122 5455 3236 5492 non
3267 5453 3394 5491 esse
3422 5433 3522 5505 qui
3552 5433 3672 5487 hazc
3705 5451 3852 5506 pos-

2185 5528 2280 5582 sit.
2311 5526 2522 5581 Volens
2563 5529 2651 5579 est
2696 5524 2852 5578 enim
2903 5524 3057 5582 Deus
3087 5525 3371 5597 quidquid
3422 5528 3531 5578 est.
3567 5527 3848 5584 [Eternus

2181 5635 2338 5686 ergo,
2362 5621 2419 5669 et
2449 5612 2968 5682 incommutabilis,
3003 5619 3059 5669 et
3086 5632 3276 5683 verax,
3312 5619 3369 5670 et
3401 5614 3626 5677 beatus,
3649 5617 3710 5668 et
3743 5614 3846 5672 in~

2183 5702 2532 5775 superabilis
2554 5701 2750 5754 volens
2775 5707 2882 5756 est.
2909 5703 2965 5757 Si
2989 5720 3124 5773 ergo
3146 5708 3330 5776 potest
3365 5720 3492 5758 esse
3524 5701 3680 5772 quod
3714 5718 3843 5760 non
