4020 6454
123 443 210 506 231

771 435 872 497 DE
914 437 1683 500 PRIEDESTINATIONE
1727 437 2246 504 DISSEIlTATIO
2289 443 2754 509 POSTERIOR.

3353 454 3471 513 222

121 576 231 649 quia
255 578 302 629 te
329 586 434 627 non
463 567 652 624 vincet
683 572 894 626 natura
920 571 1200 642 corporis,
1226 587 1412 643 neque
1449 575 1714 644 strangu-
1742 569 1797 638 Α
1825 574 1934 639 est,
1948 576 2006 628 et
2036 572 2307 631 meretrix
2346 576 2514 633 testis
2543 580 2652 647 est,
2686 596 2813 651 qua:
2863 579 2935 637 de
2982 599 3090 638 sua
3121 583 3232 640 fuit
3262 581 3472 642 libera.

122 664 236 721 labit
255 660 501 726 invitum,
535 676 720 731 neque
755 663 809 714 te
837 659 1151 714 obnoxium
1196 660 1367 714 faciet
1415 676 1482 715 ex
1531 659 1713 716 libero

122 753 208 809 nisi
233 747 533 806 voluntaria
564 746 898 803 declinatio.
935 770 962 796 υ
995 748 1064 802 Et
1095 748 1232 803 item
1267 749 1324 803 in
1365 748 1615 805 humilia
1643 751 1712 805 de

120 849 245 915 patre
269 843 321 894 et
343 836 568 892 duobus
599 835 774 891 filiis:
805 859 832 885 «
868 836 1232 892 Describitur
1262 842 1456 893 autem
1477 837 1534 893 in
1561 839 1709 905 istis,

118 929 431 988 etevidenter
448 925 784 982 ostenditur
803 925 1047 982 libertas
1069 943 1247 999 quam
1289 927 1498 982 anima:
1529 927 1710 983 ratio-

121 1018 208 1075 nali
233 1016 459 1072 inseruit
506 1020 734 1069 creator
786 1016 955 1071 Deus.
989 1015 1132 1071 Vide
1179 1016 1358 1083 enim,
1391 1020 1555 1089 pater
1603 1016 1713 1072 isto

120 1105 361 1180 quomodo
405 1120 508 1160 nec
561 1102 729 1158 illum
784 1103 1080 1160 discedere
1121 1105 1409 1161 volentem
1443 1105 1708 1172 retineat,

118 1212 198 1252 nec
221 1192 368 1250 liberi
404 1191 626 1249 arbitrii
659 1192 886 1248 auferat
915 1195 1498 1267 potestatem.Neque
1529 1194 1710 1250 alium

120 1299 313 1339 manere
331 1280 660 1354 cupientem
683 1287 852 1354 cogat
873 1282 1281 1348 abscedere,ne
1307 1284 1448 1340 forte
1471 1300 1714 1356 sequen-

116 1373 232 1428 tium
258 1371 697 1443 malorum,quze
726 1376 926 1443 postea
953 1370 1047 1426 his
1077 1389 1184 1428 suo
1231 1372 1367 1428 vitio
1413 1374 1710 1443 accedent,

119 1463 212 1533 ipse
234 1459 412 1532 potius
439 1465 648 1514 auctor
674 1475 802 1515 esse
833 1459 1119 1526 videatur,
1154 1460 1200 1516 si
1230 1461 1288 1516 in
1327 1461 1442 1516 illis
1471 1461 1711 1518 liberta-

117 1555 207 1605 tem
233 1547 458 1622 proprias
482 1547 801 1604 voluntatis
830 1547 1162 1604 absciderit.
1189 1550 1388 1622 Itaque
1417 1555 1474 1606 et
1494 1550 1712 1622 petenti

117 1640 209 1706 dat,
228 1637 351 1711 quia
377 1654 444 1694 ex
475 1637 670 1704 nobis,
702 1654 818 1693 non
849 1654 916 1693 ex
947 1637 1086 1706 Deo,
1119 1637 1324 1710 inopiae
1355 1643 1413 1694 et
1441 1639 1711 1695 offensio-

116 1726 186 1783 nis
202 1732 389 1784 nostra:
419 1742 604 1783 causa
633 1725 1043 1799 proficiscitur.
1067 1727 1344 1799 Accipiens
1375 1735 1554 1784 autem
1587 1745 1714 1800 par-

116 1825 196 1872 tem
231 1833 372 1873 mm
407 1817 608 1889 junior
651 1831 894 1888 peregre,
929 1815 1144 1886 inquit,
1175 1816 1312 1872 abiit
1349 1817 1506 1886 longe
1559 1818 1709 1888 (Luc.

113 1922 184 1974 xv,
215 1907 306 2002 13-).
336 1905 496 1972 Quod
529 1905 840 2002 autemfit
869 1903 1060 2002 lpnge,
1085 1921 1201 1960 non
1242 1904 1504 2002 locorum
1535 1905 1710 2002 inte-r-
1741 1938 1788 2002 Β

115 1993 427 2064 capedinem,
471 1994 578 2050 sed
629 1992 1079 2049 declinationem
1138 1993 1352 2050 mentis
1408 1993 1710 2066 expressit.

115 2081 196 2149 Qui
221 2081 362 2139 enim
393 2081 747 2138 oblivionem
781 2081 880 2137 Dei
905 2080 1138 2154 ceperit,
1172 2081 1266 2138 hic
1295 2099 1425 2138 vere
1454 2084 1712 2155 peregri-

115 2171 259 2226 naria
285 2171 393 2228 Deo
431 2170 684 2238 dicitur;
717 2169 872 2226 sicut
915 2175 1170 2239 econtra,
1203 2171 1562 2227 conversatio
1609 2189 1713 2226 sae-

114 2259 286 2316 celaris
331 2276 442 2316 non
494 2258 690 2316 solum
742 2258 1134 2332 peregrinum,
1167 2260 1267 2316 sed
1316 2260 1570 2315 alienum
1607 2265 1716 2315 Deo

113 2348 363 2404 hominem
394 2347 641 2404 facit.Et
672 2353 736 2404 ut
769 2347 1019 2404 breviter
1045 2348 1260 2416 dicam,
1285 2349 1435 2405 sicut
1465 2349 1715 2422 peregri-

116 2443 280 2493 nantes
305 2455 338 2494 a
364 2436 582 2494 aesculo
605 2440 1027 2510 praesentamur
1052 2438 1124 2494 ad
1158 2437 1496 2505 Dominum,
1530 2438 1612 2495 sic
1663 2443 1720 2494 et

115 2532 474 2596 permanentes
509 2526 571 2581 in
595 2526 769 2582 rebus
791 2525 1037 2580 terrenis
1069 2544 1102 2581 a
1127 2526 1460 2583 coelestibus
1489 2527 1718 2583 exsula-

113 2614 495 2689 mur.Dcnique
529 2619 586 2671 ct
617 2613 755 2670 Cain
791 2615 930 2670 exiit
959 2634 992 2671 a
1025 2616 1168 2671 facie
1199 2616 1449 2684 Domini,
1469 2622 1526 2672 et
1551 2617 1720 2690 longe

109 2703 344 2772 edicitur;
376 2722 491 2762 non
527 2703 670 2777 quia
699 2708 756 2760 et
803 2703 966 2760 locus
1011 2704 1224 2777 aliquis
1273 2706 1413 2763 foris
1461 2712 1616 2763 esset
1661 2707 1720 2763 in

111 2797 381 2864 conspectu
415 2793 545 2862 Dei,
581 2794 683 2849 sed
714 2810 830 2866 quo
861 2811 972 2850 sua
1001 2799 1193 2850 mente
1224 2794 1445 2851 divisus
1489 2795 1726 2853 exiisset

112 2895 138 2934 ι
171 2879 380 2938 Domini
427 2887 723 2954 respectu,
750 2900 854 2954 per
895 2881 1277 2938 homicidium
1335 2888 1643 2956 separatus
1691 2903 1725 2941 a

114 2966 219 3024 Deo.
251 2993 276 3017 ιο
303 2970 368 3026 Et
397 2969 544 3027 item
580 2969 638 3026 in
670 2969 819 3028 libro
849 2971 919 3026 de
965 2971 1303 3027 Eruditione
1352 2971 1672 3045 disciplima
1706 2989 1721 3028 :

113 3079 134 3104 ι
157 3059 418 3124 Quoniam
437 3060 685 3132 quidem
719 3058 918 3116 minus
945 3064 1034 3115 est
1062 3063 1363 3132 peccatum
1395 3061 1445 3116 ci
1478 3061 1578 3134 qui
1602 3079 1728 3135 pec-

114 3151 182 3199 cat
207 3147 544 3222 priusquam
577 3152 857 3222 agnoscat
886 3147 1256 3220 disciplinam
1291 3148 1730 3208 Domini.Nulla

110 3241 266 3292 autem
291 3237 456 3294 venia
482 3242 580 3294 est
605 3237 863 3311 peccanti
897 3241 1028 3310 post
1064 3237 1421 3310 agnitionem
1472 3240 1723 3308 Domini,

1823 659 1978 716 tione
2011 661 2276 719 sollicita.
2312 665 2436 720 Non
2467 665 2649 739 igitur
2684 667 2934 725 videndo
2983 671 3365 741 meretricem,
3399 674 3471 729 de

1821 751 1925 803 tua
1954 748 2295 807 liberatione
2326 753 2634 826 desperes;
2668 757 2770 812 sed
2802 761 2860 812 et
2902 757 3116 815 Judam
3163 761 3471 833 cogitando

1823 853 1938 892 non
1971 839 2147 894 debes
2178 857 2307 896 esse
2339 856 2601 899 securus.
2622 843 2946 918 Utrumque
2983 845 3139 902 enim
3185 848 3469 920 periculo-

1823 935 1954 981 Sum
1987 932 2094 993 est,
2127 933 2184 984 et
2213 930 2587 1000 confidentia,
2621 937 2678 988 et
2723 933 3071 1006 desperatio.
3093 935 3238 990 Nam
3288 939 3471 993 confl-

1823 1013 2022 1070 dentia
2078 1020 2288 1074 etatem
2343 1019 2565 1088 evertit,
2599 1025 2658 1076 et
2714 1021 2927 1078 iterum
2976 1023 3302 1095 desperatio
3341 1030 3474 1098 post

1822 1100 2054 1174 lapsum
2087 1121 2200 1161 non
2233 1106 2494 1163 admittit
2515 1111 2933 1182 exsurgere.Et
2965 1111 3091 1167 ideo
3124 1112 3338 1169 Paulus
3376 1131 3471 1170 cx-

1821 1189 2092 1248 hortatur
2121 1195 2322 1251 dicens
2351 1212 2364 1250 :
2404 1197 2510 1266 Qui
2536 1214 2594 1254 se
2617 1207 2773 1272 putat
2799 1208 2961 1268 stare,
2995 1201 3171 1258 videat
3213 1219 3284 1259 ne
3319 1203 3478 1261 cadat

1818 1278 1869 1348 (ι
1894 1286 2015 1342 Cor.
2046 1301 2102 1351 x,
2139 1285 2246 1353 11).
2273 1284 2462 1342 Habes
2486 1287 2818 1360 exemplum
2840 1287 3146 1362 utriusque
3179 1307 3464 1363 personae.

1819 1373 2154 1446 Discipulus
2186 1389 2319 1428 cum
2352 1389 2414 1430 se
2460 1378 2613 1431 stare
2655 1380 2884 1448 putaret
2924 1377 3164 1448 cecidit;
3201 1379 3474 1437 meretrix

1823 1480 1959 1519 cum
1990 1479 2054 1516 se
2085 1461 2397 1518 cecidissse
2441 1463 2827 1520 arbitraretur
2854 1466 3196 1522 exsurrexit.
3222 1488 3250 1518 »
3284 1469 3352 1524 Et
3373 1469 3473 1525 ite-

1824 1568 1956 1606 rum
1987 1550 2046 1606 in
2077 1551 2280 1606 eadem
2307 1567 2320 1606 :
2346 1573 2373 1600 «
2404 1552 2515 1607 Sed
2542 1569 2645 1608 nec
2669 1559 2862 1626 aperte
2901 1572 3035 1611 eum
3067 1555 3343 1613 omnibus
3374 1575 3474 1631 pu-

1822 1639 2098 1705 blicabat,
2132 1655 2204 1694 ne
2249 1638 2738 1711 impudentiorcm
2789 1643 3031 1711 faceret;
3080 1661 3186 1700 nec
3239 1645 3473 1717 penitus

1821 1727 2056 1784 silentio
2086 1727 2438 1799 prteteribat,
2454 1745 2525 1784 ne
2547 1728 2733 1785 celare
2759 1729 3080 1788 arbitratus
3102 1734 3381 1791 audacter
3399 1735 3472 1791 ad

1822 1816 2213 1890 proditionem
2266 1823 2619 1888 properaret.
2653 1819 2722 1874 Et
2759 1817 2890 1875 ideo
2942 1820 3227 1892 frequenti
3277 1824 3474 1880 admo-

1822 1904 2042 1960 nitione
2091 1904 2354 1960 clamat:
2394 1907 2540 1962 Unus
2597 1923 2668 1962 ea:
2721 1907 2871 1964 vobis
2919 1909 3100 1965 tradat
3141 1927 3230 1966 me
3266 1912 3470 1982 (Matth.

1820 2011 1972 2060 xxvr,
2004 1993 2118 2064 2t).
2152 1993 2265 2048 Nec
2287 1997 2482 2048 tamen
2513 2011 2648 2049 eum
2681 1997 2960 2068 magister
3012 1998 3318 2070 piissimus
3367 2019 3472 2074 pu-

1823 2081 2098 2136 blicabat.
2132 2082 2200 2136 Et
2230 2081 2301 2135 de
2321 2081 2589 2153 gehenna
2619 2083 2729 2139 fuit
2760 2083 3084 2157 saepissime
3133 2086 3384 2158 locutus,
3417 2093 3477 2146 et

1825 2170 1895 2226 de
1917 2187 2094 2243 regno
2115 2169 2390 2225 cmlorum
2432 2172 2700 2227 tractavit
2731 2172 3321 2249 assiduc.Utriusque
3354 2194 3474 2257 me-

1825 2258 2004 2314 ritum
2036 2259 2369 2331 frequenter
2397 2259 2721 2330 edocuit,et
2765 2261 2904 2333 quid
2929 2263 3328 2333 peccatoribus
3349 2283 3482 2325 con-

1827 2347 2097 2410 stitutum
2121 2352 2311 2412 est,et
2341 2347 2481 2419 quid
2533 2366 2646 2404 non
2697 2350 3073 2421 peccantibus
3119 2359 3480 2425 praeparatur

1826 2435 2101 2492 ostendit.
2136 2437 2247 2492 Sed
2280 2435 2397 2491 hmc
2429 2436 2628 2492 omnia
2655 2437 2908 2494 crudelis
2955 2439 3052 2494 ille
3103 2442 3476 2516 contempsit,

1827 2529 1885 2579 et
1915 2524 2068 2580 Deus
2099 2523 2264 2578 illum
2291 2542 2404 2579 non
2437 2525 2610 2580 traxit
2645 2525 2998 2582 invitum.Et
3019 2529 3294 2600 quoniam
3327 2531 3481 2588 bona

1828 2617 2002 2684 atque
2035 2612 2190 2667 mala
2218 2611 2275 2666 in
2301 2618 2499 2668 nostra
2521 2614 2672 2669 Deus
2705 2615 2896 2686 posuit
2917 2620 3223 2688 potestate,
3247 2617 3478 2676 electio-

1830 2700 1924 2755 nis
1956 2700 2204 2756 liberum
2237 2701 2473 2756 donavit
2502 2700 2836 2770 arbitrium,
2870 2708 2928 2758 et
2952 2703 3164 2760 invitos
3195 2723 3308 2762 non
3343 2709 3478 2763 reti-

1832 2794 1948 2855 net,
1966 2793 2023 2844 et
2050 2789 2310 2844 volentes
2339 2789 2896 2862 amplectitur.Nam
2920 2809 3033 2847 non
3065 2798 3270 2865 sponte
3291 2795 3482 2855 bonus

1834 2879 2120 2934 malitiam
2153 2896 2269 2934 non
2299 2878 2536 2934 amittit.
2562 2881 2632 2934 Et
2661 2879 2788 2935 ideo
2819 2880 3232 2949 Judas,nimiaa
3253 2885 3478 2956 cupidi-

1834 2966 1975 3021 tatis
2013 2967 2410 3040 prmcipitatus
2455 2969 2682 3034 ardore,
2717 2985 2868 3024 eteca
2907 2971 3163 3041 quadam
3213 2971 3482 3044 improvi-

1835 3054 1997 3110 sione
2028 3056 2324 3129 deceptus,
2349 3073 2517 3111 suam
2552 3056 2808 3111 vendidit
2837 3057 3118 3126 animam,
3151 3063 3208 3115 et
3237 3077 3356 3115 sua;
3387 3078 3479 3117 sa-

1837 3142 1978 3201 lutis
2009 3149 2296 3200 mercator
2331 3144 2571 3212 exstitit,
2591 3149 2648 3200 et
2677 3145 2756 3201 ait
2781 3163 2794 3202 :
2820 3147 2936 3219 Qui
2964 3147 3129 3202 vultis
3156 3148 3302 3204 mihi
3327 3148 3477 3219 dare,

1835 3241 1888 3290 et
1939 3249 2034 3305 ego
2078 3233 2228 3290 vobis
2273 3250 2400 3290 cum
2445 3233 2692 3290 tradam?
2722 3233 2926 3304 (Matth.
2976 3253 3128 3304 xxvr,
3165 3237 3272 3309 15).
3304 3237 3373 3293 Et
3417 3242 3483 3294 ut

111 3323 500 3398 nisipmnitens
547 3330 896 3395 revertatur;
931 3325 1070 3399 quia
1116 3327 1269 3384 Deus
1318 3332 1563 3384 mortem
1609 3347 1717 3385 non

1836 3322 2115 3377 virtutum
2139 3321 2353 3378 Christi
2387 3323 2561 3378 etiam
2595 3322 2651 3376 in
2671 3322 2779 3378 hac
2811 3327 2971 3396 parte
2988 3305 3326 3397 cognoscas,
3347 3343 3480 3382 cum

108 3409 288 3478 fecit,ct
308 3432 420 3472 non
452 3414 588 3471 vult
609 3419 856 3470 mortem
881 3415 1509 3488 morientis,quantum
1543 3422 1605 3473 ut
1635 3435 1722 3473 re-

107 3506 322 3559 vertatur
339 3509 395 3560 et
415 3504 693 3562 vivat.Ne
723 3504 799 3559 sit
820 3503 1065 3576 spiritus
1087 3505 1302 3560 vadens
1338 3511 1392 3560 et
1424 3523 1537 3562 non
1571 3508 1723 3564 158

106 3596 656 3667 rcvertens,quorum
687 3593 987 3648 damnatio
1009 3594 1176 3664 justa
1204 3598 1349 3649 est.»
1373 3596 1441 3649 Et
1463 3595 1520 3650 in
1542 3595 1725 3652 homi-

103 3675 162 3731 lia
196 3682 444 3738 secunda
495 3681 718 3738 Psalmi
755 3697 827 3738 1.:
863 3705 891 3732 ‹‹
929 3681 1158 3747 Peristi,
1194 3683 1292 3736 sed
1347 3684 1563 3754 poteris
1609 3685 1723 3741 sal-

103 3767 226 3836 vari;
261 3769 590 3828 fornicatus
650 3788 736 3836 es,
796 3770 898 3826 sed
958 3770 1175 3842 poteris
1231 3769 1525 3828 continere
1584 3791 1724 3830 mm-

102 3852 272 3913 cbatus
294 3874 376 3927 es,
408 3860 516 3916 sed
551 3858 774 3931 poteris
803 3856 1067 3926 liberari;
1099 3858 1172 3913 ad
1222 3859 1554 3930 spectacula
1599 3879 1726 3934 pro-

105 3943 429 4012 ruebas,sed
485 3947 712 4021 poteris
771 3963 1035 4003 revocare
1093 3947 1321 4018 pedem,
1354 3965 1488 4004 cum
1549 3950 1722 4008 malis

103 4029 400 4093 hominibus
455 4034 815 4107 versaberis,
873 4035 1090 4108 poteris
1147 4036 1412 4092 recedere
1467 4043 1526 4094 et
1589 4057 1722 4096 cum

106 4117 240 4179 bonis
264 4139 408 4181 esse.
445 4125 512 4181 In
545 4129 804 4196 utraque
834 4129 996 4197 parte
1041 4123 1222 4180 habes
1271 4124 1520 4183 liberum
1568 4128 1722 4184 arbi-

103 4209 268 4266 trium.
297 4235 326 4262 ιο

155 4297 212 4353 Et
235 4299 291 4356 in
318 4300 576 4359 homilia
603 4301 676 4357 de
707 4300 1034 4374 proditione
1061 4301 1226 4358 Judze
1260 4319 1273 4358 :
1308 4325 1335 4352 «
1362 4303 1508 4370 Quid
1547 4305 1724 4378 igitur

102 4383 178 4451 qui
202 4388 574 4445 meretricum
610 4405 802 4445 mores
834 4387 1016 4444 valuit
1045 4395 1427 4456 commutare,
1464 4391 1720 4466 discipu-

101 4466 198 4527 lum
225 4491 331 4532 non
363 4477 571 4550 potuit
601 4477 888 4534 retinere?
917 4476 1119 4543 Valde,
1145 4477 1406 4549 inquam,
1427 4483 1483 4534 et
1515 4481 1719 4536 incun-

101 4563 288 4619 ctanter
313 4564 498 4623 valuit
533 4565 813 4633 retinere;
846 4567 944 4622 sed
982 4567 1324 4622 necessitate
1367 4567 1596 4624 nolebat
1629 4571 1722 4626 bo-

1833 3411 1905 3465 ad
1937 3411 2286 3482 capiendum
2309 3428 2442 3466 eum
2475 3411 3068 3479 advenissent,vocem
3091 3413 3220 3485 ejus
3241 3413 3484 3472 minime

1835 3498 2081 3554 tolerare
2157 3504 2490 3571 potuerunt,
2561 3499 2659 3554 sed
2729 3516 2933 3555 omnes
2998 3500 3182 3556 territi
3259 3503 3481 3560 cecide-

1835 3593 1992 3653 runt,
2025 3589 2093 3642 Et
2123 3587 2400 3658 quoniam
2435 3586 2818 3643 nihilominus
2861 3587 2920 3642 in
2971 3605 3080 3643 sua
3119 3589 3483 3662 impudentia

1834 3678 1987 3733 159
2021 3677 2434 3749 perdurabant,
2459 3676 2583 3748 ipse
2614 3693 2677 3732 se
2715 3675 2866 3732 ultro
2914 3677 3236 3746 commisit,
3265 3678 3392 3751 ipse
3420 3697 3482 3736 se

1833 3765 2094 3820 tradidit.
2127 3767 2194 3821 Et
2225 3765 2343 3821 haec
2374 3764 2651 3835 diximus,
2667 3769 2732 3819 ut
2761 3764 3057 3820 Christum
3091 3766 3292 3823 nullus
3309 3784 3480 3824 accu-

1833 3859 1942 3919 set,
1975 3870 2080 3909 cur
2107 3853 2270 3909 Judae
2311 3853 2698 3925 cognitionem
2731 3870 2845 3908 non
2878 3853 3123 3909 mutavit
3152 3855 3478 3914 adversam.

1833 3944 1941 3999 Sed
1961 3941 2008 3997 si
2033 3941 2166 4014 quis
2189 3941 2296 3996 hoc
2319 3939 2957 4010 dixerit,audict,Judas
2979 3942 3479 4013 quemadmodum

1833 4031 2067 4105 corrigit
2090 4030 2316 4104 potuit?
2338 4034 2651 4102 sponte,an
2685 4029 2936 4086 invitus?
2959 4030 3016 4086 Si
3067 4029 3483 4099 invitus,nulla

1831 4119 2108 4178 correctio
2137 4123 2245 4187 est,
2281 4135 2416 4174 nam
2449 4117 2661 4175 mentis
2699 4117 2927 4174 malitia
2969 4118 3314 4176 necessitate
3363 4137 3479 4177 non

1831 4209 2077 4264 tollitur.
2112 4207 2172 4264 Si
2205 4211 2430 4280 sponte,
2465 4207 2666 4263 omnia
2691 4224 2816 4279 quas
2867 4205 3175 4264 meliorare
3221 4207 3478 4266 animam

1831 4299 2098 4370 poterant
2127 4296 2328 4351 audire
2360 4294 2750 4366 cognoscitur.
2785 4295 2853 4350 Et
2883 4295 2932 4350 si
2981 4295 3306 4352 remedium
3357 4313 3479 4354 res-

1831 4386 1978 4458 puit,
2012 4402 2126 4440 non
2161 4383 2370 4440 medici
2401 4384 2608 4440 vitium
2642 4388 2752 4450 est,
2786 4384 2886 4440 sed
2937 4383 3290 4457 languentis.
3315 4386 3385 4441 Et
3415 4391 3480 4442 ut

1831 4474 1982 4531 scias
2011 4474 2140 4545 ejus
2161 4471 2379 4528 crimen
2414 4489 2540 4528 esse
2573 4473 2723 4545 quod
2751 4471 3026 4544 prodidit,
3049 4489 3163 4527 non
3187 4473 3478 4545 magistri,

1831 4561 2044 4634 smpius
2078 4566 2224 4616 Deus
2258 4561 2328 4616 de
2359 4560 2684 4633 proditione
2716 4559 3004 4632 praedixit,
3037 4566 3094 4616 et
3133 4560 3312 4618 totius
3343 4579 3477 4619 eum

101 4663 214 4738 nam
234 4654 481 4725 efﬁcere,
519 4673 630 4712 nec
660 4656 712 4710 vi
763 4656 990 4711 trabem
1029 4656 1102 4711 ad
1152 4673 1214 4712 se
1263 4656 1522 4713 curabat,
1557 4659 1720 4717 Τυηο
1752 4673 1799 4738 ι)
1829 4649 2209 4724 philosophia:
2240 4653 2524 4722 przecepto
2554 4653 2612 4704 et
2649 4665 2918 4704 sermone
2967 4648 3184 4717 docuit,
3207 4651 3479 4738 etfrebus

101 4735 231 4808 abiit,
261 4740 471 4816 inquit,
507 4762 629 4801 non
664 4743 943 4800 invitatus
971 4761 1006 4799 a
1038 4743 1400 4817 principibus
1449 4749 1722 4805 sacerdo-

100 4827 217 4892 tum.
237 4830 392 4889 nulla
421 4834 778 4890 necessitate
803 4831 1395 4906 constrictus,sponte
1418 4839 1721 4908 processit,

100 4917 138 4964 ει
163 4919 373 4992 propria
401 4922 777 4996 malignitate
825 4921 1136 4979 consilium
1181 4925 1386 4995 genuit
1433 4926 1721 4984 sceleratae

101 5007 276 5088 mentis
303 5009 468 5067 nullo
501 5010 791 5085 participe
822 5017 1157 5067 convocato.
1193 5036 1220 5062 »
1255 5013 1322 5067 Et
1353 5019 1484 5086 post
1513 5017 1718 5088 paulu-

101 5086 196 5148 lum
225 5111 238 5151 :
267 5119 294 5146 κ
328 5098 409 5156 Ea
440 5100 608 5156 enim
641 5117 770 5172 qua:
803 5099 891 5156 vel
913 5099 1199 5171 injuriosa
1219 5086 1717 5175 demonstrantur,

101 5179 254 5248 iii-am
275 5187 508 5246 Domini
535 5189 998 5247 misericordiam
1023 5188 1510 5266 clementiamque
1531 5196 1718 5251 decla-

101 5275 218 5337 rant,
247 5277 342 5349 qui
403 5279 772 5352 proditorem
825 5296 996 5335 suum
1042 5278 1325 5336 latronem
1372 5283 1718 5342 sceleratum

101 5361 243 5446 tantis
271 5366 580 5424 beneﬁciis
610 5367 929 5441 ampliavit,
953 5373 1009 5423 et
1040 5385 1226 5440 usque
1257 5370 1328 5425 ad
1360 5369 1491 5443 ipsu
1505 5390 1552 5428 :n
1584 5391 1716 5446 pro-

100 5445 300 5508 ditionis
346 5460 593 5530 tempus
641 5457 830 5512 solitis
882 5456 1385 5513 admonitionibus
1433 5445 1712 5517 toleravit.

100 5533 214 5594 Nam
260 5545 643 5614 admonebat,
676 5546 980 5615 suadebat,
1013 5550 1071 5602 et
1125 5547 1283 5601 omni
1336 5549 1530 5604 studio
1579 5566 1714 5608 eum

103 5637 272 5685 auare
298 5636 572 5691 curabat.
608 5636 720 5691 Sed
770 5635 818 5692 si
868 5635 965 5691 ille
1009 5651 1337 5691 sermonem
1391 5639 1630 5710 respuit,
1664 5640 1712 5696 si

100 5715 212 5770 εωὶί
236 5724 499 5795 magistri
533 5726 712 5781 verba
744 5723 1114 5795 contempsit,
1147 5723 1413 5782 Christus
1455 5729 1713 5784 causatio

1830 4739 2105 4795 ostendit.
2121 4738 2368 4794 Dederat
2388 4738 2436 4792 ei
2463 4739 2794 4793 dmmonum
2827 4737 3477 4810 potestatem,gehennte

1829 4831 2120 4885 tormenta
2151 4825 2514 4892 monstravit,
2539 4823 2815 4880 ccelorum
2849 4841 3028 4898 regna
3066 4823 3356 4898 promisit,
3381 4843 3477 4881 se-

1829 4922 1986 4974 creta
2017 4914 2231 4971 mentis
2258 4915 2387 4986 ejus
2417 4918 2472 4969 ct
2501 4914 2849 4986 praedicebat
2878 4918 2936 4968 et
2971 4931 3084 4968 non
3117 4913 3473 4986 publicabat,

1831 5007 2006 5080 pedes
2035 5005 2166 5076 ejus
2196 5021 2329 5059 cum
2361 5003 2493 5057 aliis
2521 5002 2680 5067 lavit,
2702 5019 2918 5058 mensae
2941 5002 3076 5057 fecit
3105 5001 3474 5074 participem,

1830 5096 1972 5154 nihil
2004 5094 2237 5168 penitus
2269 5091 2779 5164 praetermisit,st
2813 5091 2870 5146 in
2905 5090 3127 5146 malitia
3148 5094 3351 5161 sponte
3373 5090 3475 5144 clu-

1830 5187 1996 5254 ravit,
2025 5183 2392 5254 et,omnibus
2419 5179 2919 5236 admonitionibus
2950 5177 3182 5250 spretis,
3217 5177 3477 5250 proditor

1828 5275 2124 5348 malignus
2171 5270 2428 5327 emersit.
2472 5271 2540 5324 Et
2581 5274 2644 5324 ut
2694 5286 2823 5323 eum
2873 5283 3043 5338 posse
3091 5269 3338 5339 mutare,
3372 5268 3473 5324 sed

1826 5363 2033 5436 corrigi
2070 5358 2327 5416 noluisse
2359 5361 3020 5429 cognoscas,postquam
3045 5372 3177 5410 eum
3209 5356 3472 5430 tradidit,

1819 5453 2062 5528 jnrtavit
2110 5447 2350 5517 triginta
2395 5447 2682 5508 denarios,
2716 5450 2770 5497 et
2801 5442 2881 5497 ait
2915 5460 2927 5498 :
2961 5443 3192 5500 Peccavi
3237 5446 3473 5502 tradens

1825 5541 2170 5616 sanguinem
2203 5536 2547 5591 innocentis.
2583 5533 2729 5599 Quid
2761 5533 2885 5587 est?
2911 5534 3148 5604 quando
3178 5536 3251 5591 ab
3282 5553 3348 5592 eo
3371 5534 3475 5590 mi-

1825 5631 2031 5690 rabilia
2089 5626 2460 5698 gerebantur,
2497 5640 2610 5677 non
2659 5620 2854 5676 dixisti
2891 5638 2904 5676 :
2941 5622 3175 5679 Peccavi
3232 5623 3472 5680 tradens

1823 5721 2169 5795 sanguinem
2192 5715 2444 5786 justum,
2479 5711 2578 5768 sed
2613 5726 2627 5766 :
2661 5709 2808 5778 Quid
2844 5710 3025 5768 vultis
3074 5711 3216 5768 mihi
3244 5711 3382 5767 dare
3412 5715 3471 5769 et
