4020 6464
1409 397 1800 458 HINCMARI
1847 394 2289 457 RHEMENSIS
2334 395 2950 457 ARCHIEPISCOPI.

3760 393 3871 456 224

476 553 583 611 ego
603 535 764 592 vobis
793 533 1022 590 tradam
1045 530 1223 588 eum?
1251 536 1307 588 et
1336 534 1465 603 post
1497 532 1714 585 factum
1747 529 1958 595 scelus,
1985 532 2115 598 post
2143 529 2198 595 Α
2226 532 2493 599 apertum
2521 531 2628 583 est.
2656 528 2802 584 Cum
2834 529 2990 584 enim
3022 527 3258 600 signum
3308 527 3488 594 dedit,
3524 543 3623 583 ore
3672 525 3872 584 doloso

477 624 858 682 commissum
909 622 1210 688 delictum,
1258 626 1390 691 post
1445 619 1794 692 completam
1848 617 2118 690 proditio-

477 718 774 786 nem,post
784 713 1102 784 perfectum
1120 715 1312 782 peccat
1324 726 1420 762 um
1451 707 1766 779 cogntwisti
1791 712 2027 780 peccatu
2039 725 2113 760 m.

475 805 557 860 Ex
605 803 734 868 hoc,
769 798 1131 855 dilectissimi
1185 799 1409 862 fratres,
1438 797 1750 852 edoeemur
1805 797 1958 868 quod
2019 812 2116 849 ne-

475 891 831 966 gligentibus
861 893 918 943 et
949 886 1253 943 desidiosis
1289 886 1452 940 facile
1493 885 1813 940 admonitio
1846 885 2117 956 prodesse

477 999 594 1036 non
643 979 880 1051 poterit;
908 976 1188 1032 studiosis
1235 979 1452 1042 autem,
1495 975 1672 1028 etiam
1723 974 2119 1028 admonitione

477 1072 760 1134 cessante,
778 1065 1026 1120 multum
1049 1063 1477 1118 commoditatis
1499 1064 1738 1118 accedit.
1756 1064 1900 1117 Nam
1923 1068 1979 1116 et
2011 1063 2120 1116 iste

478 1158 710 1232 quando
771 1154 1048 1226 magister
1095 1153 1445 1207 admonebat.
1499 1170 1612 1206 non
1675 1153 2030 1217 flectebatur,
2065 1154 2120 1204 et

477 1245 711 1319 quando
740 1242 939 1298 nullus
961 1242 1281 1307 admonuil,
1297 1239 1541 1294 excitata
1561 1239 1912 1294 conscientia
1931 1238 2120 1294 scelus

477 1333 746 1408 cognovit
773 1330 1120 1398 admissum,
1146 1321 1202 1384 et
1229 1329 1468 1401 projecit
1503 1329 1740 1400 triginta
1770 1329 2056 1383 denarios.
2093 1351 2118 1376 n

479 1426 546 1480 Et
575 1423 713 1478 item
736 1421 796 1476 in
822 1420 970 1475 libro
1004 1436 1016 1473 ε
1055 1419 1202 1487 Quod
1232 1435 1388 1474 uenio
1418 1418 1642 1474 [aditur
1688 1419 1799 1472 nisi
1844 1435 1878 1472 a
1923 1425 2119 1472 semet-

477 1515 614 1584 ipso,
649 1514 778 1583 post
804 1513 1173 1564 enumeratos
1206 1506 1365 1561 Pauli
1398 1507 1625 1561 labores
1657 1523 1668 1560 :
1705 1530 1730 1555 ‹‹
1769 1507 1969 1561 Nonne
1991 1525 2118 1578 per-

478 1600 716 1670 mansit,
741 1598 1200 1670 inquit,semper
1227 1595 1380 1650 idem
1416 1595 1650 1660 Paulus,
1684 1601 1739 1650 et
1771 1594 1921 1650 idem
1952 1613 2117 1650 voca-

477 1695 575 1748 tus
604 1687 948 1762 apostolus?
981 1688 1228 1742 Econtra
1257 1690 1478 1754 autem,
1509 1685 1694 1740 Judas
1727 1703 1878 1741 unus
1918 1685 2027 1740 fuit
2065 1691 2122 1740 et

475 1779 600 1852 ipse
632 1779 703 1834 de
749 1775 1080 1842 duodecim,
1113 1780 1170 1830 et
1215 1779 1456 1830 vocatus
1502 1775 1798 1845 apostolus
1849 1773 1977 1828 fuit.
2007 1775 2114 1828 Sed

476 1884 662 1939 neque
691 1865 846 1938 quod
897 1882 1052 1919 unus
1103 1881 1172 1919 ex
1220 1863 1526 1918 duodecim
1574 1863 1702 1930 fuit,
1733 1880 1919 1934 neque
1963 1863 2113 1933 quml
2147 1896 2198 1962 Β

473 1961 711 2012 vocatus
742 1952 1044 2025 apostolus
1075 1953 1270 2007 dictus
1299 1953 1695 2024 est,prodcsse
1719 1952 1768 2006 ei
1792 1951 2114 2023 quidquam

475 2045 664 2117 potuit
683 2060 798 2098 non
819 2041 1056 2097 habenti
1079 2040 1342 2096 animum
1362 2040 1676 2095 virtutibus
1698 2039 1980 2094 deditum.
2005 2041 2114 2094 Sed

476 2133 691 2190 Paulus
720 2132 957 2204 quidem
991 2147 1123 2185 cum
1157 2129 1398 2202 penuria
1426 2133 1482 2183 et
1513 2129 1700 2200 plagis
1719 2129 1976 2183 cucurrit
1996 2146 2120 2183 cur-

475 2239 608 2279 sum
651 2220 754 2294 qui
799 2219 960 2275 ducit
1003 2220 1074 2274 ad
1125 2218 1365 2286 emtum;
1398 2217 1494 2272 ille
1523 2236 1675 2283 vero,
1709 2235 1842 2273 cum
1875 2223 1932 2273 et
1962 2219 2120 2290 prior

393 2343 403 2348 -
473 2315 713 2368 vocatus
733 2313 888 2364 esset
917 2308 976 2362 in
1000 2307 1486 2379 apostolatum,et
1519 2305 1695 2360 simili
1731 2324 1865 2360 cum
1897 2307 2119 2362 cmteris

475 2400 665 2474 gratia
693 2395 1388 2467 donatus,eo:lestemque
1418 2396 1658 2450 edoctus
1689 2401 1842 2451 esset
1869 2395 2122 2466 philoso-

475 2489 767 2562 phiam,ct
796 2503 971 2542 sacrae
995 2483 1204 2540 Christi
1231 2501 1442 2539 mensae
1464 2484 1893 2556 venerandique
1925 2501 2118 2540 sacra-

476 2576 658 2634 menti
691 2573 981 2648 particeps
1011 2571 1669 2638 exslitisset,habuisset
1691 2573 1866 2627 etiam
1901 2574 2118 2628 donum

475 2665 730 2738 Spiritus
759 2661 968 2730 sancti,
993 2660 1075 2716 ita
1102 2664 1166 2715 ut
1195 2673 1456 2715 mortuos
1489 2660 1816 2731 suscitaret,
1849 2666 1906 2716 et
1934 2661 2118 2734 lepro-

475 2772 572 2812 sos
602 2755 936 2819 curaret,ac
965 2750 1254 2806 daemonia
1283 2749 1586 2829 effugaret,
1619 2767 1870 2822 eumque
1901 2751 1969 2805 de
1993 2767 2125 2805 con-

472 2847 698 2915 temptu
721 2856 912 2896 rerum
937 2837 1303 2894 saecularium
1325 2837 1530 2891 fuisset
1551 2838 2123 2905 edoct.us,adlnerens

473 2931 755 2988 lateribus
786 2927 1207 2999 Christi,atque
1238 2926 1622 2997 indigentium
1646 2926 1754 2982 sibi
1787 2932 1942 2983 esset
1963 2945 2120 2982 com-

473 3020 655 3078 missa
707 3017 1228 3090 dispensatio,quo
1285 3014 1507 3071 scilicet
1555 3016 1805 3071 avaritiae
1864 3034 1966 3088 per
2013 3017 2122 3072 hoc

471 3109 661 3166 latens
691 3107 749 3162 in
781 3124 846 3162 eo
876 3105 1083 3160 vitium
1131 3109 1455 3172 sanaretur,
1489 3109 1612 3160 erat
1665 3105 1821 3160 enim
1873 3108 1999 3161 fur:
2038 3109 2120 3161 ta-

473 3215 607 3254 men
629 3213 735 3252 nec
757 3195 841 3251 sic
863 3194 1098 3267 quidem
1123 3195 1264 3265 proli
1275 3209 1401 3248 cere
1423 3193 1482 3248 in
1517 3193 1727 3249 melius
1761 3195 2120 3266 potuit,eum

475 3304 613 3360 erga
661 3301 797 3340 eum
853 3265 938 3338 tot
995 3282 1290 3354 tantisque
1347 3265 1778 3353 provisionibus
1836 3289 2118 3339 uteretur.
2152 3265 2196 3334 Ο

477 3375 710 3432 Sciebat
735 3372 893 3428 enim
925 3370 1194 3427 Christus
1229 3371 1383 3442 quod
1415 3387 1624 3426 avarus
1653 3377 1807 3427 esset
1834 3373 2038 3438 Judas,
2067 3377 2124 3427 et

476 3479 582 3536 pro
612 3478 810 3519 amore
839 3461 1096 3534 pecunia:
1148 3459 1478 3532 periturus;
1513 3464 1569 3514 et
1607 3478 1722 3515 non
1775 3461 1965 3516 solum
2005 3479 2122 3516 non

478 3550 671 3624 arguit
700 3567 832 3607 eum
881 3567 985 3622 pro
1034 3549 1142 3604 hoc
1191 3547 1347 3615 vitio,
1383 3549 1483 3602 sed
1535 3553 1590 3603 et
1622 3552 1775 3605 £60
1807 3550 2122 3606 latentibus

479 3638 920 3697 medicamentis
941 3654 1143 3694 curare
1165 3635 1481 3708 voluit.ipsi
1504 3637 1876 3693 committens
1898 3639 2126 3710 dispen-

480 3729 766 3790 sationem
789 3729 1068 3802 pecuniw,
1093 3731 1157 3782 ut
1175 3725 1398 3781 habens
1422 3725 1479 3779 in
1505 3725 1778 3781 manibus
1801 3728 1953 3798 quod
1981 3727 2126 3783 desi-

479 3820 738 3887 derabat,
757 3817 1084 3890 perniciosa
1105 3815 1320 3888 passio,
1337 3813 1562 3887 expleta
1578 3815 1916 3887 cupiditate,
1933 3834 2122 3872 cessa-

479 3912 583 3978 ret,
600 3925 671 3964 ne
701 3907 990 3963 decideret
1019 3905 1080 3959 in
1109 3903 1270 3958 illam
1305 3903 1512 3958 mortis
1545 3904 1787 3971 foveam,
1814 3906 1913 3960 sed
1937 3905 2124 3961 mino-

478 3997 642 4054 ribus
673 3995 844 4052 malis
875 3995 1098 4065 majora
1126 3992 1484 4063 reprimeret.
1510 3992 1604 4048 Sic
1635 3991 1692 4047 in
1724 3993 1997 4049 omnibus
2025 3994 2125 4066 qui

481 4085 860 4156 semetipsum
887 4101 1002 4138 non
1035 4081 1266 4152 lzeserit,
1287 4083 1359 4136 ab
1381 4081 1512 4136 aliis
1534 4099 1647 4137 non
1671 4087 1859 4154 potest
1879 4083 2038 4152 laedi;
2071 4089 2128 4139 et

483 4189 687 4230 rursus
709 4171 808 4244 qui
828 4171 1028 4227 semcti
1037 4186 1209 4241 psum
1233 4169 1520 4242 corrigere
1533 4175 1589 4225 et
1610 4173 1919 4227 emendare
1935 4171 2130 4228 nolue-

483 4263 577 4330 rit,
593 4266 650 4317 et
679 4261 832 4334 quod
864 4260 922 4315 in
956 4260 1081 4331 ipso
1113 4263 1201 4314 est
1231 4263 1406 4330 atque
1455 4258 1515 4314 in
1564 4265 1849 4332 potestate
1881 4262 2009 4331 ejus
2041 4280 2130 4318 ex-

486 4350 661 4424 plere,
695 4348 893 4405 nullus
923 4349 974 4405 ei
1005 4347 1365 4404 extrinsecus
1387 4348 1697 4420 proderit.»
1723 4349 1884 4405 Unde
1906 4355 1964 4406 et
1994 4367 2126 4406 san-

487 4445 615 4495 ctus
642 4436 1005 4509 Augustinus
1036 4437 1094 4491 in
1126 4435 1274 4492 libro
1309 4437 1794 4508 llypomnestieon
1831 4440 1902 4494 ad
1933 4437 2128 4495 locum

487 4527 628 4584 dicit
660 4543 672 4584 :
706 4551 732 4577 «
767 4527 926 4594 Quod
961 4529 1026 4582 ut
1055 4527 1298 4598 probare
1330 4525 1648 4594 valeamus,
1684 4527 1872 4583 solum
1906 4545 2036 4584 reor
2056 4529 2127 4584 ad

486 4616 816 4690 exemplum
841 4616 1109 4672 sufficere
1137 4615 1374 4670 Judam.
1410 4617 1574 4671 Hunc
1606 4617 1761 4672 enim
1793 4619 1945 4674 Deus
1990 4636 2124 4674 cum
2154 4631 2206 4699 D

489 4706 816 4780 praescisset
846 4706 905 4760 in
942 4703 1099 4761 vitiis
1147 4703 1391 4776 propriae
1440 4705 1753 4761 voluntatis
1804 4709 2127 4778 pessimum

489 4797 628 4864 fore,
649 4796 704 4850 id
739 4799 829 4850 est
857 4792 1135 4850 electione
1153 4793 1538 4866 discipulatus
1561 4794 1648 4849 sui
1675 4795 1820 4851 bene
1847 4814 1880 4852 a
1901 4797 2130 4854 Christo

488 4883 837 4942 conferenda
856 4882 1005 4938 male
1023 4887 1352 4948 usurum,et
1373 4882 1614 4938 avaritia
1625 4884 1922 4940 ardentem
1948 4888 2132 4958 pretio

488 4975 707 5033 Judteis
740 4972 1050 5030 Dominum
1073 4971 1448 5040 traditurum,
1483 4990 1712 5044 pinnam
1743 4973 1792 5028 ei
1836 4976 2131 5046 prmdesti-

491 5064 650 5120 navit
677 5081 747 5120 ex
775 5060 1003 5128 merito,
1037 5059 1264 5115 dicente
1293 5077 1396 5132 per
1424 5060 1602 5115 David
1634 5060 1851 5133 Spiritu
1882 5070 2080 5120 sancto
2116 5083 2128 5121 :

489 5153 649 5217 Deus,
683 5149 898 5206 laudem
943 5164 1120 5203 meum
1173 5163 1243 5201 ne
1289 5149 1542 5215 tacueris,
1577 5150 1708 5219 quia
1757 5166 1814 5206 os
1840 5157 2133 5222 peccatoris

491 5247 542 5295 et
570 5255 626 5296 os
655 5239 830 5295 dolosi
859 5254 1023 5304 super
1049 5253 1134 5292 me
1176 5244 1424 5306 apert-um
1469 5243 1548 5290 est
1576 5237 1745 5303 (l’sal.
1781 5256 1935 5308 cvm,
1973 5243 2043 5310 1),
2079 5243 2136 5298 id

495 5331 584 5382 est
612 5328 795 5395 Judte,
818 5327 908 5383 vel
957 5325 1399 5390 Judaiorum,in
1452 5324 1748 5380 Christum
1795 5327 2138 5396 Judae,cum

495 5413 634 5470 dicit
671 5432 683 5468 :
719 5417 867 5487 Quid
888 5416 1053 5470 vultis
1083 5415 1224 5468 mihi
1243 5413 1452 5480 (tanget
1469 5412 1730 5482 egoyobzs
1751 5431 1872 5469 eum
1894 5418 2143 5474 tradam?

494 5503 698 5574 (Matth.
730 5521 880 5571 sxw,
917 5506 1004 5572 15)
1034 5508 1091 5558 et
1119 5506 1252 5574 post
1282 5501 1539 5572 pecunia:
1571 5502 1943 5572 sponsionem
1993 5508 2141 5564 dans

497 5591 730 5664 signum
755 5591 1082 5647 traditionis
1107 5608 1119 5644 :
1149 5596 1586 5660 Quemcunque,
1611 5587 1816 5661 inquit,
1843 5595 2142 5655 osculatus

495 5698 628 5742 vero
687 5681 812 5755 ipse
859 5685 964 5748 est,
1018 5685 1204 5737 tenete
1253 5694 1406 5734 eum.
1461 5677 1593 5732 Ideo
1644 5697 1820 5752 super
1877 5701 1988 5752 me,
2041 5687 2140 5757 ait,

2224 617 2451 687 aperuit
2492 635 2664 689 quem
2716 622 2999 672 tenerent.
3031 617 3214 672 Judazi
3269 633 3520 689 quoque,
3555 633 3694 670 cum
3744 633 3875 674 eum

2227 705 2482 760 volentes
2523 707 2652 762 dolo
2687 709 2946 779 perdere,
2980 711 3044 762 ut
3075 705 3448 778 Evangelium
3501 704 3730 778 pandit,
3765 703 3875 760 cla-

2225 799 2531 850 maverunt
2559 795 2817 851 dicentes
2845 811 2859 851 :
2891 795 3174 868 Cruci/iga,
3202 795 3492 866 cruci/iga!
3527 817 3554 844 ››

2299 884 2440 938 Ilinc
2465 889 2519 938 et
2537 885 2812 956 praefatus
2832 885 3087 939 Joannes
3109 885 3168 938 in
3187 888 3505 939 memorato
3525 882 3674 938 libro
3698 881 3876 938 dicit:

2228 995 2254 1020 α
2285 971 2446 1025 Sicut
2469 977 2523 1026 et
2543 972 3084 1042 Judas,inquit,ille
3112 990 3224 1027 non
3247 971 3439 1027 solum
3470 970 3631 1025 nullo
3671 969 3876 1025 intrin-

2229 1078 2396 1114 Sccns
2431 1060 2763 1131 impellente
2789 1061 3053 1132 dilapsus
3076 1065 3182 1128 est,
3199 1063 3298 1116 sed
3323 1078 3351 1116 e
3383 1060 3673 1116 contrario
3697 1059 3877 1132 pluri-

2230 1149 2338 1202 bus
2369 1149 2607 1219 adjutus
2641 1149 2912 1204 remediis
2944 1156 3097 1204 stare
3129 1167 3243 1204 non
3278 1149 3484 1220 potuit.
3517 1149 3618 1204 Vis
3651 1153 3717 1203 ut
3760 1149 3878 1205 haec

2231 1255 2340 1291 non
2364 1237 2552 1292 solum
2575 1256 2676 1309 per
2697 1238 2927 1310 singula
2949 1243 3130 1311 gesta,
3149 1239 3248 1293 sed
3280 1239 3454 1294 etiam
3488 1256 3590 1310 per
3628 1238 3878 1311 populos

2229 1325 2506 1381 doceam?
2537 1329 2761 1391 Quanta
2808 1345 2943 1398 erga
2997 1328 3332 1383 Judaiorum
3390 1327 3672 1398 populum
3740 1343 3880 1382 cura

2229 1415 2448 1470 exstitit
2486 1415 2690 1470 divina:
2747 1415 3158 1488 providentiae?
3189 1418 3388 1472 Nonne
3438 1433 3665 1486 omnes,
3704 1420 3772 1471 ut
3804 1417 3880 1471 ita

2229 1504 2441 1571 dicam,
2466 1508 2742 1558 creaturae
2773 1503 3200 1560 emendationis
3229 1521 3432 1560 eorum
3481 1503 3878 1560 ministerium

2230 1597 2561 1665 praeparata:
2593 1594 2769 1648 sunt?
2800 1594 3000 1648 Nonne
3029 1611 3143 1665 pne
3189 1593 3414 1649 (δείδιθι-ἦε
3457 1593 3735 1648 omnibus
3777 1593 3880 1650 ho-

2230 1681 2488 1736 minibus
2520 1699 2667 1737 nova
2695 1683 2962 1754 quaedam
2989 1687 3045 1736 et
3074 1682 3387 1753 magnifica
3421 1683 3504 1738 eis
3536 1681 3668 1737 vita:
3702 1681 3878 1737 insti-

2230 1776 2357 1826 tuta
2379 1775 2516 1825 sunt
2531 1771 2780 1828 tradita?
2803 1795 2830 1820 «
2857 1775 2914 1825 et
2935 1777 3066 1842 post
3086 1771 3286 1826 omnia
3305 1771 3390 1826 eis
3411 1771 3608 1828 divina
3629 1788 3882 1827 munera

2229 1859 2510 1915 attributa
2557 1858 2698 1914 dicit
2731 1875 2743 1913 :
2779 1883 2805 1908 ‹‹
2841 1861 2912 1914 Et
2959 1865 3154 1914 tamen
3197 1864 3329 1932 post
3371 1860 3571 1916 omnia
3601 1860 3725 1916 bene
3757 1865 3878 1916 tam

2227 1948 2514 2004 evidentia
2531 1949 2734 2003 divina:
2756 1948 2986 2005 virtutis
3017 1948 3289 2022 insignia,
3315 1953 3371 2004 et
3390 1953 3522 2021 post
3543 1949 3880 2006 universam

2227 2037 2472 2110 gloriam
2505 2055 2632 2108 qua:
2665 2037 2748 2092 eis
2778 2055 2957 2109 supra
2982 2042 3224 2092 cunctos
3269 2037 3542 2094 mortales
3585 2039 3728 2094 data
3772 2043 3880 2106 est,

2229 2125 2490 2182 inﬁdeles
2511 2127 2856 2182 exstiterunt
2883 2131 2940 2180 et
2961 2125 3393 2198 ingrati.Caput
3423 2143 3681 2199 namque
3712 2125 3885 2184 vituli

2228 2217 2703 2281 adoraverunt,et
2723 2216 2863 2270 deos
2885 2215 3245 2287 qumsierunt
3274 2215 3386 2270 sibi
3418 2215 3563 2271 alios
3590 2217 3886 2285 ﬁeri,cum

2228 2310 2388 2360 tanta
2438 2303 2700 2374 talesque
2749 2303 2848 2358 Dei
2898 2303 3140 2359 virtutes
3189 2303 3314 2358 alia
3364 2303 3556 2360 adhuc
3603 2304 3664 2359 in
3698 2304 3889 2360 oculis

2229 2393 2599 2460 haberentur,
2635 2391 2759 2446 aliae
2785 2409 2916 2448 vero
2968 2397 3259 2448 recentem
3310 2398 3368 2448 et
3420 2411 3607 2466 nuper
3653 2400 3890 2467 gestam

2229 2485 2526 2537 servarent
2557 2481 2614 2536 in
2644 2482 2815 2536 corde
2837 2481 3201 2538 memoriam.
3222 2483 3292 2537 At
3321 2499 3454 2538 vero
3487 2481 3888 2538 Ninivitarum

2231 2570 2503 2643 populus,
2527 2569 2851 2642 alienigena
2869 2575 2927 2625 et
2947 2570 3254 2639 barbarus,
3272 2569 3452 2626 nullis
3481 2570 3646 2644 prius
3673 2571 3892 2627 divinae

2231 2657 2604 2732 providentiae
2651 2659 2950 2714 beneﬁciis
2995 2665 3286 2728 assuetus,
3321 2677 3436 2716 non
3485 2659 3738 2733 legibus,
3773 2678 3898 2716 non

2232 2747 2625 2816 mirabilibus,
2657 2765 2773 2803 non
2804 2748 3106 2821 praeceptis
3127 2748 3265 2804 ullis
3297 2753 3397 2805 aut
3428 2748 3706 2820 operibus
3756 2748 3898 2805 illu-

2233 2839 2510 2906 minatus,
2545 2837 2844 2893 hominem
2873 2837 3018 2892 vidit
3059 2837 3263 2893 habitu
3313 2838 3689 2911 naufragum,
3721 2838 3904 2894 vultu

2232 2927 2628 3000 peregrinum,
2686 2943 2792 2982 nec
2849 2944 3111 2999 unquam
3168 2927 3278 2984 sibi
3337 2927 3501 3000 prius
3558 2927 3899 3000 cognitum,

2233 3017 2420 3090 primo
2445 3016 2674 3087 'statim
2733 3016 3002 3088 ingressu
3061 3015 3632 3072 dicentemzAdhuc
3693 3016 3904 3073 triduo

2231 3111 2286 3162 et
2333 3106 2534 3162 Ninive
2582 3105 2969 3160 subvertetur.
3004 3106 3082 3160 Ex
3121 3105 3252 3160 istis
3309 3105 3448 3160 solis
3507 3105 3900 3162 sermonibus

2233 3194 2492 3251 conversi
2541 3199 2680 3250 sunt
2736 3195 2807 3248 ad
2856 3195 3124 3250 timorem
3175 3195 3298 3262 Dei,
3333 3195 3698 3268 abjectisque
3752 3213 3905 3256 con-

2231 3285 2398 3340 tinuo
2456 3283 2667 3356 prioris
2723 3282 2850 3338 vitae
2906 3282 3096 3353 malis,
3133 3283 3202 3338 ad
3248 3282 3524 3339 virtutem
3572 3301 3634 3340 se
3684 3289 3746 3341 et
3795 3287 3905 3357 ju-

2229 3372 2452 3430 stitiam
2486 3389 2588 3443 per
2636 3372 3038 3443 pcenitentiam
3088 3372 3484 3428 contulerunt.
3507 3372 3688 3430 Vides
3741 3392 3906 3448 quo-

2231 3461 2389 3517 niam
2441 3460 2540 3532 qui
2599 3459 2760 3516 intus
2807 3465 2897 3515 est
2945 3465 3001 3516 et
3057 3459 3276 3534 vigilat,
3319 3461 3530 3533 suique
3588 3463 3907 3531 meminit,

2231 3568 2346 3606 non
2399 3549 2589 3604 solum
2645 3550 2718 3604 ab
2770 3549 3109 3606 hominibus
3164 3567 3280 3605 non
3330 3555 3521 3623 potest
3578 3550 3739 3622 laedi,
3795 3555 3912 3609 sed

2233 3642 2378 3695 161
2417 3639 2820 3693 imminentem
2853 3637 3081 3693 cmlitus
3129 3638 3276 3694 iram
3309 3639 3571 3711 repellit?
3603 3640 3710 3712 qui
3759 3659 3910 3698 vero

2233 3727 2616 3798 semetipsum
2648 3727 2841 3798 prodit
2869 3731 2926 3781 et
2956 3726 3133 3793 laedit,
3167 3727 3400 3784 etiamsi
3432 3727 3592 3784 mille
3613 3729 3914 3787 intrinse-

2233 3835 2337 3873 eus
2365 3815 2576 3871 divinis
2601 3816 2897 3872 beneficiis
2949 3815 3246 3885 fulciatur,
3267 3834 3382 3873 non
3430 3817 3479 3874 ei
3532 3819 3798 3876 sufﬁciet
3830 3821 3914 3876 ad

2234 3906 2482 3962 salutem
2520 3923 2532 3960 :
2563 3905 2701 3976 quia
2731 3921 2918 3976 neque
2947 3905 3166 3960 Judaeis
3202 3910 3365 3962 tanta
3416 3905 3736 3977 mirabilia,
3766 3927 3918 3980 qua)

2234 3995 2294 4050 in
2345 4012 2442 4051 eos
2471 3994 2679 4050 collata
2718 3998 2856 4050 sunt
2906 3995 3270 4066 profuerunt,
3306 4013 3493 4068 neque
3541 3995 3922 4071 alienigenis

2237 4085 2391 4156 quod
2423 4083 2568 4138 nihil
2598 4083 2806 4139 horum
2841 4082 3032 4154 adepti
3067 4084 3297 4139 fuerant
3333 4084 3550 4152 obfuit;
3583 4087 3687 4142 sed
3743 4105 3920 4160 quo—

2238 4172 2393 4228 niam
2445 4171 2640 4227 animo
2691 4171 3106 4243 propositoque
3161 4176 3336 4240 recte,
3373 4190 3509 4229 cum
3561 4179 3619 4229 et
3663 4175 3924 4248 seipsos

2238 4263 2524 4317 dederunt
2558 4261 2686 4324 Deo,
2721 4277 2898 4332 parva
2927 4261 3231 4318 occasione
3280 4268 3521 4335 sumpta
3564 4263 3925 4334 plurimum

2239 4351 2674 4423 profecerunt.»
2707 4352 3087 4422 Quapropter,
3122 4355 3185 4405 ut
3215 4356 3456 4408 sanctus
3487 4352 3816 4424 Gregorius
3856 4357 3929 4412 in

2239 4438 2482 4495 homilia
2511 4437 2802 4509 Evangelii
2858 4439 2942 4505 13,
2979 4439 3122 4494 dicit
3155 4457 3168 4494 :
3204 4463 3231 4489 (ι
3265 4439 3420 4496 Deus
3465 4439 3802 4512 despicitur
3857 4451 3930 4502 et

2239 4527 2866 4600 exspectat,contemni
2898 4544 2959 4582 se
2982 4528 3138 4584 videt
3168 4534 3223 4584 et
3253 4530 3812 4602 revocat,injuriam
3849 4536 3935 4592 de

2235 4620 2571 4688 contemptu
2602 4633 2709 4670 suo
2742 4615 3007 4687 suscipit,
3028 4622 3085 4671 et
3107 4621 3304 4672 tamen
3333 4619 3686 4690 quandoque
3710 4638 3936 4679 rever-

2240 4707 2498 4762 tentibus
2528 4705 2704 4760 etiam
2755 4705 2994 4776 przemia
3046 4705 3352 4776 promittit.
3385 4729 3412 4757 »
3447 4707 3554 4772 Qui
3604 4706 3823 4778 etiam,
3861 4718 3944 4767 ut

2239 4795 2604 4868 Augustinus
2633 4793 2693 4848 in
2725 4793 2872 4849 libro
2905 4795 2974 4849 de
3007 4794 3514 4852 Pracdestinatioue
3558 4802 3942 4857 sanctorum

2243 4885 2383 4941 dicit
2415 4901 2427 4938 :
2463 4885 2532 4938 Et
2561 4882 2673 4955 ipsi
2704 4883 2844 4955 quia
2881 4882 3187 4939 voluerunt
3231 4884 3622 4941 crediderunt.
3653 4886 3733 4942 Et
3765 4889 3942 4946 item

2243 4972 2556 5045 Gregorius
2590 4989 2602 5027 :
2638 4995 2665 5022 «
2701 4973 2882 5031 Nemo
2914 4972 3063 5028 hanc
3094 4974 3222 5044 ejus
3261 4973 3781 5046 longanimitatem
3823 4996 3946 5036 ne-

2243 5062 2459 5135 gligat:
2488 5059 2628 5132 quia
2647 5065 2808 5116 tanto
2833 5061 3559 5133 districtioremjustitiam
3586 5062 3644 5116 in
3669 5063 3945 5134 judicio

2243 5151 2441 5217 exerit,
2477 5153 2696 5220 quanto
2726 5148 3046 5221 longiorem
3071 5151 3412 5221 patientiam
3446 5157 3578 5206 ante
3600 5151 3950 5222 judicium

2248 5238 2606 5312 prmrogavit.
2646 5261 2671 5285 ››
2727 5237 2870 5292 Hinc
2919 5239 3135 5294 etenim
3186 5232 3414 5296 Paulus
3452 5241 3592 5295 dicit
3626 5256 3638 5295 :
3673 5241 3852 5310 Igne)
3873 5264 3956 5304 as

2249 5331 2508 5402 quoniam
2557 5327 2863 5395 bmzignitus
2915 5329 3015 5382 Dei
3059 5328 3128 5383 ad
3171 5331 3544 5400 pawitcntiam
3582 5337 3630 5385 te
3656 5330 3951 5395 adducit.

2249 5416 2554 5472 Secundum
2587 5415 2851 5470 duritiam
2893 5428 3071 5471 autem
3121 5434 3272 5473 mam
3313 5428 3363 5473 et
3400 5436 3491 5472 cor
3539 5420 3956 5497 impwnitcns,

2251 5507 2588 5564 thesaurisas
2625 5503 2726 5559 tibi
2751 5506 2894 5559 iram
2925 5506 2986 5560 in
3012 5505 3100 5562 die
3149 5509 3252 5564 ira}
3279 5515 3331 5563 et
3379 5508 3730 5564 reuelationis
3768 5498 3967 5582 justi

2242 5597 2447 5670 judicii
2493 5596 2596 5650 Dei
2637 5593 2904 5662 (Itom.,n,
2942 5594 3014 5665 4).
3051 5597 3121 5650 Et
3171 5596 3274 5667 illi,
3308 5599 3370 5652 ut
3428 5595 3815 5668 Augustinus
3880 5605 3962 5664 in

2254 5685 2486 5758 pl‘tul'ulo
2517 5680 2664 5736 libro
2687 5679 2844 5751 dicit,
2870 5683 3006 5754 quia
3024 5684 3338 5742 noluerunt
3361 5702 3474 5742 non
3506 5685 3963 5774 crediderunt._
