4020 6514
172 442 279 502 225

895 452 999 512 DE
1043 452 1801 513 Pii/EDESTINATIDNE
1847 454 2368 519 DISSERTATIO
2412 462 2875 528 POSTERIOB.

3470 474 3590 534 226

172 573 235 628 Et
264 573 312 627 si
350 576 502 631 forte
533 579 927 650 crediderunt,
953 584 1025 639 de
1055 584 1287 640 illorum
1322 602 1568 641 numero
1599 586 1831 641 exstite-
1860 585 1917 653 Α
1948 586 2228 645 innocens
2257 596 2345 646 est
2375 597 2429 648 et
2460 596 2816 669 misericors,
2847 603 2905 656 et
2933 617 3048 657 non
3094 608 3361 676 erumpet
3404 621 3594 678 neque

170 668 324 731 runt.
348 664 424 719 de
456 666 678 737 quibus
708 667 848 724 item
881 671 1023 727 dicit
1051 673 1363 745 Apostolus
1400 691 1412 729 :
1449 676 1556 741 Qui
1582 692 1638 728 se
1671 676 1836 745 eonfi-

172 760 349 806 tentur
400 770 563 809 nosse
610 756 801 828 Deum,
853 762 1019 831 furtis
1070 771 1251 817 autem
1302 770 1499 832 negant
1527 765 1655 829 (Tit.
1692 781 1728 828 ι,
1760 762 1836 832 ὓ).

176 839 434 913 Denique
468 860 760 915 ponamus
790 848 1248 905 ortliodoxorum
1283 857 1456 923 atque
1488 851 1546 905 in
1579 850 1841 906 Ecclesia

168 930 724 1000 probatissimorum
740 935 995 991 virorum
1014 938 1432 1007 testimonia,et
1453 939 1838 994 videatlector

169 1018 487 1091 devotus,si
507 1022 752 1077 reddant
768 1025 935 1080 nobis
958 1031 1133 1098 atque
1151 1027 1406 1099 capitulo
1422 1028 1828 1083 testimonium

170 1107 297 1163 hinc
330 1125 404 1164 ex
442 1110 679 1166 illorum
710 1114 985 1170 sensibus
1025 1120 1079 1170 et
1130 1116 1302 1171 dictis
1353 1122 1644 1188 excerpta,
1676 1117 1832 1188 quod

170 1198 354 1251 simus
389 1198 692 1254 catholica:
734 1201 1004 1257 Ecclesia:
1040 1202 1164 1269 ﬁlii,
1188 1209 1243 1259 et
1276 1205 1468 1275 gratia
1499 1205 1599 1261 Dei
1634 1205 1835 1261 fideles

169 1285 320 1341 verbi
354 1286 551 1358 ipsius
581 1289 1037 1362 dispensatores.

794 1414 1026 1471 CAPUT
1065 1417 1223 1472 XXV.

170 1500 465 1561 Sepamtur
513 1500 917 1551 orthodoxomm
966 1503 1137 1565 verba,
1171 1504 1351 1569 quibus
1386 1508 1619 1569 cognosci
1666 1506 1833 1561 valeat

226 1572 459 1633 qunh'ter
489 1573 683 1623 exinde
711 1578 897 1624 sanetae
928 1576 1161 1625 Ecclesia
1209 1577 1447 1627 catholici
1487 1592 1684 1627 sensere
1714 1580 1831 1627 tioc-

226 1652 380 1690 (oms.

234 1739 557 1813 Dionysius
620 1760 873 1815 quoque,
934 1750 999 1799 ut
1058 1747 1262 1801 beatus
1321 1748 1632 1819 Gregorius
1690 1748 1830 1803 dicit

168 1828 543 1901 Areopagita,
566 1831 849 1903 antiquus
880 1838 936 1887 et
967 1834 1315 1890 venerabilis
1348 1834 1533 1901 Pater,
1562 1836 1715 1890 sicut
1745 1836 1827 1891 lc-

167 1917 316 1989 gitur
338 1935 455 2016 per
480 1919 729 2016 Paulum
761 1922 1092 2016 apostolum
1124 1925 1311 1994 gratia
1342 1924 1441 1978 Dei
1474 1926 1584 1979 fide
1615 1924 1827 2016 illumi-
1858 1951 1907 2016 Β

168 2012 335 2062 tuitus
357 2013 417 2062 et
441 2007 801 2079 baptizatus,
826 2010 924 2081 qui
960 2027 1095 2065 cum
1130 2012 1296 2065 beato
1331 2012 1497 2067 Petro
1529 2018 1584 2067 et
1613 2014 1827 2069 Jacobo

168 2100 335 2152 fratre
370 2096 634 2165 Domini,
670 2097 917 2169 aliisque
951 2100 1406 2172 quamplurimis
1438 2102 1827 2158 sanctissimis

168 2186 379 2241 Christi
431 2186 768 2258 discipulis,
826 2188 1236 2261 Hierosolymis
1289 2192 1441 2262 apud
1492 2192 1825 2263 sepulcrum

172 2276 291 2328 vita:
326 2275 643 2348 principis,
678 2277 835 2331 velut
865 2277 988 2350 ipse
1018 2279 1076 2333 in
1109 2278 1256 2335 libro
1286 2282 1357 2337 de
1388 2280 1606 2335 Divinis
1638 2282 1825 2335 nomio

174 2364 341 2419 nibus
378 2365 670 2433 narrat,in
704 2368 923 2438 synodo
955 2384 1135 2439 agens
1172 2369 1370 2436 fuit,et
1401 2369 1826 2441 disputationes

170 2469 368 2508 eorum
388 2453 464 2507 de
490 2453 894 2509 incarnatione
919 2456 1017 2511 Dei
1042 2456 1167 2511 Filii
1194 2461 1251 2511 et
1273 2456 1509 2524 audivit,
1543 2463 1599 2513 et
1631 2475 1823 2513 coram

169 2541 245 2597 eis
268 2541 627 2613 regulariter
656 2542 916 2614 protulit,
946 2544 1001 2597 in
1024 2544 1271 2615 epistola
1292 2545 1362 2599 ad
1392 2545 1822 2616 DcmOphilum,

169 2630 296 2701 quia
318 2648 533 2686 omnes
557 2630 826 2687 homines
848 2631 970 2686 vult
993 2632 1146 2687 Deus
1168 2632 1359 2689 salvos
1386 2633 1619 2699 ﬁeri,ita
1641 2634 1819 2689 dicit:

167 2744 189 2765 κ
216 2718 428 2792 Utique
452 2725 545 2775 est
573 2721 754 2788 enim,
781 2721 921 2792 quin
942 2720 1209 2777 Christus
1232 2722 1404 2777 Jesus
1429 2722 1528 2777 Dei
1553 2722 1822 2787 Filius,in

169 2810 448 2879 parentis,
484 2813 541 2863 et
576 2827 754 2880 super
783 2810 1088 2864 scientiam
1136 2810 1536 2881 benignitatis,
1572 2830 1688 2882 qua
1714 2811 1825 2866 exi-

166 2898 375 2953 stentia
406 2916 539 2953 esse
574 2898 734 2964 facit,
767 2904 823 2953 et
856 2916 971 2970 qua
1014 2898 1142 2970 ipsa
1185 2900 1382 2955 omnia
1414 2901 1484 2954 ad
1519 2917 1647 2954 esse
1694 2917 1822 2972 per-

170 2986 348 3051 duxit,
384 2990 445 3040 ct
478 3002 687 3041 omnes
734 2986 1004 3042 homines
1035 2987 1159 3042 vult
1190 3005 1422 3060 semper
1448 2989 1569 3043 fieri
1603 2988 1824 3044 similes

167 3075 267 3130 sibi
304 3074 446 3146 ipsi,
483 3080 541 3129 et
574 3075 1002 3131 communiales
1048 3094 1312 3143 suorum,
1348 3078 1670 3132 secundum
1703 3079 1821 3134 sin-

169 3163 439 3234 gulorum
456 3180 952 3235 quorumcunque
974 3166 1612 3232 convenientiam.Quid
1628 3172 1822 3223 autem

167 3252 292 3325 quia
316 3257 377 3307 et
404 3252 838 3325 refugientibus
869 3255 1079 3325 cupide
1103 3255 1393 3326 jungitur,
1415 3260 1471 3309 et
1501 3256 1818 3323 contendit,

1949 676 2243 745 clamabit,
2276 686 2332 734 ct
2357 682 2479 753 ipse
2504 686 2663 740 mitis
2686 692 2741 741 et
2762 688 3093 759 propitiatio
3114 694 3201 745 est
3220 676 3590 763 peccatorum

1950 770 2669 844 nostrorum.Quapropter
2691 792 2805 829 non
2834 776 3324 849 recipiemustuos
3339 780 3591 840 zelantes

1942 850 2218 924 impetus,
2244 857 2473 914 etiamsi
2506 861 2698 918 decies
2730 863 2942 918 millies
2974 866 3286 938 reaccipies
3316 868 3590 926 Phineem

1943 944 2000 996 ct
2027 941 2235 1012 Eliam,
2268 946 2394 1017 ipsa
2425 950 2729 1007 audientes
2777 969 2903 1024 quae
2936 970 3053 1008 non
3085 954 3395 1026 placebant
3424 958 3588 1025 Jesu,

1942 1047 1976 1084 a
2008 1031 2314 1103 discipulis
2338 1035 2437 1107 qui
2462 1042 2599 1093 tunc
2623 1044 2787 1095 erant
2818 1041 3108 1097 mansueti
3140 1047 3197 1098 et
3224 1043 3458 1117 benigni
3480 1045 3594 1119 spi-

1942 1119 2091 1175 ritus
2124 1122 2459 1195 participes,
2484 1126 2752 1183 Christus
2774 1127 2833 1183 in
2858 1129 3153 1185 mentibus
3184 1131 3472 1205 benignus
3493 1134 3588 1204 sit,

1942 1213 2233 1264 errantem
2266 1211 2550 1284 inquirat,
2586 1220 2643 1271 et
2690 1218 3073 1289 refugientem
3121 1220 3380 1288 advocet,
3413 1225 3472 1277 et
3501 1219 3595 1276 vix

1939 1294 2025 1351 im
2039 1302 2239 1353 entum
2265 1300 2323 1354 in
2348 1301 2612 1360 humeris
2644 1305 2960 1379 tollat.Non
2992 1308 3413 1379 deprecor,non
3441 1307 3593 1364 male

1940 1384 2097 1441 istud
2122 1388 2190 1442 de
2214 1389 2381 1446 nobis
2405 1391 2550 1462 ipsis
2581 1378 3174 1467 consiliemurmeque
3203 1396 3261 1451 in
3296 1413 3402 1452 nos
3430 1396 3591 1470 ipsos

1939 1472 2312 1547 impellamus
2342 1479 2977 1556 gladium.Quicunque
3000 1485 3155 1540 enim
3180 1485 3378 1559 inique
3398 1503 3588 1559 agere,

1940 1568 2041 1617 aut
2068 1565 2404 1639 quicunque
2427 1585 2456 1623 e
2481 1571 2771 1626 contrario
2798 1573 2943 1627 bene
2963 1589 3132 1645 agere
3158 1573 3591 1643 inchoant,illos

1939 1652 2196 1723 angelos,
2231 1672 2481 1727 quorum
2515 1659 2875 1716 voluntatem
2908 1661 3150 1728 faciunt,
3185 1662 3298 1719 sibi
3331 1668 3432 1718 aut
3461 1681 3583 1719 ma-

1940 1739 2062 1795 litia
2093 1748 2193 1797 aut
2226 1744 2585 1817 benignitate
2618 1749 2977 1803 consociant.
3012 1750 3079 1804 Et
3113 1749 3195 1804 illi
3229 1751 3466 1822 quidem
3498 1753 3589 1808 be-

1939 1829 2246 1901 nignorum
2283 1834 2624 1906 angelorum
2658 1835 2930 1907 discipuli
2962 1842 3017 1891 et
3047 1837 3308 1906 comites,
3329 1844 3385 1895 et
3415 1840 3511 1897 hic
3532 1844 3590 1896 et

1940 1917 2060 1973 illic
2090 1936 2223 1974 cum
2256 1923 2415 1976 omni
2457 1940 2623 1978 sacra
2654 1923 2888 1979 datione
2918 1929 2974 1980 et
3006 1924 3273 1981 libertate
3321 1928 3587 1984 omnium

1938 2007 2225 2063 malorum
2254 2010 2324 2065 ad
2358 2028 2589 2083 semper
2617 2012 2871 2068 existens
2901 2013 3181 2070 saeculum
3212 2015 3587 2073 beatissimas

1937 2096 2267 2167 delegantes
2312 2100 2771 2169 terminationes,
2804 2118 2939 2156 cum
2987 2102 3102 2157 Deo
3144 2119 3395 2176 semper,
3429 2105 3586 2176 quod

1934 2189 2022 2239 est
2054 2186 2336 2241 bonorum
2382 2189 2646 2243 omnium
2680 2189 3002 2245 maximum
3031 2209 3044 2258 ;
3078 2191 3172 2246 isti
3206 2196 3400 2247 autem
3433 2194 3586 2249 deci-

1935 2274 2075 2327 dent
2095 2292 2129 2329 a
2150 2275 2344 2330 divina
2373 2277 2550 2331 simul
2583 2282 2640 2331 et
2671 2283 2952 2349 perpetua
2984 2296 3145 2351 pace,
3170 2284 3227 2335 et
3258 2280 3351 2337 hic
3371 2287 3430 2338 et
3459 2288 3590 2354 post

1937 2369 2181 2417 mortem
2214 2364 2389 2419 simul
2420 2382 2553 2419 cum
2583 2366 2919 2421 domesticis
2951 2368 3076 2423 suis
3106 2374 3277 2424 erunt
3306 2371 3587 2427 daemoni-

1938 2452 2066 2505 bus.
2102 2454 2226 2507 Non
2260 2471 2396 2526 ergo
2436 2459 2661 2525 oportet
2696 2473 2800 2511 nos
2833 2455 3021 2511 multa
3051 2458 3422 2515 festinatione
3452 2476 3586 2517 cum

1935 2540 2049 2594 Deo
2083 2542 2333 2613 benigno
2364 2543 2511 2611 fieri,
2547 2548 2601 2597 et
2630 2561 2757 2598 esse
2803 2561 2936 2599 cum
2969 2546 3214 2602 Domino
3247 2565 3496 2621 semper,
3529 2555 3588 2606 et

1934 2647 2238 2701 segregare
2261 2632 2330 2685 de
2352 2631 2524 2687 malis
2546 2632 3224 2704 injustiticantibus,nos
3255 2639 3581 2693 secundum

1933 2717 2273 2789 dignitatem
2304 2736 2371 2773 ex
2398 2720 2566 2774 nobis
2596 2719 2741 2791 ipsis
2774 2720 3129 2777 sustinentes
3149 2723 3225 2777 7»
3250 2725 3318 2779 Et
3338 2725 3397 2779 in
3428 2725 3576 2781 libro

1934 2807 2003 2861 de
2052 2806 2457 2863 Ecclesiastico
2509 2808 2859 2881 principatu,
2895 2827 3021 2882 cap.
3057 2813 3312 2868 secundo
3345 2831 3358 2868 ε
3394 2836 3421 2863 ‹‹
3457 2814 3583 2870 Hie-

1934 2895 2171 2951 rarchas
2220 2896 2458 2967 quidem
2518 2915 2671 2952 unus
2720 2898 2990 2970 quisque,
3026 2898 3127 2954 Dei
3158 2900 3584 2958 assimilatione

1933 3000 2135 3038 omnes
2184 2984 2448 3039 homines
2496 2985 2694 3040 volens
2745 2986 2986 3055 salvare,
3020 2991 3077 3042 et
3105 2990 3177 3043 ad
3223 2988 3581 3060 agnitionem

1930 3073 2187 3128 veritatis
2218 3074 2430 3142 venire,
2466 3074 2741 3145 prmdicat
2779 3075 3055 3131 omnibus
3084 3092 3218 3130 vera
3246 3077 3576 3149 Evangelia.

1935 3163 2152 3229 Quanti,
2188 3162 2379 3234 inquit
2427 3163 2604 3231 enim,
2637 3172 2956 3235 acceperunt
2982 3181 3124 3233 eum,
3157 3164 3305 3221 dedit
3329 3169 3408 3221 eis
3432 3175 3583 3238 pote-

1932 3260 2121 3305 stulam
2168 3253 2311 3321 ﬁlios
2353 3253 2451 3307 Dei
2496 3253 2621 3322 fieri
2676 3252 3019 3309 credentibus
3076 3255 3137 3308 in
3192 3257 3414 3311 nomine
3466 3257 3583 3329 ejus

168 3321 219 3396 et
247 3359 365 3396 non
404 3321 567 3398 182w
595 3321 964 3414 dedignatur
990 3321 1291 3416 dedignari
1326 3363 1359 3399 a
1388 3344 1737 3415 concupitis,
1769 3321 1825 3399 et
1854 3321 1896 3386 (ἶ
1937 3341 2116 3412 (Joun.
2152 3359 2188 3405 ι,
2238 3342 2345 3411 12).
2398 3341 2457 3394 Si
2497 3321 2641 3412 quis
2694 3343 2847 3398 163
2893 3359 3028 3415 ergo
3077 3344 3325 3400 discedit
3371 3362 3403 3401 a
3449 3321 3582 3402 vero

168 3446 224 3487 se
252 3430 688 3503 rejicientibus,
723 3436 780 3486 et
810 3432 935 3487 sine
984 3450 1162 3487 causa
1209 3437 1554 3487 accusantes
1603 3434 1826 3499 tolerat,

169 3526 219 3574 et
240 3520 362 3591 ipse
389 3524 638 3575 excusat
663 3536 678 3587 ;
702 3521 845 3593 quin
882 3522 1068 3593 magis
1102 3522 1392 3593 promittit
1425 3521 1663 3593 mederi,
1685 3528 1739 3577 et
1771 3523 1826 3576 in

169 3606 251 3663 bis
282 3608 399 3681 ipsi
435 3609 761 3664 abstinent.
796 3611 1018 3665 Tamen
1051 3611 1661 3682 appropinquantibus
1686 3629 1827 3683 prae-

167 3699 491 3753 occurritet
514 3697 733 3769 obviat,
767 3703 824 3753 et
860 3703 1014 3753 totus
1059 3704 1208 3754 totos
1250 3699 1637 3770 complectens
1669 3718 1831 3754 oscu-

167 3785 329 3853 latur,
364 3793 423 3843 et
459 3804 577 3842 non
617 3792 855 3841 accusat
886 3788 956 3841 de
984 3788 1298 3858 prioribus,
1335 3788 1434 3842 sed
1466 3787 1655 3859 diligit
1687 3806 1827 3859 pra:-

166 3877 365 3943 scntia,
401 3882 459 3931 et
502 3876 659 3930 diem
714 3877 929 3931 festum
984 3875 1123 3947 agit,
1158 3881 1215 3930 et
1266 3866 1552 3947 provocat.
1586 3876 1825 3945 amicos,

162 3964 429 4021 videlicet
452 3965 744 4037 benignos
767 3966 1023 4037 angelos,
1054 3970 1117 4019 ut
1140 3965 1213 4019 sit
1237 3966 1501 4019 omnium
1536 3965 1828 4020 delectan-

168 4054 302 4109 tium
337 4054 651 4109 habitatio.
692 4078 719 4101 ››
754 4055 819 4108 Et
852 4054 1023 4125 paulo
1073 4060 1203 4125 post
1236 4071 1247 4109 :
1289 4078 1314 4103 (ι
1348 4055 1471 4109 Non
1504 4056 1824 4126 oportebat,

168 4141 428 4214 inquam,
455 4142 779 4213 benignum
815 4142 873 4195 in
910 4143 1095 4196 salute
1128 4143 1513 4214 perditorum,
1535 4149 1591 4197 ct
1622 4144 1678 4197 in
1712 4144 1827 4198 vita

167 4234 649 4287 mortilicatorum
675 4231 970 4299 delectari,
994 4236 1051 4286 ct
1076 4232 1199 4286 sine
1233 4230 1510 4286 dilatione
1546 4232 1598 4285 in
1626 4233 1823 4287 hume'

168 4321 238 4374 ris
269 4320 393 4375 tolli
442 4321 540 4374 vix
592 4322 664 4375 ab
715 4338 909 4374 errore
962 4324 1414 4385 conx‘ertcntem,
1450 4324 1506 4374 et
1543 4321 1824 4392 benignos

169 4410 395 4481 angelos
445 4411 520 4465 ad
574 4408 971 4481 epulationem
1045 4409 1317 4472 excftare,
1372 4408 1467 4480 qui
1537 4410 1824 4481 benignus

170 4506 248 4552 est
276 4517 457 4573 super
489 4499 777 4570 ingratos,
797 4504 854 4553 et
885 4497 1024 4552 oriri
1056 4498 1195 4553 facit
1225 4496 1409 4551 solem
1442 4516 1615 4552 suum
1650 4518 1825 4571 super

174 4587 349 4644 malos
375 4592 435 4643 et
468 4588 683 4651 bonos,
718 4591 775 4641 et
809 4586 995 4658 ipsam
1039 4587 1295 4641 animum
1330 4603 1497 4640 suam
1528 4587 1691 4657 ponit
1721 4606 1823 4659 pro

1936 3429 2176 3495 lumine,
2212 3435 2311 3483 aut
2367 3431 2436 3485 de
2497 3430 2989 3487 intellectualibus
3049 3437 3373 3504 spontaneo
3427 3435 3581 3490 arbi-

1936 3519 2045 3573 trio
2077 3520 2311 3573 malitia:
2361 3519 2675 3590 cupiditate
2722 3519 3077 3575 concludens
3119 3522 3463 3577 naturaliter
3492 3523 3579 3577 in-

1935 3627 2166 3679 spersas
2197 3608 2305 3662 sibi
2352 3607 2747 3663 adilluminari
2798 3608 3041 3664 virtutes
3093 3627 3196 3681 per
3225 3612 3486 3683 scipsum
3519 3628 3581 3669 se

1935 3699 2217 3751 destruet.

2006 3786 2324 3857 Cyprianus
2372 3804 2623 3857 quoque,
2658 3787 2859 3840 doctor
2914 3787 3196 3843 mirilicus
3251 3793 3309 3844 et
3361 3794 3583 3862 martyr

1935 3876 2302 3944 magniﬁcus,
2340 3875 2395 3928 in
2428 3875 2571 3929 libro
2603 3876 2671 3929 de
2704 3875 2973 3930 Oratione
3004 3876 3345 3931 Dominica:
3380 3902 3405 3925 ι(
3432 3879 3576 3933 Nam

1933 3981 2065 4018 cum
2101 3964 2369 4035 discipuli
2404 3964 2474 4016 ab
2507 3979 2572 4016 co
2601 3980 2715 4016 non
2749 3964 2874 4033 jam
2928 3963 3137 4017 terreni
3188 3964 3574 4036 appellentur,

1933 4053 2032 4107 sed
2066 4052 2151 4106 sal
2185 4056 2345 4107 terrze
2377 4051 2581 4119 (Matt/1.
2613 4068 2705 4118 xv,
2745 4052 2850 4119 l3),
2883 4055 2939 4105 et
2965 4050 3277 4122 Apostolus
3319 4052 3576 4124 primum

1933 4141 2229 4196 hominem
2248 4145 2409 4195 vocet
2429 4141 2496 4193 de
2519 4146 2680 4193 terra:
2698 4139 3195 4209 limo,secundum
3208 4158 3341 4196 vero
3353 4142 3423 4197 de
3435 4142 3576 4198 cwlo

1933 4232 1977 4302 (I
2008 4233 2127 4285 Cor.
2162 4247 2253 4293 xv,
2290 4230 2414 4300 1’17);
2458 4233 2515 4283 et
2566 4246 2691 4295 nos,
2747 4227 2846 4299 qui
2904 4246 3031 4283 esse
3092 4230 3373 4287 debemus
3421 4231 3574 4287 Patri

1932 4322 2046 4376 Dco
2070 4318 2313 4385 similes,
2340 4317 2439 4389 qui
2465 4317 2647 4372 solem
2671 4334 2845 4371 suum
2867 4317 3003 4371 oriri
3031 4317 3166 4372 facit
3189 4335 3363 4391 super
3393 4320 3575 4376 bonos

1931 4415 1986 4466 et
2009 4408 2277 4475 malos,ct
2301 4405 2447 4479 pluit
2470 4406 2852 4477 superjustos
2876 4410 2932 4459 et
2956 4406 3315 4477 injustos,sic
3346 4408 3574 4465 Christo

1931 4502 2464 4559 InUllUlllt',01'ulHUS
2487 4500 2543 4549 ct
2563 4494 2911 4565 petimus,ut
2932 4510 3159 4565 precem
3182 4511 3285 4565 pro
3306 4497 3571 4551 omnium

1930 4589 2115 4645 salute
2164 4585 2449 4640 faciamus
2483 4599 2496 4637 :
2531 4587 2593 4637 ut
2644 4583 2934 4652 quomodo
2992 4581 3051 4636 in
3110 4582 3272 4652 cwlo,
3305 4582 3364 4639 id
3392 4589 3481 4641 est
3510 4586 3570 4640 in

174 4676 654 4748 refugientibus.»
678 4676 746 4730 Et
768 4674 905 4730 item
939 4676 1009 4730 ad
1039 4673 1253 4743 locum,
1283 4676 1514 4745 Expavit
1540 4676 1730 4731 arium
1761 4680 1819 4733 in
1849 4692 1895 4756 D
1934 4676 2230 4745 nobis,per
2262 4674 2434 4727 tidem
2471 4675 2727 4726 nostram
2760 4670 3030 4725 voluntas
3061 4670 3162 4725 Dei
3195 4674 3346 4728 facta
3373 4681 3481 4743 est,
3508 4680 3572 4731 ut

172 4766 305 4820 istud
329 4784 347 4820 :
380 4790 407 4815 α
444 4766 517 4821 Et
549 4764 757 4820 horrui
803 4781 931 4836 ego,
964 4763 1102 4836 quia
1133 4763 1513 4835 Demophilus
1545 4765 1819 4836 opinatur

172 4853 484 4927 benignum
520 4854 580 4909 in
613 4870 820 4909 omnes
842 4854 1111 4908 homines
1146 4854 1325 4908 Deum
1350 4869 1463 4907 non
1486 4870 1614 4908 esse
1634 4858 1689 4908 et
1719 4855 1821 4909 hu-

172 4957 426 5013 manum,
453 4959 648 5016 neque
676 4960 737 4998 se
757 4942 1019 5015 indigere
1048 4941 1376 4997 miserentis
1399 4946 1498 4997 aut
1518 4942 1817 5010 salvantis,

173 5047 296 5086 cum
328 5033 666 5088 sacerdotes
697 5031 1065 5087 ordinatione
1114 5030 1275 5101 digni
1308 5031 1651 5101 benignitati
1682 5034 1816 5088 olfe-

173 5126 298 5175 runt
332 5121 699 5194 ignorantiae
731 5118 953 5193 populi,
987 5120 1131 5175 bene
1172 5118 1564 5201 intelligentes
1595 5122 1732 5191 quia
1763 5126 1818 5176 et

174 5208 275 5280 ipsi
300 5212 613 5284 subjacent
634 5210 1022 5265 infirmitati.»
1044 5210 1113 5264 Et
1132 5208 1303 5280 paulo
1322 5214 1482 5285 post:
1509 5212 1818 5282 «Increpat

172 5304 359 5355 autem
415 5306 471 5355 et
532 5298 858 5371 discipulos
890 5300 1040 5367 (Luc.
1072 5316 1144 5365 ix,
1177 5299 1288 5365 55),
1324 5298 1465 5369 quia
1496 5298 1815 5371 impietatis

170 5384 711 5444 immisericorditer
758 5387 1003 5459 dignum
1069 5391 1278 5459 putant
1317 5386 1584 5457 judicare
1628 5405 1815 5459 perse-

172 5484 406 5547 quentes
435 5496 571 5534 cum
605 5476 1124 5533 Samaritas.lstud
1155 5482 1348 5531 autem
1383 5476 1572 5531 decies
1604 5477 1812 5532 millies

172 5562 377 5622 lectum
402 5572 635 5624 estnon
670 5565 981 5621 temeraria
1030 5563 1274 5637 epistola
1324 5569 1523 5619 nostra
1568 5567 1809 5635 dictum,

172 5652 279 5710 Non
327 5655 583 5714 habemus
638 5672 877 5727 namque
942 5656 1275 5727 pontiﬁcem,
1340 5656 1436 5726 qui
1482 5671 1593 5710 non
1645 5658 1817 5726 possit

172 5747 395 5822 compati
438 5745 857 5823 inﬁrmitatibus
914 5746 1115 5804 nostris
1146 5742 1326 5817 (Hebr.
1361 5761 1436 5814 ιν,
1472 5744 1578 5820 15).
1614 5744 1726 5803 Sed
1757 5750 1814 5804 et

1927 4782 2192 4821 essemus
2216 4780 2244 4817 c
2267 4761 2407 4816 cwlo
2434 4778 2445 4829 ;
2471 4760 2552 4814 ita
2582 4764 2638 4814 et
2668 4758 2725 4813 in
2756 4764 2929 4827 terra,
2963 4758 3071 4815 hoc
3102 4765 3191 4815 est
3220 4761 3279 4815 in
3309 4760 3428 4818 illis
3455 4779 3572 4818 cre-

1929 4855 2333 4917 dentibus,tiat
2362 4850 2631 4905 voluntas
2655 4849 2770 4915 Dei,
2791 4853 2854 4903 ut
2874 4849 2970 4920 qui
2995 4849 3185 4905 adhuc
3216 4855 3353 4905 sunt
3381 4852 3570 4922 prima

1928 4942 2225 5000 nativitate
2266 4938 2498 5008 terreni,
2538 4938 2819 5009 incipiant
2850 4954 2977 4993 esse
3005 4937 3286 5009 ccelestes,
3317 4955 3385 4993 ex
3417 4956 3568 5010 aqua

1927 5038 1980 5089 et
2009 5031 2217 5105 spiritu
2270 5029 2410 5083 nati.
2448 5051 2475 5075 ››
2508 5028 2575 5081 Et
2616 5026 2755 5082 item
2790 5044 2804 5082 :
2843 5048 2870 5077 ‹‹
2903 5026 3103 5081 Petrus
3145 5027 3286 5082 hora
3316 5032 3474 5082 sexta
3506 5028 3564 5084 in

1928 5127 2145 5177 tectum
2179 5118 2446 5189 superius
2496 5118 2816 5172 ascendens
2846 5118 2978 5185 (Act.
3015 5133 3091 5181 xx,
3126 5116 3232 5186 10),
3266 5115 3433 5188 signo
3463 5133 3565 5189 pa-

1926 5212 2066 5267 riter
2090 5216 2145 5266 ct
2175 5225 2312 5263 voce
2342 5207 2439 5262 Dei
2474 5211 2767 5271 monente,
2802 5206 3122 5259 instructus
3152 5210 3240 5260 est
3267 5210 3331 5260 ut
3361 5223 3565 5265 omnes

1925 5303 1993 5356 ad
2028 5300 2275 5371 gratiam
2309 5295 2516 5351 salutis
2557 5296 2907 5359 admitteret,
2945 5310 3076 5347 cum
3110 5294 3179 5348 de
3209 5296 3564 5355 ωυῐιάτὶῐιάίε

1922 5390 2240 5462 gentilibus
2266 5390 2398 5440 ante
2429 5384 2783 5440 dubitaret.»
2816 5384 2881 5437 Et
2912 5382 2969 5435 in
3002 5382 3249 5453 epistola
3278 5385 3349 5441 ad
3380 5388 3564 5442 Anto-

1922 5479 2241 5534 nianumzu
2263 5475 2491 5545 Utique,
2518 5472 2725 5543 inquit,
2751 5472 2818 5526 ad
2850 5470 3248 5541 pmnitentiam
3280 5474 3564 5534 Dominus

1924 5586 2036 5622 non
2055 5562 2516 5629 hortaretur,nisi
2539 5561 2676 5631 quia
2700 5559 3114 5631 penitentibus
3138 5562 3561 5636 indulgentiam

1922 5653 2405 5730 pollicetur.Nam
2439 5666 2572 5704 cum
2604 5648 2888 5721 scriptum
2914 5650 3026 5707 sit:
3049 5652 3310 5709 Dominus
3338 5660 3564 5711 mortem

1919 5763 2029 5807 non
2056 5748 2202 5822 fecit,
2234 5758 2332 5800 nec
2365 5742 2581 5799 laetatur
2611 5741 2671 5797 in
2713 5739 3020 5815 perditione
3062 5745 3309 5802 vivorum
3339 5745 3485 5821 (ἔαρ.
3519 5759 3562 5816 ι,
