4020 6496
456 416 574 475 227

1311 480 1318 486 ,
1391 415 1778 474 HINCMARI
1827 413 2274 475 HHEMENSIS
2323 411 2936 472 AltCHlEPlSCOPl.

3747 409 3863 469 228

459 548 565 619 13),
601 547 801 618 utique
831 545 932 619 qui
966 545 1261 602 neminem
1293 545 1416 602 vult
1447 546 1653 618 perire,
1687 544 1850 618 cupit
1894 561 2096 617 pecca-
2124 545 2180 613 Α
2211 543 2485 617 Legimus
2517 543 2802 616 scriptum
2835 543 2894 598 in
2925 541 3177 598 Jeremia
3210 558 3223 596 :
3259 540 3572 597 Maledicta:
3603 539 3706 612 qui
3731 540 3868 610 facit

452 641 608 692 tores
629 634 1033 708 paenitentiam
1057 649 1247 708 agere,
1272 639 1330 690 et
1350 652 1452 707 per
1474 634 1876 706 paenitentiam
1911 635 2100 690 denuo

452 725 524 780 ad
544 723 724 779 vitam
745 723 991 780 redire.»
1015 725 1158 779 Item
1191 723 1250 778 in
1281 723 1530 796 epistola
1559 725 1838 779 adversus
1867 723 2100 780 Judaaos

451 811 535 869 ita
588 812 774 868 dicit:
829 812 1175 884 «Surrexit,
1237 811 1531 884 inquiens,
1593 811 1876 870 Dominus
1931 812 2100 867 tertio

452 900 565 970 die,
599 899 828 974 aperuit
857 903 1272 957 testamentum
1321 917 1556 968 novum,
1589 904 1765 972 atque
1796 899 1876 955 ita
1905 898 2050 955 dixit
2081 915 2096 954 :

448 989 885 1058 Venite,exteraa
907 993 1108 1062 gentes
1137 989 1395 1046 haeredes
1427 989 1561 1058 mei,
1583 988 1759 1046 Israel
1793 989 1950 1044 enim
1983 1005 2098 1044 non

451 1078 772 1134 obaudivit.
823 1080 1186 1151 Quapropter
1231 1077 1327 1144 ite,
1377 1076 1670 1149 discipuli,
1722 1076 1780 1133 in
1830 1077 2098 1133 ultimam

453 1184 642 1240 usque
671 1171 908 1233 terram,
941 1170 997 1222 et
1027 1166 1336 1240 praedicate
1375 1183 1478 1239 per
1507 1167 1703 1222 orbem
1735 1165 1828 1222 his
1858 1165 2048 1223 verbis
2081 1184 2095 1222 :

449 1257 656 1313 Venite
713 1255 973 1329 undique
1026 1255 1225 1328 patriae
1284 1255 1571 1329 gentium,
1606 1254 1682 1311 ite
1712 1255 1771 1310 in
1821 1259 2097 1312 aeternam

450 1345 872 1412 haereditatem,
905 1344 1082 1401 Israel
1104 1344 1260 1400 enim
1283 1343 1489 1400 noluit.
1513 1344 1629 1400 Nec
1658 1343 1888 1400 dubitet
1917 1345 2048 1417 quis
2081 1361 2094 1402 :

450 1433 613 1490 nulla
639 1433 736 1489 hic
766 1433 1024 1506 exceptio
1056 1437 1276 1502 est,nee
1308 1431 1662 1503 ingenuitas,
1683 1449 1786 1489 nec
1816 1433 2094 1506 dignitas,

451 1539 555 1578 nec
613 1520 986 1587 conditionis,
1033 1537 1139 1576 nec
1187 1519 1518 1592 positionis,
1567 1536 1674 1575 nec
1723 1521 1952 1587 formai,
1992 1536 2097 1576 nec

447 1609 655 1667 aetatis.
691 1609 848 1666 Licet
877 1609 1162 1682 dignitate
1192 1607 1510 1680 magniﬁci,
1529 1607 1664 1664 licet
1691 1607 1938 1675 nobiles,
1963 1608 2100 1664 licet

447 1717 636 1767 senes,
670 1698 805 1754 licet
825 1699 1094 1770 juvenes,
1134 1714 1437 1769 pauperes,
1481 1696 1708 1767 divites,
1741 1695 1898 1766 boni,
1928 1697 2095 1752 mali-

444 1806 579 1861 que,
625 1787 848 1844 domini
898 1790 1073 1858 atque
1126 1786 1297 1854 servi,
1349 1785 1750 1841 inditl'erenter
1796 1785 2097 1859 aequaliter

441 1876 678 1932 introite
709 1874 768 1930 in
801 1874 1221 1930 haereditatem.
1254 1873 1375 1930 Etsi
1426 1873 1638 1930 debilis
1684 1878 1892 1946 captus
1922 1890 2004 1941 es,
2037 1877 2096 1930 et

440 1981 678 2039 corpore
707 1963 1005 2031 deformis,
1039 1963 1148 2020 etsi
1181 1961 1415 2018 macula
1441 1962 1650 2036 turpis,
1684 1968 1742 2018 et
1771 1962 1960 2035 capite
1990 1963 2092 2018 de-

439 2056 648 2124 fectus,
683 2053 791 2109 etsi
849 2052 1036 2109 oculis
1094 2053 1390 2120 viduatus,
1417 2052 1707 2109 universis
1749 2051 1928 2106 libere
1958 2051 2095 2108 licet

439 2143 812 2199 discumbere
844 2142 904 2197 in
935 2140 1217 2207 convivio,
1248 2144 1305 2197 et
1333 2140 1558 2213 epulari
1590 2141 1828 2213 nuptias
1859 2139 2088 2212 Sponsi.

441 2232 747 2290 Neminem
784 2231 1020 2304 pudeat,
1053 2247 1158 2285 nec
1203 2229 1410 2298 aetatis,
1446 2247 1551 2286 nec
1582 2229 1952 2298 humilitatis,
1987 2246 2092 2285 nec

437 2320 812 2388 valetudinis,
847 2337 954 2376 nec
985 2318 1356 2374 conditionis.
1381 2319 1690 2375 Consuevit
1716 2318 1870 2374 enim
1896 2318 2091 2374 Domi-

440 2427 554 2468 nus
585 2407 926 2480 hujusmodi
979 2407 1248 2463 homines
1297 2405 1583 2462 sustinere
1613 2425 1625 2463 :
1661 2423 1792 2462 nam
1825 2411 1885 2463 et
1925 2405 2092 2462 caecis

438 2498 638 2556 oculos
668 2497 939 2564 restituit,
970 2500 1028 2552 et
1047 2495 1288 2552 claudos
1307 2495 1610 2551 ambulare
1641 2495 1792 2562 fecit,
1827 2499 1884 2550 et
1912 2493 2093 2550 mutis

440 2603 770 2644 sermonem
797 2585 1134 2652 reddidit,et
1157 2583 1486 2640 maculosos
1517 2579 1840 2650 mandavit,
1858 2587 1916 2639 et
1943 2601 2093 2640 mor-

439 2681 575 2732 tuos
607 2673 933 2732 suscitavit.
959 2673 1073 2728 Nec
1097 2672 1296 2728 timete
1333 2673 1430 2745 qui
1469 2673 1740 2745 peccatis,
1765 2672 1986 2746 priores
2015 2673 2088 2729 ad

438 2763 618 2820 vitam
636 2763 825 2820 venite
850 2781 864 2831 ;
887 2779 991 2818 nec
1010 2761 1108 2834 qui
1125 2762 1506 2817 homicidium
1522 2762 1932 2834 fecerilpaveat
1951 2760 2092 2834 quia

441 2853 674 2921 fecerat,
690 2867 795 2908 nec
814 2852 1044 2907 furatus
1066 2849 1256 2906 aliena
1276 2851 1542 2922 desperet
1559 2851 1698 2922 quia
1717 2849 2084 2919 involaverat,

439 2957 544 2997 nec
575 2939 925 3014 publicanus
955 2939 1158 2994 timeat
1187 2939 1328 3011 quia
1356 2944 1733 2996 concusserat
1766 2955 1778 2996 :
1810 2941 2088 2998 omnibus

437 3029 595 3086 enim
621 3027 888 3085 remissio
909 3031 1274 3100 peccatorum
1295 3032 1509 3083 statuta
1529 3032 1673 3082 est.»
1705 3029 1776 3084 Et
1792 3033 1922 3100 post
1941 3045 2084 3100 pau-

438 3136 534 3175 ca:
565 3141 594 3169 «
616 3117 902 3174 Dominus
923 3133 1021 3173 eos
1042 3116 1269 3188 placide
1305 3116 1711 3190 alloquebatur
1730 3117 1822 3172 his
1844 3117 2036 3172 verbis
2069 3133 2082 3172 :

441 3207 620 3264 Venite
648 3207 718 3262 ad
745 3223 854 3274 me,
884 3222 1067 3262 omnes
1106 3207 1204 3278 qui
1247 3206 1348 3261 sub
1395 3222 1554 3262 onere
1611 3206 1890 3276 laboratis,
1921 3213 1972 3261 et
1992 3221 2088 3276 ego

2123 1917 2170 1982 B

2209 650 2373 706 opera
2419 634 2518 688 Dei
2565 633 2904 704 negligenter
2948 635 3088 700 (Jer.
3123 648 3316 698 xevm,
3352 629 3457 701 10).
3495 629 3782 702 Legimus
3811 633 3866 684 et

2209 721 2270 777 in
2295 720 2620 794 Evangeliis
2652 721 2976 792 scriptum:
3011 719 3175 776 Omni
3201 721 3348 776 enim
3367 718 3587 775 habenti
3615 717 3862 785 dabitur,

2208 818 2262 866 et
2287 810 2588 867 abundabit
2618 828 2636 864 :
2677 817 2730 866 et
2769 810 2866 882 qui
2912 825 3024 865 non
3077 809 3256 875 habet,
3303 809 3469 864 etiam
3517 806 3659 880 quod
3707 805 3871 862 habet

2210 901 2498 971 auferetur
2525 901 2594 954 ab
2623 914 2683 954 eo
2714 897 2912 971 (Matth.
2938 915 3066 966 xxv,
3088 896 3200 970 29).
3234 897 3383 969 Ergo
3414 895 3638 952 habens
3670 894 3867 950 abun-

2209 987 2690 1060 dabit.Propheta
2710 1004 2824 1043 non
2847 990 2936 1042 est
2955 984 3240 1042 obnoxius
3271 984 3703 1042 maledicticnis
3724 1001 3866 1040 con-

2211 1075 2441 1144 ditioni,
2476 1075 2616 1148 quia
2641 1093 2757 1132 non
2807 1073 3172 1148 negligenter
3216 1091 3393 1147 opera
3421 1074 3520 1131 Dei
3551 1074 3692 1149 egit,
3725 1089 3863 1130 eum

2209 1169 2327 1220 toto
2355 1166 2526 1221 corde
2558 1163 2925 1237 perquirens.
2959 1163 3180 1220 Deinde
3210 1163 3569 1220 confidenter
3612 1163 3764 1236 petit
3795 1179 3864 1220 ne

2208 1271 2243 1310 a
2264 1253 2560 1310 mandatis
2581 1251 2682 1308 Dei
2714 1251 3049 1325 repellatur,
3066 1250 3206 1324 quia
3223 1269 3358 1308 eum
3379 1255 3500 1309 toto
3521 1252 3698 1308 corde
3730 1267 3865 1324 per-

2209 1341 2419 1416 quirat.
2439 1341 2774 1396 Secundum
2805 1339 3114 1413 Evangelia
3143 1339 3301 1396 enim
3331 1339 3568 1397 habenti
3597 1339 3861 1408 dabitur,

2207 1436 2264 1487 et
2294 1430 2346 1487 ei
2377 1429 2477 1504 qui
2509 1447 2623 1486 non
2656 1429 2832 1486 habet
2891 1428 3066 1486 etiam
3093 1427 3150 1484 id
3183 1429 3335 1502 quod
3368 1429 3545 1485 habet
3573 1427 3861 1485 aufertur.

2211 1522 2360 1579 Deus
2389 1519 2571 1593 igitur
2601 1535 2714 1575 non
2747 1519 2940 1575 aufert
2969 1517 3082 1575 nisi
3115 1535 3229 1574 non
3263 1518 3860 1589 habenti,secundum

2207 1609 2362 1681 quod
2394 1625 2580 1680 neque
2613 1606 2839 1680 repellit
2869 1606 2984 1664 nisi
3015 1604 3428 1680 negligentem.
3460 1607 3616 1663 Adeo
3657 1611 3858 1663 autem

2207 1697 2466 1754 bonitate
2485 1695 2695 1768 plenus
2715 1700 2824 1762 est,
2847 1699 2912 1750 ut
2933 1695 3244 1752 habentem
3266 1694 3628 1752 abundantia
3650 1712 3860 1752 mune-

2206 1789 2366 1842 retur
2398 1803 2411 1841 :
2445 1785 2589 1841 adeo
2619 1801 2751 1840 vero
2785 1801 2900 1840 non
2927 1783 3053 1840 vult
3083 1801 3438 1857 quemquam
3471 1802 3584 1840 non
3616 1783 3860 1858 habere,

2205 1879 2406 1930 utnon
2428 1873 2665 1930 habenti
2699 1874 2894 1946 ipsum
2925 1873 3078 1946 quod
3103 1872 3279 1929 habet
3299 1873 3858 1931 adimat.Neminem

2203 1963 2386 2036 igitur
2411 1962 2522 2018 nisi
2554 1962 2916 2018 obnitentem
2948 1961 3496 2034 repellit,neminem
3529 1962 3642 2018 nisi
3676 1961 3858 2036 negli-

2201 2056 2430 2125 gentem
2455 2051 2829 2123 rejicitJlanc
2847 2050 3004 2107 enim
3023 2051 3306 2124 propheta
3323 2051 3566 2124 protulit
3585 2068 3852 2122 causam,

2201 2159 2306 2197 cur
2336 2159 2398 2198 se
2423 2158 2536 2196 non
2571 2141 2770 2212 repelli
2801 2158 2834 2196 a
2859 2139 3152 2196 mandatis
3194 2139 3294 2196 Dei
3324 2143 3680 2212 precaretur,
3712 2141 3857 2212 quia

2203 2248 2317 2286 non
2350 2248 2415 2285 ex
2448 2235 2632 2302 parte,
2666 2246 2855 2302 neque
2887 2246 2990 2302 per
3036 2229 3322 2285 desidiam
3381 2229 3720 2297 Dominum,
3751 2231 3853 2286 sed

2205 2323 2322 2375 toto
2355 2319 2526 2374 corde
2553 2318 2877 2390 quaesisset.
2907 2319 3012 2374 Per
3041 2318 3195 2390 quod
3228 2316 3618 2390 intelligimus
3646 2333 3786 2373 eum
3821 2335 3855 2374 a

2200 2407 2497 2464 mandatis
2528 2389 2748 2480 repelli,
2783 2407 2882 2480 qui
2915 2425 3018 2480 per
3047 2389 3289 2462 multam
3339 2389 3630 2462 incuriam
3677 2406 3856 2467 fuerit

2198 2496 2477 2570 indignus
2505 2495 2736 2552 admitti
2762 2514 2776 2564 ;
2809 2501 2865 2552 et
2893 2500 3056 2552 extra
3082 2495 3404 2551 inhibentis
3447 2495 3729 2552 invidiam
3763 2501 3854 2552 est

2199 2587 2354 2660 quod
2379 2586 2448 2640 de
2469 2585 2642 2658 culpa
2671 2585 3060 2656 proficiscitur
3089 2601 3202 2640 non
3237 2584 3574 2640 merentis.»
3607 2585 3678 2640 Et
3708 2584 3849 2641 item

2199 2676 2356 2732 idem
2387 2675 2448 2730 in
2500 2675 2705 2730 eodem
2764 2673 2990 2746 psalmo
3021 2674 3100 2745 (in
3131 2675 3274 2742 heth,
3302 2673 3446 2746 psal.
3481 2690 3674 2738 cxvm,
3706 2675 3800 2747 64)
3832 2692 3847 2730 :

2199 2788 2226 2816 ‹‹
2259 2763 2633 2820 Misericordia
2683 2773 2796 2831 tua,
2848 2765 3093 2830 Domine,
3138 2764 3306 2836 plena
3341 2770 3421 2818 est
3447 2771 3615 2820 terra.
3643 2763 3846 2831 Terra,

2195 2852 2410 2926 inquit,
2440 2851 2841 2908 misericordia
2887 2851 2987 2907 Dei
3041 2850 3214 2923 plena
3259 2855 3368 2918 est,
3401 2867 3530 2923 quae
3560 2850 3848 2907 contami-

2195 2947 2351 3010 nata,
2371 2959 2499 3014 quae
2521 2946 2816 3013 corrupta,
2838 2958 2965 3014 qua:
2987 2939 3330 3014 irreligiosa,
3357 2957 3484 3012 quae
3505 2938 3845 3013 infida,quae

2195 3031 2424 3104 perdita
2453 3033 2562 3087 est.
2585 3030 2655 3086 Et
2685 3029 2732 3085 si
2763 3029 2898 3102 quis
2927 3029 3073 3086 forte
3099 3029 3338 3085 audebit
3370 3027 3548 3102 impio
3581 3028 3846 3102 ore'pro-

2195 3119 2433 3192 phetam
2465 3117 2752 3175 mendacii
2784 3134 3045 3191 arguere,
3065 3122 3347 3190 tanquam
3378 3116 3574 3174 nonin
3607 3135 3844 3174 omnem

2193 3213 2408 3266 terram
2421 3207 2523 3264 Dei
2537 3207 2997 3264 misericordiam
3013 3212 3174 3280 putet
3193 3224 3321 3264 esse
3342 3207 3638 3273 diffusam,
3657 3207 3843 3263 Deum

437 3313 530 3353 vos
557 3297 820 3366 reﬁciam.
854 3295 946 3364 Est
995 3296 1144 3350 enim
1189 3295 1392 3367 jagum
1446 3311 1626 3350 meum
1674 3293 1975 3366 placidum,
2032 3302 2084 3350 et
2113 3287 2154 3354 C
2193 3298 2254 3354 in
2284 3295 2610 3370 Evangeliis
2653 3295 2869 3353 recolat
2913 3295 3128 3352 dixisse
3159 3312 3172 3351 :
3206 3297 3380 3352 Estote
3409 3296 3537 3352 boni
3562 3298 3708 3352 sicut
3737 3297 3843 3351 Pa-

439 3401 577 3442 onus
625 3384 963 3440 levissimum
1009 3382 1216 3452 (Matth.
1245 3400 1320 3450 XI,
1361 3385 1475 3451 28).
1509 3384 1664 3438 164
1721 3383 1788 3438 Et
1845 3399 2085 3454 respon-

441 3473 688 3528 derunt:
715 3471 841 3527 Non
881 3471 1210 3526 audiemus.
1245 3470 1355 3526 Sed
1387 3475 1588 3542 gentes
1618 3471 2002 3526 exaudierunt
2031 3475 2088 3526 et

441 3559 814 3618 crediderunt
840 3559 1014 3615 verbo
1045 3559 1356 3615 salutari.»
1381 3560 1451 3614 Et
1472 3563 1605 3632 post
1623 3577 1809 3632 pauca
1833 3577 1846 3616 :
1875 3584 1904 3610 «
1936 3559 2089 3616 Vivit

443 3667 620 3723 quem
641 3647 1008 3716 interfecisti,
1031 3648 1214 3722 impia
1247 3648 1627 3721 Hierusalem,
1659 3653 1714 3705 et
1743 3653 1938 3705 tamen
1969 3667 2086 3704 non

441 3744 624 3796 totam
655 3755 820 3812 spem
844 3737 1150 3810 denegavit
1174 3737 1476 3794 Dominus.
1493 3738 1660 3793 Dedit
1681 3738 1832 3793 enim
1857 3739 2084 3794 veniam

446 3827 820 3902 paenitentiae,
873 3827 922 3882 si
955 3827 1365 3900 quoquomodo
1397 3827 1586 3900 possis
1617 3827 1913 3899 paenitere.
1947 3829 2087 3894 Quis

439 3923 559 3974 tam
594 3918 785 3973 bonus
806 3917 834 3972 ‘I
864 3917 996 3989 quis
1029 3920 1146 3972 tam
1182 3915 1313 3988 pius
1335 3916 1362 3970 ?
1392 3917 1526 3988 quis
1559 3921 1678 3972 tam
1711 3916 2089 3973 misericors?

437 4007 668 4078 Accipe,
697 4005 910 4078 inquit,
955 4004 1226 4072 salutem,
1259 4004 1394 4059 licet
1425 4022 1517 4060 me
1549 4006 1870 4075 occideris;
1903 4005 2089 4061 haeres

441 4099 567 4150 esto
605 4111 741 4150 cum
789 4093 1032 4165 virgine.
1067 4093 1226 4148 Licet
1274 4110 1386 4148 non
1439 4094 1738 4162 merearis,
1770 4094 2007 4168 ignosco
2039 4095 2088 4152 si

443 4181 710 4256 palmites.
745 4203 774 4230 ››

515 4271 726 4327 Beatus
783 4269 1039 4326 Hilarius
1091 4270 1294 4326 doctor
1344 4270 1692 4338 catholicus,
1725 4272 1826 4344 qui
1857 4276 2092 4346 prepter

441 4357 817 4416 excellentem
838 4357 1164 4414 doctrinam
1194 4359 1588 4416 Romanorum
1607 4359 1816 4416 lucifer
1834 4361 2088 4434 appella-

443 4453 560 4520 tur,
591 4465 885 4521 exponens
915 4465 1148 4504 versum
1192 4447 1404 4504 Psalmi
1437 4466 1631 4519 cxvm,
1667 4467 1780 4523 quo
1825 4450 2040 4507 dicitur
2072 4469 2087 4508 :

440 4537 506 4594 In
525 4545 628 4594 toto
655 4537 813 4594 corde
841 4554 958 4594 meo
993 4539 1270 4610 exquisivi
1299 4546 1364 4608 te,
1397 4556 1466 4596 ne
1495 4539 1726 4612 repellas
1751 4557 1837 4596 me
1865 4558 1898 4595 α
1926 4558 2090 4596 man-

2193 3395 2274 3443 ter
2293 3394 2479 3453 vester,
2504 3387 2602 3458 qui
2627 3387 2797 3442 solem
2820 3403 2985 3441 suum
3012 3387 3154 3442 oriri
3191 3387 3328 3456 facit
3370 3401 3536 3456 super
3588 3386 3756 3442 bonos
3791 3393 3843 3442 et

2191 3475 2384 3542 malos,
2417 3483 2468 3531 et
2491 3475 2636 3546 pluit
2663 3491 2827 3547 super
2843 3476 3021 3547 justas
3049 3483 3100 3532 et
3128 3476 3356 3548 injustas
3387 3475 3606 3547 (Matth.
3638 3491 3697 3546 v,
3730 3475 3842 3547 45).

2195 3564 2344 3620 165
2370 3563 2600 3620 Patiens
2631 3563 2786 3619 enim
2819 3568 2876 3619 et
2905 3563 3236 3621 misericors
3267 3563 3588 3631 Deus,dum
3620 3563 3850 3620 mavult

2195 3653 2595 3726 paenitentiam
2629 3657 2998 3726 peccatorum
3038 3670 3215 3725 quam
3248 3656 3516 3719 mortem,
3550 3653 3710 3710 dona
3739 3669 3852 3710 sua

2197 3747 2316 3798 tam
2331 3742 2512 3814 justis
2543 3759 2722 3814 quam
2744 3741 2983 3814 injustis
3010 3741 3600 3816 largitur,unicuique
3619 3759 3729 3815 per
3745 3759 3852 3816 pa-

2195 3832 2336 3886 tient
2349 3831 2460 3886 iam
2485 3831 2668 3901 longae
2692 3831 3146 3903 aequanimitatis
3159 3831 3480 3904 paenitendi
3493 3835 3731 3904 tempus
3746 3830 3855 3887 im-

2197 3920 2522 3994 partiens.»
2547 3920 2774 3975 Etitem
2807 3921 2960 3976 idem
2984 3921 3064 3993 (in
3093 3921 3288 3990 lamed,
3317 3921 3460 3994 psal.
3484 3937 3682 3988 cxvm,
3706 3921 3804 3990 89)
3838 3937 3854 3977 :

2201 4033 2228 4061 (ι
2249 4011 2308 4065 1η
2330 4017 2615 4081 aeternum,
2636 4011 2880 4076 Domine,
2893 4001 3176 4082 permanet
3195 4011 3416 4066 verbum
3437 4018 3592 4065 tuum
3618 4011 3682 4065 in
3700 4011 3857 4066 caelo.

2198 4101 2260 4156 In
2283 4098 2377 4154 his
2394 4099 2548 4155 enim
2571 4103 2849 4170 tanquam
2867 4099 2927 4154 in
2950 4099 3093 4154 caelo
3113 4099 3354 4155 verbum
3387 4099 3486 4154 Dei
3519 4104 3856 4172 permanet,

2196 4188 2256 4244 in
2279 4187 2494 4260 quibus
2525 4186 2633 4242 hoc
2662 4187 2904 4243 verbum
2935 4204 3050 4244 non
3083 4188 3398 4244 oﬂ'enditur
3424 4187 3856 4257 ira,ebrietate,

2197 4275 3002 4345 odio,inﬁdelitate,lasciviis.
3025 4277 3171 4332 Nam
3202 4281 3260 4332 et
3288 4277 3338 4333 si
3371 4275 3695 4350 aliquando
3727 4293 3857 4332 ma-

2199 4371 2306 4422 net-
2328 4367 2386 4420 in
2416 4365 2604 4432 nobis,
2632 4369 2830 4422 tamen
2857 4366 2964 4422 has
2993 4365 3445 4423 cohabitationis
3488 4382 3609 4421 suae
3641 4368 3855 4421 contu-

2198 4455 2403 4512 melias
2436 4471 2550 4510 non
2597 4454 2727 4522 fert,
2761 4457 2827 4510 ut
2875 4471 3108 4528 semper
3157 4455 3349 4512 inesse
3394 4457 3759 4527 permaneat.
3793 4454 3857 4511 Si

2197 4563 2330 4602 vero
2351 4545 2474 4600 haec
2504 4549 2960 4600 commemorata
2975 4544 3114 4601 vitia
3128 4563 3360 4618 semper
3377 4545 3438 4600 in
3459 4544 3631 4601 nobis
3652 4549 3855 4615 erunt,

443 4627 583 4727 datis
639 4628 751 4727 tuis
802 4629 885 4727 (in
939 4627 1263 4727 bella-escit.
1331 4644 1530 4727 cxvnt,‘
1582 4629 1690 4697 10),
1743 4628 1825 4684 ita
1897 4629 2085 4727 dicit-2
2118 4661 2166 4727 Ι)
2201 4651 2305 4690 nec
2335 4633 2575 4690 introire
2606 4632 2844 4705 quidem
2874 4633 3096 4706 polluta
3116 4651 3424 4708 corporum
3449 4633 3752 4690 domicilia
3772 4635 3862 4690 di-

443 4740 473 4768 ‹‹
497 4716 836 4788 Competere
857 4715 1100 4772 bonitati
1126 4716 1223 4772 Dei
1247 4733 1361 4773 non
1384 4717 1630 4786 videtur,
1651 4722 1718 4773 ut
1741 4735 1774 4774 a
1797 4719 2088 4776 mandatis

442 4803 569 4861 suis
598 4821 954 4877 quemquam
985 4803 1253 4876 repellat;
1278 4805 1377 4861 sed
1396 4821 1733 4861 sermonum
1767 4808 1834 4862 ad
1835 4808 2013 4878 jectio
2035 4814 2092 4865 et

439 4892 625 4949 virtus
647 4892 982 4958 verborum,
1016 4909 1141 4964 quae
1171 4910 1239 4948 ex
1271 4894 1531 4965 perfectae
1555 4893 1922 4968 caelestisque
1951 4898 2091 4954 doc-

442 4981 607 5038 trinae
628 4981 850 5038 ratione
872 4981 1158 5053 disposita
1177 4986 1288 5048 est,
1325 4981 1470 5036 nihil
1505 4981 1770 5051 dubium,
1791 4985 1932 5040 nihil
1962 5003 2092 5043 con-

442 5070 688 5127 trarium
713 5070 770 5126 in
793 5088 856 5126 se
887 5069 1198 5136 habet.Qui
1225 5087 1360 5142 ergo
1392 5071 1715 5127 secundum
1747 5075 2089 5147 prophetam

444 5159 662 5215 mavult
675 5165 1045 5232 peccatorum
1069 5157 1460 5230 paenitentiam
1481 5177 1654 5232 quam
1670 5168 2090 5235 mortem,nun-

443 5247 584 5318 quid
613 5247 1042 5304 existimandus
1079 5251 1167 5302 est
1197 5265 1230 5303 a
1262 5249 1552 5306 mandatis
1584 5250 1708 5307 suis
1733 5269 2089 5326 quemquam

444 5334 770 5408 repellere?
803 5335 1008 5392 Procul
1057 5336 1134 5391 sit
1179 5335 1337 5393 istud
1377 5339 1728 5396 existimare.
1761 5341 1872 5397 Sed
1905 5361 2091 5416 neque

445 5423 554 5479 hoc
575 5441 731 5480 nunc
755 5425 1038 5496 propheta
1066 5426 1268 5494 sensit,
1292 5427 1541 5483 maxime
1565 5427 1664 5500 qui
1687 5427 1746 5483 in
1771 5433 1888 5486 toto
1921 5433 2090 5489 corde

445 5512 629 5568 Deum
662 5513 1056 5585 perquisierit.
1088 5515 1199 5570 Sed
1248 5516 1540 5572 absolutio
1587 5516 1996 5575 difficultatum
2029 5521 2089 5578 in

445 5599 538 5656 his
561 5599 706 5673 ipsis
725 5601 1074 5674 requirenda
1093 5608 1200 5672 est,
1224 5621 1292 5660 ex
1313 5605 1529 5678 quibus
1561 5605 1794 5661 videtur
1821 5608 2086 5667 existere.

446 5687 735 5776 Propheta
748 5689 905 5752 enim
927 5690 1067 5770 quid
1083 5693 1333 5756 senserit
1348 5695 1408 5754 in
1425 5697 1702 5773 promptu
1720 5699 1810 5755 est
1829 5713 2086 5762 noscere.

2201 4723 2498 4799 gnabitur.
2531 4723 2711 4778 Adest
2767 4728 2964 4778 autem
3025 4723 3344 4796 unicuique
3401 4723 3758 4796 proximum,
3792 4727 3862 4779 ut

2201 4815 2422 4870 dictum
2455 4816 2562 4866 est.
2597 4812 2723 4867 Stat
2773 4812 2930 4867 enim
2978 4814 3050 4868 ad
3097 4813 3317 4870 ostium
3364 4813 3607 4869 verbum
3639 4811 3765 4879 Dei,
3797 4817 3860 4870 et

2201 4902 2398 4976 pulsat
2421 4899 2636 4957 ostium
2661 4901 2869 4956 anima:
2892 4905 3122 4970 nostrae,
3150 4906 3208 4957 et
3237 4901 3380 4958 dicit
3411 4917 3424 4956 :
3456 4903 3588 4958 Ecce
3612 4909 3766 4958 stans
3784 4901 3861 4956 ad

2199 4994 2397 5049 ostium
2423 4991 2602 5064 pulso.
2635 4990 2698 5046 Si
2739 4992 2861 5062 quis
2905 4993 3113 5062 aperiet
3144 4993 3289 5047 mihi
3315 4993 3534 5059 ostium,
3568 4990 3862 5062 ingrediar

2199 5082 2269 5137 ad
2299 5098 2423 5137 eum
2456 5081 2636 5153 (Apoc.
2669 5095 2754 5148 Ill,
2788 5080 2900 5148 20).
2935 5079 3072 5136 Vult
3119 5097 3256 5153 ergo
3307 5097 3538 5152 semper
3584 5079 3854 5149 introire,

2200 5172 2301 5227 sed
2329 5188 2363 5226 a
2387 5170 2556 5225 nobis
2582 5186 2652 5225 ne
2684 5169 2934 5224 introeat
2962 5169 3310 5226 excluditur.
3330 5169 3673 5226 Claudimus
3691 5167 3858 5224 enim

2199 5277 2302 5333 per
2322 5259 2443 5314 haec
2474 5253 2730 5330 corporis
2753 5256 2890 5312 vitia
2913 5257 3120 5314 animae
3152 5264 3362 5314 nostrae
3388 5258 3783 5323 aditum.Quaa
3803 5257 3857 5314 si

2200 5349 2438 5422 cmperit
2465 5347 2800 5404 emundatis
2831 5347 3106 5404 omnibus
3137 5353 3352 5421 patere,
3377 5346 3643 5404 introibit
3673 5347 3858 5404 modo

2199 5437 2468 5511 solis,qui
2490 5436 2706 5492 clausis
2735 5435 2999 5492 fenestrae
3020 5437 3202 5493 valvis
3226 5437 3464 5494 introire
3486 5427 3856 5510 prohibetur,

2200 5527 2536 5600 patentibus
2557 5543 2690 5580 vero
2721 5528 2878 5580 totus
2908 5524 3401 5601 immittitur.lpse
3431 5525 3671 5599 quidem
3702 5542 3862 5583 sem-

2199 5634 2304 5690 per
2325 5621 2388 5672 ut
2410 5613 2703 5672 illuminet
2723 5619 3028 5688 promptus
3044 5617 3261 5685 est,sed
3277 5617 3475 5674 lumen
3501 5613 3612 5672 sibi
3635 5615 3858 5674 domus

2198 5706 2328 5784 ipsa
2358 5702 2643 5767 obseratis
2682 5701 2938 5765 aditibus
2985 5705 3258 5768 excludit.
3289 5707 3393 5768 Est
3418 5703 3576 5768 enim
3604 5703 3859 5770 verbum
