4020 6472
127 438 239 500 229

843 438 970 536 DE‘
987 437 1748 501 PRAEDESTINATIONE
1790 436 2309 500 DISSERTATIO
2354 439 2816 502 POS'I‘ERIOR.

3423 448 3546 511 230

131 543 222 600 Dei
253 542 342 599 sol
391 544 667 616 justitie,
702 543 988 602 assistens
1036 545 1354 618 unicuique
1401 550 1466 600 ut
1521 545 1787 612 intnacat,
1817 546 1873 613 Α
1905 544 2018 599 culi
2043 544 2322 617 indignus
2350 545 2714 614 habitacula;
2739 549 2893 620 quod
2915 549 3244 623 signiﬁcare
3263 551 3548 611 Dominus

131 647 230 689 nec
253 636 526 688 moratur
545 631 737 690 lucem
763 651 933 689 suam
961 634 1208 706 repertis
1233 633 1627 689 aditibus.»Et
1651 634 1787 688 item

131 720 248 793 ipse
279 720 343 776 in
372 721 584 778 eodem
615 720 844 794 psalmo
875 723 956 794 (in
985 723 1201 778 samech
1236 723 1380 794 psul.
1403 741 1596 791 cxvni,
1623 723 1745 790 115)
1770 739 1784 776 :

131 809 429 878 Deelinate,
461 827 494 865 a
544 827 634 866 me
686 811 942 883 maligni.
971 833 998 861 ‹‹
1028 811 1304 866 Nostrum
1346 815 1454 879 est,
1488 810 1699 883 inquit,
1732 814 1791 865 et

133 897 311 954 malos
343 914 549 954 amare
579 903 638 954 et
667 899 871 969 bonas,
895 904 953 956 et
982 900 1166 956 bonos
1197 901 1268 956 ad
1309 899 1651 967 bonitatem,
1680 901 1786 955 da-

135 1002 274 1054 cere,
300 987 635 1044 secundum
667 1005 802 1044 eum
826 988 925 1060 qui
955 988 1258 1044 universos
1283 989 1353 1044 ad
1383 1006 1447 1046 se
1479 988 1676 1061 potius
1707 989 1789 1042 in-

137 1075 294 1142 vitat,
315 1075 558 1133 dicens:
582 1077 762 1134 Venite
781 1077 851 1133 ad
869 1094 975 1145 me,
997 1094 1180 1134 omnes
1203 1079 1299 1150 qui
1319 1077 1575 1134 laboratis
1601 1085 1650 1134 et
1671 1080 1790 1134 ane-

131 1166 236 1220 rati
254 1167 412 1233 estis,
436 1173 490 1222 et
506 1181 604 1237 ego
626 1181 718 1222 vos
745 1167 991 1238 reﬁciam
1011 1166 1213 1239 (Matth.
1235 1184 1313 1236 xi,
1336 1169 1484 1234 28).»
1508 1168 1578 1222 Et
1609 1167 1748 1222 item
1773 1183 1786 1221 :

130 1254 393 1326 Sprevisti
438 1270 630 1310 omnes
673 1253 1002 1311 discedentes
1059 1273 1094 1310 a
1137 1257 1621 1327 justi/lcdionibus
1679 1257 1788 1312 tuis

132 1343 294 1414 (Psal.
320 1359 524 1410 cxvm,
553 1345 698 1412 118).
723 1367 751 1394 ‹‹
777 1345 846 1400 Et
878 1343 993 1410 hic,
1036 1343 1246 1416 inquit,
1274 1349 1500 1400 servata
1537 1362 1604 1400 ea
1643 1344 1788 1400 ratio

132 1435 232 1495 est,
265 1436 334 1487 ut
366 1449 482 1490 non
521 1431 744 1488 dictum
779 1433 876 1500 sit,
897 1433 1178 1504 Sprevisti
1205 1450 1408 1490 omnes
1435 1438 1787 1508 peccatores,

132 1521 225 1577 sed
247 1519 526 1594 sprevisti
550 1537 756 1576 omnes
778 1522 1166 1578 discedentes.
1187 1521 1246 1577 Si
1269 1523 1425 1578 enim
1459 1527 1789 1596 peccatores

133 1609 278 1665 Deus
309 1613 640 1681 sperneret,
673 1627 876 1666 omnes
911 1609 1116 1682 utique
1149 1615 1468 1682 sperneret,
1498 1611 1635 1684 quia
1665 1611 1791 1668 sine

134 1703 364 1771 peccato
390 1715 566 1754 nemo
590 1697 700 1768 sit;
725 1700 823 1756 sed
849 1700 1074 1772 spernit
1095 1699 1458 1756 discedentes
1481 1719 1514 1756 a
1536 1718 1616 1770 se,
1643 1718 1790 1772 quos

134 1789 428 1860 apostatas
459 1791 693 1843 vocant.
719 1787 917 1860 Neque
948 1788 1194 1845 interest
1225 1806 1298 1844 an
1331 1789 1388 1844 in
1415 1788 1788 1861 justiﬁcatia-

134 1876 300 1933 nibus
325 1875 428 1932 Dei
460 1875 599 1948 quis
620 1875 938 1950 aliquando
963 1877 1156 1934 fuerit.
1183 1878 1559 1950 Spernendus
1581 1879 1735 1934 enim
1757 1895 1792 1935 a

134 1963 238 2020 Deo
255 1968 344 2020 est
361 1963 643 2038 quisquis
662 1965 1165 2038 discesserit,quia
1186 1967 1480 2023 manentis
1513 1967 1786 2024 meritum

134 2043 434 2110 conservat
461 2054 898 2110 consummatio
931 2043 1332 2128 permanendi.
1362 2056 1566 2112 Diil'ert
1593 2075 1724 2113 vero
1756 2075 1790 2113 a

134 2147 430 2213 peccatore
461 2141 924 2215 discessia,quia
954 2144 1241 2216 peccatori
1275 2144 1440 2200 venia
1469 2163 1571 2217 per
1600 2147 1786 2217 paeni-

134 2230 368 2286 tentiam
405 2234 772 2299 reservatur;
807 2231 1086 2288 discessio
1115 2249 1248 2288 vero
1280 2249 1416 2288 cum
1447 2233 1576 2306 ipsa
1604 2235 1786 2307 paeni-

135 2319 308 2375 tentia
337 2319 707 2376 discessione
738 2337 800 2377 se
821 2321 1228 2394 damnat,quzn
1258 2321 1394 2378 hinc
1423 2323 1628 2394 oritur,
1652 2341 1787 2380 cum

137 2406 403 2464 voluntas
435 2425 642 2465 eorum
666 2409 766 2482 qui
789 2409 1106 2465 discessuri
1131 2410 1270 2466 sunt
1299 2415 1388 2466 est
1417 2411 1693 2485 iniquia.»
1719 2414 1791 2468 Et

135 2492 263 2550 item
312 2495 376 2550 in
429 2496 638 2551 eadem
689 2495 918 2568 psalmo
950 2497 1032 2569 (in
1078 2505 1191 2564 tau,
1220 2499 1363 2570 psal.
1387 2515 1578 2568 cxvm,
1615 2499 1736 2572 174)
1771 2516 1784 2556 :

136 2606 160 2632 ‹‹
181 2582 484 2656 Concupivi
511 2585 756 2641 salutare
785 2593 956 2654 tuam,
989 2587 1234 2656 Domine,
1257 2595 1309 2643 et
1331 2588 1419 2643 lea:
1447 2595 1540 2644 tua
1568 2589 1792 2645 meditat-

136 2673 201 2728 tia
225 2689 352 2729 mea
382 2681 486 2730 est.
513 2674 728 2729 Totum
762 2691 822 2730 se
853 2672 962 2730 iste
995 2674 1053 2729 in
1085 2675 1399 2732 adventum
1425 2677 1586 2746 Jesu,
1611 2677 1667 2732 id
1701 2680 1792 2734 est

137 2760 472 2831 Salvatoris,
497 2762 778 2830 extendit,
815 2765 878 2818 ut
911 2780 1012 2836 per
1043 2763 1386 2820 salvatorem
1419 2783 1593 2822 suum
1624 2770 1788 2832 inter:

137 2866 392 2922 numque
425 2853 725 2924 pastorem
757 2850 816 2906 in
849 2850 990 2906 caila
1013 2851 1235 2925 angelis
1255 2852 1314 2908 in
1338 2857 1550 2909 aeterna
1575 2855 1792 2927 gaudia

137 2938 440 3010 perhibeat
469 2956 533 2996 se
575 2944 896 3012 receptum.
923 2937 1106 2997 Filius
1144 2941 1301 2997 enim
1341 2941 1598 2998 hominis
1634 2944 1792 2999 venit

138 3027 358 3086 salvare
369 3028 530 3102 quod
547 3028 819 3102 perierat,
833 3029 1055 3092 missus
1073 3030 1142 3084 ad
1159 3047 1292 3086 oves
1309 3031 1566 3103 perditas
1580 3032 1792 3088 domus

138 3115 307 3174 Israel
331 3117 629 3174 Dominus
648 3117 823 3174 Jesus
843 3115 1238 3190 Christus,qui
1259 3123 1349 3176 est
1369 3119 1707 3176 benedictus
1729 3121 1792 3176 in

139 3206 370 3262 saecula.
402 3208 613 3262 Amen.
643 3229 670 3256 ››
694 3207 836 3263 Item
885 3205 1040 3263 idem
1086 3207 1146 3262 in
1187 3211 1436 3264 tractatu
1467 3209 1682 3266 Psalmi
1716 3228 1789 3278 LI,

1902 631 2248 704 intelligitur
2279 651 2412 688 cum
2447 635 2624 689 dicit:
2655 634 2801 708 Ergo
2829 653 2951 692 sum
2980 641 3106 694 vitis
3135 657 3279 708 vera,
3304 658 3394 698 vos
3418 645 3546 699 estis

1889 723 2239 794 propagines.
2274 725 2436 779 Pater
2480 741 2634 780 meus
2680 726 2922 796 agricola
2952 735 3047 782 est.
3084 727 3270 784 Omnis
3311 747 3547 803 propago

1895 811 1956 864 in
1985 827 2072 866 me
2100 827 2206 865 non
2252 829 2500 879 manens,
2526 829 2699 884 neque
2743 815 2925 884 ferens
2969 815 3231 885 fructum,
3251 819 3544 876 eradicabi-

1894 904 2004 954 tur.
2033 900 2092 954 Et
2121 915 2335 954 omnem
2367 903 2728 972 proluiginem
2777 903 2835 956 in
2886 919 2973 958 me
3012 911 3319 960 manentem
3363 923 3549 963 emun-

1895 985 2046 1042 dabit
2076 991 2240 1042 Pater
2266 1003 2439 1054 meus,
2471 995 2532 1043 ut
2568 990 2812 1060 fructum
2839 991 3164 1062 ampliorem
3197 993 3340 1064 ferat
3367 995 3543 1063 (Joan.

1893 1093 1988 1142 xv,
2018 1076 2090 1144 1).
2115 1075 2174 1132 Si
2206 1075 2304 1148 qui
2337 1077 2520 1150 igitur
2541 1094 2646 1150 per
2669 1078 2844 1133 ﬁdem
2865 1079 3149 1152 corporali
3179 1081 3281 1137 Dei
3313 1099 3548 1139 manere

1897 1162 1957 1218 in
1990 1167 2200 1219 natura
2228 1165 2521 1238 assumpti
2554 1183 2588 1220 a
2617 1165 2732 1222 Deo
2765 1165 3023 1238 corporis
3047 1169 3450 1239 merebuntur,
3485 1170 3544 1226 hi

1896 1253 2298 1308 emundantur
2327 1253 2385 1308 in
2426 1254 2654 1310 fructus
2693 1259 2938 1310 aeternas
2975 1272 3044 1312 ex
3083 1273 3146 1313 se
3182 1258 3542 1329 afferendas;

1897 1339 2037 1412 quia
2059 1358 2293 1398 necesse
2315 1346 2404 1398 est
2427 1346 2490 1397 ut
2512 1347 2784 1398 naturam
2801 1359 2945 1399 verae
2961 1343 3095 1402 vitis
3114 1363 3372 1420 propago
3391 1347 3546 1405 intra

1895 1429 2069 1484 vitem
2104 1447 2350 1486 manens
2376 1435 2588 1487 teneat.
2611 1433 2684 1487 At
2711 1448 2846 1488 vero
2873 1432 2972 1505 qui
3003 1432 3340 1492 incredulus
3370 1440 3546 1494 natus

1895 1517 1955 1572 in
1997 1535 2237 1590 corpore
2283 1519 2382 1575 Dei
2434 1520 2630 1590 fuerit,
2663 1519 2750 1576 vel
2798 1521 2847 1576 si
2896 1523 2954 1576 et
3000 1523 3243 1580 credens
3289 1530 3544 1594 maneat,

1897 1607 2188 1663 fructibus
2219 1612 2413 1664 tamen
2449 1609 2583 1664 ﬁdei
2613 1627 2731 1664 suae
2762 1614 2973 1680 careat,
3001 1610 3412 1682 eradicabitur,
3447 1617 3549 1670 aut.

1897 1696 1969 1751 ab
1993 1695 2418 1768 inﬁdelitatem,
2434 1702 2535 1752 aut
2553 1698 2625 1754 ab
2651 1697 3026 1754 inutilitatem
3051 1700 3345 1767 fructuum
3369 1719 3545 1776 nega-

1896 1788 2112 1840 tarum.
2141 1785 2325 1842 Natus
2356 1787 2512 1841 enim
2545 1804 2614 1842 ex
2643 1785 2878 1858 Virgine
2909 1787 3010 1842 Dei
3043 1787 3247 1854 Filius,
3271 1806 3386 1845 non
3415 1795 3545 1847 tum

1899 1873 2156 1945 primum
2188 1873 2288 1930 Dei
2325 1873 2505 1929 Filius
2535 1891 2669 1930 cum
2703 1875 2860 1930 ﬁlius
2890 1874 3287 1942 hominis,sed
3310 1877 3369 1932 in
3403 1879 3545 1935 Filia

1898 1961 1996 2016 Dei
2032 1962 2207 2017 etiam
2239 1961 2394 2018 ﬁlius
2425 1963 2705 2032 hominis,
2735 1967 2800 2018 ut
2829 1967 2884 2018 et
2915 1963 3074 2020 ﬁlius
3105 1963 3362 2022 hominis
3391 1971 3547 2024 esset

1899 2050 2080 2106 Filius
2111 2051 2235 2122 Dei,
2259 2050 2529 2107 natur’am
2575 2051 2634 2106 in
2667 2069 2729 2107 se
2760 2053 3041 2108 universae
3081 2053 3274 2110 carnis
3310 2073 3545 2112 assum-

1897 2139 2033 2211 psit,
2058 2157 2160 2212 per
2189 2157 2366 2212 quam
2399 2141 2639 2196 etI‘ectus
2689 2157 2821 2196 vera
2855 2140 2988 2195 vitis
3019 2157 3204 2213 genus
3233 2143 3292 2198 in
3323 2160 3385 2199 se
3415 2145 3545 2200 uni-

1895 2245 2072 2283 versa:
2095 2229 2434 2302 propaginis
2455 2234 2632 2284 tenet.
2649 2230 2708 2285 Si
2725 2246 2843 2301 qua
2861 2246 2997 2301 ergo
3019 2247 3275 2304 propago
3295 2232 3548 2290 inﬁdelis

1897 2321 2000 2372 aut
2029 2317 2394 2374 infructuosa
2423 2321 2533 2386 est,
2566 2317 2978 2374 eradicandum
3020 2318 3150 2392 ipsa
3197 2336 3260 2376 se
3309 2321 3544 2394 prabet,

1897 2423 2001 2478 per
2031 2412 2301 2462 naturam
2334 2407 2573 2479 quidem
2596 2424 2862 2475 manens,
2888 2408 2988 2463 sed
3021 2424 3126 2480 per
3144 2407 3547 2466 inﬁdelitatem

1899 2498 2000 2550 aut
2019 2494 2399 2550 inutilitatem
2422 2495 2736 2550 revellitur.
2756 2496 2838 2552 Ex
2858 2495 2966 2550 hoc
2987 2512 3124 2568 ergo
3145 2497 3544 2567 tabernaculo,

1895 2587 2178 2656 tanquam
2206 2600 2275 2640 ex
2294 2601 2428 2640 vera
2451 2584 2583 2651 vita,
2607 2582 2702 2639 hic
2734 2584 2954 2656 impius
2981 2584 3166 2640 Doech
3197 2590 3255 2641 et
3284 2585 3550 2642 evellitur

1897 2677 1953 2728 et
1974 2673 2084 2728 emi
2091 2678 2314 2747 gratur,
2331 2690 2576 2729 manens
2600 2690 2703 2745 per
2724 2677 2994 2728 naturam
3013 2677 3068 2730 et
3089 2674 3149 2728 in
3169 2675 3547 2732 tabernacula

1898 2765 1955 2816 et
1985 2763 2041 2816 in
2075 2761 2207 2828 vite,
2232 2763 2332 2817 sed
2355 2779 2458 2833 per
2494 2761 2898 2816 inﬁdelitatem
2921 2761 3134 2834 dignus
3156 2762 3322 2818 avelli
3349 2780 3362 2818 :
3386 2763 3546 2820 avul-

1899 2867 2002 2905 sus
2032 2854 2227 2905 autem
2261 2851 2330 2904 de
2363 2849 2739 2905 tabernaculo
2769 2849 3164 2906 eradicabitur
3183 2851 3329 2907 etde
3352 2853 3546 2908 viven-

1899 2937 2048 2993 tium
2067 2943 2242 2993 terra.
2269 2938 2374 3004 Qui
2406 2939 2564 2994 enim
2598 2956 2710 2994 non
2743 2939 3001 2994 manebit
3031 2939 3090 2994 in
3110 2938 3358 3010 Christo,
3383 2941 3544 3013 regni

1899 3025 2110 3082 Christi
2145 3027 2336 3082 incola
2371 3044 2486 3082 non
2524 3027 2654 3082 erit.
2684 3027 2808 3082 Non
2841 3027 2952 3082 erit
2991 3031 3208 3094 autem,
3232 3045 3348 3084 non
3387 3030 3544 3100 quod

1900 3115 2010 3170 sibi
2035 3133 2146 3170 non
2169 3116 2422 3187 patuerit
2453 3115 2760 3171 incolatus.
2786 3115 3081 3173 Universis
3107 3115 3262 3172 enim
3295 3121 3454 3190 patet
3481 3121 3547 3174 ut

1900 3209 2197 3261 consortes
2229 3205 2348 3260 sint
2385 3204 2643 3277 corporis
2682 3205 2784 3260 Dei
2823 3208 2998 3278 atque
3026 3205 3209 3279 regni,
3233 3205 3372 3278 quia
3399 3207 3546 3262 Ver-

133 3295 262 3352 dicit
289 3297 370 3353 de
407 3294 631 3369 papula
663 3294 841 3352 Israel
876 3313 888 3350 :
915 3319 943 3346 ‹‹
978 3295 1233 3368 Moysem
1267 3296 1586 3371 maledixit,
1608 3293 1796 3356 Deum
1821 3281 1868 3352 (ἶ
1905 3295 2045 3349 bum
2069 3311 2202 3350 caro
2223 3295 2440 3349 factum
2465 3297 2574 3364 est,
2592 3297 2649 3349 et
2668 3293 2952 3349 habitavit
2974 3293 3033 3348 in
3060 3293 3247 3364 nobis,
3270 3299 3542 3352 naturam

143 3383 518 3441 abominatus
547 3388 658 3451 est,
679 3382 834 3441 ﬁlios
865 3401 1004 3441 suos
1030 3385 1362 3441 darmonum
1384 3385 1594 3444 hostiis
1614 3389 1791 3457 vovit,

141 3473 452 3546 prophetas
470 3473 707 3543 occidit,
720 3471 916 3546 ipsum
939 3490 1174 3546 quoque
1193 3475 1374 3531 Deum
1393 3493 1459 3532 ac
1475 3477 1790 3534 Dominum

138 3577 326 3631 suum,
349 3562 443 3619 sui
469 3580 650 3618 causa
671 3565 877 3618 natum
899 3561 1221 3634 hominem,
1241 3565 1537 3637 proditum
1560 3567 1790 3638 praetori

139 3651 190 3706 in
210 3669 448 3708 crucem
470 3650 734 3718 sustulit,
754 3667 821 3707 ac
844 3651 928 3708 sic
949 3655 1070 3707 tota
1086 3651 1214 3708 vita:
1237 3671 1355 3709 suae
1373 3655 1464 3710 die
1485 3655 1792 3728 iniquitate

139 3742 279 3797 166
308 3740 578 3815 glorians
609 3757 742 3796 cum
789 3744 997 3814 patens
1028 3746 1200 3810 esset,
1234 3746 1439 3814 patens
1488 3749 1680 3801 tamen
1729 3747 1790 3802 in

141 3829 360 3886 malitia
404 3829 755 3902 permansit.
787 3853 813 3877 ››
843 3831 986 3886 Item
1022 3829 1077 3884 in
1113 3822 1315 3887 eodem
1350 3847 1416 3886 :«
1459 3832 1623 3889 Hune
1659 3851 1788 3906 pro-

142 3934 322 3989 pensae
348 3918 593 3974 malitias
618 3918 892 3974 allectum
925 3918 1208 3974 Dominus
1235 3919 1292 3974 in
1315 3919 1623 3994 Evangelia
1653 3939 1789 3979 can-

143 4007 394 4076 demnat,
445 4009 651 4065 dicens
685 4024 697 4064 :
731 4009 838 4065 Hoc
881 4017 959 4064 est
1003 4015 1183 4065 autem
1218 4009 1498 4081 judicium
1545 4013 1642 4084 qui
1692 4012 1792 4068 tua:

141 4099 276 4154 venit
305 4100 367 4153 in
399 4097 550 4154 hunc
584 4097 875 4166 mundum,
897 4106 950 4155 et
984 4097 1300 4154 dilexerunt
1334 4098 1578 4157 homines
1615 4103 1790 4174 magis

134 4186 376 4242 tenebras
405 4204 574 4260 quam
603 4187 780 4243 lucem
810 4187 986 4259 (Joan.
1020 4204 1104 4256 III,
1142 4188 1250 4258 19).
1278 4187 1532 4260 Populus
1566 4189 1788 4264 itaque,

135 4273 218 4329 cui
245 4277 316 4331 ad
353 4273 826 4348 redemptionem
858 4280 1231 4348 peccatorum
1255 4276 1512 4334 Verbum
1545 4296 1678 4335 cara
1709 4281 1787 4336 fa-

136 4366 278 4420 ctum
307 4369 422 4435 est,
444 4370 504 4421 et
523 4364 680 4420 Deus
701 4363 876 4420 homo
905 4369 1079 4421 natus
1102 4369 1212 4433 est,
1237 4369 1304 4422 ut
1332 4383 1436 4438 per
1463 4367 1599 4424 ﬁdei
1619 4369 1791 4440 justi-

136 4451 457 4510 ﬁcationem
481 4451 798 4510 maledicto
819 4453 964 4528 legis
985 4454 1132 4510 liber
1155 4457 1332 4522 esset,
1358 4456 1499 4512 dum
1523 4455 1581 4511 in
1605 4461 1792 4516 trans.

137 4543 422 4612 gressiane
467 4541 620 4616 legis
679 4541 904 4598 mavult
961 4543 1179 4599 servire
1229 4541 1562 4613 maledicta,
1593 4545 1788 4618 ipsum

1899 3382 2121 3439 scilicet
2150 3383 2210 3438 in
2242 3399 2304 3438 se
2333 3383 2514 3438 totius
2535 3381 2778 3438 humani
2807 3381 3038 3454 generis
3068 3399 3402 3441 assumens.
3429 3384 3541 3440 Sed

1900 3473 2308 3544 unusquisque
2337 3488 2442 3545 pro
2465 3471 2691 3540 merito,
2715 3475 2773 3526 et
2793 3471 3156 3528 evellendam
3182 3489 3244 3529 se
3267 3473 3338 3528 de
3362 3473 3548 3530 taber-

1899 3561 2130 3629 naculo,
2155 3564 2211 3616 et
2235 3561 2652 3616 eradicandum
2685 3561 2756 3616 de
2785 3563 2940 3615 terra
2959 3559 3277 3616 viventium
3309 3562 3544 3634 praebet,

1900 3667 2015 3706 non
2049 3649 2377 3722 prohibitus
2403 3665 2666 3721 unquam
2689 3650 2901 3717 inesse,
2923 3649 3062 3720 quia
3079 3666 3182 3721 per
3201 3655 3420 3704 naturae
3452 3667 3545 3706 as-

1899 3756 2028 3793 sum
2040 3739 2295 3810 ptionem
2319 3737 2508 3792 incola
2529 3738 2605 3792 sit
2627 3741 2916 3808 receptus,
2940 3737 3040 3792 sed
3065 3736 3454 3792 eradicabitur
3471 3739 3544 3794 ob

1900 3829 2046 3882 167
2080 3826 2443 3882 inﬁdelitatis
2466 3825 2684 3880 crimen
2713 3829 2930 3880 natura:
2954 3825 3244 3880 consortio
3268 3823 3544 3897 indignus

1899 3916 2209 3972 exsistens.
2235 3914 2578 3969 Eradicatur
2605 3930 2740 3985 ergo
2771 3913 2841 3968 de
2869 3911 3186 3968 viventium
3212 3916 3386 3978 terra,
3417 3930 3542 3984 quae

1895 4003 1958 4060 in
2007 4005 2174 4060 beata
2226 4003 2458 4076 regione
2498 4001 2716 4058 sanctis
2761 4001 3008 4056 Domino
3052 4000 3544 4073 congregantibus

1897 4096 2283 4166 praeparatur;
2317 4091 2486 4162 cujus
2531 4090 2654 4163 ipse
2695 4089 2752 4144 in
2783 4088 3090 4161 Evangelia
3138 4088 3407 4144 meminit
3455 4089 3541 4144 di-

1899 4198 2036 4238 cens
2059 4199 2076 4238 :
2098 4181 2248 4236 Beati
2270 4181 2562 4248 mansueti,
2587 4180 2846 4252 quoniam
2876 4179 2984 4251 ipsi
3013 4177 3415 4235 hmreditabunt
3442 4186 3546 4234 ter-

1896 4287 2018 4326 ram
2047 4269 2253 4340 (Matth.
2276 4285 2331 4337 v,
2356 4269 2432 4338 4).
2465 4269 2533 4322 Et
2565 4267 2661 4323 hic
2714 4266 2869 4322 idem
2919 4265 3204 4338 propheta
3253 4282 3266 4321 :
3319 4267 3544 4324 Placcbo

1895 4361 2122 4416 Domino
2151 4361 2210 4415 in
2238 4366 2384 4414 terra
2422 4357 2720 4413 viventium
2749 4357 2922 4425 (Psal.
2947 4371 3094 4424 cx1v,
3119 4355 3232 4428 9).»
3255 4355 3324 4412 Et
3351 4355 3491 4412 item
3526 4374 3540 4413 :

1897 4472 1925 4500 ‹‹
1959 4449 2083 4504 Non
2113 4447 2270 4503 enim
2292 4445 2580 4502 confessio
2599 4448 2970 4518 peccatorum
2993 4443 3108 4500 nisi
3136 4443 3317 4516 hujus
3346 4445 3542 4502 saeculi

1897 4542 2155 4610 tempore
2171 4536 2427 4608 cst,dum
2439 4533 2724 4590 voluntati
2743 4551 2861 4589 suae
2882 4533 3288 4606 unusquisque
3303 4534 3545 4605 permis-

136 4629 289 4688 illum
321 4633 513 4690 Deum
547 4649 724 4690 suum
755 4631 999 4689 tradidit
1028 4649 1232 4704 pinnae,
1256 4633 1602 4706 sanguinem
1635 4637 1782 4708 ejus,
1813 4651 1862 4718 ι)
1896 4631 2136 4718 89593}:
2169 4629 2226 4680 οτι
2247 4641 2371 4718 ῬΟΓ
2414 4623 2542 4718 fma?
2591 4622 2887 4679 licentiam
2927 4621 3112 4718 ,διιδεῖν
3159 4623 3542 4718 θίξηίθξείοηξε

137 4725 195 4776 ut
221 4727 432 4794 praetor
463 4726 624 4779 esset
665 4721 965 4792 innocens,
1000 4721 1060 4777 in
1100 4739 1163 4778 se
1200 4720 1326 4794 ipse
1355 4722 1702 4796 suscipiens,
1726 4731 1784 4782 et

137 4808 245 4866 haec
261 4828 442 4884 agens
455 4812 724 4868 demutat
740 4815 960 4867 natura:
975 4810 1482 4868 consuetudinem.
1498 4812 1780 4870 Malitiam

137 4899 280 4955 enim
312 4901 509 4975 diligit
537 4917 719 4974 super
760 4900 1208 4974 benignitatem,
1241 4905 1297 4957 et
1325 4918 1393 4956 ex
1422 4901 1590 4959 bonis
1621 4920 1780 4960 ama-

139 5004 250 5044 rem
279 4989 570 5046 canvertit
597 4992 658 5044 in
690 4989 968 5062 pessima.
1002 4989 1251 5063 Diligere
1283 5006 1513 5063 quoque
1543 4991 1782 5064 injusti-

145 5077 274 5134 tiam
305 5096 485 5152 super
515 5095 696 5152 quam
727 5077 886 5150 loqui
911 5077 1208 5150 justitiam
1239 5077 1466 5134 maluit.
1492 5103 1520 5129 »

209 5167 349 5224 Item
369 5168 428 5224 in
451 5169 680 5226 eadem.
705 5191 732 5219 «
755 5167 988 5225 Elevabo
1009 5166 1182 5223 David
1213 5167 1622 5226 tabernaculum
1645 5171 1784 5243 quod

147 5259 326 5314 cecidit
345 5258 524 5331 (Amos
544 5275 622 5326 1x,
649 5258 756 5324 11).
781 5257 1064 5313 Sanctum
1095 5255 1242 5312 illud
1270 5255 1513 5327 scilicet,
1537 5263 1594 5314 et
1613 5277 1780 5316 vene-

145 5346 314 5403 rabile
345 5347 464 5403 nati
501 5364 573 5402 ex
597 5345 834 5419 Virgine
875 5345 977 5401 Dei
1019 5361 1232 5418 corpus
1280 5349 1338 5402 et
1383 5347 1688 5420 templum,
1721 5347 1782 5404 in

145 5451 246 5506 quo
267 5435 369 5509 qui
389 5434 720 5504 crediderit,
749 5439 1033 5508 tanquam
1059 5451 1298 5491 consors
1318 5435 1632 5492 Daminicae
1657 5455 1780 5494 car-

145 5523 229 5580 nis
256 5525 570 5582 habitabit.
593 5525 799 5582 Omnis
849 5528 1045 5580 autem
1093 5523 1353 5580 inﬁdelis
1378 5543 1412 5580 a
1441 5526 1782 5598 cognatione

147 5609 256 5668 haec
287 5631 400 5670 non
445 5613 652 5671 crediti
691 5612 971 5686 corporis,
1005 5612 1064 5668 id
1096 5617 1188 5670 est
1233 5613 1333 5670 Dei
1383 5614 1779 5684 tabernaculo,

149 5699 441 5760 revellatur
469 5709 528 5760 et
557 5703 961 5779 emigrabitur,
993 5701 1275 5778 spiritalis
1302 5702 1480 5778 hujus
1509 5704 1778 5764 taberna-

1893 4715 2222 4773 arbitrium.
2247 4714 2601 4770 Decedcntes
2632 4729 2888 4784 namque
2909 4712 2981 4768 de
3010 4711 3150 4779 vita,
3175 4711 3443 4768 simul'et
3470 4714 3542 4770 de

1882 4807 2018 4878 jure
2057 4803 2396 4860 decedimus
2444 4801 2781 4858 voluntatis.
2816 4803 2980 4857 Tunc
3011 4800 3168 4857 enim
3219 4817 3289 4856 ex
3330 4802 3539 4858 merito

1889 4894 2190 4968 prmterila:
2221 4891 2540 4948 voluntatis
2570 4890 2661 4946 lex
2683 4891 2809 4962 jam
2835 4890 3176 4958 constituta,
3197 4894 3301 4946 aut
3325 4890 3538 4962 quietis

1892 4988 1992 5040 aut
2023 5001 2202 5056 paenae
2224 4980 2626 5037 excedentium
2647 4997 2715 5035 ex
2735 4996 2974 5052 corpore
3004 4978 3251 5051 suscipit
3280 4976 3540 5034 volunta-

1891 5080 2030 5130 tem.
2056 5072 2236 5143 Cujus
2256 5069 2538 5143 temporis
2571 5086 2686 5124 non
2710 5069 2838 5141 jam
2869 5068 3113 5124 liberam
3144 5066 3244 5122 sed
3276 5083 3537 5122 necessa—
3627 5069 3636 5076 ’

1893 5163 2043 5220 riam
2063 5160 2420 5217 voluntatem
2441 5158 2700 5214 ostendit
2731 5157 3035 5230 Propheta,
3059 5171 3192 5212 cum
3216 5153 3356 5209 dicit
3379 5171 3392 5209 :
3417 5155 3536 5212 Non

1889 5255 2040 5310 enim
2064 5249 2206 5306 mihi
2235 5251 2294 5304 in
2324 5247 2512 5304 diebus
2542 5247 2658 5302 illis
2689 5247 2956 5314 voluntas,
2991 5246 3222 5300 cessant
3249 5241 3405 5298 enim
3435 5260 3532 5300 va-

1889 5343 2145 5398 luntates
2165 5337 2379 5404 liberae,
2403 5336 2578 5392 etiam
2602 5334 2918 5390 voluntatis
2941 5334 2989 5388 si
3010 5349 3127 5405 qua
3150 5331 3261 5388 erit
3281 5332 3535 5390 cessabit

1891 5433 2148 5489 etiactus.
2175 5424 2448 5495 Transire
2471 5441 2724 5496 namque
2747 5423 2818 5478 ad
2839 5421 3132 5478 Abraham
3157 5421 3354 5479 valens
3376 5423 3534 5480 dives

1890 5521 2034 5578 chao
2066 5515 2258 5574 medio
2281 5531 2394 5570 non
2426 5512 2666 5581 sinitur;
2691 5529 2823 5567 cum
2849 5515 3042 5567 tamen
3074 5529 3176 5584 per
3205 5511 3531 5568 libertatem

1887 5604 2208 5667 voluntatis
2236 5603 2296 5658 in
2325 5601 2566 5658 Abrahae
2598 5599 2826 5656 sinibus
2855 5617 2982 5657 esse
3011 5602 3319 5674 potuisset.
3351 5602 3532 5658 Inter-

1890 5701 2054 5762 clusa
2063 5701 2152 5756 est
2167 5709 2304 5768 ergo
2319 5691 2558 5751 libertas
2568 5689 3055 5769 voluntatis,quia
3069 5691 3355 5753 confessio
3370 5689 3536 5751 nulla
