4020 6464
484 392 600 455 831

1362 439 1369 449 .
1416 391 1800 454 lll.’lCM'Alll
1848 388 2296 452 llllEMENSlS
2341 388 2952 452 ARCllIEl’lSGOPI.

487 525 566 581 sit
595 523 828 592 mortui,
859 525 1187 580 secundum
1217 523 1277 580 id
1309 525 1464 597 quod
1483 523 1781 597 scriptum
1812 527 1901 580 est
1923 539 1936 578 :
1960 523 2021 578 In
2053 523 2136 577 iu-
2165 521 2217 588 Α
2242 521 2348 577 das
2374 537 2606 594 quoque
2625 521 2687 577 in
2708 522 2981 595 passione
2999 521 3232 579 Domini
3254 522 3650 580 ministerium
3674 520 3892 581 diaboli

488 615 647 686 farno
676 620 855 669 autem
884 615 1008 685 quis
1051 613 1394 685 conﬁtebitur
1421 613 1560 669 tibi?
1581 613 1751 685 (Psat.
1782 629 1860 679 v1,
1889 614 1967 680 6).
1995 611 2138 667 Item

483 699 546 757 in
577 700 808 775 psalmo
839 718 911 756 LII
947 719 961 757 :
987 724 1016 753 ‹‹
1048 702 1292 774 Populus
1334 702 1428 758 hic
1465 702 1629 759 labiis
1655 719 1743 758 me
1770 702 2015 769 honorat,
2048 717 2141 757 cor

481 797 665 847 auum
691 806 882 848 eorum
913 791 1070 864 longe
1096 799 1175 848 est
1215 808 1251 847 a
1277 808 1364 848 me
1391 793 1521 862 (Isa.
1548 809 1700 860 xxix,
1728 792 1838 860 l3),
1859 790 2000 864 quia
2028 805 2134 846 no-

481 878 617 936 lunt
643 880 880 936 credere
913 881 1070 953 quod
1104 897 1314 954 negare
1347 897 1463 937 non
1493 884 1761 954 possunt.
1782 901 1812 931 »

554 967 699 1024 Item
728 967 790 1023 in
834 967 1060 1041 psalmo
1089 985 1197 1025 LVII
1229 984 1293 1024 :«
1320 969 1559 1026 Alienati
1584 976 1715 1026 sunt
1740 974 2042 1042 peccatores
2067 965 2137 1022 ab

488 1062 640 1113 utero
658 1056 828 1127 (Psal.
854 1074 986 1125 LVII,
1011 1054 1084 1131 4).
1109 1055 1204 1114 Sic
1242 1057 1396 1114 Esau
1436 1057 1723 1115 alienatus
1746 1056 1818 1112 ab
1845 1061 2004 1112 utero
2024 1057 2134 1122 est,

494 1160 632 1202 cum
660 1145 850 1217 major
879 1145 1090 1202 minori
1113 1146 1435 1204 serviturus
1457 1147 1632 1224 etiam
1656 1151 1972 1218 antequam
1995 1141 2140 1201 exsi‘

479 1237 668 1292 stcret
698 1235 1027 1302 nutiantur,
1048 1235 1164 1293 Deo
1184 1236 1395 1314 futurae
1426 1253 1541 1293 non
1571 1235 1766 1293 nescio
1794 1232 2132 1304 voluntatis,

486 1338 623 1380 cum
645 1326 703 1379 et
723 1323 1013 1380 sermonis
1043 1323 1270 1382 falsitas
1293 1332 1352 1382 et
1370 1324 1498 1382 vitae
1529 1341 1690 1383 error
1726 1342 1763 1382 a
1796 1328 1995 1381 ventre
2024 1327 2133 1380 est,

483 1409 612 1483 ipso
644 1410 842 1485 potius
873 1411 984 1468 hoc
1015 1413 1258 1484 sciente,
1284 1431 1462 1487 quam
1494 1413 1790 1488 aliquoad
1818 1413 2134 1471 necessita-

479 1502 601 1556 tem
623 1500 819 1575 genito
841 1505 1231 1575 naturamque
1250 1502 1493 1576 peccati.
1515 1504 1595 1560 Ac
1616 1519 1688 1559 ne
1705 1503 1912 1560 vitium
1934 1501 2134 1559 referri

478 1593 679 1662 posset
707 1589 780 1646 ad
810 1589 1118 1664 originem,
1142 1592 1469 1664 praedurata
1497 1593 1557 1648 in
1599 1590 1692 1649 his
1739 1593 1811 1649 ad
1859 1591 2134 1651 obedien-

477 1677 620 1734 dum
638 1678 960 1735 voluntatis
979 1679 1201 1737 crimen
1224 1682 1554 1755 exprobrat,
1571 1682 1770 1739 dicens
1791 1699 1803 1739 :
1823 1685 1998 1741 Furor
2017 1684 2134 1741 illis

474 1765 779 1824 secundum
806 1769 1233 1826 similitudinem
1254 1771 1694 1843 serpentis,sicut
1716 1771 1924 1845 aspidis
1949 1773 2133 1831 surda:

477 1863 532 1911 et
558 1855 864 1913 obturantis
891 1873 1057 1915 aures
1084 1874 1235 1928 suas,
1259 1873 1386 1932 quae
1411 1876 1519 1917 non
1557 1861 1814 1918 exaudiet
1842 1878 2021 1920 vocem
2050 1865 2133 1920 in-
2157 1882 2208 1960 Β

474 1945 835 2014 cantantium,
858 1946 1303 2004 medicamentis
1330 1947 1620 2006 medicata
1639 1967 1674 2006 a
1693 1953 1976 2024 sapiente.
1999 1951 2126 2008 Non

474 2036 789 2089 excusatur
816 2035 1084 2106 quaedam
1115 2035 1434 2092 necessitas
1461 2036 1745 2095 naturalis
1776 2039 1834 2095 in
1859 2039 2124 2096 crimine.

475 2121 623 2177 Nam
653 2139 894 2195 serpens
922 2123 1205 2180 innocens
1231 2140 1360 2181 esse
1388 2125 1693 2199 potuisset,
1717 2127 1810 2184 cui
1834 2145 2005 2185 aures
2025 2146 2129 2202 per

477 2226 540 2266 se
561 2214 624 2264 ut
645 2210 835 2266 surdae
863 2212 982 2266 sint
1000 2213 1408 2280 obstruuntur,
1424 2231 1740 2288 vocemque
1770 2215 2127 2275 incantantis

477 2314 592 2354 non
615 2299 802 2367 audit,
817 2316 952 2356 cum
971 2301 1261 2357 medicata
1277 2301 1667 2361 medicamina
1684 2322 1719 2361 a
1733 2305 1993 2378 sapiente
2011 2324 2125 2363 non

476 2385 744 2460 percipit,
777 2388 976 2461 Neque
1006 2388 1103 2444 hic
1141 2406 1472 2446 marsorum
1505 2397 1714 2450 cantus
1745 2399 1802 2451 et
1829 2394 2130 2470 consopita

475 2477 809 2551 viperarum
833 2476 1009 2534 sibila
1028 2484 1335 2548 memorat,
1353 2481 1492 2553 quia
1522 2481 1644 2540 haec
1674 2484 1877 2540 eadem
1909 2487 2130 2558 majore

477 2582 614 2623 cum
633 2567 870 2640 energia
891 2584 996 2640 per
1014 2567 1190 2625 ﬁdem
1212 2569 1470 2626 nominis
1486 2570 1587 2627 Dei
1608 2571 2000 2647 virtutemque
2018 2580 2125 2632 tor-

478 2659 746 2728 pescunt.
781 2656 893 2712 Sed
934 2654 1096 2712 illam
1129 2661 1533 2715 contumacem
1566 2664 1742 2735 atque
1780 2662 2128 2722 insolentem

476 2744 704 2818 antiqui
719 2744 1008 2818 serpentis
1023 2744 1478 2804 inobedicntiam
1491 2749 1659 2805 docet
1675 2750 1984 2809 adversum
2003 2771 2132 2811 san-

476 2837 704 2891 ctorum
735 2839 944 2890 cantus
972 2838 1030 2890 et
1059 2834 1348 2892 medicata
1377 2853 1412 2892 a
1441 2837 1703 2911 sapiente
1738 2841 2130 2901 medicamina

476 2921 973 2980 obsurdescentis.
995 2923 1145 2980 Cum
1168 2923 1218 2981 ei
1243 2924 1524 2998 quotidie,
1539 2942 1612 2984 ne
1630 2926 1816 2998 fallat,
1834 2946 1908 2986 ne
1933 2931 2131 2990 subre-

474 3014 598 3085 pat,
618 3028 692 3068 ne
717 3011 1000 3082 mordeat,
1015 3011 1190 3068 etiam
1213 3013 1323 3070 sub
1345 3013 1525 3070 divini
1548 3017 1805 3075 nominis
1825 3020 2132 3079 denuntia-

473 3098 632 3156 tione
647 3100 983 3170 mandetur,
991 3104 1049 3156 et
1059 3105 1256 3158 tamen
1269 3103 1568 3160 obstructo
1585 3106 1818 3163 desaevit
1828 3109 2130 3180 auditu,ex

475 3202 592 3261 quo
616 3204 730 3245 non
752 3189 1090 3246 obedientes
1107 3189 1417 3264 Evangelia
1437 3193 1557 3248 nati
1581 3194 1906 3266 viperarum
1925 3204 2117 3256 sunt.»

2245 609 2438 678 fuit,et
2458 628 2560 682 per
2579 627 2712 666 eum
2738 610 3008 667 effectum
3024 611 3340 669 voluntatis
3362 612 3608 686 propriae
3629 612 3725 670 est
3741 630 3895 671 exse-

2245 699 2801 773 cutus,evangelista
2821 702 3130 757 testante.»
3145 700 3289 757 Item
3314 702 3372 758 in
3394 702 3599 759 eodem
3619 719 3673 760 τα
3694 702 3896 761 Justus

2244 788 2554 856 Dominus,
2575 787 2804 861 patiens
2834 787 3058 845 scilicet
3079 789 3136 844 in
3163 788 3468 860 ultionem,
3492 789 3899 850 dissimulator

2246 877 2320 933 ad
2339 875 2690 949 poenitentia:
2712 881 2968 950 tempus.
2983 877 3110 933 Non
3131 877 3286 934 inter
3297 879 3602 937 exordium
3620 878 3895 937 humana

2244 963 2577 1037 iniquitatis
2598 970 2904 1039 promptus
2922 965 2993 1022 ad
3018 980 3272 1038 poenam,
3291 966 3394 1024 sed
3418 966 3729 1025 desinendi
3742 985 3781 1026 a
3795 969 3897 1026 cri-

2244 1052 2507 1109 minibus
2532 1069 2724 1110 seram
2754 1053 2890 1110 licet
2910 1053 3270 1110 voluntatem
3299 1058 3675 1128 peccatorum
3693 1073 3894 1131 exspe—

2243 1146 2445 1199 ctans:
2472 1146 2616 1198 tunc
2644 1142 2894 1200 cervices
2932 1143 3219 1214 concidet,
3241 1160 3377 1202 eum
3407 1143 3535 1203 sine
3562 1144 3767 1219 aliquo
3797 1147 3895 1203 de-

2243 1231 2474 1288 sinendi
2504 1231 2681 1288 modo
2707 1231 3086 1304 fabricantur,
3107 1249 3243 1290 cum
3286 1232 3348 1289 in
3384 1232 3624 1308 longum
3655 1240 3895 1307 peccata

2241 1321 2584 1388 tenduntur,
2608 1337 2743 1377 eum
2780 1321 2909 1393 jam
2938 1337 3112 1378 omne
3155 1321 3431 1394 patientis
3477 1323 3893 1382 misericordiae

2242 1415 2477 1482 tempus
2516 1408 2820 1466 exclusum
2867 1412 2977 1466 est.
3005 1432 3027 1461 ι
3063 1411 3210 1467 Item
3268 1410 3330 1467 in
3377 1409 3606 1485 psalmo
3654 1430 3888 1471 cxxxn:

2241 1520 2271 1550 ‹‹
2301 1499 2452 1571 Ergo
2482 1497 2623 1571 quia
2665 1515 2912 1556 munera
2939 1502 2997 1556 et
3032 1498 3468 1558 benedictiones
3513 1501 3638 1570 Dei,
3672 1501 3893 1576 quibus

2241 1587 2501 1662 primum
2532 1587 2730 1644 omnia
2750 1605 2884 1645 cum
2916 1592 3111 1646 creata
3138 1591 3196 1645 et
3223 1588 3377 1647 facta
3400 1594 3542 1648 sunt
3571 1590 3888 1663 benedixit,

2240 1681 2444 1750 postea
2461 1693 2596 1735 vero
2617 1692 2686 1732 ex
2704 1681 2940 1750 peccato
2961 1677 3095 1733 Ades
3125 1677 3184 1732 in
3213 1677 3588 1736 anathemate
3616 1680 3896 1739 constite-

2239 1769 2398 1834 runt,
2421 1768 2654 1839 gratum
2686 1769 2799 1822 Deo
2828 1770 2918 1822 est
2938 1782 3006 1822 ea
3031 1783 3266 1822 rursum
3305 1767 3365 1822 in
3404 1769 3893 1827 sanctiﬁcationis

2239 1855 2440 1911 sedem
2471 1854 2660 1911 redire
2703 1859 2880 1928 atque
2928 1854 3299 1912 descendere.
3331 1855 3687 1914 Benedictus
3732 1857 3891 1916 enim

2238 1940 2414 1997 homo
2443 1941 2574 2012 fuit,
2598 1941 2701 1998 sed
2731 1945 2864 2015 post
2891 1941 3355 2000 benedictionem
3384 1944 3666 2016 peccavit,
3687 1950 3748 2003 et
3766 1951 3891 2009 sta-

2235 2029 2343 2086 tim
2371 2029 2591 2103 impius
2613 2029 2750 2100 fuit;
2775 2031 2875 2087 sed
2898 2029 2999 2103 qui
3020 2029 3244 2086 mavult
3261 2032 3584 2104 peccatoris
3611 2034 3896 2107 paeniten-

2233 2118 2376 2175 tiam
2408 2135 2587 2191 quam
2618 2118 3034 2189 mortem,vult
3072 2120 3494 2178 benedictionis
3532 2138 3656 2180 sua:
3696 2140 3889 2182 rorem

2236 2208 2308 2264 ab
2339 2207 2592 2264 Hermon
2623 2207 2683 2263 in
2717 2207 2854 2264 Sion
2887 2209 3255 2277 descendere,
3278 2208 3337 2266 id
3369 2213 3545 2268 estex
3565 2212 3891 2286 impietatis

2235 2297 2372 2352 sede
2403 2296 2463 2351 in
2494 2296 2975 2354 sanctiﬁcationis
3019 2296 3219 2356 locum
3251 2298 3522 2356 transire.
3546 2300 3700 2358 Rere
3727 2301 3889 2359 enim

2235 2384 2434 2441 omnia
2457 2384 2776 2455 virescunt,
2798 2384 3058 2458 aluntur,
3091 2390 3380 2460 augentur
3411 2404 3425 2442 :
3459 2387 3542 2444 ita
3568 2388 3889 2462 principali

2234 2471 2338 2529 illa
2365 2473 2467 2529 Dei
2495 2472 2896 2531 benedictione
2926 2474 3100 2531 homo
3130 2475 3412 2549 gignitur,
3435 2476 3646 2550 spirat,
3672 2483 3735 2536 et
3764 2495 3891 2536 cre-

2237 2561 2366 2620 scit.
2390 2563 2494 2619 Est
2523 2578 2659 2636 ergo
2691 2563 2911 2620 bonum
2944 2568 3119 2637 atque
3147 2564 3499 2636 jocundum,
3523 2568 3590 2622 ut
3618 2583 3654 2624 a
3681 2567 3887 2640 gentili

2237 2667 2449 2719 errore,
2473 2651 2533 2706 id
2577 2655 2668 2708 est
2694 2669 2729 2708 a
2758 2653 3003 2725 profana
3049 2652 3300 2708 Hermon
3346 2654 3722 2712 veneratione
3753 2658 3890 2713 des-

2237 2741 2511 2808 cendens,
2543 2740 2618 2797 ad
2663 2740 2823 2809 Sion,
2858 2740 2917 2796 id
2964 2745 3075 2809 est,
3108 2740 3180 2798 ad
3227 2744 3454 2798 aeterna
3503 2742 3893 2801 beatitudinis

2238 2831 2478 2886 domum
2498 2833 2779 2899 transeat,
2794 2834 2852 2886 et
2870 2845 3006 2886 eum
3027 2829 3128 2903 qui
3154 2828 3342 2887 salute
3361 2832 3628 2889 omnium
3655 2831 3897 2892 laetatur

2238 2918 2504 2976 oblectet.
2524 2940 2554 2969 »
2577 2917 2641 2974 In
2672 2917 2902 2992 psalmo
2932 2934 3136 2976 cxxxxv
3167 2936 3222 2976 :«
3248 2917 3547 2977 Voluisset
3585 2921 3750 2978 enim
3788 2939 3898 2997 po-

2237 3008 2446 3082 pulum
2475 3024 2672 3077 suum,
2697 3022 2874 3080 quem
2916 3006 2974 3064 in
3005 3007 3272 3081 patribus
3321 3024 3523 3066 eorum
3565 3008 3895 3081 Abraham;

2238 3098 2422 3168 Isaac,
2443 3100 2502 3154 et
2521 3097 2702 3154 Jacob
2722 3096 2992 3170 elegerat,
3015 3112 3132 3153 non
3153 3097 3430 3170 judicari,
3453 3098 3528 3155 ob
3549 3116 3731 3172 quem
3762 3090 3899 3176 post

2238 3187 2496 3244 diversas
2527 3185 2728 3260 plagas
2756 3186 3068 3259 Egyptum
3091 3186 3395 3255 atllixerat,
3417 3186 3491 3244 ob
3514 3204 3689 3261 quem
3719 3189 3780 3246 in
3803 3206 3899 3248 co-

494 3244 512 3261 ,
766 3244 769 3245 ν
808 3244 851 3246 η
938 3244 947 3246 -
1168 3244 1557 3264 προμη--η
1591 3244 2115 3266 --,.--..-.._.......-.-

477 3277 541 3333 In
572 3276 800 3350 psalmo
831 3294 1036 3334 mvm:
1064 3301 1092 3330 ι(
1117 3280 1245 3334 ΙΙωο
1265 3279 1460 3354 itaque
1489 3282 1762 3340 doctrinae
1784 3303 2009 3356 mensa,
2030 3289 2119 3346 vel

2239 3276 2440 3334 lumna
2468 3244 2712 3349 ighisvet
2739 3244 2922 3331 nubis
2938 3274 3222 3345 astiterat,
3247 3275 3320 3333 ob
3341 3244 3518 3349 quem
3530 3244 3894 3337 ‘marevdivi-

475 3363 573 3422 hic
599 3364 794 3422 vitalis
816 3362 929 3422 cibi
959 3383 1170 3436 serme,
1192 3373 1252 3424 et
1281 3368 1546 3444 laqueus,
1571 3377 1629 3429 et
1647 3375 1857 3447 captio,
1881 3380 1939 3433 et
1960 3379 2123 3434 retri-

476 3453 724 3523 butio,et
745 3452 1089 3512 scandalum
1111 3461 1360 3524 est,cum
1385 3461 1602 3517 anobis
1627 3467 1774 3520 Deus
1790 3464 1971 3522 Jacob
1992 3482 2120 3524 esse

477 3543 579 3616 qui
609 3543 682 3599 ab
712 3542 806 3600 his
835 3545 914 3601 sit
954 3545 1266 3604 cruciﬁxus
1299 3550 1646 3608 ostenditur.
1683 3554 1812 3610 Haec
1841 3559 1934 3612 est
1961 3557 2119 3613 enim

464 3630 784 3688 retributio
811 3634 986 3689 tanta:
1035 3634 1372 3708 impietatis,
1395 3642 1463 3695 ut
1491 3640 1647 3713 quod
1688 3643 1857 3700 nobis
1885 3648 1975 3701 est
2019 3645 2121 3702 Dei

473 3720 680 3790 virtus,
695 3719 788 3778 his
809 3722 1153 3780 scandalum
1177 3725 1273 3781 sit.
1293 3726 1439 3783 Nam
1461 3745 1595 3785 cum
1618 3729 1911 3804 illaqueati
1935 3734 2121 3807 capti-

475 3826 588 3883 que
618 3809 738 3866 sint
768 3811 1024 3885 scriptis,
1048 3811 1443 3887 intelligentiae
1476 3822 1673 3875 tamen
1693 3826 1893 3878 carent
1920 3840 2120 3882 sensu.

473 3897 544 3953 Et
562 3897 693 3955 ideo
714 3899 867 3956 168
888 3901 1183 3958 obscurati
1211 3908 1350 3960 sunt
1364 3904 1551 3964 oculis
1572 3923 1645 3964 ne
1672 3908 1922 3980 videant,
1947 3912 2005 3968 id
2033 3918 2127 3971 est

474 4001 548 4043 ne
564 3985 764 4043 lumen
785 3988 1184 4062 intelligentiae
1197 3996 1632 4066 contuerentur,
1641 3996 1779 4070 quia
1797 4002 2123 4059 secundum

472 4074 877 4148 Evangelium,
920 4081 1074 4134 omni
1118 4079 1339 4138 habenti
1379 4082 1617 4154 dabitur,
1651 4089 1748 4160 qui
1789 4097 1970 4146 autem
2014 4108 2125 4150 non

474 4161 654 4251 habet,
673 4165 840 4220 etiam
880 4165 1023 4238 quod
1069 4166 1230 4224 habet
1267 4171 1549 4242 auferetur
1572 4173 1640 4230 ab
1668 4191 1730 4232 eo
1760 4176 1961 4249 (Matth.
1992 4197 2124 4251 xxv,

471 4249 584 4323 29).
606 4250 836 4325 lndigni
856 4253 1126 4311 videlicet
1146 4256 1246 4330 qui
1271 4257 1674 4332 intelligentia:
1695 4280 1935 4323 sensum
1957 4285 2024 4325 ac
2045 4249 2130 4326 lu-

474 4353 611 4394 men
637 4339 991 4415 acciperent,
1013 4349 1072 4399 et
1104 4343 1234 4402 ideo
1263 4348 1605 4422 evangelicae
1635 4351 1925 4413 libertatis
1947 4356 2128 4414 scien-

472 4423 619 4497 tiam
652 4444 770 4485 non
791 4430 1011 4504 adepti,
1034 4438 1312 4507 perpetuo
1344 4436 1536 4495 adhuc
1565 4439 1712 4516 legis
1742 4459 1917 4502 onere
1945 4446 2134 4520 depri-

474 4520 742 4586 muntur,
776 4522 841 4575 ut
872 4520 1063 4577 ferant
1109 4524 1264 4596 quod
1294 4527 1585 4587 sustinere
1633 4548 1750 4588 non
1796 4540 2062 4607 possunt.
2098 4560 2129 4589 »

2227 3370 2406 3434 serat,
2436 3380 2649 3438 aquam
2682 3380 2714 3420 e
2741 3367 2906 3438 petra
2934 3364 3203 3437 ejecerat,
3230 3381 3448 3423 manna
3475 3382 3507 3422 e
3535 3365 3680 3424 coelo
3712 3368 3894 3427 mise-

2227 3460 2340 3524 rat,
2368 3454 2556 3529 legem
2586 3457 2881 3526 posuerat,
2900 3453 3128 3510 veniam
3158 3453 3340 3510 tantis
3363 3454 3664 3531 sacrilegis
3692 3456 3897 3516 indul-

2228 3549 2406 3611 serat,
2429 3548 2516 3601 tot
2544 3542 3007 3616 irreligiosorum
3030 3559 3213 3617 regna
3229 3543 3534 3617 dejecerat,
3558 3545 3890 3619 prophetas

2229 3635 2490 3704 miserat,
2503 3631 2871 3707 unigenitum
2892 3649 3068 3690 suum
3089 3631 3250 3689 nasci
3270 3632 3570 3691 hominem
3589 3634 3890 3694 voluerat.

2230 3725 2341 3782 Sed
2371 3726 2458 3780 tot
2474 3721 2774 3794 tantisque
2803 3721 3100 3778 beneﬁciis
3130 3720 3382 3795 populus
3402 3720 3693 3797 ingratus,
3717 3728 3776 3781 et
3797 3742 3896 3783 co-

2229 3815 2404 3871 lonus
2429 3812 2610 3870 vinea:
2640 3811 2866 3884 primus
2898 3809 3137 3881 electus,
3172 3810 3232 3867 in
3268 3810 3465 3884 ipsum
3502 3810 3659 3870 189
3689 3813 3894 3872 domi-

2232 3920 2375 3960 num
2395 3901 2576 3959 vineae
2606 3898 2985 3973 parricidales
3009 3916 3220 3956 manus
3242 3898 3462 3970 intulit,
3491 3901 3677 3958 Deum
3701 3918 3900 3976 quan-

2232 3996 2361 4050 tum
2392 3991 2453 4047 in
2476 4006 2539 4046 se
2559 3992 2648 4044 est
2667 3987 3013 4044 cruxiﬁxum
3035 3986 3094 4044 in
3116 3988 3354 4047 homine
3378 3989 3899 4051 mortiﬁcans.Sed

2233 4080 2401 4138 electi
2432 4080 2570 4136 sunt
2595 4075 2764 4147 servi,
2787 4075 3002 4149 quibus
3022 4077 3190 4134 vinea
3210 4078 3463 4134 fructum
3485 4079 3615 4150 ejus
3637 4081 3898 4138 redden-

2233 4171 2395 4228 tibus
2423 4168 2786 4225 traderetur:
2816 4167 3032 4240 quibus
3062 4166 3347 4225 Dominus
3369 4167 3634 4241 judicato
3666 4171 3901 4244 populo

2236 4277 2344 4318 suo
2372 4255 2606 4332 pietatis
2631 4272 2751 4312 suae
2773 4255 3056 4311 damnum
3077 4255 3535 4313 consolaretur.»
3557 4257 3622 4314 In
3653 4259 3901 4332 psalmo

2236 4361 2482 4415 CXXXVII,
2505 4346 2782 4419 Quoniam
2808 4345 3172 4417 magniﬁcasti
3226 4362 3391 4418 super
3443 4348 3633 4404 onmia
3686 4364 3901 4408 nonam

2238 4445 2487 4497 sanctum
2513 4444 2668 4492 tuum
2697 4435 2870 4505 (Psal.
2897 4450 3141 4506 cxxxvu,
3161 4434 3238 4509 2).
3267 4458 3290 4486 α
3326 4435 3452 4493 Non
3482 4439 3719 4495 tantum
3750 4440 3901 4497 uni—

2239 4526 2419 4605 geniti
2440 4524 2538 4582 Dei
2563 4539 2775 4580 nomen
2794 4527 2884 4579 est
2904 4521 3225 4597 cognitum,
3245 4541 3424 4598 super
3441 4525 3641 4583 omnia
3661 4530 3907 4602 magni-

478 4602 632 4696 Item
648 4604 705 4660 in
730 4606 957 4696 psalmo
977 4626 1105 4667 cxx:
1130 4629 1143 4668 :
1169 4611 1269 4670 Ille
1291 4615 1490 4685 Israel,
1512 4634 1547 4674 a
1568 4602 1816 4678 domino.
1830 4623 2127 4684 Pharaone
2155 4625 2210 4696 Dr
2236 4602 2472 4678 ficetum
2502 4617 2609 4681 est,
2632 4616 2689 4668 et
2717 4610 2779 4667 in
2810 4629 3012 4668 omnes
3041 4628 3104 4668 SC
3134 4614 3521 4672 mansuetudo
3552 4617 3905 4678 sanctitatis

473 4688 832 4764 vindicatus,
861 4694 921 4750 in
963 4698 1112 4754 mari
1153 4699 1410 4775 ablatus,
1439 4703 1500 4760 in
1531 4706 1760 4765 deserto
1790 4711 2131 4786 angelorum
2155 4688 2197 4696 —
2241 4705 2519 4768 extendit.
2551 4702 2678 4758 Non
2723 4701 3030 4772 barbarus,
3075 4718 3190 4759 non
3234 4704 3472 4778 Scytha,
3492 4722 3610 4762 non
3658 4722 3904 4781 servus,

477 4781 609 4880 cibo
635 4788 841 4880 putus,
865 4784 925 4880 in
955 4787 1081 4863 lege
1102 4793 1396 4880 eruditus,
1429 4796 1489 4853 in
1521 4799 1819 4872 prophetis
1849 4781 2129 4880 objurga-

483 4872 604 4937 tus,
632 4870 691 4927 in
723 4873 900 4930 nativi
911 4881 1024 4934 tate
1045 4895 1080 4934 a
1097 4879 1345 4938 Domino
1365 4900 1469 4957 per
1489 4870 1851 4948 censortium
1872 4870 2130 4966 corpdris

476 4965 808 5034 susceptus,
844 4963 904 5020 in
937 4982 1109 5024 cruce
1137 4970 1187 5026 si
1219 4973 1415 5030 credet
1445 4973 1723 5047 salvatus,
1748 4980 1806 5034 in
1838 4963 2130 5040 resurrec-

477 5047 634 5106 tione
653 5051 703 5106 si
730 5053 1106 5112 conﬁteretur
1124 5056 1507 5132 glorilieatus,
1532 5065 1678 5122 nihil
1707 5066 1916 5127 horum
1953 5088 2130 5131 suum

478 5138 744 5211 credidit,
771 5142 917 5199 nihil
947 5143 1157 5202 horum
1190 5166 1424 5209 manere
1455 5170 1630 5210 suum
1662 5157 1862 5214 voluit.
1891 5183 1913 5211 ι
1954 5188 1963 5197 -

735 5231 797 5286 in
846 5233 1076 5305 psalmo
1106 5253 1316 5295 cxxvm
1345 5257 1358 5296 :
1385 5264 1413 5291 ‹‹
1443 5242 1778 5302 Secundum
1809 5246 2133 5324 principem

481 5313 633 5403 aeris
665 5316 847 5392 hujus
878 5323 1141 5397 spiritus,
1169 5327 1267 5400 qui
1295 5345 1451 5386 nunc
1473 5339 1747 5403 operatur
1767 5313 1828 5394 in
1846 5313 2137 5396 ﬁliis‘ino-

479 5401 810 5500 bedientite.
835 5410 1164 5500 Qperantur
1185 5433 1322 5490 ergo
1347 5417 1434 5474 hie
1456 5401 1750 5493 spiritales
1779 5426 2050 5500 nequitiae
2072 5428 2133 5483 in

479 5490 574 5548 his
604 5494 702 5567 qui
744 5494 1145 5560 inobedientes
1176 5505 1279 5562 Dei
1314 5506 1423 5581 legi
1459 5490 1615 5582 sunt,
1641 5530 1790 5585 quos
1820 5490 2134 5573 voluntatis

480 5596 603 5638 suis
637 5588 921 5660 tanquam
952 5594 1249 5664 operarios
1277 5594 1521 5671 eligunt,
1547 5598 1608 5655 in
1634 5619 1727 5659 res
1756 5620 1897 5661 suas
1930 5604 2132 5662 aliena:

502 5674 917 5737 ntercessionis
937 5679 1265 5745 ministerio
1280 5685 1505 5746 usuri.»
1516 5688 1587 5748 Et
1605 5694 1739 5768 post
1757 5710 1945 5770 pauca
1961 5711 1976 5753 :
1990 5712 2012 5745 α
2029 5694 2132 5755 Ju-

2238 4816 2355 4856 non
2385 4795 2552 4862 liber,
2581 4807 2698 4847 non
2725 4789 2954 4858 mulier,
2979 4808 3093 4848 non
3115 4791 3222 4864 vir,
3244 4809 3361 4850 non
3381 4798 3522 4851 setas
3551 4792 3673 4852 ulla
3703 4813 3911 4855 secer-

2238 4887 2418 4945 nitur.
2443 4885 2630 4955 Super
2650 4879 2850 4937 omnia
2875 4879 3032 4937 enim
3064 4882 3506 4956 magnificatum
3534 4883 3639 4942 Dei
3668 4901 3907 4945 nomen

2239 4981 2349 5034 est.
2381 4994 2405 5026 ι
3725 5012 3732 5017 .

2310 5066 2381 5122 Et
2409 5061 2566 5118 idem
2598 5058 2755 5115 idem
2802 5059 2862 5114 in
2911 5058 3061 5116 libro
3111 5060 3298 5133 primo
3347 5063 3420 5120 de
3468 5061 3913 5137 Fido(lib.1ds

2244 5156 2391 5212 Trin.
2419 5153 2482 5208 in
2504 5149 2747 5222 princip.
2778 5163 2828 5202 :«
2850 5148 2991 5204 Esse
3011 5153 3205 5206 autem
3230 5150 3383 5209 ﬁlios
3411 5150 3512 5210 Dei
3545 5168 3663 5210 non
3692 5170 3915 5216 neces-

2242 5245 2476 5301 sitatem
2493 5255 2621 5296 esse
2638 5237 2737 5294 sed
2755 5240 3269 5313 potestatem,quia
3286 5234 3581 5315 proposito
3596 5242 3917 5307 universis

2242 5333 2345 5390 Dei
2371 5345 2634 5396 munere,
2667 5343 2783 5382 non
2813 5330 3026 5384 natura
3051 5328 3420 5402 gignentium
3464 5331 3766 5401 aﬂ'eratur,
3789 5337 3913 5396 sed

2239 5422 2510 5480 voluntas
2541 5415 2848 5490 prmmium
2879 5424 3289 5491 consequatur.
3319 5421 3399 5476 Ac
3445 5436 3519 5478 ne
3559 5419 3619 5476 id
3663 5420 3911 5495 ipsum,

2241 5512 2397 5586 quod
2420 5505 2739 5577 unicuique
2761 5521 2888 5562 esse
2910 5505 3010 5563 Dei
3040 5506 3230 5564 lilium
3253 5526 3287 5564 a
3308 5509 3424 5566 Deo
3446 5507 3567 5566 ﬁlio
3588 5508 3667 5565 sit
3687 5516 3915 5582 potes-

2240 5606 2353 5669 tas,
2377 5600 2439 5654 in
2470 5594 2668 5666 aliquo
2698 5591 3100 5653 inﬁrmitatem
3128 5597 3264 5654 ﬁdei
3294 5596 3532 5672 trepida:
3552 5594 3918 5675 impediret,

2241 5689 2381 5771 quia
2399 5703 2502 5766 per
2523 5681 2618 5745 sui
2636 5679 3038 5744 difﬁcultatem
3056 5687 3354 5764 aegerrime
3370 5689 3639 5767 speretur
3649 5690 3819 5766 quod
3844 5697 3920 5756 et
