4020 6468
183 464 276 526 237

850 410 959 521 DE
1002 459 1763 523 PRIEDESTINATIONE
1805 457 2322 522 DISSEliTATIO
2367 461 2830 524 POSTERIOH.

3420 463 3538 528 238

181 599 259 652 tur
281 609 338 650 ac
354 594 628 665 protegat.
644 591 866 648 Pharao
898 591 1036 648 tein
1060 591 1329 664 patribus
1367 591 1604 647 tenebat
1635 607 1650 646 :
1685 607 1784 647 su-
1814 591 1867 658 Α
1899 589 2034 646 Jesu
2086 591 2378 661 adulterii,
2415 597 2472 648 et
2527 593 2636 648 hac
2680 593 2878 648 oblata
2921 594 3144 664 fraude,
3195 599 3261 651 ut
3310 597 3359 652 si
3407 613 3537 654 eam

181 679 654 757 perbus,immitis.
690 679 912 752 Fugisti
945 680 1018 735 ab
1049 697 1135 746 eo,
1168 681 1426 752 suscepit
1479 684 1532 734 te
1575 697 1786 734 manus

182 769 387 839 Domini,
417 773 475 825 et
521 769 594 825 de
642 769 920 841 periculis
977 767 1260 824 liberavit.
1293 771 1418 825 Non
1465 769 1788 825 dimisisset

179 861 380 926 Pharao,
408 857 523 914 nisi
580 861 644 914 tu
695 853 769 913 ad
825 857 1142 914 Dominum
1187 857 1524 931 refugisses.
1551 857 1788 913 Dicebat

176 949 378 1014 Pharao,
408 947 703 1003 Dominum
730 947 933 1013 nescio,
967 947 1136 1001 Israel
1183 962 1296 1002 non
1341 945 1560 1002 demitto
1591 945 1783 1018 (Exod.

173 1035 501 1107 v,2).Videm
534 1051 714 1107 quam
745 1033 1056 1106 superbus.
1075 1034 1277 1090 Merito
1309 1050 1446 1108 ergo
1477 1039 1785 1106 susceptus

173 1125 222 1181 in
247 1125 380 1180 bono
397 1126 487 1178 est
507 1121 608 1195 qui
629 1121 854 1177 malum
875 1121 1046 1193 fugit.
1063 1121 1187 1175 Non
1209 1121 1428 1192 patitur
1455 1136 1591 1194 ergo
1631 1120 1785 1177 Deus

171 1213 218 1268 in
244 1211 379 1268 malo
398 1227 506 1267 nos
525 1225 676 1281 esse,
695 1209 949 1282 suscipit
977 1209 1038 1264 in
1068 1209 1371 1264 bono.Nec
1393 1209 1617 1280 patitur
1645 1224 1784 1264 suos

171 1299 440 1358 calumniis
472 1299 798 1371 subjacere.
817 1299 1006 1364 Quare
1027 1313 1164 1371 ergo
1186 1313 1300 1352 non
1323 1313 1528 1352 omnes
1566 1297 1786 1353 salven-

166 1395 262 1457 tur,
276 1389 351 1444 ita
374 1388 430 1444 in
475 1388 682 1443 eodem
712 1386 940 1460 psalmo
973 1385 1228 1458 exponit.
1253 1385 1406 1440 Dicit
1443 1385 1779 1458 Sapientia:

168 1479 399 1548 Quaerunt
421 1492 513 1533 me
537 1477 680 1532 mali
701 1483 756 1532 et
773 1491 887 1532 non
938 1476 1236 1554 invenient.
1260 1475 1386 1530 Non
1417 1474 1555 1546 quia
1585 1474 1782 1530 Domi-

163 1584 256 1624 nus
272 1565 495 1622 nolebat
517 1563 764 1620 inveniri
788 1564 860 1619 ab
882 1563 1244 1634 hominibus,
1260 1562 1358 1634 qui
1382 1579 1444 1618 se
1463 1561 1636 1618 etiam
1665 1580 1782 1618 non

163 1655 526 1729 querentibus
555 1653 850 1720 offerebat,
872 1653 973 1708 sed
1005 1651 1145 1724 quia
1165 1651 1257 1708 his
1273 1651 1548 1724 operibus
1569 1667 1786 1724 quare-

159 1745 326 1812 batur,
353 1747 418 1800 ut
453 1741 691 1814 indigni
735 1745 933 1798 essent
979 1740 1080 1813 qui
1131 1743 1456 1812 quaererent
1503 1739 1780 1794 invenire.

159 1833 408 1890 Ceterum
439 1831 674 1898 Simon,
706 1829 807 1902 qui
837 1845 972 1884 eum
1023 1828 1340 1900 nesciebat,
1359 1827 1598 1896 invenit,
1630 1828 1782 1882 inve-

157 1923 229 1977 nit
243 1922 532 1986 Andreas,
547 1918 854 1992 Philippus
886 1918 958 1973 ad
981 1916 1302 1973 Nathanael
1326 1932 1460 1973 eum
1493 1916 1784 1974 invenisse

157 2027 208 2068 se
232 2009 383 2066 dixit.
417 2032 446 2060 »
475 2009 553 2064 Et
583 2008 726 2064 item
754 2007 817 2062 in
847 2005 994 2062 libro
1045 2005 1114 2061 de
1145 2004 1360 2078 Joseph
1397 2021 1408 2060 :
1443 2026 1472 2056 «
1498 2005 1780 2060 Caeterum

155 2099 286 2172 quod
314 2099 382 2155 ad
403 2095 693 2154 moralem
723 2095 978 2168 pertinet
1003 2094 1220 2160 locum,
1247 2092 1386 2166 quia
1414 2109 1618 2149 omnes
1659 2093 1784 2149 vult

153 2187 318 2245 salvos
347 2187 468 2242 ﬁeri
493 2184 778 2242 Dominus
806 2183 962 2238 Deus
1000 2185 1218 2247 noster,
1251 2181 1412 2236 dedit
1459 2179 1636 2237 etiam
1678 2197 1782 2254 per

151 2276 338 2350 Josepb
368 2275 462 2332 his
493 2274 600 2348 qui
627 2277 770 2330 sunt
797 2271 858 2326 in
883 2271 1098 2326 virtute
1126 2269 1421 2327 solatium.

208 2366 336 2421 Item
363 2364 422 2420 in
452 2364 614 2420 libro
633 2361 824 2434 primo
851 2361 922 2416 de
961 2359 1306 2415 Pmnitentia
1325 2361 1466 2430 (cap.
1489 2359 1543 2431 3)
1569 2375 1582 2415 :
1611 2380 1639 2408 ‹‹
1661 2360 1779 2415 Νοη

149 2455 198 2510 in
221 2461 481 2512 aeternum
507 2451 766 2526 projiciet
805 2451 966 2516 Deus,
998 2456 1097 2504 aut
1129 2449 1480 2504 obliviscetur
1519 2449 1779 2504 miserere

144 2543 262 2598 Deus
279 2543 450 2612 (Psal.
467 2540 730 2610 Lxxv1,8,
746 2539 856 2606 10),
871 2536 1087 2593 clamat
1105 2536 1407 2608 propheta,
1423 2539 1480 2590 et
1509 2540 1648 2594 sunt
1677 2535 1776 2608 qui

143 2629 324 2686 divinae
355 2626 763 2686 miserationis
793 2625 1062 2700 quaedam
1093 2625 1376 2680 inducant
1406 2623 1638 2680 oblivia.
1664 2625 1772 2682 Sed

140 2718 285 2776 aiunt
311 2719 441 2775 ideo
465 2735 535 2774 se
556 2716 672 2773 ista
693 2731 975 2783 asserere,
991 2729 1064 2769 ne
1096 2713 1438 2768 mutabilem
1473 2712 1656 2768 Deum
1690 2715 1774 2768 fa-

139 2823 248 2864 cere
272 2808 611 2875 videantur,
627 2803 678 2861 si
707 2803 801 2859 his
832 2803 1051 2876 quibus
1081 2801 1255 2857 fuerit
1281 2801 1468 2857 iratus
1489 2801 1772 2873 ignoscat.

135 2896 264 2962 Quid
292 2895 472 2970 ergo?
494 2892 946 2968 repudiabimus
969 2891 1168 2947 divina
1189 2888 1506 2956 oracula,et
1525 2889 1774 2945 istorum

135 2984 414 3056 opiniones
446 2980 813 3056 sequemur?
841 2981 952 3037 Sed
1000 2995 1116 3035 non
1148 2979 1302 3034 Deus
1333 2976 1537 3033 alienis
1579 2993 1772 3034 asser-

134 3071 392 3142 tionibus,
427 3073 541 3130 sed
591 3071 718 3128 suis
765 3068 1148 3126 testimandus
1202 3069 1292 3122 est
1334 3065 1596 3121 vocibus.
1627 3087 1656 3117 »
1705 3067 1776 3122 Et

132 3166 244 3233 post
270 3163 586 3236 aliquanta
615 3163 758 3232 (cap.
791 3159 844 3232 4)
878 3175 892 3214 :
928 3181 954 3208 ‹‹
983 3158 1054 3214 Et
1095 3161 1157 3212 tu
1210 3155 1469 3227 quidem,
1504 3155 1773 3225 Domine,

1895 679 2440 752 absolveret,legem
2463 681 2683 737 solvere
2713 681 3044 738 videretur:
3071 683 3161 738 sin
3204 700 3339 740 vero
3369 685 3536 742 dam-

1896 772 2081 836 naret,
2111 769 2474 840 propositum
2505 769 2596 824 sui
2630 773 2884 826 mutaret
2913 770 3260 844 adventus,q
3274 771 3375 828 uia
3402 789 3534 846 pec-

1894 860 2026 912 cata
2050 857 2317 912 omnium
2345 857 2702 914 remissurus
2732 857 2984 914 advenit.
3015 881 3044 908 ››
3075 859 3146 914 Et
3175 859 3314 916 item
3342 859 3402 916 in
3440 876 3536 917 eo-

1894 945 2025 1000 dem
2061 961 2075 1000 :
2115 967 2137 995 α
2162 945 2326 1015 Vide,
2341 943 2540 1014 lector,
2561 945 2758 1002 divina
2787 946 3066 1020 mysteria
3085 950 3144 1003 et
3163 947 3535 1004 clementiam

1893 1032 2107 1112 Christi
2141 1049 2154 1088 :
2189 1050 2326 1089 cum
2357 1039 2668 1090 accusatur
2696 1034 2927 1102 mulier,
2947 1038 3122 1108 caput
3149 1035 3416 1093 Christus
3443 1037 3535 1096 in-

1893 1121 2072 1178 clinat
2101 1138 2116 1176 :
2147 1120 2332 1178 elevat
2389 1126 2604 1191 autem,
2649 1123 2750 1178 ubi
2807 1122 3018 1180 defecit
3072 1130 3398 1182 accusator.
3453 1127 3538 1185 Ita

1891 1209 2122 1266 nullum
2151 1211 2418 1267 damnari
2447 1211 2590 1281 vult,
2623 1211 2873 1269 absolvit
2899 1228 3122 1270 omnes.
3151 1235 3181 1264 ››

1962 1300 2130 1356 Nunc
2161 1300 2298 1372 quia
2327 1305 2562 1374 tempus
2601 1305 2658 1357 et
2685 1301 2826 1357 ordo
2863 1303 3116 1374 ponendi
3145 1307 3234 1360 est
3263 1308 3534 1362 sanetum

1891 1388 2176 1446 Joannem
2197 1388 2903 1460 Constantinopolitanum
2919 1391 3389 1466 episcopum,qui
3412 1410 3540 1466 pro-

1894 1481 2022 1548 pter
2043 1475 2407 1533 dulcedinem
2442 1469 2696 1533 salubris
2730 1495 2796 1534 ac
2825 1477 3103 1551 saporivae
3124 1478 3471 1538 elocutionis
3502 1499 3537 1539 a

1892 1565 2106 1622 Grecis
2135 1566 2674 1638 Chrysostomos,id
2697 1570 2787 1622 est
2809 1567 2886 1623 Os
2918 1568 3535 1642 aureum,dignissime

1891 1659 1980 1710 est
2009 1653 2537 1726 appellatus,verbi
2568 1655 2757 1711 sancti
2785 1655 3117 1727 Augustini,
3141 1657 3358 1730 quibus
3397 1675 3533 1716 eum

1892 1742 1950 1797 in
1982 1743 2384 1800 testimonium
2408 1759 2583 1799 suum
2605 1747 2808 1799 contra
2823 1743 3126 1800 Julianum
3149 1745 3430 1816 invitavit,
3446 1746 3532 1803 uti

1891 1829 2134 1904 dignum
2165 1831 2525 1888 censuimus.
2560 1831 3113 1904 Ingredere,inquit,
3136 1837 3339 1890 sancte
3355 1835 3531 1891 Joan-

1893 1920 2332 1993 nes,ingredere
2353 1925 2410 1976 et
2439 1920 2677 1976 conside
2694 1937 2828 1975 cum
2860 1920 3138 1978 fratribus
3168 1922 3309 1978 tuis.
3343 1939 3379 1978 a
3401 1922 3531 1996 qui-
3644 1949 3651 1960 ι

1891 2009 2003 2065 bus
2023 2007 2187 2064 nulla
2216 2008 2384 2078 ratio,
2405 2008 2569 2064 nulla
2585 2008 2828 2064 tentatio
2856 2012 2914 2064 te
2943 2009 3252 2081 separavit,
3265 2026 3412 2082 opus
3442 2014 3532 2066 est

1889 2101 1948 2154 et
1974 2102 2078 2154 tua
2101 2097 2411 2154 sententia.
2444 2095 2552 2164 Qui
2583 2095 2666 2152 ait
2692 2095 2752 2152 in
2782 2096 3126 2154 Commenta
3157 2097 3428 2170 Epistolis
3459 2099 3533 2156 ad

1888 2187 2158 2242 Hebraeos
2185 2203 2198 2242 :
2236 2207 2264 2236 «
2293 2186 2378 2241 Ad
2401 2184 2836 2258 propitiandum
2869 2185 3536 2259 enim,inquit,peceatis

1779 2270 1792 2292 '
1887 2275 2104 2332 nostris
2140 2293 2154 2332 :
2188 2291 2368 2348 quare
2398 2291 2512 2329 non
2533 2273 2690 2329 dixit
2719 2273 2946 2344 mundi,
2978 2273 3079 2330 sed
3111 2273 3259 2330 dixit
3298 2275 3537 2348 populi?

1887 2365 2030 2420 Nam
2065 2363 2330 2420 omnium
2361 2366 2600 2441 peccata
2629 2361 2912 2418 sustinuit
2942 2378 2956 2418 :
2990 2362 3093 2418 sed
3133 2362 3272 2436 quia
3298 2363 3534 2421 interim

1887 2453 1958 2508 de
1983 2451 2128 2524 ipsis
2156 2453 2490 2507 vertebatur
2519 2467 2732 2507 sermo.
2769 2451 2916 2506 Nam
2946 2455 3004 2507 et
3031 2451 3276 2524 angelus
3305 2451 3536 2510 dicebat

1885 2541 2101 2612 Joseph
2137 2557 2151 2596 :
2187 2541 2409 2596 Vocabis
2435 2555 2628 2596 nomen
2674 2540 2792 2612 ejus
2837 2543 3046 2608 Iesum,
3081 2541 3197 2612 ipse
3239 2543 3390 2598 enim
3427 2542 3538 2598 sal-

1883 2631 2034 2686 vabit
2056 2630 2511 2702 peputum'suum
2541 2627 2739 2700 (Matth.
2776 2645 2818 2696 ι,
2854 2630 2962 2698 12).
2991 2630 3106 2685 Hoc
3153 2629 3370 2704 quippe
3414 2629 3533 2703 pri-

1884 2735 2047 2774 mum
2079 2717 2335 2790 oportuit
2354 2717 2499 2783 ﬁeri,
2518 2721 2575 2772 et
2599 2720 2834 2789 propter
2855 2716 2964 2773 hoc
2991 2717 3240 2786 venit,ut
3257 2717 3404 2775 istos
3423 2718 3534 2775 sal-

1881 2811 2059 2875 varet,
2093 2811 2150 2862 et
2177 2811 2317 2860 tunc
2351 2822 2454 2878 per
2481 2805 2624 2862 istos
2664 2804 2816 2871 illos,
2851 2805 3084 2862 tametsi
3127 2809 3363 2862 econtra
3390 2823 3530 2863 con-

1881 2895 2032 2969 tigit.
2065 2899 2198 2950 Haec
2225 2894 2402 2950 etiam
2431 2892 2691 2966 Apostoli
2721 2894 2792 2949 ab
2823 2893 2951 2966 ipso
2997 2893 3164 2950 initio
3211 2893 3483 2950 dicebant
3513 2911 3527 2952 :

1886 2985 2039 3041 Vobis
2066 2985 2337 3040 suscitans
2382 2983 2566 3054 ﬁlium
2603 2999 2766 3037 suum
2807 2983 2962 3038 misit
3008 2981 3404 3039 benedicentem
3438 2999 3531 3040 vos
3565 3018 3568 3024 ι

1883 3074 2015 3148 (Act.
2048 3090 2134 3141 ιιι,
2163 3073 2276 3139 26).
2313 3071 2383 3126 Et
2411 3069 2646 3138 iterum,
2683 3071 2838 3126 Vobis
2865 3085 3042 3126 sermo
3086 3071 3285 3128 salutis
3329 3073 3533 3128 missus

1881 3170 1988 3229 est;
2017 3161 2109 3217 sed
2139 3163 2272 3234 quia
2299 3160 2564 3232 repellitis
2593 3159 2755 3227 illud,
2787 3167 2840 3215 et
2866 3157 3123 3229 indignos
3152 3175 3242 3218 vos
3267 3159 3534 3234 judicatis

129 3267 310 3308 omnes
333 3251 510 3324 cupis
545 3264 776 3318 sanare,
801 3249 901 3304 sed
920 3263 1034 3302 non
1057 3260 1260 3301 omnes
1283 3243 1474 3300 curari
1493 3243 1717 3300 volunt.
1741 3265 1772 3295 »
1815 3317 1846 3324 _
1884 3259 2110 3308 (rwa
2139 3251 2288 3319 υίιέε,
2319 3264 2436 3306 ecce
2483 3249 2850 3304 convertimur
2889 3248 2960 3304 ad
3013 3255 3195 3318 gentes
3244 3248 3376 3322 (Act.
3407 3267 3532 3320 xm,

127 3338 185 3394 Et
215 3339 352 3396 item
399 3317 545 3413 post
595 3317 896 3410 aliquanta
917 3337 1056 3406 (cap.
1082 3334 1171 3406 12)
1195 3349 1209 3388 ε
1236 3356 1263 3384 α
1297 3332 1427 3406 Ipse
1456 3336 1515 3388 te
1548 3333 1772 3404 doceat,
1804 3317 1846 3384 (ἶ
1885 3341 1997 3412 46).
2031 3317 2487 3396 Generositatem
2527 3335 2620 3392 his
2667 3336 2927 3392 ostendit
2968 3317 3300 3408 Iudaicam,
3332 3317 3534 3396 dicens

125 3427 210 3499 qui
239 3429 419 3486 etiam
453 3443 581 3485 non
613 3423 1087 3482 custodientibus
1111 3422 1388 3478 mandata
1417 3439 1526 3478 sua
1541 3420 1771 3478 veniam

122 3531 220 3571 non
277 3516 520 3591 negavit
579 3515 736 3571 sicut
791 3513 974 3569 habes
1031 3511 1092 3566 in
1150 3509 1367 3567 Psalmi
1415 3527 1673 3583 corpore,
1715 3511 1778 3567 Si

111 3604 338 3676 justitias
385 3621 550 3664 meas
599 3603 1028 3677 profanaverint
1053 3600 1226 3671 (Psal.
1278 3616 1542 3668 LXXXVIII,
1576 3601 1688 3669 32),
1721 3603 1778 3656 et

120 3692 346 3767 reliqua.
375 3692 683 3751 Omnibus
713 3691 898 3764 igitur
925 3689 1216 3763 promittit
1243 3687 1726 3744 misericordiam.
1747 3710 1776 3738 »

123 3780 245 3839 Item
263 3783 322 3838 in
349 3782 628 3840 secundo
650 3781 802 3836 libro
825 3780 968 3854 (cap.
999 3779 1054 3852 4)
1083 3796 1095 3834 :
1123 3801 1149 3829 «
1174 3777 1246 3832 Et
1272 3776 1401 3833 ideo
1423 3775 1778 3832 revertimini

119 3872 182 3926 ad
207 3872 565 3940 Ecclesiam,
588 3886 650 3926 se
681 3868 780 3942 qui
809 3882 912 3924 vos
935 3865 1252 3941 separastis
1270 3865 1468 3937 impie.
1492 3865 1780 3920 Omnibus

121 3959 259 4016 enim
305 3959 624 4018 conversis
666 3957 978 4031 pollicetur
1024 3955 1276 4023 veniam,
1311 3953 1450 4027 quia
1495 3954 1780 4026 scriptum

119 4053 228 4107 est:
259 4051 458 4108 Omnis
491 4050 812 4124 quicunque
840 4047 1172 4102 invocaverit
1197 4060 1390 4100 nomen
1423 4045 1654 4100 Domini
1675 4045 1780 4100 sal-

122 4151 207 4193 t'us
223 4141 330 4196 erit
357 4141 549 4210 (Rem.
584 4154 642 4206 x,
678 4135 792 4209 13).
823 4156 853 4186 ››
887 4135 959 4192 Et
1000 4133 1142 4190 item
1193 4133 1334 4206 (cap.
1367 4132 1423 4206 5)
1457 4150 1470 4201 ;
1507 4155 1534 4183 «
1567 4133 1681 4188 Sed
1730 4133 1780 4189 si

119 4223 207 4282 isti
233 4245 351 4284 non
375 4228 840 4292 convertuntur,
853 4223 943 4280 vel
965 4239 1069 4279 vos
1090 4221 1470 4290 revertimini,
1490 4223 1590 4294 qui
1611 4220 1782 4294 lapsu

119 4316 261 4372 vario
281 4318 356 4373 de
385 4313 755 4372 innocentiae
783 4311 1046 4384 ﬁdeique
1066 4309 1342 4384 praecelso
1363 4309 1594 4383 fastigio
1623 4311 1784 4366 deci-

119 4403 292 4462 distis.
325 4405 580 4462 Bonum
612 4401 925 4459 Dominum
955 4399 1383 4471 habemus,qui
1413 4397 1550 4454 velit
1569 4399 1784 4456 donare

119 4493 405 4550 omnibus.
443 4516 476 4544 »
510 4493 592 4549 Et
620 4494 758 4564 post
807 4489 1109 4561 aliquanta
1138 4491 1278 4560 (cap.
1311 4487 1402 4558 6):
1436 4507 1465 4537 «
1496 4487 1626 4558 Ipse
1674 4487 1784 4543 Do-

117 4580 300 4640 minus
329 4579 732 4640 Hierusalem
766 4577 942 4646 ﬂevit,
956 4581 1024 4634 ut
1043 4577 1183 4650 quia
1209 4577 1340 4648 ipsa
1367 4575 1504 4630 flere
1531 4574 1784 4645 nolebat,

1885 3430 1956 3484 ad
1987 3427 2425 3500 propitiandum
2449 3425 2706 3499 peccatis
2726 3425 2984 3499 populi.»
3008 3425 3225 3482 Iterum
3247 3425 3332 3484 sic
3355 3427 3530 3484 dixit:

1959 3540 1986 3569 «
2011 3517 2118 3584 Qui
2142 3516 2299 3572 enim
2311 3515 2340 3571 ?
2360 3515 2486 3588 ipse
2500 3518 2591 3572 est
2606 3513 2706 3588 qui
2729 3518 2968 3587 peccata
2982 3515 3246 3571 omnium
3267 3515 3532 3576 dimittit.

1885 3604 2279 3664 Manifestavit
2305 3603 2364 3659 in
2395 3603 2712 3677 paralytico
2763 3603 2984 3671 dicens,
3019 3605 3387 3661 Dimittuntur
3433 3597 3536 3662 tibi

1880 3702 2100 3770 peccata
2130 3693 2314 3764 (Marc.
2344 3696 2422 3761 v).
2457 3693 2528 3748 Et
2555 3691 2616 3746 in
2647 3691 3016 3764 baptismate.
3050 3692 3207 3748 Dixit
3253 3691 3409 3750 enim
3459 3693 3532 3750 ad

1887 3781 2206 3856 discipulos
2236 3797 2413 3837 suos:
2445 3781 2645 3836 Euntes
2683 3779 2860 3836 docete
2907 3795 3090 3837 omnes
3130 3788 3330 3850 gentes,
3366 3781 3536 3852 bapti-

1885 3879 2070 3928 zantes
2099 3888 2187 3928 eos
2217 3873 2278 3926 in
2304 3870 2526 3926 nomine
2553 3869 2754 3936 Patris,
2780 3875 2833 3924 et
2858 3869 3012 3936 Filii,
3045 3876 3098 3924 et
3123 3867 3364 3940 Spiritus
3408 3885 3535 3924 san»-

1889 3964 1962 4018 cti
1989 3961 2206 4031 (Matth.
2229 3975 2423 4026 xxvm,
2459 3957 2566 4029 19).
2602 3978 2630 4006 ››
2659 3957 2730 4011 Et
2756 3955 2897 4012 item
2933 3971 2946 4012 :
2983 3955 3180 4012 «Nam
3203 3959 3262 4012 et
3289 3955 3536 4012 beatitu-

1887 4053 2055 4108 dines
2075 4066 2202 4122 quae
2225 4065 2260 4104 a
2278 4046 2506 4102 Christo
2526 4045 2820 4110 dicuntur,
2835 4061 2952 4100 non
2982 4044 3286 4101 monachis
3301 4047 3536 4102 tantum

1891 4141 2058 4196 dictae
2089 4141 2245 4206 sunt,
2280 4134 2538 4207 alioquin
2570 4133 2878 4190 universus
2909 4133 3170 4190 mundus
3213 4133 3448 4206 peribit,
3479 4136 3538 4190 et

1891 4226 2300 4286 accusabimus
2329 4222 2733 4280 crudelitatem
2762 4221 2959 4279 Dei.Si
2991 4239 3122 4278 vero
3148 4221 3538 4279 beatitudines

1893 4319 2034 4375 solis
2065 4313 2368 4372 monachis
2396 4313 2544 4368 datae
2577 4315 2734 4378 sunt,
2751 4309 3088 4368 saecularem
3119 4313 3316 4368 autem
3347 4309 3537 4366 homi-

1893 4423 2028 4462 nem
2055 4400 2419 4476 impossibile
2449 4403 2539 4456 est
2567 4415 2667 4455 eas
2695 4397 2960 4472 implere,
2991 4398 3118 4471 ipse
3147 4399 3386 4472 nuptias
3406 4399 3536 4470 jus-

1894 4496 1990 4563 sit,
2010 4495 2135 4566 ipse
2163 4508 2301 4564 ergo
2331 4505 2536 4546 omnes
2565 4487 2837 4560 perdidit.
2863 4485 2924 4544 Si
2953 4486 3110 4543 enim
3143 4503 3260 4544 non
3289 4490 3541 4562 possunt

1897 4601 2032 4640 cum
2064 4580 2287 4654 nuptiis
2324 4595 2392 4634 ea
2439 4595 2567 4650 quae
2614 4575 3036 4632 monachorum
3084 4579 3226 4633 sunt
3273 4575 3538 4650 implere,

117 4667 335 4727 Domini
375 4668 680 4743 lacrymis
727 4667 804 4723 ad
853 4664 1086 4722 veniam
1136 4663 1472 4736 ρθνῐίῐιθτθῐσ
1505 4663 1634 4736 Ipse
1680 4680 1789 4720 n08
1817 4684 1865 4750 Β
1895 4672 2193 4750 perierunt
2221 4673 2277 4725 et
2301 4665 2556 4738 corrupti
2589 4669 2746 4733 sunt,
2767 4669 2824 4720 et
2849 4664 2908 4720 in
2933 4668 3250 4738 angustum
3266 4663 3542 4722 conclusa

117 4757 238 4816 ﬂere
265 4759 418 4830 vult,
458 4763 535 4816 ut
589 4757 833 4814 evadere
861 4753 1186 4828 possimus,
1219 4751 1372 4808 sicut
1417 4751 1598 4808 habes
1643 4753 1785 4808 scri-

119 4851 272 4915 ptum
299 4849 364 4904 in
386 4844 746 4920 Evangelio,
761 4845 928 4901 Filiae
948 4843 1308 4906 Hierusalem,
1330 4841 1500 4897 nolite
1526 4857 1612 4896 me
1635 4842 1786 4912 ﬂere,

117 4934 200 4992 sed
223 4953 316 4994 vos
344 4937 514 5010 ipsa:
542 4935 672 5006 ﬂete
701 4933 852 5006 (Luc.
874 4949 1034 4998 χχιιι,
1065 4933 1180 4998 28).
1218 4952 1245 4979 »
1276 4930 1346 4984 Et
1369 4927 1510 4984 item
1541 4928 1695 4985 idem
1727 4929 1788 4986 in

121 5039 378 5082 sermone
427 5041 507 5082 ex
563 5019 862 5078 sententia
914 5017 1172 5093 Apostoli
1209 5035 1222 5074 :
1257 5040 1285 5068 «
1340 5017 1580 5074 Credidit
1635 5021 1790 5074 174

119 5111 383 5171 Abraham
417 5117 564 5180 Deo,
603 5117 654 5167 et
682 5115 991 5182 reputatum
1017 5115 1097 5164 est
1123 5109 1176 5162 ei
1227 5106 1296 5162 ad
1337 5108 1616 5180 justitiam
1645 5099 1787 5180 (Gal.

121 5215 175 5268 ιι,
202 5203 278 5270 6).
312 5201 602 5274 Denique
632 5198 715 5255 ait
741 5195 1055 5270 Apostolus
1091 5212 1104 5252 :
1136 5197 1268 5251 Ecce
1296 5211 1390 5266 ego
1430 5196 1640 5251 Paulus
1671 5196 1790 5253 dico

120 5290 276 5360 vobis,
291 5291 582 5365 quoniam
603 5288 658 5343 si
685 5285 1183 5352 circumcidamini,
1211 5283 1464 5340 Christus
1482 5286 1632 5340 vobis
1647 5286 1793 5341 nihil

117 5378 350 5448 proderit
375 5378 543 5450 (Gal.
581 5392 643 5444 ν,
669 5375 746 5448 2).
779 5373 906 5430 Non
935 5372 1075 5446 quia
1102 5389 1217 5428 non
1267 5371 1472 5445 possit,
1507 5373 1608 5428 sed
1655 5371 1794 5445 quia

120 5464 384 5542 indignos
413 5463 742 5524 beneﬁciis
773 5461 899 5520 suis
921 5461 1152 5534 judicet
1189 5461 1290 5532 qui
1318 5459 1443 5516 vias
1473 5461 1600 5532 ejus
1629 5461 1792 5517 dese-

119 5560 258 5612 rant.
292 5580 322 5607 »
352 5558 432 5613 Et
459 5557 629 5612 item
653 5552 713 5608 in
745 5566 1016 5608 sermone
1043 5548 1364 5622 Evangelii,
1397 5549 1552 5620 quod
1569 5557 1796 5620 prater-

123 5644 227 5700 iens
278 5650 450 5704 Iesus
499 5641 662 5700 vidit
703 5657 739 5698 a
765 5641 1113 5712 generatione
1157 5652 1364 5694 caecum
1399 5638 1577 5706 (Joan.
1605 5655 1682 5708 ιιι,
1716 5639 1791 5708 1).

123 5754 149 5790 α
173 5733 382 5798 Oblata
411 5737 582 5808 erat,
597 5730 816 5810 inquit,
831 5745 868 5790 a
885 5727 1104 5793 Scribis
1124 5730 1182 5787 et
1203 5725 1510 5790 Pharisaeis
1548 5727 1796 5790 Domino

1897 4781 2025 4838 quae
2051 4758 2288 4816 virtutis
2311 4758 2533 4823 sunt,et
2554 4753 2847 4827 quomodo
2863 4753 3232 4810 honorabiles
3253 4757 3394 4810 sunt
3411 4769 3540 4826 quae

1895 4851 2064 4908 nobis
2081 4851 2312 4906 tantum
2335 4841 2701 4916 impediunt?
2721 4842 2870 4909 Quid
2889 4859 3025 4915 ergo
3043 4840 3404 4916 impossibile
3421 4839 3540 4896 est?

1897 4945 1954 4997 et
1980 4937 2148 4996 valde
2177 4932 2474 5008 possibile,
2508 4932 2682 4986 etiam
2715 4929 2996 4987 habentes
3025 4947 3234 4986 uxores
3263 4929 3539 4985 virtutem

1897 5023 2134 5100 aggredi
2166 5021 2216 5078 si
2245 5018 2624 5076 voluerimus.
2658 5018 2998 5084 Quomodo?
3029 5018 3077 5075 si
3108 5017 3390 5073 habentes
3419 5017 3542 5070 tan-

1898 5131 2074 5188 quam
2108 5129 2224 5167 non
2256 5109 2540 5164 habentes
2572 5105 2778 5163 simus.
2808 5107 2917 5174 Qui
2966 5123 3082 5162 non
3120 5105 3446 5178 gaudemus
3478 5099 3542 5158 in
3593 5100 3596 5105 ’

1896 5203 1992 5259 his
2005 5219 2132 5275 quae
2146 5198 2549 5273 possidemus;
2575 5195 2626 5251 si
2639 5197 2857 5252 mundo
2872 5199 3110 5251 utamur
3127 5197 3408 5272 tanquam
3424 5207 3543 5249 non

1899 5295 2152 5348 utentes.
2173 5288 2234 5346 Si
2267 5290 2463 5344 autem
2495 5283 2674 5356 aliqui
2706 5283 2972 5356 impediti
3002 5285 3142 5338 sunt
3186 5297 3256 5338 ex
3297 5279 3542 5354 nuptiis,

1900 5383 1942 5436 l
1957 5383 1992 5436 7
2009 5379 2052 5437 5
2069 5377 2256 5436 sciant
2267 5373 2544 5448 quoniam
2565 5389 2681 5428 non
2694 5372 2910 5444 nuptiae
2931 5369 3544 5444 illisimpedimentum

1900 5470 2158 5534 fuerunt,
2194 5465 2293 5522 sed
2347 5462 2618 5520 voluntas
2666 5477 2793 5532 quae
2841 5458 2991 5516 male
3046 5459 3236 5516 utitur
3288 5459 3546 5532 nuptiis;

1903 5574 2040 5614 nam
2069 5571 2260 5628 neque
2277 5553 2481 5610 vinum
2504 5550 2642 5606 facit
2671 5548 3148 5619 ebrietatem,sed
3185 5548 3458 5607 voluntas
3487 5551 3548 5604 et

1902 5662 2176 5704 excessus
2233 5637 2666 5699 moderationis.
2728 5636 2899 5694 Utere
2957 5655 3093 5696 cum
3149 5637 3546 5696 moderatione

1904 5733 2146 5814 nuptiis,
2161 5735 2218 5792 et
2245 5731 2473 5810 primus
2503 5727 2620 5788 eris
2647 5726 2708 5786 in
2739 5743 2940 5806 regno,
2957 5731 3015 5790 et
3039 5727 3315 5798 omnibus
3335 5723 3546 5791 frueris
