  <div class='ocr_page' id='page_1' title='image "/cluster/home/n/w/nwhite01/storage/ocr_20150623/125/umn.31951002477418t/139.png"; bbox 0 0 4020 6462; ppageno 0'>
   <div class='ocr_carea' id='block_1_1' title="bbox 441 435 558 496">
    <p class='ocr_par' dir='ltr' id='par_1_1' title="bbox 441 435 558 496">
     <span class='ocr_line' id='line_1_1' title="bbox 441 435 558 496; baseline -0.017 0"><span class='ocrx_word' id='word_1_1' title='bbox 441 435 558 496; x_wconf 80' lang='grc'><strong>239</strong></span> 
     </span>
    </p>
   </div>
   <div class='ocr_carea' id='block_1_2' title="bbox 1368 427 2911 490">
    <p class='ocr_par' dir='ltr' id='par_1_2' title="bbox 1368 427 2911 490">
     <span class='ocr_line' id='line_1_2' title="bbox 1368 427 2911 490; baseline -0.001 -1"><span class='ocrx_word' id='word_1_2' title='bbox 1368 429 1755 490; x_wconf 75' lang='lat' dir='ltr'>HINCMAltI</span> <span class='ocrx_word' id='word_1_3' title='bbox 1804 427 2250 490; x_wconf 77' lang='lat' dir='ltr'>[tilEMENSIS</span> <span class='ocrx_word' id='word_1_4' title='bbox 2292 427 2911 490; x_wconf 79' lang='lat' dir='ltr'>ARCHIEPISCOPI.</span> 
     </span>
    </p>
   </div>
   <div class='ocr_carea' id='block_1_3' title="bbox 3722 426 3854 490">
    <p class='ocr_par' dir='ltr' id='par_1_3' title="bbox 3722 426 3854 490">
     <span class='ocr_line' id='line_1_3' title="bbox 3722 426 3854 490; baseline 0 0"><span class='ocrx_word' id='word_1_5' title='bbox 3722 426 3854 490; x_wconf 62' lang='grc'>2411.</span> 
     </span>
    </p>
   </div>
   <div class='ocr_carea' id='block_1_4' title="bbox 439 559 3842 636">
    <p class='ocr_par' dir='ltr' id='par_1_4' title="bbox 439 559 3842 636">
     <span class='ocr_line' id='line_1_4' title="bbox 439 559 3842 636; baseline -0.001 -14"><span class='ocrx_word' id='word_1_6' title='bbox 439 565 628 622; x_wconf 89' lang='lat' dir='ltr'>bonis.</span> <span class='ocrx_word' id='word_1_7' title='bbox 664 587 694 614; x_wconf 88' lang='lat'>»</span> <span class='ocrx_word' id='word_1_8' title='bbox 723 565 793 620; x_wconf 89' lang='lat' dir='ltr'>Et</span> <span class='ocrx_word' id='word_1_9' title='bbox 823 564 983 632; x_wconf 91' lang='lat' dir='ltr'>item,</span> <span class='ocrx_word' id='word_1_10' title='bbox 1017 586 1042 612; x_wconf 89' lang='grc'><em>‹‹</em></span> <span class='ocrx_word' id='word_1_11' title='bbox 1075 563 1336 634; x_wconf 83' lang='lat' dir='ltr'>Reproba,</span> <span class='ocrx_word' id='word_1_12' title='bbox 1371 561 1580 633; x_wconf 83' lang='lat' dir='ltr'>inquit,</span> <span class='ocrx_word' id='word_1_13' title='bbox 1621 570 1672 618; x_wconf 86' lang='lat' dir='ltr'>et</span> <span class='ocrx_word' id='word_1_14' title='bbox 1712 561 2084 618; x_wconf 82' lang='lat' dir='ltr'>maledictioni</span> <span class='ocrx_word' id='word_1_15' title='bbox 2109 560 2164 628; x_wconf 74' lang='grc' dir='ltr'><strong>Α</strong></span> <span class='ocrx_word' id='word_1_16' title='bbox 2192 559 2332 616; x_wconf 85' lang='lat' dir='ltr'>item</span> <span class='ocrx_word' id='word_1_17' title='bbox 2367 577 2380 616; x_wconf 92' lang='lat'>:</span> <span class='ocrx_word' id='word_1_18' title='bbox 2417 583 2444 609; x_wconf 80' lang='grc' dir='ltr'>α</span> <span class='ocrx_word' id='word_1_19' title='bbox 2480 561 2792 632; x_wconf 81' lang='lat' dir='ltr'>Postquam</span> <span class='ocrx_word' id='word_1_20' title='bbox 2824 561 2978 617; x_wconf 90' lang='lat' dir='ltr'>enim</span> <span class='ocrx_word' id='word_1_21' title='bbox 3013 561 3158 616; x_wconf 82' lang='lat' dir='ltr'>dixit</span> <span class='ocrx_word' id='word_1_22' title='bbox 3185 560 3456 634; x_wconf 80' lang='lat' dir='ltr'>superius</span> <span class='ocrx_word' id='word_1_23' title='bbox 3492 560 3596 618; x_wconf 85' lang='lat' dir='ltr'>illa</span> <span class='ocrx_word' id='word_1_24' title='bbox 3623 577 3842 636; x_wconf 78' lang='lat' dir='ltr'>magna</span> 
     </span>
    </p>
   </div>
   <div class='ocr_carea' id='block_1_5' title="bbox 433 641 2083 727">
    <p class='ocr_par' dir='ltr' id='par_1_5' title="bbox 433 641 2083 727">
     <span class='ocr_line' id='line_1_5' title="bbox 433 641 2083 727; baseline -0.004 -16"><span class='ocrx_word' id='word_1_25' title='bbox 433 641 693 727; x_wconf 70' lang='lat' dir='ltr'>proxima</span> <span class='ocrx_word' id='word_1_26' title='bbox 723 653 917 722; x_wconf 80' lang='lat' dir='ltr'>(Hebr.</span> <span class='ocrx_word' id='word_1_27' title='bbox 947 668 1027 717; x_wconf 80' lang='lat' dir='ltr'>v1,</span> <span class='ocrx_word' id='word_1_28' title='bbox 1058 653 1133 718; x_wconf 88' lang='lat'>8).</span> <span class='ocrx_word' id='word_1_29' title='bbox 1157 649 1200 704; x_wconf 94' lang='grc' dir='ltr'>Ο</span> <span class='ocrx_word' id='word_1_30' title='bbox 1231 653 1512 720; x_wconf 88' lang='lat' dir='ltr'>quantam</span> <span class='ocrx_word' id='word_1_31' title='bbox 1543 650 1716 705; x_wconf 83' lang='lat' dir='ltr'>habet</span> <span class='ocrx_word' id='word_1_32' title='bbox 1737 648 2083 705; x_wconf 87' lang='lat' dir='ltr'>consolatio-</span> 
     </span>
    </p>
   </div>
   <div class='ocr_carea' id='block_1_6' title="bbox 439 737 2083 810">
    <p class='ocr_par' dir='ltr' id='par_1_6' title="bbox 439 737 2083 810">
     <span class='ocr_line' id='line_1_6' title="bbox 439 737 2083 810; baseline -0.004 -11"><span class='ocrx_word' id='word_1_33' title='bbox 439 759 573 800; x_wconf 89' lang='lat' dir='ltr'>nem</span> <span class='ocrx_word' id='word_1_34' title='bbox 604 741 700 798; x_wconf 87' lang='lat' dir='ltr'>hic</span> <span class='ocrx_word' id='word_1_35' title='bbox 730 741 949 796; x_wconf 83' lang='lat' dir='ltr'>sermo!</span> <span class='ocrx_word' id='word_1_36' title='bbox 986 737 1400 804; x_wconf 88' lang='lat' dir='ltr'>Maledictioni,</span> <span class='ocrx_word' id='word_1_37' title='bbox 1433 737 1644 810; x_wconf 82' lang='lat' dir='ltr'>inquit,</span> <span class='ocrx_word' id='word_1_38' title='bbox 1668 738 2083 810; x_wconf 77' lang='lat' dir='ltr'>proxima,non</span> 
     </span>
    </p>
   </div>
   <div class='ocr_carea' id='block_1_7' title="bbox 341 827 2083 896">
    <p class='ocr_par' dir='ltr' id='par_1_7' title="bbox 341 827 2083 896">
     <span class='ocr_line' id='line_1_7' title="bbox 341 827 2083 896; baseline -0.005 -7"><span class='ocrx_word' id='word_1_39' title='bbox 341 843 352 852; x_wconf 83' lang='grc'><em>’</em></span> <span class='ocrx_word' id='word_1_40' title='bbox 439 830 793 888; x_wconf 80' lang='lat' dir='ltr'>maledictio.</span> <span class='ocrx_word' id='word_1_41' title='bbox 845 829 952 896; x_wconf 87' lang='lat' dir='ltr'>Qui</span> <span class='ocrx_word' id='word_1_42' title='bbox 1010 832 1204 883; x_wconf 90' lang='lat' dir='ltr'>autem</span> <span class='ocrx_word' id='word_1_43' title='bbox 1263 829 1511 883; x_wconf 84' lang='lat' dir='ltr'>necdum</span> <span class='ocrx_word' id='word_1_44' title='bbox 1569 827 1626 882; x_wconf 92' lang='lat' dir='ltr'>in</span> <span class='ocrx_word' id='word_1_45' title='bbox 1677 827 2083 884; x_wconf 89' lang='lat' dir='ltr'>malectionem</span> 
     </span>
    </p>
   </div>
   <div class='ocr_carea' id='block_1_8' title="bbox 438 917 2086 990">
    <p class='ocr_par' dir='ltr' id='par_1_8' title="bbox 438 917 2086 990">
     <span class='ocr_line' id='line_1_8' title="bbox 438 917 2086 990; baseline -0.002 -14"><span class='ocrx_word' id='word_1_46' title='bbox 438 919 666 990; x_wconf 83' lang='lat' dir='ltr'>incidit,</span> <span class='ocrx_word' id='word_1_47' title='bbox 689 919 790 975; x_wconf 91' lang='lat' dir='ltr'>sed</span> <span class='ocrx_word' id='word_1_48' title='bbox 821 918 1122 990; x_wconf 82' lang='lat' dir='ltr'>proximus</span> <span class='ocrx_word' id='word_1_49' title='bbox 1152 920 1258 985; x_wconf 89' lang='lat' dir='ltr'>cst,</span> <span class='ocrx_word' id='word_1_50' title='bbox 1292 921 1348 972; x_wconf 89' lang='lat' dir='ltr'>et</span> <span class='ocrx_word' id='word_1_51' title='bbox 1378 917 1546 989; x_wconf 90' lang='lat' dir='ltr'>longe</span> <span class='ocrx_word' id='word_1_52' title='bbox 1594 917 1716 972; x_wconf 78' lang='lat' dir='ltr'>fieri</span> <span class='ocrx_word' id='word_1_53' title='bbox 1756 917 1986 989; x_wconf 88' lang='lat' dir='ltr'>poterit.</span> <span class='ocrx_word' id='word_1_54' title='bbox 2016 917 2086 972; x_wconf 85' lang='lat' dir='ltr'>Et</span> 
     </span>
    </p>
   </div>
   <div class='ocr_carea' id='block_1_9' title="bbox 439 1005 2082 1077">
    <p class='ocr_par' dir='ltr' id='par_1_9' title="bbox 439 1005 2082 1077">
     <span class='ocr_line' id='line_1_9' title="bbox 439 1005 2082 1077; baseline -0.004 -11"><span class='ocrx_word' id='word_1_55' title='bbox 439 1025 559 1066; x_wconf 88' lang='lat' dir='ltr'>non</span> <span class='ocrx_word' id='word_1_56' title='bbox 588 1008 698 1066; x_wconf 88' lang='lat' dir='ltr'>hoc</span> <span class='ocrx_word' id='word_1_57' title='bbox 729 1006 852 1064; x_wconf 90' lang='lat' dir='ltr'>solo</span> <span class='ocrx_word' id='word_1_58' title='bbox 883 1005 1218 1063; x_wconf 84' lang='lat' dir='ltr'>consolatus</span> <span class='ocrx_word' id='word_1_59' title='bbox 1247 1010 1356 1072; x_wconf 88' lang='lat' dir='ltr'>est,</span> <span class='ocrx_word' id='word_1_60' title='bbox 1390 1007 1490 1061; x_wconf 90' lang='lat' dir='ltr'>sed</span> <span class='ocrx_word' id='word_1_61' title='bbox 1523 1006 1698 1061; x_wconf 90' lang='lat' dir='ltr'>etiam</span> <span class='ocrx_word' id='word_1_62' title='bbox 1728 1005 1787 1060; x_wconf 91' lang='lat' dir='ltr'>in</span> <span class='ocrx_word' id='word_1_63' title='bbox 1819 1022 1884 1060; x_wconf 91' lang='lat' dir='ltr'>eo</span> <span class='ocrx_word' id='word_1_64' title='bbox 1927 1006 2082 1077; x_wconf 91' lang='lat' dir='ltr'>quod</span> 
     </span>
    </p>
   </div>
   <div class='ocr_carea' id='block_1_10' title="bbox 439 1093 2084 1171">
    <p class='ocr_par' dir='ltr' id='par_1_10' title="bbox 439 1093 2084 1171">
     <span class='ocr_line' id='line_1_10' title="bbox 439 1093 2084 1171; baseline -0.005 -15"><span class='ocrx_word' id='word_1_65' title='bbox 439 1096 865 1171; x_wconf 84' lang='lat' dir='ltr'>sequitur.Non</span> <span class='ocrx_word' id='word_1_66' title='bbox 895 1095 1052 1151; x_wconf 90' lang='lat' dir='ltr'>enim</span> <span class='ocrx_word' id='word_1_67' title='bbox 1083 1094 1226 1150; x_wconf 87' lang='lat' dir='ltr'>dixit</span> <span class='ocrx_word' id='word_1_68' title='bbox 1259 1111 1273 1148; x_wconf 85' lang='lat'><strong>:</strong></span> <span class='ocrx_word' id='word_1_69' title='bbox 1309 1095 1574 1166; x_wconf 83' lang='lat' dir='ltr'>Reproba</span> <span class='ocrx_word' id='word_1_70' title='bbox 1600 1099 1656 1149; x_wconf 91' lang='lat' dir='ltr'>et</span> <span class='ocrx_word' id='word_1_71' title='bbox 1689 1093 2084 1149; x_wconf 86' lang='lat' dir='ltr'>maledictioni</span> 
     </span>
    </p>
   </div>
   <div class='ocr_carea' id='block_1_11' title="bbox 437 1183 2082 1260">
    <p class='ocr_par' dir='ltr' id='par_1_11' title="bbox 437 1183 2082 1260">
     <span class='ocr_line' id='line_1_11' title="bbox 437 1183 2082 1260; baseline -0.003 -18"><span class='ocrx_word' id='word_1_72' title='bbox 437 1185 724 1260; x_wconf 78' lang='lat' dir='ltr'>proxima,</span> <span class='ocrx_word' id='word_1_73' title='bbox 758 1201 883 1257; x_wconf 71' lang='lat' dir='ltr'>qua:</span> <span class='ocrx_word' id='word_1_74' title='bbox 913 1183 1311 1239; x_wconf 89' lang='lat' dir='ltr'>comburetur.</span> <span class='ocrx_word' id='word_1_75' title='bbox 1345 1183 1454 1238; x_wconf 87' lang='lat' dir='ltr'>Sed</span> <span class='ocrx_word' id='word_1_76' title='bbox 1501 1183 1682 1255; x_wconf 88' lang='lat' dir='ltr'>quid?</span> <span class='ocrx_word' id='word_1_77' title='bbox 1713 1183 1893 1254; x_wconf 89' lang='lat' dir='ltr'>Cujus</span> <span class='ocrx_word' id='word_1_78' title='bbox 1945 1199 2082 1238; x_wconf 91' lang='lat' dir='ltr'>con-</span> 
     </span>
    </p>
   </div>
   <div class='ocr_carea' id='block_1_12' title="bbox 436 1271 2081 1345">
    <p class='ocr_par' dir='ltr' id='par_1_12' title="bbox 436 1271 2081 1345">
     <span class='ocr_line' id='line_1_12' title="bbox 436 1271 2081 1345; baseline -0.005 -11"><span class='ocrx_word' id='word_1_79' title='bbox 436 1275 755 1334; x_wconf 89' lang='lat' dir='ltr'>summatio</span> <span class='ocrx_word' id='word_1_80' title='bbox 796 1273 857 1330; x_wconf 92' lang='lat' dir='ltr'>in</span> <span class='ocrx_word' id='word_1_81' title='bbox 887 1273 1277 1329; x_wconf 89' lang='lat' dir='ltr'>adustionem.</span> <span class='ocrx_word' id='word_1_82' title='bbox 1312 1271 1372 1327; x_wconf 92' lang='lat' dir='ltr'>Si</span> <span class='ocrx_word' id='word_1_83' title='bbox 1403 1289 1590 1343; x_wconf 89' lang='lat' dir='ltr'>usque</span> <span class='ocrx_word' id='word_1_84' title='bbox 1621 1273 1691 1328; x_wconf 91' lang='lat' dir='ltr'>ad</span> <span class='ocrx_word' id='word_1_85' title='bbox 1733 1274 1908 1328; x_wconf 78' lang='lat' dir='ltr'>finem</span> <span class='ocrx_word' id='word_1_86' title='bbox 1953 1289 2081 1345; x_wconf 91' lang='lat' dir='ltr'>per-</span> 
     </span>
    </p>
   </div>
   <div class='ocr_carea' id='block_1_13' title="bbox 436 1358 2082 1436">
    <p class='ocr_par' dir='ltr' id='par_1_13' title="bbox 436 1358 2082 1436">
     <span class='ocr_line' id='line_1_13' title="bbox 436 1358 2082 1436; baseline -0.003 -13"><span class='ocrx_word' id='word_1_87' title='bbox 436 1367 693 1433; x_wconf 78' lang='lat' dir='ltr'>maneat,</span> <span class='ocrx_word' id='word_1_88' title='bbox 711 1362 924 1436; x_wconf 89' lang='lat' dir='ltr'>inquit.</span> <span class='ocrx_word' id='word_1_89' title='bbox 940 1361 1184 1418; x_wconf 87' lang='lat' dir='ltr'>Proinde</span> <span class='ocrx_word' id='word_1_90' title='bbox 1206 1358 1256 1415; x_wconf 92' lang='lat' dir='ltr'>si</span> <span class='ocrx_word' id='word_1_91' title='bbox 1288 1361 1664 1417; x_wconf 74' lang='lat' dir='ltr'>ab:cidamus</span> <span class='ocrx_word' id='word_1_92' title='bbox 1686 1365 1740 1416; x_wconf 89' lang='lat' dir='ltr'>et</span> <span class='ocrx_word' id='word_1_93' title='bbox 1761 1361 2082 1418; x_wconf 80' lang='lat' dir='ltr'>adnramus</span> 
     </span>
    </p>
   </div>
   <div class='ocr_carea' id='block_1_14' title="bbox 436 1449 2080 1528">
    <p class='ocr_par' dir='ltr' id='par_1_14' title="bbox 436 1449 2080 1528">
     <span class='ocr_line' id='line_1_14' title="bbox 436 1449 2080 1528; baseline -0.004 -17"><span class='ocrx_word' id='word_1_94' title='bbox 436 1453 660 1528; x_wconf 87' lang='lat' dir='ltr'>spinas,</span> <span class='ocrx_word' id='word_1_95' title='bbox 674 1451 996 1526; x_wconf 87' lang='lat' dir='ltr'>poterimus</span> <span class='ocrx_word' id='word_1_96' title='bbox 1035 1449 1195 1506; x_wconf 89' lang='lat' dir='ltr'>mille</span> <span class='ocrx_word' id='word_1_97' title='bbox 1225 1449 1394 1506; x_wconf 89' lang='lat' dir='ltr'>bonis</span> <span class='ocrx_word' id='word_1_98' title='bbox 1443 1449 1684 1522; x_wconf 86' lang='lat' dir='ltr'>perfrui,</span> <span class='ocrx_word' id='word_1_99' title='bbox 1705 1453 1764 1505; x_wconf 87' lang='lat' dir='ltr'>et</span> <span class='ocrx_word' id='word_1_100' title='bbox 1793 1449 1916 1505; x_wconf 82' lang='lat' dir='ltr'>ﬁeri</span> <span class='ocrx_word' id='word_1_101' title='bbox 1949 1466 2080 1526; x_wconf 88' lang='lat' dir='ltr'>pro-</span> 
     </span>
    </p>
   </div>
   <div class='ocr_carea' id='block_1_15' title="bbox 437 1538 1654 1614">
    <p class='ocr_par' dir='ltr' id='par_1_15' title="bbox 437 1538 1654 1614">
     <span class='ocr_line' id='line_1_15' title="bbox 437 1538 1654 1614; baseline -0.012 -12"><span class='ocrx_word' id='word_1_102' title='bbox 437 1543 682 1614; x_wconf 83' lang='lat' dir='ltr'>babiles,</span> <span class='ocrx_word' id='word_1_103' title='bbox 711 1545 770 1598; x_wconf 91' lang='lat' dir='ltr'>et</span> <span class='ocrx_word' id='word_1_104' title='bbox 799 1539 1223 1598; x_wconf 82' lang='lat' dir='ltr'>benedictionis</span> <span class='ocrx_word' id='word_1_105' title='bbox 1254 1538 1588 1610; x_wconf 83' lang='lat' dir='ltr'>participes.</span> <span class='ocrx_word' id='word_1_106' title='bbox 1626 1562 1654 1587; x_wconf 84' lang='grc'><strong><em>››</em></strong></span> 
     </span>
    </p>
   </div>
   <div class='ocr_carea' id='block_1_16' title="bbox 504 1627 2079 1699">
    <p class='ocr_par' dir='ltr' id='par_1_16' title="bbox 504 1627 2079 1699">
     <span class='ocr_line' id='line_1_16' title="bbox 504 1627 2079 1699; baseline -0.005 -9"><span class='ocrx_word' id='word_1_107' title='bbox 504 1633 578 1690; x_wconf 88' lang='lat' dir='ltr'>Et</span> <span class='ocrx_word' id='word_1_108' title='bbox 603 1630 745 1688; x_wconf 89' lang='lat' dir='ltr'>item</span> <span class='ocrx_word' id='word_1_109' title='bbox 779 1647 792 1686; x_wconf 87' lang='lat'><strong>:</strong></span> <span class='ocrx_word' id='word_1_110' title='bbox 829 1629 1026 1696; x_wconf 86' lang='lat' dir='ltr'>«Quid</span> <span class='ocrx_word' id='word_1_111' title='bbox 1051 1631 1246 1684; x_wconf 90' lang='lat' dir='ltr'>autem</span> <span class='ocrx_word' id='word_1_112' title='bbox 1269 1627 1698 1693; x_wconf 84' lang='lat' dir='ltr'>difﬁcilius,dic</span> <span class='ocrx_word' id='word_1_113' title='bbox 1721 1627 2079 1699; x_wconf 88' lang='lat' dir='ltr'>mihi,quam</span> 
     </span>
    </p>
   </div>
   <div class='ocr_carea' id='block_1_17' title="bbox 435 1715 2078 1788">
    <p class='ocr_par' dir='ltr' id='par_1_17' title="bbox 435 1715 2078 1788">
     <span class='ocr_line' id='line_1_17' title="bbox 435 1715 2078 1788; baseline -0.005 -10"><span class='ocrx_word' id='word_1_114' title='bbox 435 1724 674 1780; x_wconf 85' lang='lat' dir='ltr'>contum</span> <span class='ocrx_word' id='word_1_115' title='bbox 717 1720 777 1774; x_wconf 91' lang='lat' dir='ltr'>in</span> <span class='ocrx_word' id='word_1_116' title='bbox 827 1719 1014 1774; x_wconf 81' lang='lat' dir='ltr'>fronte</span> <span class='ocrx_word' id='word_1_117' title='bbox 1063 1720 1313 1788; x_wconf 90' lang='lat' dir='ltr'>portare,</span> <span class='ocrx_word' id='word_1_118' title='bbox 1345 1720 1400 1771; x_wconf 90' lang='lat' dir='ltr'>et</span> <span class='ocrx_word' id='word_1_119' title='bbox 1441 1715 1785 1788; x_wconf 88' lang='lat' dir='ltr'>impositum</span> <span class='ocrx_word' id='word_1_120' title='bbox 1831 1733 2078 1788; x_wconf 88' lang='lat' dir='ltr'>puerum</span> 
     </span>
    </p>
   </div>
   <div class='ocr_carea' id='block_1_18' title="bbox 433 1803 2078 1876">
    <p class='ocr_par' dir='ltr' id='par_1_18' title="bbox 433 1803 2078 1876">
     <span class='ocr_line' id='line_1_18' title="bbox 433 1803 2078 1876; baseline -0.004 -10"><span class='ocrx_word' id='word_1_121' title='bbox 433 1807 621 1868; x_wconf 88' lang='lat' dir='ltr'>multa</span> <span class='ocrx_word' id='word_1_122' title='bbox 648 1806 834 1864; x_wconf 89' lang='lat' dir='ltr'>millia</span> <span class='ocrx_word' id='word_1_123' title='bbox 863 1805 1162 1862; x_wconf 89' lang='lat' dir='ltr'>schemata</span> <span class='ocrx_word' id='word_1_124' title='bbox 1191 1805 1498 1861; x_wconf 78' lang='lat' dir='ltr'>facientem</span> <span class='ocrx_word' id='word_1_125' title='bbox 1549 1804 1766 1860; x_wconf 87' lang='lat' dir='ltr'>ibidem</span> <span class='ocrx_word' id='word_1_126' title='bbox 1798 1803 2078 1876; x_wconf 80' lang='lat' dir='ltr'>bajulare,</span> 
     </span>
    </p>
   </div>
   <div class='ocr_carea' id='block_1_19' title="bbox 432 1892 2155 1994">
    <p class='ocr_par' dir='ltr' id='par_1_19' title="bbox 432 1892 2155 1994">
     <span class='ocr_line' id='line_1_19' title="bbox 432 1892 2155 1994; baseline -0.005 -39"><span class='ocrx_word' id='word_1_127' title='bbox 432 1902 490 1955; x_wconf 88' lang='lat' dir='ltr'>et</span> <span class='ocrx_word' id='word_1_128' title='bbox 505 1897 797 1956; x_wconf 87' lang='lat' dir='ltr'>delectare</span> <span class='ocrx_word' id='word_1_129' title='bbox 811 1895 1180 1969; x_wconf 80' lang='lat' dir='ltr'>spectantes?</span> <span class='ocrx_word' id='word_1_130' title='bbox 1201 1892 2076 1994; x_wconf 48' lang='grc' dir='ltr'>(1011101110οΞ(111³110111ὶοοΛροοω</span> <span class='ocrx_word' id='word_1_131' title='bbox 2110 1929 2155 1994; x_wconf 77' lang='grc' dir='ltr'>Β</span> 
     </span>
    </p>
   </div>
   <div class='ocr_carea' id='block_1_20' title="bbox 431 1981 2079 2058">
    <p class='ocr_par' dir='ltr' id='par_1_20' title="bbox 431 1981 2079 2058">
     <span class='ocr_line' id='line_1_20' title="bbox 431 1981 2079 2058; baseline -0.004 -14"><span class='ocrx_word' id='word_1_132' title='bbox 431 2004 567 2046; x_wconf 79' lang='lat' dir='ltr'>cum</span> <span class='ocrx_word' id='word_1_133' title='bbox 597 1985 810 2058; x_wconf 80' lang='lat' dir='ltr'>gladiis</span> <span class='ocrx_word' id='word_1_134' title='bbox 840 1984 1092 2056; x_wconf 90' lang='lat' dir='ltr'>pilarum</span> <span class='ocrx_word' id='word_1_135' title='bbox 1132 1999 1290 2038; x_wconf 91' lang='lat' dir='ltr'>more</span> <span class='ocrx_word' id='word_1_136' title='bbox 1321 1981 1559 2038; x_wconf 80' lang='lat' dir='ltr'>ludere?</span> <span class='ocrx_word' id='word_1_137' title='bbox 1588 1981 1726 2053; x_wconf 92' lang='lat' dir='ltr'>quid</span> <span class='ocrx_word' id='word_1_138' title='bbox 1779 1981 2079 2038; x_wconf 80' lang='lat' dir='ltr'>difficilius</span> 
     </span>
    </p>
   </div>
   <div class='ocr_carea' id='block_1_21' title="bbox 432 2069 2080 2149">
    <p class='ocr_par' dir='ltr' id='par_1_21' title="bbox 432 2069 2080 2149">
     <span class='ocr_line' id='line_1_21' title="bbox 432 2069 2080 2149; baseline -0.004 -16"><span class='ocrx_word' id='word_1_139' title='bbox 432 2091 611 2149; x_wconf 85' lang='lat' dir='ltr'>quam</span> <span class='ocrx_word' id='word_1_140' title='bbox 632 2090 811 2147; x_wconf 88' lang='lat' dir='ltr'>super</span> <span class='ocrx_word' id='word_1_141' title='bbox 831 2074 1038 2128; x_wconf 84' lang='lat' dir='ltr'>l&#39;unum</span> <span class='ocrx_word' id='word_1_142' title='bbox 1055 2075 1357 2127; x_wconf 84' lang='lat' dir='ltr'>extensum</span> <span class='ocrx_word' id='word_1_143' title='bbox 1381 2069 1682 2126; x_wconf 86' lang='lat' dir='ltr'>ambulare</span> <span class='ocrx_word' id='word_1_144' title='bbox 1697 2069 1872 2126; x_wconf 90' lang='lat' dir='ltr'>veluti</span> <span class='ocrx_word' id='word_1_145' title='bbox 1901 2089 1970 2127; x_wconf 89' lang='lat' dir='ltr'>su</span> <span class='ocrx_word' id='word_1_146' title='bbox 1977 2087 2080 2144; x_wconf 90' lang='lat' dir='ltr'>pcr</span> 
     </span>
    </p>
   </div>
   <div class='ocr_carea' id='block_1_22' title="bbox 433 2159 2081 2237">
    <p class='ocr_par' dir='ltr' id='par_1_22' title="bbox 433 2159 2081 2237">
     <span class='ocr_line' id='line_1_22' title="bbox 433 2159 2081 2237; baseline -0.004 -15"><span class='ocrx_word' id='word_1_147' title='bbox 433 2163 654 2237; x_wconf 65' lang='lat' dir='ltr'>aequale</span> <span class='ocrx_word' id='word_1_148' title='bbox 675 2161 956 2231; x_wconf 89' lang='lat' dir='ltr'>solum,et</span> <span class='ocrx_word' id='word_1_149' title='bbox 987 2177 1221 2215; x_wconf 86' lang='lat' dir='ltr'>rursum</span> <span class='ocrx_word' id='word_1_150' title='bbox 1253 2159 1652 2215; x_wconf 80' lang='lat' dir='ltr'>ambulantem</span> <span class='ocrx_word' id='word_1_151' title='bbox 1697 2160 1916 2228; x_wconf 83' lang='lat' dir='ltr'>vestiri,</span> <span class='ocrx_word' id='word_1_152' title='bbox 1951 2178 2081 2233; x_wconf 88' lang='lat' dir='ltr'>spo-</span> 
     </span>
    </p>
   </div>
   <div class='ocr_carea' id='block_1_23' title="bbox 433 2248 2075 2324">
    <p class='ocr_par' dir='ltr' id='par_1_23' title="bbox 433 2248 2075 2324">
     <span class='ocr_line' id='line_1_23' title="bbox 433 2248 2075 2324; baseline -0.004 -14"><span class='ocrx_word' id='word_1_153' title='bbox 433 2253 586 2319; x_wconf 77' lang='lat' dir='ltr'>liari,</span> <span class='ocrx_word' id='word_1_154' title='bbox 616 2258 900 2324; x_wconf 79' lang='lat' dir='ltr'>tanquam</span> <span class='ocrx_word' id='word_1_155' title='bbox 943 2249 1004 2304; x_wconf 90' lang='lat' dir='ltr'>in</span> <span class='ocrx_word' id='word_1_156' title='bbox 1059 2249 1204 2304; x_wconf 84' lang='lat' dir='ltr'>lecto</span> <span class='ocrx_word' id='word_1_157' title='bbox 1252 2249 1492 2304; x_wconf 83' lang='lat' dir='ltr'>sedeat?</span> <span class='ocrx_word' id='word_1_158' title='bbox 1524 2250 1723 2303; x_wconf 87' lang='lat' dir='ltr'>Nonne</span> <span class='ocrx_word' id='word_1_159' title='bbox 1772 2248 2075 2317; x_wconf 79' lang='lat' dir='ltr'>mirabilis,</span> 
     </span>
    </p>
   </div>
   <div class='ocr_carea' id='block_1_24' title="bbox 436 2337 2077 2404">
    <p class='ocr_par' dir='ltr' id='par_1_24' title="bbox 436 2337 2077 2404">
     <span class='ocr_line' id='line_1_24' title="bbox 436 2337 2077 2404; baseline -0.003 -7"><span class='ocrx_word' id='word_1_160' title='bbox 436 2341 608 2404; x_wconf 83' lang='lat' dir='ltr'>nobis</span> <span class='ocrx_word' id='word_1_161' title='bbox 633 2340 751 2397; x_wconf 87' lang='lat' dir='ltr'>ista</span> <span class='ocrx_word' id='word_1_162' title='bbox 781 2355 873 2394; x_wconf 84' lang='lat' dir='ltr'>res</span> <span class='ocrx_word' id='word_1_163' title='bbox 911 2355 1038 2394; x_wconf 84' lang='lat' dir='ltr'>esse</span> <span class='ocrx_word' id='word_1_164' title='bbox 1082 2337 1329 2404; x_wconf 86' lang='lat' dir='ltr'>videtur,</span> <span class='ocrx_word' id='word_1_165' title='bbox 1361 2341 1417 2392; x_wconf 88' lang='lat' dir='ltr'>et</span> <span class='ocrx_word' id='word_1_166' title='bbox 1466 2337 1744 2393; x_wconf 82' lang='lat' dir='ltr'>terribilis</span> <span class='ocrx_word' id='word_1_167' title='bbox 1792 2343 1857 2393; x_wconf 90' lang='lat' dir='ltr'>ut</span> <span class='ocrx_word' id='word_1_168' title='bbox 1903 2339 2077 2394; x_wconf 86' lang='lat' dir='ltr'>etiam</span> 
     </span>
    </p>
   </div>
   <div class='ocr_carea' id='block_1_25' title="bbox 435 2426 2078 2496">
    <p class='ocr_par' dir='ltr' id='par_1_25' title="bbox 435 2426 2078 2496">
     <span class='ocr_line' id='line_1_25' title="bbox 435 2426 2078 2496; baseline -0.003 -9"><span class='ocrx_word' id='word_1_169' title='bbox 435 2429 630 2491; x_wconf 83' lang='lat' dir='ltr'>videre</span> <span class='ocrx_word' id='word_1_170' title='bbox 677 2427 954 2496; x_wconf 89' lang='lat' dir='ltr'>nolimus,</span> <span class='ocrx_word' id='word_1_171' title='bbox 1005 2427 1106 2483; x_wconf 88' lang='lat' dir='ltr'>sed</span> <span class='ocrx_word' id='word_1_172' title='bbox 1155 2426 1469 2482; x_wconf 85' lang='lat' dir='ltr'>timeamus</span> <span class='ocrx_word' id='word_1_173' title='bbox 1525 2431 1583 2481; x_wconf 91' lang='lat' dir='ltr'>et</span> <span class='ocrx_word' id='word_1_174' title='bbox 1636 2431 1958 2483; x_wconf 82' lang='lat' dir='ltr'>tremamus</span> <span class='ocrx_word' id='word_1_175' title='bbox 2007 2428 2078 2483; x_wconf 88' lang='lat' dir='ltr'>ad</span> 
     </span>
    </p>
   </div>
   <div class='ocr_carea' id='block_1_26' title="bbox 437 2515 2078 2593">
    <p class='ocr_par' dir='ltr' id='par_1_26' title="bbox 437 2515 2078 2593">
     <span class='ocr_line' id='line_1_26' title="bbox 437 2515 2078 2593; baseline -0.003 -18"><span class='ocrx_word' id='word_1_176' title='bbox 437 2519 636 2593; x_wconf 85' lang='lat' dir='ltr'>ipsum</span> <span class='ocrx_word' id='word_1_177' title='bbox 685 2517 1028 2590; x_wconf 84' lang='lat' dir='ltr'>aspectum?</span> <span class='ocrx_word' id='word_1_178' title='bbox 1057 2515 1204 2582; x_wconf 84' lang='lat' dir='ltr'>Quid</span> <span class='ocrx_word' id='word_1_179' title='bbox 1253 2519 1448 2571; x_wconf 88' lang='lat' dir='ltr'>autem</span> <span class='ocrx_word' id='word_1_180' title='bbox 1499 2515 1753 2587; x_wconf 78' lang='lat' dir='ltr'>gravius,</span> <span class='ocrx_word' id='word_1_181' title='bbox 1786 2515 1878 2572; x_wconf 89' lang='lat' dir='ltr'>dic</span> <span class='ocrx_word' id='word_1_182' title='bbox 1911 2517 2078 2584; x_wconf 89' lang='lat' dir='ltr'>mihi,</span> 
     </span>
    </p>
   </div>
   <div class='ocr_carea' id='block_1_27' title="bbox 437 2603 2081 2680">
    <p class='ocr_par' dir='ltr' id='par_1_27' title="bbox 437 2603 2081 2680">
     <span class='ocr_line' id='line_1_27' title="bbox 437 2603 2081 2680; baseline -0.002 -16"><span class='ocrx_word' id='word_1_183' title='bbox 437 2621 616 2680; x_wconf 86' lang='lat' dir='ltr'>quam</span> <span class='ocrx_word' id='word_1_184' title='bbox 644 2605 1001 2679; x_wconf 79' lang='lat' dir='ltr'>profundum</span> <span class='ocrx_word' id='word_1_185' title='bbox 1033 2603 1220 2676; x_wconf 85' lang='lat' dir='ltr'>pelagi</span> <span class='ocrx_word' id='word_1_186' title='bbox 1249 2603 1517 2670; x_wconf 85' lang='lat' dir='ltr'>scrutari,</span> <span class='ocrx_word' id='word_1_187' title='bbox 1551 2609 1608 2660; x_wconf 88' lang='lat' dir='ltr'>et</span> <span class='ocrx_word' id='word_1_188' title='bbox 1647 2605 1846 2660; x_wconf 84' lang='lat' dir='ltr'>decem</span> <span class='ocrx_word' id='word_1_189' title='bbox 1897 2605 2081 2662; x_wconf 83' lang='lat' dir='ltr'>millia</span> 
     </span>
    </p>
   </div>
   <div class='ocr_carea' id='block_1_28' title="bbox 438 2691 2079 2766">
    <p class='ocr_par' dir='ltr' id='par_1_28' title="bbox 438 2691 2079 2766">
     <span class='ocr_line' id='line_1_28' title="bbox 438 2691 2079 2766; baseline -0.001 -14"><span class='ocrx_word' id='word_1_190' title='bbox 438 2694 583 2754; x_wconf 87' lang='lat' dir='ltr'>alias</span> <span class='ocrx_word' id='word_1_191' title='bbox 611 2699 766 2752; x_wconf 82' lang='lat' dir='ltr'>artes</span> <span class='ocrx_word' id='word_1_192' title='bbox 795 2693 928 2766; x_wconf 83' lang='lat' dir='ltr'>quis</span> <span class='ocrx_word' id='word_1_193' title='bbox 958 2693 1148 2749; x_wconf 81' lang='lat' dir='ltr'>dicere</span> <span class='ocrx_word' id='word_1_194' title='bbox 1175 2691 1393 2763; x_wconf 80' lang='lat' dir='ltr'>possit?</span> <span class='ocrx_word' id='word_1_195' title='bbox 1423 2691 1482 2748; x_wconf 91' lang='lat' dir='ltr'>Si</span> <span class='ocrx_word' id='word_1_196' title='bbox 1515 2693 1776 2748; x_wconf 88' lang='lat' dir='ltr'>omnium</span> <span class='ocrx_word' id='word_1_197' title='bbox 1829 2694 2079 2751; x_wconf 84' lang='lat' dir='ltr'>istarum</span> 
     </span>
    </p>
   </div>
   <div class='ocr_carea' id='block_1_29' title="bbox 436 2781 2084 2850">
    <p class='ocr_par' dir='ltr' id='par_1_29' title="bbox 436 2781 2084 2850">
     <span class='ocr_line' id='line_1_29' title="bbox 436 2781 2084 2850; baseline 0 -10"><span class='ocrx_word' id='word_1_198' title='bbox 436 2783 665 2844; x_wconf 79' lang='lat' dir='ltr'>facilior</span> <span class='ocrx_word' id='word_1_199' title='bbox 691 2787 784 2840; x_wconf 88' lang='lat' dir='ltr'>est</span> <span class='ocrx_word' id='word_1_200' title='bbox 811 2783 1081 2850; x_wconf 90' lang='lat' dir='ltr'>virtus,si</span> <span class='ocrx_word' id='word_1_201' title='bbox 1100 2781 1454 2837; x_wconf 84' lang='lat' dir='ltr'>voluerimus</span> <span class='ocrx_word' id='word_1_202' title='bbox 1472 2787 1528 2836; x_wconf 88' lang='lat' dir='ltr'>et</span> <span class='ocrx_word' id='word_1_203' title='bbox 1551 2781 1609 2836; x_wconf 89' lang='lat' dir='ltr'>in</span> <span class='ocrx_word' id='word_1_204' title='bbox 1641 2781 1851 2838; x_wconf 77' lang='lat' dir='ltr'>coelum</span> <span class='ocrx_word' id='word_1_205' title='bbox 1887 2801 2084 2840; x_wconf 88' lang='lat' dir='ltr'>ascen-</span> 
     </span>
    </p>
   </div>
   <div class='ocr_carea' id='block_1_30' title="bbox 436 2870 2083 2943">
    <p class='ocr_par' dir='ltr' id='par_1_30' title="bbox 436 2870 2083 2943">
     <span class='ocr_line' id='line_1_30' title="bbox 436 2870 2083 2943; baseline -0.001 -13"><span class='ocrx_word' id='word_1_206' title='bbox 436 2874 591 2934; x_wconf 85' lang='lat' dir='ltr'>dere.</span> <span class='ocrx_word' id='word_1_207' title='bbox 621 2872 779 2929; x_wconf 83' lang='lat' dir='ltr'>Velle</span> <span class='ocrx_word' id='word_1_208' title='bbox 821 2871 977 2927; x_wconf 91' lang='lat' dir='ltr'>enim</span> <span class='ocrx_word' id='word_1_209' title='bbox 1025 2887 1173 2943; x_wconf 90' lang='lat' dir='ltr'>opus</span> <span class='ocrx_word' id='word_1_210' title='bbox 1215 2875 1304 2925; x_wconf 92' lang='lat' dir='ltr'>est</span> <span class='ocrx_word' id='word_1_211' title='bbox 1352 2870 1447 2925; x_wconf 88' lang='lat' dir='ltr'>hic</span> <span class='ocrx_word' id='word_1_212' title='bbox 1494 2874 1744 2940; x_wconf 89' lang='lat' dir='ltr'>tantum,</span> <span class='ocrx_word' id='word_1_213' title='bbox 1779 2875 1836 2927; x_wconf 91' lang='lat' dir='ltr'>et</span> <span class='ocrx_word' id='word_1_214' title='bbox 1884 2873 2083 2930; x_wconf 88' lang='lat' dir='ltr'>omnia</span> 
     </span>
    </p>
   </div>
   <div class='ocr_carea' id='block_1_31' title="bbox 435 2959 2077 3036">
    <p class='ocr_par' dir='ltr' id='par_1_31' title="bbox 435 2959 2077 3036">
     <span class='ocr_line' id='line_1_31' title="bbox 435 2959 2077 3036; baseline -0.002 -16"><span class='ocrx_word' id='word_1_215' title='bbox 435 2965 786 3036; x_wconf 81' lang='lat' dir='ltr'>sequuntur.</span> <span class='ocrx_word' id='word_1_216' title='bbox 822 2961 948 3016; x_wconf 90' lang='lat' dir='ltr'>Non</span> <span class='ocrx_word' id='word_1_217' title='bbox 979 2964 1143 3033; x_wconf 86' lang='lat' dir='ltr'>potes</span> <span class='ocrx_word' id='word_1_218' title='bbox 1175 2959 1330 3015; x_wconf 90' lang='lat' dir='ltr'>enim</span> <span class='ocrx_word' id='word_1_219' title='bbox 1361 2959 1552 3014; x_wconf 87' lang='lat' dir='ltr'>dicere</span> <span class='ocrx_word' id='word_1_220' title='bbox 1588 2976 1600 3016; x_wconf 92' lang='lat'>:</span> <span class='ocrx_word' id='word_1_221' title='bbox 1637 2960 1760 3015; x_wconf 93' lang='lat' dir='ltr'>Non</span> <span class='ocrx_word' id='word_1_222' title='bbox 1813 2978 2077 3034; x_wconf 87' lang='lat' dir='ltr'>possum,</span> 
     </span>
    </p>
   </div>
   <div class='ocr_carea' id='block_1_32' title="bbox 434 3047 2080 3125">
    <p class='ocr_par' dir='ltr' id='par_1_32' title="bbox 434 3047 2080 3125">
     <span class='ocr_line' id='line_1_32' title="bbox 434 3047 2080 3125; baseline -0.003 -15"><span class='ocrx_word' id='word_1_223' title='bbox 434 3067 622 3125; x_wconf 87' lang='lat' dir='ltr'>neque</span> <span class='ocrx_word' id='word_1_224' title='bbox 646 3067 922 3108; x_wconf 89' lang='lat' dir='ltr'>accusare</span> <span class='ocrx_word' id='word_1_225' title='bbox 951 3054 1116 3122; x_wconf 87' lang='lat' dir='ltr'>potes</span> <span class='ocrx_word' id='word_1_226' title='bbox 1155 3047 1543 3104; x_wconf 88' lang='lat' dir='ltr'>Conditorem.</span> <span class='ocrx_word' id='word_1_227' title='bbox 1582 3049 1640 3104; x_wconf 89' lang='lat' dir='ltr'>Si</span> <span class='ocrx_word' id='word_1_228' title='bbox 1672 3048 1827 3104; x_wconf 93' lang='lat' dir='ltr'>enim</span> <span class='ocrx_word' id='word_1_229' title='bbox 1862 3050 2080 3122; x_wconf 88' lang='lat' dir='ltr'>impos-</span> 
     </span>
    </p>
   </div>
   <div class='ocr_carea' id='block_1_33' title="bbox 432 3137 2076 3210">
    <p class='ocr_par' dir='ltr' id='par_1_33' title="bbox 432 3137 2076 3210">
     <span class='ocr_line' id='line_1_33' title="bbox 432 3137 2076 3210; baseline -0.001 -12"><span class='ocrx_word' id='word_1_230' title='bbox 432 3139 635 3204; x_wconf 79' lang='lat' dir='ltr'>sibiles</span> <span class='ocrx_word' id='word_1_231' title='bbox 665 3155 772 3196; x_wconf 88' lang='lat' dir='ltr'>nos</span> <span class='ocrx_word' id='word_1_232' title='bbox 801 3138 955 3208; x_wconf 81' lang='lat' dir='ltr'>fecit,</span> <span class='ocrx_word' id='word_1_233' title='bbox 975 3137 1776 3209; x_wconf 87' lang='lat' dir='ltr'>deindeimperat,accusatio</span> <span class='ocrx_word' id='word_1_234' title='bbox 1808 3139 1936 3210; x_wconf 84' lang='lat' dir='ltr'>ejus</span> <span class='ocrx_word' id='word_1_235' title='bbox 1967 3145 2076 3196; x_wconf 87' lang='lat' dir='ltr'>est.</span> 
     </span>
    </p>
   </div>
   <div class='ocr_carea' id='block_1_34' title="bbox 433 3225 2078 3299">
    <p class='ocr_par' dir='ltr' id='par_1_34' title="bbox 433 3225 2078 3299">
     <span class='ocr_line' id='line_1_34' title="bbox 433 3225 2078 3299; baseline -0.002 -12"><span class='ocrx_word' id='word_1_236' title='bbox 433 3228 732 3296; x_wconf 76' lang='lat' dir='ltr'>Quomodo</span> <span class='ocrx_word' id='word_1_237' title='bbox 753 3225 1310 3299; x_wconf 88' lang='lat' dir='ltr'>ergo,inquit,mu1ti</span> <span class='ocrx_word' id='word_1_238' title='bbox 1333 3243 1448 3281; x_wconf 91' lang='lat' dir='ltr'>non</span> <span class='ocrx_word' id='word_1_239' title='bbox 1473 3226 1754 3297; x_wconf 88' lang='lat' dir='ltr'>possunt?</span> <span class='ocrx_word' id='word_1_240' title='bbox 1779 3230 2078 3294; x_wconf 87' lang='lat' dir='ltr'>Quomodo</span> 
     </span>
    </p>
   </div>
   <div class='ocr_carea' id='block_1_35' title="bbox 432 3295 2151 3388">
    <p class='ocr_par' dir='ltr' id='par_1_35' title="bbox 432 3295 2151 3388">
     <span class='ocr_line' id='line_1_35' title="bbox 432 3295 2151 3388; baseline 0.001 -16"><span class='ocrx_word' id='word_1_241' title='bbox 432 3295 591 3388; x_wconf 81' lang='lat' dir='ltr'>ergo,</span> <span class='ocrx_word' id='word_1_242' title='bbox 624 3311 796 3370; x_wconf 90' lang='lat' dir='ltr'>multi</span> <span class='ocrx_word' id='word_1_243' title='bbox 821 3295 1052 3380; x_wconf 73' lang='lat' dir='ltr'>nolunt,</span> <span class='ocrx_word' id='word_1_244' title='bbox 1084 3311 1196 3367; x_wconf 92' lang='lat' dir='ltr'>dic.</span> <span class='ocrx_word' id='word_1_245' title='bbox 1222 3313 1282 3368; x_wconf 90' lang='lat' dir='ltr'>Si</span> <span class='ocrx_word' id='word_1_246' title='bbox 1330 3295 1489 3367; x_wconf 72' lang='lat' dir='ltr'>enini</span> <span class='ocrx_word' id='word_1_247' title='bbox 1529 3313 1836 3383; x_wconf 90' lang='lat' dir='ltr'>voluerint,</span> <span class='ocrx_word' id='word_1_248' title='bbox 1874 3334 2078 3374; x_wconf 86' lang='lat' dir='ltr'>omnes</span> <span class='ocrx_word' id='word_1_249' title='bbox 2107 3295 2151 3362; x_wconf 63' lang='grc' dir='ltr'>Ε</span> 
     </span>
    </p>
   </div>
   <div class='ocr_carea' id='block_1_36' title="bbox 433 3399 2078 3478">
    <p class='ocr_par' dir='ltr' id='par_1_36' title="bbox 433 3399 2078 3478">
     <span class='ocr_line' id='line_1_36' title="bbox 433 3399 2078 3478; baseline 0.002 -18"><span class='ocrx_word' id='word_1_250' title='bbox 433 3406 766 3478; x_wconf 84' lang='lat' dir='ltr'>potuerunt.</span> <span class='ocrx_word' id='word_1_251' title='bbox 783 3401 1022 3473; x_wconf 89' lang='lat' dir='ltr'>Propter</span> <span class='ocrx_word' id='word_1_252' title='bbox 1050 3400 1157 3455; x_wconf 92' lang='lat' dir='ltr'>hoc</span> <span class='ocrx_word' id='word_1_253' title='bbox 1187 3404 1242 3455; x_wconf 90' lang='lat' dir='ltr'>et</span> <span class='ocrx_word' id='word_1_254' title='bbox 1265 3399 1479 3456; x_wconf 89' lang='lat' dir='ltr'>Paulus</span> <span class='ocrx_word' id='word_1_255' title='bbox 1511 3401 1652 3458; x_wconf 88' lang='lat' dir='ltr'>dicit</span> <span class='ocrx_word' id='word_1_256' title='bbox 1686 3420 1697 3458; x_wconf 93' lang='lat'>:</span> <span class='ocrx_word' id='word_1_257' title='bbox 1736 3405 1858 3462; x_wconf 83' lang='lat' dir='ltr'>Volo</span> <span class='ocrx_word' id='word_1_258' title='bbox 1895 3422 2078 3464; x_wconf 81' lang='lat' dir='ltr'>omnes</span> 
     </span>
    </p>
   </div>
   <div class='ocr_carea' id='block_1_37' title="bbox 432 3491 2078 3568">
    <p class='ocr_par' dir='ltr' id='par_1_37' title="bbox 432 3491 2078 3568">
     <span class='ocr_line' id='line_1_37' title="bbox 432 3491 2078 3568; baseline 0.001 -17"><span class='ocrx_word' id='word_1_259' title='bbox 432 3493 681 3558; x_wconf 72' lang='lat' dir='ltr'>homines</span> <span class='ocrx_word' id='word_1_260' title='bbox 728 3507 842 3549; x_wconf 74' lang='lat' dir='ltr'>esse</span> <span class='ocrx_word' id='word_1_261' title='bbox 885 3492 1028 3547; x_wconf 78' lang='lat' dir='ltr'>sicut</span> <span class='ocrx_word' id='word_1_262' title='bbox 1062 3498 1112 3546; x_wconf 83' lang='lat' dir='ltr'>et</span> <span class='ocrx_word' id='word_1_263' title='bbox 1155 3491 1422 3562; x_wconf 81' lang='lat' dir='ltr'>meipsum</span> <span class='ocrx_word' id='word_1_264' title='bbox 1446 3493 1490 3563; x_wconf 91' lang='lat' dir='ltr'>(I</span> <span class='ocrx_word' id='word_1_265' title='bbox 1519 3496 1644 3550; x_wconf 87' lang='lat' dir='ltr'>Cor.</span> <span class='ocrx_word' id='word_1_266' title='bbox 1691 3509 1792 3563; x_wconf 84' lang='lat' dir='ltr'>vn,</span> <span class='ocrx_word' id='word_1_267' title='bbox 1837 3497 1914 3568; x_wconf 94' lang='lat'>7),</span> <span class='ocrx_word' id='word_1_268' title='bbox 1939 3513 2078 3568; x_wconf 91' lang='lat' dir='ltr'>quo-</span> 
     </span>
    </p>
   </div>
   <div class='ocr_carea' id='block_1_38' title="bbox 435 3579 2073 3658">
    <p class='ocr_par' dir='ltr' id='par_1_38' title="bbox 435 3579 2073 3658">
     <span class='ocr_line' id='line_1_38' title="bbox 435 3579 2073 3658; baseline 0.003 -20"><span class='ocrx_word' id='word_1_269' title='bbox 435 3582 594 3644; x_wconf 87' lang='lat' dir='ltr'>niam</span> <span class='ocrx_word' id='word_1_270' title='bbox 625 3580 846 3638; x_wconf 83' lang='lat' dir='ltr'>sciebat</span> <span class='ocrx_word' id='word_1_271' title='bbox 890 3579 1027 3652; x_wconf 90' lang='lat' dir='ltr'>quia</span> <span class='ocrx_word' id='word_1_272' title='bbox 1057 3597 1260 3636; x_wconf 90' lang='lat' dir='ltr'>omnes</span> <span class='ocrx_word' id='word_1_273' title='bbox 1289 3585 1557 3653; x_wconf 84' lang='lat' dir='ltr'>poterant</span> <span class='ocrx_word' id='word_1_274' title='bbox 1586 3599 1712 3638; x_wconf 89' lang='lat' dir='ltr'>esse</span> <span class='ocrx_word' id='word_1_275' title='bbox 1743 3584 1898 3639; x_wconf 89' lang='lat' dir='ltr'>sicut</span> <span class='ocrx_word' id='word_1_276' title='bbox 1927 3585 2073 3658; x_wconf 91' lang='lat' dir='ltr'>ipse.</span> 
     </span>
    </p>
   </div>
   <div class='ocr_carea' id='block_1_39' title="bbox 431 3668 2090 3744">
    <p class='ocr_par' dir='ltr' id='par_1_39' title="bbox 431 3668 2090 3744">
     <span class='ocr_line' id='line_1_39' title="bbox 431 3668 2090 3744; baseline 0 -15"><span class='ocrx_word' id='word_1_277' title='bbox 431 3671 814 3744; x_wconf 81' lang='lat' dir='ltr'>Nequaquam</span> <span class='ocrx_word' id='word_1_278' title='bbox 844 3669 997 3726; x_wconf 90' lang='lat' dir='ltr'>enim</span> <span class='ocrx_word' id='word_1_279' title='bbox 1032 3669 1139 3724; x_wconf 89' lang='lat' dir='ltr'>hoc</span> <span class='ocrx_word' id='word_1_280' title='bbox 1167 3668 1402 3740; x_wconf 85' lang='lat' dir='ltr'>diceret,</span> <span class='ocrx_word' id='word_1_281' title='bbox 1426 3671 1472 3724; x_wconf 93' lang='lat' dir='ltr'>si</span> <span class='ocrx_word' id='word_1_282' title='bbox 1508 3671 1869 3743; x_wconf 85' lang='lat' dir='ltr'>impossibile</span> <span class='ocrx_word' id='word_1_283' title='bbox 1898 3678 2090 3729; x_wconf 85' lang='lat' dir='ltr'>esset.‘</span> 
     </span>
    </p>
   </div>
   <div class='ocr_carea' id='block_1_40' title="bbox 430 3759 2074 3832">
    <p class='ocr_par' dir='ltr' id='par_1_40' title="bbox 430 3759 2074 3832">
     <span class='ocr_line' id='line_1_40' title="bbox 430 3759 2074 3832; baseline 0.002 -16"><span class='ocrx_word' id='word_1_284' title='bbox 430 3760 532 3821; x_wconf 79' lang='lat' dir='ltr'>Vis</span> <span class='ocrx_word' id='word_1_285' title='bbox 548 3759 672 3816; x_wconf 84' lang='lat' dir='ltr'>ﬁeri</span> <span class='ocrx_word' id='word_1_286' title='bbox 694 3777 707 3829; x_wconf 91' lang='lat'><strong>;</strong></span> <span class='ocrx_word' id='word_1_287' title='bbox 729 3759 1084 3832; x_wconf 84' lang='lat' dir='ltr'>principium</span> <span class='ocrx_word' id='word_1_288' title='bbox 1108 3763 1338 3814; x_wconf 86' lang='lat' dir='ltr'>tantum</span> <span class='ocrx_word' id='word_1_289' title='bbox 1355 3760 1854 3832; x_wconf 87' lang='lat' dir='ltr'>apprehende.Dic</span> <span class='ocrx_word' id='word_1_290' title='bbox 1877 3769 2074 3819; x_wconf 87' lang='lat' dir='ltr'>autem</span> 
     </span>
    </p>
   </div>
   <div class='ocr_carea' id='block_1_41' title="bbox 431 3847 2075 3918">
    <p class='ocr_par' dir='ltr' id='par_1_41' title="bbox 431 3847 2075 3918">
     <span class='ocr_line' id='line_1_41' title="bbox 431 3847 2075 3918; baseline 0.001 -11"><span class='ocrx_word' id='word_1_291' title='bbox 431 3850 599 3918; x_wconf 87' lang='lat' dir='ltr'>mihi,</span> <span class='ocrx_word' id='word_1_292' title='bbox 629 3849 688 3906; x_wconf 91' lang='lat' dir='ltr'>in</span> <span class='ocrx_word' id='word_1_293' title='bbox 739 3847 964 3906; x_wconf 88' lang='lat' dir='ltr'>artibus</span> <span class='ocrx_word' id='word_1_294' title='bbox 1012 3847 1260 3916; x_wconf 88' lang='lat' dir='ltr'>cunctis,</span> <span class='ocrx_word' id='word_1_295' title='bbox 1295 3866 1429 3903; x_wconf 91' lang='lat' dir='ltr'>cum</span> <span class='ocrx_word' id='word_1_296' title='bbox 1476 3848 1832 3906; x_wconf 76' lang='lat' dir='ltr'>voluerimus</span> <span class='ocrx_word' id='word_1_297' title='bbox 1881 3851 1940 3906; x_wconf 91' lang='lat' dir='ltr'>in</span> <span class='ocrx_word' id='word_1_298' title='bbox 1989 3853 2075 3909; x_wconf 90' lang='lat' dir='ltr'>eis</span> 
     </span>
    </p>
   </div>
   <div class='ocr_carea' id='block_1_42' title="bbox 429 3936 2072 4013">
    <p class='ocr_par' dir='ltr' id='par_1_42' title="bbox 429 3936 2072 4013">
     <span class='ocr_line' id='line_1_42' title="bbox 429 3936 2072 4013; baseline 0.001 -17"><span class='ocrx_word' id='word_1_299' title='bbox 429 3937 668 4013; x_wconf 74' lang='lat' dir='ltr'>perfecti</span> <span class='ocrx_word' id='word_1_300' title='bbox 723 3937 870 4005; x_wconf 72' lang='lat' dir='ltr'>fieri,</span> <span class='ocrx_word' id='word_1_301' title='bbox 903 3954 1018 3993; x_wconf 89' lang='lat' dir='ltr'>non</span> <span class='ocrx_word' id='word_1_302' title='bbox 1073 3937 1292 3992; x_wconf 79' lang='lat' dir='ltr'>sufficit</span> <span class='ocrx_word' id='word_1_303' title='bbox 1340 3937 1510 3992; x_wconf 91' lang='lat' dir='ltr'>nobis</span> <span class='ocrx_word' id='word_1_304' title='bbox 1567 3936 1730 4007; x_wconf 90' lang='lat' dir='ltr'>vello,</span> <span class='ocrx_word' id='word_1_305' title='bbox 1767 3957 1840 3995; x_wconf 91' lang='lat' dir='ltr'>an</span> <span class='ocrx_word' id='word_1_306' title='bbox 1897 3941 2072 3998; x_wconf 86' lang='lat' dir='ltr'>etiam</span> 
     </span>
    </p>
   </div>
   <div class='ocr_carea' id='block_1_43' title="bbox 429 4025 2071 4100">
    <p class='ocr_par' dir='ltr' id='par_1_43' title="bbox 429 4025 2071 4100">
     <span class='ocr_line' id='line_1_43' title="bbox 429 4025 2071 4100; baseline -0.001 -15"><span class='ocrx_word' id='word_1_307' title='bbox 429 4027 806 4100; x_wconf 73' lang='lat' dir='ltr'>aggredimur</span> <span class='ocrx_word' id='word_1_308' title='bbox 831 4025 990 4097; x_wconf 90' lang='lat' dir='ltr'>ipsas</span> <span class='ocrx_word' id='word_1_309' title='bbox 1022 4027 1160 4080; x_wconf 84' lang='lat' dir='ltr'>res?</span> <span class='ocrx_word' id='word_1_310' title='bbox 1189 4025 1380 4080; x_wconf 83' lang='lat' dir='ltr'>Veluti</span> <span class='ocrx_word' id='word_1_311' title='bbox 1403 4026 1558 4097; x_wconf 88' lang='lat' dir='ltr'>quod</span> <span class='ocrx_word' id='word_1_312' title='bbox 1589 4026 1718 4083; x_wconf 91' lang='lat' dir='ltr'>dico</span> <span class='ocrx_word' id='word_1_313' title='bbox 1753 4043 1765 4083; x_wconf 89' lang='lat'><strong>:</strong></span> <span class='ocrx_word' id='word_1_314' title='bbox 1800 4028 1937 4084; x_wconf 88' lang='lat' dir='ltr'>Vult</span> <span class='ocrx_word' id='word_1_315' title='bbox 1967 4029 2071 4084; x_wconf 90' lang='lat' dir='ltr'>ali-</span> 
     </span>
    </p>
   </div>
   <div class='ocr_carea' id='block_1_44' title="bbox 428 4113 2072 4188">
    <p class='ocr_par' dir='ltr' id='par_1_44' title="bbox 428 4113 2072 4188">
     <span class='ocr_line' id='line_1_44' title="bbox 428 4113 2072 4188; baseline 0.001 -17"><span class='ocrx_word' id='word_1_316' title='bbox 428 4115 562 4188; x_wconf 88' lang='lat' dir='ltr'>quis</span> <span class='ocrx_word' id='word_1_317' title='bbox 609 4113 734 4171; x_wconf 82' lang='lat' dir='ltr'>ﬁeri</span> <span class='ocrx_word' id='word_1_318' title='bbox 777 4114 1174 4187; x_wconf 84' lang='lat' dir='ltr'>gubernator:</span> <span class='ocrx_word' id='word_1_319' title='bbox 1211 4131 1326 4168; x_wconf 92' lang='lat' dir='ltr'>non</span> <span class='ocrx_word' id='word_1_320' title='bbox 1376 4113 1517 4169; x_wconf 90' lang='lat' dir='ltr'>dicit</span> <span class='ocrx_word' id='word_1_321' title='bbox 1565 4115 1726 4182; x_wconf 80' lang='lat' dir='ltr'>Volo,</span> <span class='ocrx_word' id='word_1_322' title='bbox 1759 4122 1816 4171; x_wconf 90' lang='lat' dir='ltr'>et</span> <span class='ocrx_word' id='word_1_323' title='bbox 1860 4117 1968 4172; x_wconf 92' lang='lat' dir='ltr'>hoc</span> <span class='ocrx_word' id='word_1_324' title='bbox 2020 4118 2072 4173; x_wconf 91' lang='lat' dir='ltr'>ei</span> 
     </span>
    </p>
   </div>
   <div class='ocr_carea' id='block_1_45' title="bbox 428 4201 2067 4274">
    <p class='ocr_par' dir='ltr' id='par_1_45' title="bbox 428 4201 2067 4274">
     <span class='ocr_line' id='line_1_45' title="bbox 428 4201 2067 4274; baseline 0.001 -14"><span class='ocrx_word' id='word_1_325' title='bbox 428 4203 666 4271; x_wconf 74' lang='lat' dir='ltr'>sufficit,</span> <span class='ocrx_word' id='word_1_326' title='bbox 696 4202 796 4258; x_wconf 89' lang='lat' dir='ltr'>sed</span> <span class='ocrx_word' id='word_1_327' title='bbox 828 4201 1005 4257; x_wconf 90' lang='lat' dir='ltr'>etiam</span> <span class='ocrx_word' id='word_1_328' title='bbox 1038 4217 1160 4255; x_wconf 88' lang='lat' dir='ltr'>rem</span> <span class='ocrx_word' id='word_1_329' title='bbox 1192 4201 1383 4274; x_wconf 86' lang='lat' dir='ltr'>ipsam</span> <span class='ocrx_word' id='word_1_330' title='bbox 1405 4203 1758 4274; x_wconf 86' lang='lat' dir='ltr'>aggreditur.</span> <span class='ocrx_word' id='word_1_331' title='bbox 1775 4205 1916 4260; x_wconf 86' lang='lat' dir='ltr'>Vult</span> <span class='ocrx_word' id='word_1_332' title='bbox 1945 4207 2067 4261; x_wconf 82' lang='lat' dir='ltr'>ﬁeri</span> 
     </span>
    </p>
   </div>
   <div class='ocr_carea' id='block_1_46' title="bbox 427 4289 2068 4365">
    <p class='ocr_par' dir='ltr' id='par_1_46' title="bbox 427 4289 2068 4365">
     <span class='ocr_line' id='line_1_46' title="bbox 427 4289 2068 4365; baseline 0.001 -16"><span class='ocrx_word' id='word_1_333' title='bbox 427 4291 754 4365; x_wconf 79' lang='lat' dir='ltr'>negotiator</span> <span class='ocrx_word' id='word_1_334' title='bbox 785 4307 798 4345; x_wconf 90' lang='lat'><strong>:</strong></span> <span class='ocrx_word' id='word_1_335' title='bbox 833 4307 949 4346; x_wconf 87' lang='lat' dir='ltr'>non</span> <span class='ocrx_word' id='word_1_336' title='bbox 981 4289 1124 4345; x_wconf 86' lang='lat' dir='ltr'>dicit</span> <span class='ocrx_word' id='word_1_337' title='bbox 1145 4290 1283 4346; x_wconf 88' lang='lat' dir='ltr'>Vole</span> <span class='ocrx_word' id='word_1_338' title='bbox 1315 4295 1569 4360; x_wconf 87' lang='lat' dir='ltr'>tantum,</span> <span class='ocrx_word' id='word_1_339' title='bbox 1594 4293 1695 4348; x_wconf 89' lang='lat' dir='ltr'>sed</span> <span class='ocrx_word' id='word_1_340' title='bbox 1727 4294 1901 4350; x_wconf 88' lang='lat' dir='ltr'>etiam</span> <span class='ocrx_word' id='word_1_341' title='bbox 1946 4312 2068 4351; x_wconf 89' lang='lat' dir='ltr'>rem</span> 
     </span>
    </p>
   </div>
   <div class='ocr_carea' id='block_1_47' title="bbox 427 4377 2067 4454">
    <p class='ocr_par' dir='ltr' id='par_1_47' title="bbox 427 4377 2067 4454">
     <span class='ocr_line' id='line_1_47' title="bbox 427 4377 2067 4454; baseline 0.001 -16"><span class='ocrx_word' id='word_1_342' title='bbox 427 4379 764 4454; x_wconf 78' lang='lat' dir='ltr'>aggreditur</span> <span class='ocrx_word' id='word_1_343' title='bbox 795 4395 809 4435; x_wconf 90' lang='lat'><strong>:</strong></span> <span class='ocrx_word' id='word_1_344' title='bbox 841 4384 899 4436; x_wconf 91' lang='lat' dir='ltr'>ct</span> <span class='ocrx_word' id='word_1_345' title='bbox 926 4377 1009 4436; x_wconf 90' lang='lat' dir='ltr'>sic</span> <span class='ocrx_word' id='word_1_346' title='bbox 1041 4379 1314 4436; x_wconf 84' lang='lat' dir='ltr'>omnibus</span> <span class='ocrx_word' id='word_1_347' title='bbox 1342 4397 1460 4436; x_wconf 91' lang='lat' dir='ltr'>non</span> <span class='ocrx_word' id='word_1_348' title='bbox 1491 4381 1709 4437; x_wconf 77' lang='lat' dir='ltr'>sufficit</span> <span class='ocrx_word' id='word_1_349' title='bbox 1746 4382 1891 4439; x_wconf 87' lang='lat' dir='ltr'>velle</span> <span class='ocrx_word' id='word_1_350' title='bbox 1941 4389 2067 4440; x_wconf 90' lang='lat' dir='ltr'>tan-</span> 
     </span>
    </p>
   </div>
   <div class='ocr_carea' id='block_1_48' title="bbox 427 4469 2070 4541">
    <p class='ocr_par' dir='ltr' id='par_1_48' title="bbox 427 4469 2070 4541">
     <span class='ocr_line' id='line_1_48' title="bbox 427 4469 2070 4541; baseline 0.002 -14"><span class='ocrx_word' id='word_1_351' title='bbox 427 4473 576 4536; x_wconf 85' lang='lat' dir='ltr'>tum.</span> <span class='ocrx_word' id='word_1_352' title='bbox 609 4469 710 4526; x_wconf 87' lang='lat' dir='ltr'>sed</span> <span class='ocrx_word' id='word_1_353' title='bbox 742 4469 916 4526; x_wconf 89' lang='lat' dir='ltr'>etiam</span> <span class='ocrx_word' id='word_1_354' title='bbox 946 4485 1093 4540; x_wconf 91' lang='lat' dir='ltr'>opus</span> <span class='ocrx_word' id='word_1_355' title='bbox 1123 4475 1348 4541; x_wconf 83' lang='lat' dir='ltr'>Oportet</span> <span class='ocrx_word' id='word_1_356' title='bbox 1379 4471 1610 4528; x_wconf 87' lang='lat' dir='ltr'>addere.</span> <span class='ocrx_word' id='word_1_357' title='bbox 1638 4471 1699 4527; x_wconf 96' lang='grc'>10</span> <span class='ocrx_word' id='word_1_358' title='bbox 1732 4471 1944 4529; x_wconf 87' lang='lat' dir='ltr'>coelum</span> <span class='ocrx_word' id='word_1_359' title='bbox 1973 4492 2070 4530; x_wconf 89' lang='lat' dir='ltr'>au-</span> 
     </span>
    </p>
   </div>
   <div class='ocr_carea' id='block_1_49' title="bbox 425 4555 2066 4628">
    <p class='ocr_par' dir='ltr' id='par_1_49' title="bbox 425 4555 2066 4628">
     <span class='ocr_line' id='line_1_49' title="bbox 425 4555 2066 4628; baseline 0.003 -14"><span class='ocrx_word' id='word_1_360' title='bbox 425 4562 542 4617; x_wconf 89' lang='lat' dir='ltr'>tem</span> <span class='ocrx_word' id='word_1_361' title='bbox 571 4555 770 4614; x_wconf 90' lang='lat' dir='ltr'>volens</span> <span class='ocrx_word' id='word_1_362' title='bbox 803 4558 1113 4614; x_wconf 89' lang='lat' dir='ltr'>ascendere</span> <span class='ocrx_word' id='word_1_363' title='bbox 1142 4559 1285 4614; x_wconf 89' lang='lat' dir='ltr'>dicit</span> <span class='ocrx_word' id='word_1_364' title='bbox 1311 4563 1541 4615; x_wconf 81' lang='lat' dir='ltr'>tantum</span> <span class='ocrx_word' id='word_1_365' title='bbox 1572 4560 1734 4616; x_wconf 77' lang='lat' dir='ltr'>Volo.</span> <span class='ocrx_word' id='word_1_366' title='bbox 1769 4564 2066 4628; x_wconf 89' lang='lat' dir='ltr'>Quomodo</span> 
     </span>
    </p>
   </div>
   <div class='ocr_carea' id='block_1_50' title="bbox 2191 648 3841 722">
    <p class='ocr_par' dir='ltr' id='par_1_50' title="bbox 2191 648 3841 722">
     <span class='ocr_line' id='line_1_50' title="bbox 2191 648 3841 722; baseline 0.002 -19"><span class='ocrx_word' id='word_1_367' title='bbox 2191 648 2472 721; x_wconf 76' lang='lat' dir='ltr'>valdeque</span> <span class='ocrx_word' id='word_1_368' title='bbox 2504 649 2855 718; x_wconf 86' lang='lat' dir='ltr'>miseranda,</span> <span class='ocrx_word' id='word_1_369' title='bbox 2889 648 3033 704; x_wconf 89' lang='lat' dir='ltr'>dicit</span> <span class='ocrx_word' id='word_1_370' title='bbox 3061 666 3217 706; x_wconf 92' lang='lat' dir='ltr'>nunc</span> <span class='ocrx_word' id='word_1_371' title='bbox 3263 654 3320 705; x_wconf 89' lang='lat' dir='ltr'>et</span> <span class='ocrx_word' id='word_1_372' title='bbox 3350 649 3560 706; x_wconf 89' lang='lat' dir='ltr'>decora</span> <span class='ocrx_word' id='word_1_373' title='bbox 3601 666 3673 706; x_wconf 86' lang='lat' dir='ltr'>ex</span> <span class='ocrx_word' id='word_1_374' title='bbox 3711 650 3841 722; x_wconf 79' lang='lat' dir='ltr'>ejus</span> 
     </span>
    </p>
   </div>
   <div class='ocr_carea' id='block_1_51' title="bbox 2194 737 3843 811">
    <p class='ocr_par' dir='ltr' id='par_1_51' title="bbox 2194 737 3843 811">
     <span class='ocr_line' id='line_1_51' title="bbox 2194 737 3843 811; baseline 0.001 -18"><span class='ocrx_word' id='word_1_375' title='bbox 2194 737 2586 793; x_wconf 88' lang='lat' dir='ltr'>sollicitudine</span> <span class='ocrx_word' id='word_1_376' title='bbox 2617 755 2791 810; x_wconf 89' lang='lat' dir='ltr'>quam</span> <span class='ocrx_word' id='word_1_377' title='bbox 2825 738 2896 793; x_wconf 90' lang='lat' dir='ltr'>de</span> <span class='ocrx_word' id='word_1_378' title='bbox 2926 737 3262 794; x_wconf 83' lang='lat' dir='ltr'>hominibus</span> <span class='ocrx_word' id='word_1_379' title='bbox 3289 737 3458 810; x_wconf 89' lang='lat' dir='ltr'>gerit.</span> <span class='ocrx_word' id='word_1_380' title='bbox 3473 739 3543 794; x_wconf 85' lang='lat' dir='ltr'>Et</span> <span class='ocrx_word' id='word_1_381' title='bbox 3571 737 3843 811; x_wconf 81' lang='lat' dir='ltr'>quamvis</span> 
     </span>
    </p>
   </div>
   <div class='ocr_carea' id='block_1_52' title="bbox 2193 825 3841 898">
    <p class='ocr_par' dir='ltr' id='par_1_52' title="bbox 2193 825 3841 898">
     <span class='ocr_line' id='line_1_52' title="bbox 2193 825 3841 898; baseline 0.001 -18"><span class='ocrx_word' id='word_1_382' title='bbox 2193 825 2338 881; x_wconf 91' lang='lat' dir='ltr'>illud</span> <span class='ocrx_word' id='word_1_383' title='bbox 2370 826 2695 882; x_wconf 84' lang='lat' dir='ltr'>universale</span> <span class='ocrx_word' id='word_1_384' title='bbox 2735 826 2812 882; x_wconf 88' lang='lat' dir='ltr'>sit</span> <span class='ocrx_word' id='word_1_385' title='bbox 2861 827 3015 898; x_wconf 93' lang='lat' dir='ltr'>quod</span> <span class='ocrx_word' id='word_1_386' title='bbox 3065 827 3264 882; x_wconf 90' lang='lat' dir='ltr'>omnia</span> <span class='ocrx_word' id='word_1_387' title='bbox 3291 826 3566 895; x_wconf 85' lang='lat' dir='ltr'>continet,</span> <span class='ocrx_word' id='word_1_388' title='bbox 3599 843 3841 882; x_wconf 87' lang='lat' dir='ltr'>verum-</span> 
     </span>
    </p>
   </div>
   <div class='ocr_carea' id='block_1_53' title="bbox 2191 914 3856 988">
    <p class='ocr_par' dir='ltr' id='par_1_53' title="bbox 2191 914 3856 988">
     <span class='ocr_line' id='line_1_53' title="bbox 2191 914 3856 988; baseline 0.001 -18"><span class='ocrx_word' id='word_1_389' title='bbox 2191 919 2387 971; x_wconf 89' lang='lat' dir='ltr'>tamen</span> <span class='ocrx_word' id='word_1_390' title='bbox 2421 915 2530 970; x_wconf 91' lang='lat' dir='ltr'>hoe</span> <span class='ocrx_word' id='word_1_391' title='bbox 2561 916 2746 972; x_wconf 89' lang='lat' dir='ltr'>multo</span> <span class='ocrx_word' id='word_1_392' title='bbox 2777 915 3030 988; x_wconf 89' lang='lat' dir='ltr'>amplius</span> <span class='ocrx_word' id='word_1_393' title='bbox 3060 919 3150 972; x_wconf 89' lang='lat' dir='ltr'>est</span> <span class='ocrx_word' id='word_1_394' title='bbox 3180 914 3526 983; x_wconf 87' lang='lat' dir='ltr'>universale,</span> <span class='ocrx_word' id='word_1_395' title='bbox 3560 919 3628 971; x_wconf 89' lang='lat' dir='ltr'>ut</span> <span class='ocrx_word' id='word_1_396' title='bbox 3653 932 3856 988; x_wconf 80' lang='lat' dir='ltr'>quan--</span> 
     </span>
    </p>
   </div>
   <div class='ocr_carea' id='block_1_54' title="bbox 2193 1004 3846 1076">
    <p class='ocr_par' dir='ltr' id='par_1_54' title="bbox 2193 1004 3846 1076">
     <span class='ocr_line' id='line_1_54' title="bbox 2193 1004 3846 1076; baseline 0.001 -17"><span class='ocrx_word' id='word_1_397' title='bbox 2193 1009 2320 1059; x_wconf 91' lang='lat' dir='ltr'>tum</span> <span class='ocrx_word' id='word_1_398' title='bbox 2353 1004 2411 1059; x_wconf 91' lang='lat' dir='ltr'>in</span> <span class='ocrx_word' id='word_1_399' title='bbox 2444 1005 2572 1076; x_wconf 91' lang='lat' dir='ltr'>ipso</span> <span class='ocrx_word' id='word_1_400' title='bbox 2603 1008 2692 1060; x_wconf 90' lang='lat' dir='ltr'>est</span> <span class='ocrx_word' id='word_1_401' title='bbox 2721 1021 2926 1061; x_wconf 91' lang='lat' dir='ltr'>omnes</span> <span class='ocrx_word' id='word_1_402' title='bbox 2941 1005 3363 1061; x_wconf 90' lang='lat' dir='ltr'>credant.Nam</span> <span class='ocrx_word' id='word_1_403' title='bbox 3387 1005 3562 1060; x_wconf 90' lang='lat' dir='ltr'>etiam</span> <span class='ocrx_word' id='word_1_404' title='bbox 3583 1004 3846 1062; x_wconf 79' lang='lat' dir='ltr'>Joannes</span> 
     </span>
    </p>
   </div>
   <div class='ocr_carea' id='block_1_55' title="bbox 2193 1093 3859 1166">
    <p class='ocr_par' dir='ltr' id='par_1_55' title="bbox 2193 1093 3859 1166">
     <span class='ocr_line' id='line_1_55' title="bbox 2193 1093 3859 1166; baseline 0.001 -18"><span class='ocrx_word' id='word_1_405' title='bbox 2193 1093 2362 1161; x_wconf 77' lang='lat' dir='ltr'>dicit;</span> <span class='ocrx_word' id='word_1_406' title='bbox 2392 1094 2506 1148; x_wconf 83' lang='lat' dir='ltr'>Vita</span> <span class='ocrx_word' id='word_1_407' title='bbox 2535 1101 2669 1148; x_wconf 84' lang='lat' dir='ltr'>erat.</span> <span class='ocrx_word' id='word_1_408' title='bbox 2703 1093 2813 1149; x_wconf 89' lang='lat' dir='ltr'>Sed</span> <span class='ocrx_word' id='word_1_409' title='bbox 2845 1099 2903 1149; x_wconf 89' lang='lat' dir='ltr'>et</span> <span class='ocrx_word' id='word_1_410' title='bbox 2931 1093 3354 1166; x_wconf 89' lang='lat' dir='ltr'>providentiam</span> <span class='ocrx_word' id='word_1_411' title='bbox 3388 1093 3516 1164; x_wconf 86' lang='lat' dir='ltr'>ejus</span> <span class='ocrx_word' id='word_1_412' title='bbox 3562 1093 3859 1150; x_wconf 53' lang='lat' dir='ltr'>manifest»</span> 
     </span>
    </p>
   </div>
   <div class='ocr_carea' id='block_1_56' title="bbox 2191 1181 3839 1256">
    <p class='ocr_par' dir='ltr' id='par_1_56' title="bbox 2191 1181 3839 1256">
     <span class='ocr_line' id='line_1_56' title="bbox 2191 1181 3839 1256; baseline 0.001 -20"><span class='ocrx_word' id='word_1_413' title='bbox 2191 1186 2326 1237; x_wconf 88' lang='lat' dir='ltr'>tans</span> <span class='ocrx_word' id='word_1_414' title='bbox 2354 1181 2568 1237; x_wconf 89' lang='lat' dir='ltr'>iterum</span> <span class='ocrx_word' id='word_1_415' title='bbox 2598 1181 2759 1252; x_wconf 87' lang='lat' dir='ltr'>dicit,</span> <span class='ocrx_word' id='word_1_416' title='bbox 2792 1183 3068 1254; x_wconf 91' lang='lat' dir='ltr'>quoniam</span> <span class='ocrx_word' id='word_1_417' title='bbox 3116 1181 3317 1238; x_wconf 91' lang='lat' dir='ltr'>lumen</span> <span class='ocrx_word' id='word_1_418' title='bbox 3361 1186 3468 1238; x_wconf 87' lang='lat' dir='ltr'>est.</span> <span class='ocrx_word' id='word_1_419' title='bbox 3500 1184 3608 1238; x_wconf 55' lang='lat' dir='ltr'>Per</span> <span class='ocrx_word' id='word_1_420' title='bbox 3636 1185 3839 1256; x_wconf 71' lang='lat' dir='ltr'>ipsum,</span> 
     </span>
    </p>
   </div>
   <div class='ocr_carea' id='block_1_57' title="bbox 2191 1269 3838 1343">
    <p class='ocr_par' dir='ltr' id='par_1_57' title="bbox 2191 1269 3838 1343">
     <span class='ocr_line' id='line_1_57' title="bbox 2191 1269 3838 1343; baseline 0.002 -19"><span class='ocrx_word' id='word_1_421' title='bbox 2191 1269 2402 1342; x_wconf 90' lang='lat' dir='ltr'>inquit,</span> <span class='ocrx_word' id='word_1_422' title='bbox 2420 1270 2827 1327; x_wconf 83' lang='lat' dir='ltr'>mundationem</span> <span class='ocrx_word' id='word_1_423' title='bbox 2871 1274 3081 1342; x_wconf 72' lang='lat' dir='ltr'>faciens</span> <span class='ocrx_word' id='word_1_424' title='bbox 3121 1278 3463 1343; x_wconf 84' lang='lat' dir='ltr'>peccatorum</span> <span class='ocrx_word' id='word_1_425' title='bbox 3505 1279 3838 1339; x_wconf 73' lang='lat' dir='ltr'>nostrorum,</span> 
     </span>
    </p>
   </div>
   <div class='ocr_carea' id='block_1_58' title="bbox 2191 1358 3836 1433">
    <p class='ocr_par' dir='ltr' id='par_1_58' title="bbox 2191 1358 3836 1433">
     <span class='ocr_line' id='line_1_58' title="bbox 2191 1358 3836 1433; baseline 0.002 -19"><span class='ocrx_word' id='word_1_426' title='bbox 2191 1361 2354 1415; x_wconf 87' lang='lat' dir='ltr'>sedet</span> <span class='ocrx_word' id='word_1_427' title='bbox 2382 1359 2441 1414; x_wconf 93' lang='lat' dir='ltr'>in</span> <span class='ocrx_word' id='word_1_428' title='bbox 2473 1359 2704 1416; x_wconf 76' lang='lat' dir='ltr'>daxtera</span> <span class='ocrx_word' id='word_1_429' title='bbox 2757 1358 3083 1432; x_wconf 91' lang='lat' dir='ltr'>majestatis</span> <span class='ocrx_word' id='word_1_430' title='bbox 3131 1359 3191 1414; x_wconf 90' lang='lat' dir='ltr'>in</span> <span class='ocrx_word' id='word_1_431' title='bbox 3225 1359 3488 1416; x_wconf 86' lang='lat' dir='ltr'>excelsis.</span> <span class='ocrx_word' id='word_1_432' title='bbox 3521 1360 3645 1417; x_wconf 89' lang='lat' dir='ltr'>Duo</span> <span class='ocrx_word' id='word_1_433' title='bbox 3677 1375 3836 1433; x_wconf 68' lang='lat' dir='ltr'>que-</span> 
     </span>
    </p>
   </div>
   <div class='ocr_carea' id='block_1_59' title="bbox 2191 1447 3836 1521">
    <p class='ocr_par' dir='ltr' id='par_1_59' title="bbox 2191 1447 3836 1521">
     <span class='ocr_line' id='line_1_59' title="bbox 2191 1447 3836 1521; baseline 0.003 -19"><span class='ocrx_word' id='word_1_434' title='bbox 2191 1448 2326 1504; x_wconf 91' lang='lat' dir='ltr'>dam</span> <span class='ocrx_word' id='word_1_435' title='bbox 2357 1448 2414 1502; x_wconf 91' lang='lat' dir='ltr'>in</span> <span class='ocrx_word' id='word_1_436' title='bbox 2446 1447 2554 1503; x_wconf 83' lang='lat' dir='ltr'>hoc</span> <span class='ocrx_word' id='word_1_437' title='bbox 2586 1447 2710 1504; x_wconf 90' lang='lat' dir='ltr'>loco</span> <span class='ocrx_word' id='word_1_438' title='bbox 2741 1447 3032 1520; x_wconf 84' lang='lat' dir='ltr'>signiﬁcat</span> <span class='ocrx_word' id='word_1_439' title='bbox 3077 1449 3320 1520; x_wconf 88' lang='lat' dir='ltr'>majora,</span> <span class='ocrx_word' id='word_1_440' title='bbox 3345 1448 3500 1521; x_wconf 89' lang='lat' dir='ltr'>quod</span> <span class='ocrx_word' id='word_1_441' title='bbox 3545 1448 3618 1505; x_wconf 91' lang='lat' dir='ltr'>de</span> <span class='ocrx_word' id='word_1_442' title='bbox 3664 1448 3836 1508; x_wconf 78' lang='lat' dir='ltr'>nobis</span> 
     </span>
    </p>
   </div>
   <div class='ocr_carea' id='block_1_60' title="bbox 2191 1535 3832 1609">
    <p class='ocr_par' dir='ltr' id='par_1_60' title="bbox 2191 1535 3832 1609">
     <span class='ocr_line' id='line_1_60' title="bbox 2191 1535 3832 1609; baseline 0.002 -19"><span class='ocrx_word' id='word_1_443' title='bbox 2191 1551 2390 1592; x_wconf 91' lang='lat' dir='ltr'>curam</span> <span class='ocrx_word' id='word_1_444' title='bbox 2423 1535 2588 1608; x_wconf 90' lang='lat' dir='ltr'>gerit,</span> <span class='ocrx_word' id='word_1_445' title='bbox 2621 1536 2708 1592; x_wconf 89' lang='lat' dir='ltr'>vel</span> <span class='ocrx_word' id='word_1_446' title='bbox 2740 1537 2895 1608; x_wconf 91' lang='lat' dir='ltr'>quod</span> <span class='ocrx_word' id='word_1_447' title='bbox 2936 1541 3172 1609; x_wconf 87' lang='lat' dir='ltr'>peccata</span> <span class='ocrx_word' id='word_1_448' title='bbox 3200 1541 3400 1594; x_wconf 89' lang='lat' dir='ltr'>nostra</span> <span class='ocrx_word' id='word_1_449' title='bbox 3441 1537 3832 1606; x_wconf 82' lang='lat' dir='ltr'>mandaverit,</span> 
     </span>
    </p>
   </div>
   <div class='ocr_carea' id='block_1_61' title="bbox 2190 1625 3842 1699">
    <p class='ocr_par' dir='ltr' id='par_1_61' title="bbox 2190 1625 3842 1699">
     <span class='ocr_line' id='line_1_61' title="bbox 2190 1625 3842 1699; baseline 0.002 -19"><span class='ocrx_word' id='word_1_450' title='bbox 2190 1629 2248 1680; x_wconf 90' lang='lat' dir='ltr'>et</span> <span class='ocrx_word' id='word_1_451' title='bbox 2277 1625 2553 1697; x_wconf 89' lang='lat' dir='ltr'>quoniam</span> <span class='ocrx_word' id='word_1_452' title='bbox 2586 1642 2688 1696; x_wconf 91' lang='lat' dir='ltr'>per</span> <span class='ocrx_word' id='word_1_453' title='bbox 2716 1625 2976 1697; x_wconf 85' lang='lat' dir='ltr'>seipsum</span> <span class='ocrx_word' id='word_1_454' title='bbox 3009 1625 3118 1682; x_wconf 86' lang='lat' dir='ltr'>hoc</span> <span class='ocrx_word' id='word_1_455' title='bbox 3148 1642 3296 1698; x_wconf 88' lang='lat' dir='ltr'>opus</span> <span class='ocrx_word' id='word_1_456' title='bbox 3319 1625 3665 1699; x_wconf 87' lang='lat' dir='ltr'>impleverit.</span> <span class='ocrx_word' id='word_1_457' title='bbox 3689 1627 3760 1684; x_wconf 85' lang='lat' dir='ltr'>Et</span> <span class='ocrx_word' id='word_1_458' title='bbox 3779 1627 3842 1684; x_wconf 87' lang='lat' dir='ltr'>in</span> 
     </span>
    </p>
   </div>
   <div class='ocr_carea' id='block_1_62' title="bbox 2191 1712 3839 1789">
    <p class='ocr_par' dir='ltr' id='par_1_62' title="bbox 2191 1712 3839 1789">
     <span class='ocr_line' id='line_1_62' title="bbox 2191 1712 3839 1789; baseline 0.003 -21"><span class='ocrx_word' id='word_1_459' title='bbox 2191 1712 2395 1768; x_wconf 89' lang='lat' dir='ltr'>multis</span> <span class='ocrx_word' id='word_1_460' title='bbox 2421 1713 2564 1768; x_wconf 90' lang='lat' dir='ltr'>locis</span> <span class='ocrx_word' id='word_1_461' title='bbox 2596 1713 2853 1769; x_wconf 89' lang='lat' dir='ltr'>invenies</span> <span class='ocrx_word' id='word_1_462' title='bbox 2885 1731 3017 1770; x_wconf 91' lang='lat' dir='ltr'>eum</span> <span class='ocrx_word' id='word_1_463' title='bbox 3048 1713 3107 1768; x_wconf 92' lang='lat' dir='ltr'>in</span> <span class='ocrx_word' id='word_1_464' title='bbox 3139 1715 3249 1770; x_wconf 88' lang='lat' dir='ltr'>hoc</span> <span class='ocrx_word' id='word_1_465' title='bbox 3293 1715 3545 1771; x_wconf 85' lang='lat' dir='ltr'>maxime</span> <span class='ocrx_word' id='word_1_466' title='bbox 3576 1714 3839 1789; x_wconf 82' lang='lat' dir='ltr'>gloriari,</span> 
     </span>
    </p>
   </div>
   <div class='ocr_carea' id='block_1_63' title="bbox 2190 1802 3840 1875">
    <p class='ocr_par' dir='ltr' id='par_1_63' title="bbox 2190 1802 3840 1875">
     <span class='ocr_line' id='line_1_63' title="bbox 2190 1802 3840 1875; baseline 0.002 -17"><span class='ocrx_word' id='word_1_467' title='bbox 2190 1821 2306 1859; x_wconf 91' lang='lat' dir='ltr'>non</span> <span class='ocrx_word' id='word_1_468' title='bbox 2337 1802 2528 1859; x_wconf 90' lang='lat' dir='ltr'>solum</span> <span class='ocrx_word' id='word_1_469' title='bbox 2561 1802 2838 1875; x_wconf 90' lang='lat' dir='ltr'>quoniam</span> <span class='ocrx_word' id='word_1_470' title='bbox 2870 1803 3131 1860; x_wconf 91' lang='lat' dir='ltr'>conversi</span> <span class='ocrx_word' id='word_1_471' title='bbox 3163 1821 3370 1860; x_wconf 90' lang='lat' dir='ltr'>sumus</span> <span class='ocrx_word' id='word_1_472' title='bbox 3401 1804 3474 1860; x_wconf 90' lang='lat' dir='ltr'>ad</span> <span class='ocrx_word' id='word_1_473' title='bbox 3505 1803 3714 1872; x_wconf 89' lang='lat' dir='ltr'>Deum,</span> <span class='ocrx_word' id='word_1_474' title='bbox 3737 1805 3840 1862; x_wconf 86' lang='lat' dir='ltr'>sed</span> 
     </span>
    </p>
   </div>
   <div class='ocr_carea' id='block_1_64' title="bbox 2188 1891 3838 1964">
    <p class='ocr_par' dir='ltr' id='par_1_64' title="bbox 2188 1891 3838 1964">
     <span class='ocr_line' id='line_1_64' title="bbox 2188 1891 3838 1964; baseline 0.001 -16"><span class='ocrx_word' id='word_1_475' title='bbox 2188 1893 2363 1948; x_wconf 90' lang='lat' dir='ltr'>etiam</span> <span class='ocrx_word' id='word_1_476' title='bbox 2387 1891 2445 1946; x_wconf 92' lang='lat' dir='ltr'>in</span> <span class='ocrx_word' id='word_1_477' title='bbox 2477 1909 2542 1947; x_wconf 89' lang='lat' dir='ltr'>eo</span> <span class='ocrx_word' id='word_1_478' title='bbox 2563 1893 2716 1964; x_wconf 92' lang='lat' dir='ltr'>quod</span> <span class='ocrx_word' id='word_1_479' title='bbox 2742 1909 2844 1964; x_wconf 91' lang='lat' dir='ltr'>per</span> <span class='ocrx_word' id='word_1_480' title='bbox 2864 1892 3074 1948; x_wconf 83' lang='lat' dir='ltr'>Filium</span> <span class='ocrx_word' id='word_1_481' title='bbox 3105 1893 3280 1949; x_wconf 80' lang='lat' dir='ltr'>fuerit</span> <span class='ocrx_word' id='word_1_482' title='bbox 3309 1892 3467 1949; x_wconf 87' lang='lat' dir='ltr'>istud</span> <span class='ocrx_word' id='word_1_483' title='bbox 3489 1893 3782 1950; x_wconf 75' lang='lat' dir='ltr'>effectum.</span> <span class='ocrx_word' id='word_1_484' title='bbox 3809 1917 3838 1944; x_wconf 77' lang='grc' dir='ltr'>»ι</span> 
     </span>
    </p>
   </div>
   <div class='ocr_carea' id='block_1_65' title="bbox 2257 1979 3838 2056">
    <p class='ocr_par' dir='ltr' id='par_1_65' title="bbox 2257 1979 3838 2056">
     <span class='ocr_line' id='line_1_65' title="bbox 2257 1979 3838 2056; baseline 0.003 -20"><span class='ocrx_word' id='word_1_485' title='bbox 2257 1981 2324 2036; x_wconf 84' lang='grc' dir='ltr'>Ε1</span> <span class='ocrx_word' id='word_1_486' title='bbox 2355 1981 2494 2035; x_wconf 89' lang='lat' dir='ltr'>item</span> <span class='ocrx_word' id='word_1_487' title='bbox 2530 1998 2542 2035; x_wconf 94' lang='lat'><strong>:</strong></span> <span class='ocrx_word' id='word_1_488' title='bbox 2580 2005 2607 2031; x_wconf 86' lang='grc'>‹‹</span> <span class='ocrx_word' id='word_1_489' title='bbox 2638 1979 2872 2036; x_wconf 83' lang='lat' dir='ltr'>Nullam</span> <span class='ocrx_word' id='word_1_490' title='bbox 2905 1987 3100 2038; x_wconf 89' lang='lat' dir='ltr'>autem</span> <span class='ocrx_word' id='word_1_491' title='bbox 3131 1981 3594 2038; x_wconf 89' lang='lat' dir='ltr'>imbecillitatem</span> <span class='ocrx_word' id='word_1_492' title='bbox 3615 1981 3838 2056; x_wconf 87' lang='lat' dir='ltr'>aliquid</span> 
     </span>
    </p>
   </div>
   <div class='ocr_carea' id='block_1_66' title="bbox 2188 2069 3839 2144">
    <p class='ocr_par' dir='ltr' id='par_1_66' title="bbox 2188 2069 3839 2144">
     <span class='ocr_line' id='line_1_66' title="bbox 2188 2069 3839 2144; baseline 0.002 -18"><span class='ocrx_word' id='word_1_493' title='bbox 2188 2070 2438 2126; x_wconf 89' lang='lat' dir='ltr'>arbitror</span> <span class='ocrx_word' id='word_1_494' title='bbox 2463 2087 2529 2125; x_wconf 90' lang='lat' dir='ltr'>eo</span> <span class='ocrx_word' id='word_1_495' title='bbox 2551 2071 2706 2142; x_wconf 88' lang='lat' dir='ltr'>quod</span> <span class='ocrx_word' id='word_1_496' title='bbox 2729 2069 2874 2126; x_wconf 81' lang='lat' dir='ltr'>dixit</span> <span class='ocrx_word' id='word_1_497' title='bbox 2897 2071 3126 2126; x_wconf 87' lang='lat' dir='ltr'>Patrem</span> <span class='ocrx_word' id='word_1_498' title='bbox 3147 2071 3593 2144; x_wconf 87' lang='lat' dir='ltr'>indignaturum</span> <span class='ocrx_word' id='word_1_499' title='bbox 3617 2088 3723 2144; x_wconf 89' lang='lat' dir='ltr'>pro</span> <span class='ocrx_word' id='word_1_500' title='bbox 3744 2072 3839 2130; x_wconf 85' lang='lat' dir='ltr'>his</span> 
     </span>
    </p>
   </div>
   <div class='ocr_carea' id='block_1_67' title="bbox 2189 2159 3840 2232">
    <p class='ocr_par' dir='ltr' id='par_1_67' title="bbox 2189 2159 3840 2232">
     <span class='ocr_line' id='line_1_67' title="bbox 2189 2159 3840 2232; baseline 0.002 -18"><span class='ocrx_word' id='word_1_501' title='bbox 2189 2177 2314 2232; x_wconf 66' lang='lat' dir='ltr'>quae</span> <span class='ocrx_word' id='word_1_502' title='bbox 2360 2159 2533 2214; x_wconf 85' lang='lat' dir='ltr'>fuerit</span> <span class='ocrx_word' id='word_1_503' title='bbox 2581 2159 2823 2231; x_wconf 86' lang='lat' dir='ltr'>indigna</span> <span class='ocrx_word' id='word_1_504' title='bbox 2873 2176 3205 2232; x_wconf 89' lang='lat' dir='ltr'>perpessus.</span> <span class='ocrx_word' id='word_1_505' title='bbox 3241 2160 3358 2215; x_wconf 90' lang='lat' dir='ltr'>Hoc</span> <span class='ocrx_word' id='word_1_506' title='bbox 3408 2159 3596 2232; x_wconf 86' lang='lat' dir='ltr'>magis</span> <span class='ocrx_word' id='word_1_507' title='bbox 3639 2161 3840 2218; x_wconf 62' lang='lat' dir='ltr'>multa</span> 
     </span>
    </p>
   </div>
   <div class='ocr_carea' id='block_1_68' title="bbox 2190 2247 3838 2310">
    <p class='ocr_par' dir='ltr' id='par_1_68' title="bbox 2190 2247 3838 2310">
     <span class='ocr_line' id='line_1_68' title="bbox 2190 2247 3838 2310; baseline 0.002 -8"><span class='ocrx_word' id='word_1_508' title='bbox 2190 2249 2373 2304; x_wconf 86' lang='lat' dir='ltr'>l’atris</span> <span class='ocrx_word' id='word_1_509' title='bbox 2394 2247 2547 2304; x_wconf 89' lang='lat' dir='ltr'>circa</span> <span class='ocrx_word' id='word_1_510' title='bbox 2571 2247 2782 2304; x_wconf 88' lang='lat' dir='ltr'>Filium</span> <span class='ocrx_word' id='word_1_511' title='bbox 2805 2247 3132 2305; x_wconf 90' lang='lat' dir='ltr'>dilectionis</span> <span class='ocrx_word' id='word_1_512' title='bbox 3148 2253 3206 2304; x_wconf 86' lang='lat' dir='ltr'>et</span> <span class='ocrx_word' id='word_1_513' title='bbox 3227 2248 3464 2304; x_wconf 88' lang='lat' dir='ltr'>honoris</span> <span class='ocrx_word' id='word_1_514' title='bbox 3484 2249 3838 2310; x_wconf 76' lang='lat' dir='ltr'>ostenditur.</span> 
     </span>
    </p>
   </div>
   <div class='ocr_carea' id='block_1_69' title="bbox 2189 2335 3842 2410">
    <p class='ocr_par' dir='ltr' id='par_1_69' title="bbox 2189 2335 3842 2410">
     <span class='ocr_line' id='line_1_69' title="bbox 2189 2335 3842 2410; baseline 0.001 -17"><span class='ocrx_word' id='word_1_515' title='bbox 2189 2337 2294 2404; x_wconf 88' lang='lat' dir='ltr'>Qui</span> <span class='ocrx_word' id='word_1_516' title='bbox 2327 2338 2481 2393; x_wconf 90' lang='lat' dir='ltr'>enim</span> <span class='ocrx_word' id='word_1_517' title='bbox 2531 2335 2874 2409; x_wconf 86' lang='lat' dir='ltr'>indignatur</span> <span class='ocrx_word' id='word_1_518' title='bbox 2919 2354 3022 2410; x_wconf 90' lang='lat' dir='ltr'>pro</span> <span class='ocrx_word' id='word_1_519' title='bbox 3073 2353 3159 2406; x_wconf 89' lang='lat' dir='ltr'>eo,</span> <span class='ocrx_word' id='word_1_520' title='bbox 3195 2337 3489 2409; x_wconf 92' lang='lat' dir='ltr'>quomodo</span> <span class='ocrx_word' id='word_1_521' title='bbox 3529 2342 3842 2396; x_wconf 79' lang='lat' dir='ltr'>extraneas</span> 
     </span>
    </p>
   </div>
   <div class='ocr_carea' id='block_1_70' title="bbox 2190 2425 3848 2497">
    <p class='ocr_par' dir='ltr' id='par_1_70' title="bbox 2190 2425 3848 2497">
     <span class='ocr_line' id='line_1_70' title="bbox 2190 2425 3848 2497; baseline 0.001 -15"><span class='ocrx_word' id='word_1_522' title='bbox 2190 2427 2261 2482; x_wconf 87' lang='lat' dir='ltr'>ab</span> <span class='ocrx_word' id='word_1_523' title='bbox 2294 2425 2392 2482; x_wconf 92' lang='lat' dir='ltr'>illo</span> <span class='ocrx_word' id='word_1_524' title='bbox 2423 2441 2550 2481; x_wconf 89' lang='lat' dir='ltr'>esse</span> <span class='ocrx_word' id='word_1_525' title='bbox 2581 2426 2932 2497; x_wconf 89' lang='lat' dir='ltr'>conjicitur?</span> <span class='ocrx_word' id='word_1_526' title='bbox 2963 2427 3126 2492; x_wconf 91' lang='lat' dir='ltr'>Quod</span> <span class='ocrx_word' id='word_1_527' title='bbox 3155 2425 3331 2484; x_wconf 87' lang='lat' dir='ltr'>etiam</span> <span class='ocrx_word' id='word_1_528' title='bbox 3361 2425 3422 2482; x_wconf 92' lang='lat' dir='ltr'>in</span> <span class='ocrx_word' id='word_1_529' title='bbox 3465 2426 3580 2483; x_wconf 91' lang='lat' dir='ltr'>alio</span> <span class='ocrx_word' id='word_1_530' title='bbox 3624 2427 3848 2484; x_wconf 78' lang='lat' dir='ltr'>dicitur</span> 
     </span>
    </p>
   </div>
   <div class='ocr_carea' id='block_1_71' title="bbox 2189 2514 3840 2587">
    <p class='ocr_par' dir='ltr' id='par_1_71' title="bbox 2189 2514 3840 2587">
     <span class='ocr_line' id='line_1_71' title="bbox 2189 2514 3840 2587; baseline 0.003 -19"><span class='ocrx_word' id='word_1_531' title='bbox 2189 2514 2415 2587; x_wconf 86' lang='lat' dir='ltr'>psalmo</span> <span class='ocrx_word' id='word_1_532' title='bbox 2454 2531 2465 2570; x_wconf 92' lang='lat'>:</span> <span class='ocrx_word' id='word_1_533' title='bbox 2500 2516 2616 2587; x_wconf 83' lang='lat' dir='ltr'>Qui</span> <span class='ocrx_word' id='word_1_534' title='bbox 2643 2515 2851 2570; x_wconf 78' lang='lat' dir='ltr'>habitat</span> <span class='ocrx_word' id='word_1_535' title='bbox 2878 2517 2938 2570; x_wconf 85' lang='lat' dir='ltr'>in</span> <span class='ocrx_word' id='word_1_536' title='bbox 2967 2516 3116 2571; x_wconf 64' lang='lat' dir='ltr'>caelis</span> <span class='ocrx_word' id='word_1_537' title='bbox 3146 2515 3404 2572; x_wconf 79' lang='lat' dir='ltr'>irridebit</span> <span class='ocrx_word' id='word_1_538' title='bbox 3429 2531 3536 2585; x_wconf 80' lang='lat' dir='ltr'>eos,</span> <span class='ocrx_word' id='word_1_539' title='bbox 3562 2524 3616 2573; x_wconf 85' lang='lat' dir='ltr'>et</span> <span class='ocrx_word' id='word_1_540' title='bbox 3647 2515 3840 2574; x_wconf 77' lang='lat' dir='ltr'>Dami-</span> 
     </span>
    </p>
   </div>
   <div class='ocr_carea' id='block_1_72' title="bbox 2187 2603 3837 2676">
    <p class='ocr_par' dir='ltr' id='par_1_72' title="bbox 2187 2603 3837 2676">
     <span class='ocr_line' id='line_1_72' title="bbox 2187 2603 3837 2676; baseline 0.001 -17"><span class='ocrx_word' id='word_1_541' title='bbox 2187 2619 2294 2659; x_wconf 76' lang='lat' dir='ltr'>nus</span> <span class='ocrx_word' id='word_1_542' title='bbox 2323 2605 2683 2659; x_wconf 82' lang='lat' dir='ltr'>subsannabit</span> <span class='ocrx_word' id='word_1_543' title='bbox 2709 2619 2815 2659; x_wconf 85' lang='lat' dir='ltr'>eos.</span> <span class='ocrx_word' id='word_1_544' title='bbox 2846 2605 2990 2659; x_wconf 89' lang='lat' dir='ltr'>Tunc</span> <span class='ocrx_word' id='word_1_545' title='bbox 3018 2605 3267 2676; x_wconf 80' lang='lat' dir='ltr'>loquetur</span> <span class='ocrx_word' id='word_1_546' title='bbox 3293 2603 3363 2659; x_wconf 82' lang='lat' dir='ltr'>ad</span> <span class='ocrx_word' id='word_1_547' title='bbox 3390 2621 3478 2661; x_wconf 77' lang='lat' dir='ltr'>eos</span> <span class='ocrx_word' id='word_1_548' title='bbox 3509 2605 3568 2660; x_wconf 89' lang='lat' dir='ltr'>in</span> <span class='ocrx_word' id='word_1_549' title='bbox 3597 2606 3687 2660; x_wconf 82' lang='lat' dir='ltr'>ira</span> <span class='ocrx_word' id='word_1_550' title='bbox 3714 2619 3837 2675; x_wconf 75' lang='lat' dir='ltr'>sua,</span> 
     </span>
    </p>
   </div>
   <div class='ocr_carea' id='block_1_73' title="bbox 2189 2693 3842 2765">
    <p class='ocr_par' dir='ltr' id='par_1_73' title="bbox 2189 2693 3842 2765">
     <span class='ocr_line' id='line_1_73' title="bbox 2189 2693 3842 2765; baseline 0.001 -17"><span class='ocrx_word' id='word_1_551' title='bbox 2189 2694 2324 2748; x_wconf 78' lang='lat' dir='ltr'>etin</span> <span class='ocrx_word' id='word_1_552' title='bbox 2355 2695 2543 2763; x_wconf 77' lang='lat' dir='ltr'>furore</span> <span class='ocrx_word' id='word_1_553' title='bbox 2589 2709 2688 2747; x_wconf 84' lang='lat' dir='ltr'>suo</span> <span class='ocrx_word' id='word_1_554' title='bbox 2733 2693 3081 2748; x_wconf 77' lang='lat' dir='ltr'>conturbabit</span> <span class='ocrx_word' id='word_1_555' title='bbox 3124 2709 3211 2750; x_wconf 76' lang='lat' dir='ltr'>eos</span> <span class='ocrx_word' id='word_1_556' title='bbox 3265 2693 3434 2765; x_wconf 74' lang='lat' dir='ltr'>(Psal.</span> <span class='ocrx_word' id='word_1_557' title='bbox 3484 2710 3546 2761; x_wconf 80' lang='grc' dir='ltr'>ιι,</span> <span class='ocrx_word' id='word_1_558' title='bbox 3581 2695 3655 2763; x_wconf 74' lang='lat' dir='ltr'>li).</span> <span class='ocrx_word' id='word_1_559' title='bbox 3693 2717 3722 2744; x_wconf 87' lang='grc'>››</span> <span class='ocrx_word' id='word_1_560' title='bbox 3770 2695 3842 2750; x_wconf 80' lang='lat' dir='ltr'>Et</span> 
     </span>
    </p>
   </div>
   <div class='ocr_carea' id='block_1_74' title="bbox 2190 2781 3840 2856">
    <p class='ocr_par' dir='ltr' id='par_1_74' title="bbox 2190 2781 3840 2856">
     <span class='ocr_line' id='line_1_74' title="bbox 2190 2781 3840 2856; baseline 0.004 -20"><span class='ocrx_word' id='word_1_561' title='bbox 2190 2781 2401 2836; x_wconf 83' lang='lat' dir='ltr'>iterum</span> <span class='ocrx_word' id='word_1_562' title='bbox 2451 2781 2575 2852; x_wconf 90' lang='lat' dir='ltr'>ipse</span> <span class='ocrx_word' id='word_1_563' title='bbox 2623 2781 2814 2837; x_wconf 83' lang='lat' dir='ltr'>dixit:</span> <span class='ocrx_word' id='word_1_564' title='bbox 2847 2783 3016 2838; x_wconf 82' lang='lat' dir='ltr'>«Eos</span> <span class='ocrx_word' id='word_1_565' title='bbox 3064 2787 3260 2840; x_wconf 88' lang='lat' dir='ltr'>autem</span> <span class='ocrx_word' id='word_1_566' title='bbox 3305 2784 3408 2856; x_wconf 89' lang='lat' dir='ltr'>qui</span> <span class='ocrx_word' id='word_1_567' title='bbox 3457 2800 3551 2840; x_wconf 90' lang='lat' dir='ltr'>me</span> <span class='ocrx_word' id='word_1_568' title='bbox 3597 2783 3711 2841; x_wconf 87' lang='lat' dir='ltr'>sibi</span> <span class='ocrx_word' id='word_1_569' title='bbox 3751 2799 3840 2842; x_wconf 87' lang='lat' dir='ltr'>re-</span> 
     </span>
    </p>
   </div>
   <div class='ocr_carea' id='block_1_75' title="bbox 2190 2870 3838 2946">
    <p class='ocr_par' dir='ltr' id='par_1_75' title="bbox 2190 2870 3838 2946">
     <span class='ocr_line' id='line_1_75' title="bbox 2190 2870 3838 2946; baseline 0.003 -21"><span class='ocrx_word' id='word_1_570' title='bbox 2190 2887 2368 2945; x_wconf 86' lang='lat' dir='ltr'>gnare</span> <span class='ocrx_word' id='word_1_571' title='bbox 2399 2870 2732 2938; x_wconf 88' lang='lat' dir='ltr'>noluerunt,</span> <span class='ocrx_word' id='word_1_572' title='bbox 2765 2871 3036 2928; x_wconf 89' lang='lat' dir='ltr'>adducite</span> <span class='ocrx_word' id='word_1_573' title='bbox 3067 2871 3126 2927; x_wconf 92' lang='lat' dir='ltr'>in</span> <span class='ocrx_word' id='word_1_574' title='bbox 3155 2876 3471 2946; x_wconf 88' lang='lat' dir='ltr'>conspectu</span> <span class='ocrx_word' id='word_1_575' title='bbox 3503 2889 3632 2931; x_wconf 88' lang='lat' dir='ltr'>meo</span> <span class='ocrx_word' id='word_1_576' title='bbox 3661 2877 3722 2930; x_wconf 89' lang='lat' dir='ltr'>et</span> <span class='ocrx_word' id='word_1_577' title='bbox 3749 2873 3838 2930; x_wconf 87' lang='lat' dir='ltr'>in-</span> 
     </span>
    </p>
   </div>
   <div class='ocr_carea' id='block_1_76' title="bbox 2189 2959 3842 3035">
    <p class='ocr_par' dir='ltr' id='par_1_76' title="bbox 2189 2959 3842 3035">
     <span class='ocr_line' id='line_1_76' title="bbox 2189 2959 3842 3035; baseline 0.002 -20"><span class='ocrx_word' id='word_1_578' title='bbox 2189 2959 2461 3016; x_wconf 88' lang='lat' dir='ltr'>terimite.</span> <span class='ocrx_word' id='word_1_579' title='bbox 2495 2959 2640 3026; x_wconf 89' lang='lat' dir='ltr'>Quia</span> <span class='ocrx_word' id='word_1_580' title='bbox 2667 2976 2797 3016; x_wconf 89' lang='lat' dir='ltr'>vere</span> <span class='ocrx_word' id='word_1_581' title='bbox 2827 2961 2955 3031; x_wconf 87' lang='lat' dir='ltr'>ejus</span> <span class='ocrx_word' id='word_1_582' title='bbox 2986 2964 3124 3016; x_wconf 91' lang='lat' dir='ltr'>sunt</span> <span class='ocrx_word' id='word_1_583' title='bbox 3154 2961 3278 3016; x_wconf 64' lang='lat' dir='ltr'>haec</span> <span class='ocrx_word' id='word_1_584' title='bbox 3305 2961 3501 3028; x_wconf 88' lang='lat' dir='ltr'>verba,</span> <span class='ocrx_word' id='word_1_585' title='bbox 3527 2961 3663 3018; x_wconf 91' lang='lat' dir='ltr'>audi</span> <span class='ocrx_word' id='word_1_586' title='bbox 3696 2962 3842 3035; x_wconf 86' lang='lat' dir='ltr'>quid</span> 
     </span>
    </p>
   </div>
   <div class='ocr_carea' id='block_1_77' title="bbox 2191 3047 3840 3123">
    <p class='ocr_par' dir='ltr' id='par_1_77' title="bbox 2191 3047 3840 3123">
     <span class='ocr_line' id='line_1_77' title="bbox 2191 3047 3840 3123; baseline 0.002 -19"><span class='ocrx_word' id='word_1_587' title='bbox 2191 3047 2344 3104; x_wconf 89' lang='lat' dir='ltr'>dicat</span> <span class='ocrx_word' id='word_1_588' title='bbox 2375 3052 2431 3104; x_wconf 92' lang='lat' dir='ltr'>et</span> <span class='ocrx_word' id='word_1_589' title='bbox 2461 3048 2520 3103; x_wconf 95' lang='lat' dir='ltr'>in</span> <span class='ocrx_word' id='word_1_590' title='bbox 2546 3047 2658 3104; x_wconf 87' lang='lat' dir='ltr'>alio</span> <span class='ocrx_word' id='word_1_591' title='bbox 2677 3047 2803 3103; x_wconf 87' lang='lat' dir='ltr'>loc‘o</span> <span class='ocrx_word' id='word_1_592' title='bbox 2835 3064 2848 3102; x_wconf 88' lang='lat'>:</span> <span class='ocrx_word' id='word_1_593' title='bbox 2884 3049 3098 3116; x_wconf 76' lang='lat' dir='ltr'>Quoties</span> <span class='ocrx_word' id='word_1_594' title='bbox 3127 3049 3280 3106; x_wconf 87' lang='lat' dir='ltr'>volui</span> <span class='ocrx_word' id='word_1_595' title='bbox 3319 3065 3650 3122; x_wconf 75' lang='lat' dir='ltr'>congregare</span> <span class='ocrx_word' id='word_1_596' title='bbox 3695 3051 3840 3123; x_wconf 74' lang='lat' dir='ltr'>ﬁlio:</span> 
     </span>
    </p>
   </div>
   <div class='ocr_carea' id='block_1_78' title="bbox 2189 3137 3841 3210">
    <p class='ocr_par' dir='ltr' id='par_1_78' title="bbox 2189 3137 3841 3210">
     <span class='ocr_line' id='line_1_78' title="bbox 2189 3137 3841 3210; baseline 0.002 -17"><span class='ocrx_word' id='word_1_597' title='bbox 2189 3145 2304 3193; x_wconf 83' lang='lat' dir='ltr'>tuos</span> <span class='ocrx_word' id='word_1_598' title='bbox 2329 3146 2380 3192; x_wconf 91' lang='lat' dir='ltr'>et</span> <span class='ocrx_word' id='word_1_599' title='bbox 2405 3137 2668 3192; x_wconf 69' lang='lat' dir='ltr'>noluisti?</span> <span class='ocrx_word' id='word_1_600' title='bbox 2695 3139 2825 3193; x_wconf 87' lang='lat' dir='ltr'>Ecce</span> <span class='ocrx_word' id='word_1_601' title='bbox 2859 3139 3203 3210; x_wconf 80' lang='lat' dir='ltr'>relinquetur</span> <span class='ocrx_word' id='word_1_602' title='bbox 3230 3140 3380 3195; x_wconf 76' lang='lat' dir='ltr'>vobis</span> <span class='ocrx_word' id='word_1_603' title='bbox 3425 3137 3617 3195; x_wconf 73' lang='lat' dir='ltr'>domus</span> <span class='ocrx_word' id='word_1_604' title='bbox 3661 3147 3841 3196; x_wconf 75' lang='lat' dir='ltr'>vestra</span> 
     </span>
    </p>
   </div>
   <div class='ocr_carea' id='block_1_79' title="bbox 2187 3225 3840 3300">
    <p class='ocr_par' dir='ltr' id='par_1_79' title="bbox 2187 3225 3840 3300">
     <span class='ocr_line' id='line_1_79' title="bbox 2187 3225 3840 3300; baseline 0.004 -20"><span class='ocrx_word' id='word_1_605' title='bbox 2187 3225 2395 3282; x_wconf 83' lang='lat' dir='ltr'>deserta</span> <span class='ocrx_word' id='word_1_606' title='bbox 2427 3226 2576 3298; x_wconf 82' lang='lat' dir='ltr'>(Luc.</span> <span class='ocrx_word' id='word_1_607' title='bbox 2599 3243 2722 3291; x_wconf 87' lang='lat' dir='ltr'>xm,</span> <span class='ocrx_word' id='word_1_608' title='bbox 2755 3228 2868 3296; x_wconf 85' lang='grc'>34).</span> <span class='ocrx_word' id='word_1_609' title='bbox 2901 3227 2971 3282; x_wconf 85' lang='lat' dir='ltr'>Et</span> <span class='ocrx_word' id='word_1_610' title='bbox 2999 3227 3212 3284; x_wconf 89' lang='lat' dir='ltr'>iterum</span> <span class='ocrx_word' id='word_1_611' title='bbox 3247 3245 3260 3284; x_wconf 90' lang='lat'><strong>:</strong></span> <span class='ocrx_word' id='word_1_612' title='bbox 3294 3228 3586 3300; x_wconf 82' lang='lat' dir='ltr'>Auferetur</span> <span class='ocrx_word' id='word_1_613' title='bbox 3623 3246 3658 3284; x_wconf 80' lang='grc' dir='ltr'><em>α</em></span> <span class='ocrx_word' id='word_1_614' title='bbox 3686 3230 3840 3286; x_wconf 63' lang='lat' dir='ltr'>vobis</span> 
     </span>
    </p>
   </div>
   <div class='ocr_carea' id='block_1_80' title="bbox 2189 3314 3834 3390">
    <p class='ocr_par' dir='ltr' id='par_1_80' title="bbox 2189 3314 3834 3390">
     <span class='ocr_line' id='line_1_80' title="bbox 2189 3314 3834 3390; baseline 0.002 -20"><span class='ocrx_word' id='word_1_615' title='bbox 2189 3332 2420 3384; x_wconf 79' lang='lat' dir='ltr'>regnum</span> <span class='ocrx_word' id='word_1_616' title='bbox 2441 3315 2556 3383; x_wconf 85' lang='lat' dir='ltr'>Dei,</span> <span class='ocrx_word' id='word_1_617' title='bbox 2588 3323 2640 3370; x_wconf 90' lang='lat' dir='ltr'>et</span> <span class='ocrx_word' id='word_1_618' title='bbox 2666 3314 2888 3370; x_wconf 83' lang='lat' dir='ltr'>dabitur</span> <span class='ocrx_word' id='word_1_619' title='bbox 2913 3319 3064 3384; x_wconf 84' lang='lat' dir='ltr'>genti</span> <span class='ocrx_word' id='word_1_620' title='bbox 3109 3317 3338 3387; x_wconf 74' lang='lat' dir='ltr'>ﬂtcicnti</span> <span class='ocrx_word' id='word_1_621' title='bbox 3379 3320 3592 3388; x_wconf 75' lang='lat' dir='ltr'>fructus</span> <span class='ocrx_word' id='word_1_622' title='bbox 3633 3319 3773 3390; x_wconf 75' lang='lat' dir='ltr'>ejus.</span> <span class='ocrx_word' id='word_1_623' title='bbox 3810 3341 3834 3368; x_wconf 76' lang='grc' dir='ltr'><strong><em>ι</em></strong></span> 
     </span>
    </p>
   </div>
   <div class='ocr_carea' id='block_1_81' title="bbox 2187 3403 3838 3476">
    <p class='ocr_par' dir='ltr' id='par_1_81' title="bbox 2187 3403 3838 3476">
     <span class='ocr_line' id='line_1_81' title="bbox 2187 3403 3838 3476; baseline 0.004 -18"><span class='ocrx_word' id='word_1_624' title='bbox 2187 3404 2257 3459; x_wconf 92' lang='lat' dir='ltr'>Et</span> <span class='ocrx_word' id='word_1_625' title='bbox 2287 3405 2424 3460; x_wconf 89' lang='lat' dir='ltr'>item</span> <span class='ocrx_word' id='word_1_626' title='bbox 2459 3420 2471 3460; x_wconf 92' lang='lat'>:</span> <span class='ocrx_word' id='word_1_627' title='bbox 2501 3427 2528 3453; x_wconf 88' lang='lat'><strong>«</strong></span> <span class='ocrx_word' id='word_1_628' title='bbox 2559 3404 2617 3458; x_wconf 93' lang='lat' dir='ltr'>In</span> <span class='ocrx_word' id='word_1_629' title='bbox 2650 3403 2758 3460; x_wconf 87' lang='lat' dir='ltr'>hoc</span> <span class='ocrx_word' id='word_1_630' title='bbox 2790 3404 3087 3460; x_wconf 89' lang='lat' dir='ltr'>cernimur</span> <span class='ocrx_word' id='word_1_631' title='bbox 3116 3405 3340 3462; x_wconf 90' lang='lat' dir='ltr'>similes</span> <span class='ocrx_word' id='word_1_632' title='bbox 3359 3405 3496 3476; x_wconf 89' lang='lat' dir='ltr'>Deo,</span> <span class='ocrx_word' id='word_1_633' title='bbox 3517 3405 3567 3464; x_wconf 90' lang='lat' dir='ltr'>si</span> <span class='ocrx_word' id='word_1_634' title='bbox 3593 3412 3838 3464; x_wconf 86' lang='lat' dir='ltr'>cunctos</span> 
     </span>
    </p>
   </div>
   <div class='ocr_carea' id='block_1_82' title="bbox 2187 3491 3833 3565">
    <p class='ocr_par' dir='ltr' id='par_1_82' title="bbox 2187 3491 3833 3565">
     <span class='ocr_line' id='line_1_82' title="bbox 2187 3491 3833 3565; baseline 0.002 -16"><span class='ocrx_word' id='word_1_635' title='bbox 2187 3493 2541 3562; x_wconf 89' lang='lat' dir='ltr'>amabimus,</span> <span class='ocrx_word' id='word_1_636' title='bbox 2567 3491 2882 3565; x_wconf 89' lang='lat' dir='ltr'>diligamus</span> <span class='ocrx_word' id='word_1_637' title='bbox 2914 3492 3090 3551; x_wconf 91' lang='lat' dir='ltr'>etiam</span> <span class='ocrx_word' id='word_1_638' title='bbox 3119 3493 3391 3551; x_wconf 91' lang='lat' dir='ltr'>inimicos</span> <span class='ocrx_word' id='word_1_639' title='bbox 3420 3500 3690 3552; x_wconf 89' lang='lat' dir='ltr'>nostros:</span> <span class='ocrx_word' id='word_1_640' title='bbox 3717 3513 3833 3553; x_wconf 90' lang='lat' dir='ltr'>non</span> 
     </span>
    </p>
   </div>
   <div class='ocr_carea' id='block_1_83' title="bbox 2187 3581 3836 3655">
    <p class='ocr_par' dir='ltr' id='par_1_83' title="bbox 2187 3581 3836 3655">
     <span class='ocr_line' id='line_1_83' title="bbox 2187 3581 3836 3655; baseline 0.004 -18"><span class='ocrx_word' id='word_1_641' title='bbox 2187 3586 2384 3638; x_wconf 84' lang='lat' dir='ltr'>autem</span> <span class='ocrx_word' id='word_1_642' title='bbox 2428 3581 2477 3638; x_wconf 93' lang='lat' dir='ltr'>si</span> <span class='ocrx_word' id='word_1_643' title='bbox 2525 3581 2694 3655; x_wconf 87' lang='lat' dir='ltr'>signa</span> <span class='ocrx_word' id='word_1_644' title='bbox 2742 3582 2831 3638; x_wconf 90' lang='lat' dir='ltr'>vel</span> <span class='ocrx_word' id='word_1_645' title='bbox 2884 3582 3170 3640; x_wconf 89' lang='lat' dir='ltr'>miracula</span> <span class='ocrx_word' id='word_1_646' title='bbox 3218 3584 3549 3640; x_wconf 80' lang='lat' dir='ltr'>fecerimus.</span> <span class='ocrx_word' id='word_1_647' title='bbox 3580 3585 3730 3640; x_wconf 90' lang='lat' dir='ltr'>Nam</span> <span class='ocrx_word' id='word_1_648' title='bbox 3779 3591 3836 3643; x_wconf 80' lang='lat' dir='ltr'>et</span> 
     </span>
    </p>
   </div>
   <div class='ocr_carea' id='block_1_84' title="bbox 2185 3669 3837 3744">
    <p class='ocr_par' dir='ltr' id='par_1_84' title="bbox 2185 3669 3837 3744">
     <span class='ocr_line' id='line_1_84' title="bbox 2185 3669 3837 3744; baseline 0.002 -18"><span class='ocrx_word' id='word_1_649' title='bbox 2185 3669 2369 3726; x_wconf 90' lang='lat' dir='ltr'>Deum</span> <span class='ocrx_word' id='word_1_650' title='bbox 2401 3670 2594 3742; x_wconf 90' lang='lat' dir='ltr'>ipsum</span> <span class='ocrx_word' id='word_1_651' title='bbox 2627 3671 2991 3728; x_wconf 89' lang='lat' dir='ltr'>admiramur</span> <span class='ocrx_word' id='word_1_652' title='bbox 3017 3672 3254 3744; x_wconf 90' lang='lat' dir='ltr'>quidem</span> <span class='ocrx_word' id='word_1_653' title='bbox 3287 3671 3570 3728; x_wconf 88' lang='lat' dir='ltr'>miracula</span> <span class='ocrx_word' id='word_1_654' title='bbox 3622 3674 3837 3732; x_wconf 80' lang='lat' dir='ltr'>facien-</span> 
     </span>
    </p>
   </div>
   <div class='ocr_carea' id='block_1_85' title="bbox 2186 3759 3835 3831">
    <p class='ocr_par' dir='ltr' id='par_1_85' title="bbox 2186 3759 3835 3831">
     <span class='ocr_line' id='line_1_85' title="bbox 2186 3759 3835 3831; baseline 0.004 -18"><span class='ocrx_word' id='word_1_655' title='bbox 2186 3763 2324 3825; x_wconf 91' lang='lat' dir='ltr'>tem,</span> <span class='ocrx_word' id='word_1_656' title='bbox 2356 3760 2456 3814; x_wconf 87' lang='lat' dir='ltr'>sed</span> <span class='ocrx_word' id='word_1_657' title='bbox 2489 3759 2741 3831; x_wconf 75' lang='lat' dir='ltr'>amplius</span> <span class='ocrx_word' id='word_1_658' title='bbox 2789 3759 3153 3816; x_wconf 90' lang='lat' dir='ltr'>admiramur</span> <span class='ocrx_word' id='word_1_659' title='bbox 3199 3761 3575 3817; x_wconf 88' lang='lat' dir='ltr'>miserantem</span> <span class='ocrx_word' id='word_1_660' title='bbox 3615 3767 3672 3818; x_wconf 89' lang='lat' dir='ltr'>ct</span> <span class='ocrx_word' id='word_1_661' title='bbox 3704 3761 3835 3820; x_wconf 88' lang='lat' dir='ltr'>lon-</span> 
     </span>
    </p>
   </div>
   <div class='ocr_carea' id='block_1_86' title="bbox 2182 3848 3834 3924">
    <p class='ocr_par' dir='ltr' id='par_1_86' title="bbox 2182 3848 3834 3924">
     <span class='ocr_line' id='line_1_86' title="bbox 2182 3848 3834 3924; baseline 0.005 -22"><span class='ocrx_word' id='word_1_662' title='bbox 2182 3848 2497 3918; x_wconf 89' lang='lat' dir='ltr'>ganimiter</span> <span class='ocrx_word' id='word_1_663' title='bbox 2545 3849 2952 3905; x_wconf 90' lang='lat' dir='ltr'>sustinentem.</span> <span class='ocrx_word' id='word_1_664' title='bbox 3000 3849 3060 3906; x_wconf 89' lang='lat' dir='ltr'>Si</span> <span class='ocrx_word' id='word_1_665' title='bbox 3107 3849 3290 3923; x_wconf 90' lang='lat' dir='ltr'>igitur</span> <span class='ocrx_word' id='word_1_666' title='bbox 3339 3855 3397 3906; x_wconf 91' lang='lat' dir='ltr'>et</span> <span class='ocrx_word' id='word_1_667' title='bbox 3445 3850 3506 3906; x_wconf 89' lang='lat' dir='ltr'>in</span> <span class='ocrx_word' id='word_1_668' title='bbox 3555 3851 3686 3924; x_wconf 92' lang='lat' dir='ltr'>ipso</span> <span class='ocrx_word' id='word_1_669' title='bbox 3717 3852 3834 3910; x_wconf 86' lang='lat' dir='ltr'>Deo</span> 
     </span>
    </p>
   </div>
   <div class='ocr_carea' id='block_1_87' title="bbox 2183 3935 3835 4010">
    <p class='ocr_par' dir='ltr' id='par_1_87' title="bbox 2183 3935 3835 4010">
     <span class='ocr_line' id='line_1_87' title="bbox 2183 3935 3835 4010; baseline 0.004 -20"><span class='ocrx_word' id='word_1_670' title='bbox 2183 3935 2328 3992; x_wconf 90' lang='lat' dir='ltr'>illud</span> <span class='ocrx_word' id='word_1_671' title='bbox 2355 3936 2612 4010; x_wconf 90' lang='lat' dir='ltr'>amplius</span> <span class='ocrx_word' id='word_1_672' title='bbox 2659 3936 3090 4006; x_wconf 89' lang='lat' dir='ltr'>admirandum,</span> <span class='ocrx_word' id='word_1_673' title='bbox 3125 3943 3344 4010; x_wconf 89' lang='lat' dir='ltr'>quanto</span> <span class='ocrx_word' id='word_1_674' title='bbox 3389 3937 3578 4010; x_wconf 87' lang='lat' dir='ltr'>magis</span> <span class='ocrx_word' id='word_1_675' title='bbox 3627 3939 3688 3994; x_wconf 91' lang='lat' dir='ltr'>in</span> <span class='ocrx_word' id='word_1_676' title='bbox 3729 3939 3835 3996; x_wconf 82' lang='lat' dir='ltr'>bo-</span> 
     </span>
    </p>
   </div>
   <div class='ocr_carea' id='block_1_88' title="bbox 2183 4024 2438 4080">
    <p class='ocr_par' dir='ltr' id='par_1_88' title="bbox 2183 4024 2438 4080">
     <span class='ocr_line' id='line_1_88' title="bbox 2183 4024 2438 4080; baseline 0 -1"><span class='ocrx_word' id='word_1_677' title='bbox 2183 4024 2378 4080; x_wconf 85' lang='lat' dir='ltr'>mine?</span> <span class='ocrx_word' id='word_1_678' title='bbox 2410 4048 2438 4074; x_wconf 84' lang='grc'>››</span> 
     </span>
    </p>
   </div>
   <div class='ocr_carea' id='block_1_89' title="bbox 2251 4113 3836 4188">
    <p class='ocr_par' dir='ltr' id='par_1_89' title="bbox 2251 4113 3836 4188">
     <span class='ocr_line' id='line_1_89' title="bbox 2251 4113 3836 4188; baseline 0.006 -21"><span class='ocrx_word' id='word_1_679' title='bbox 2251 4113 2321 4168; x_wconf 84' lang='lat' dir='ltr'>Et</span> <span class='ocrx_word' id='word_1_680' title='bbox 2345 4113 2488 4168; x_wconf 90' lang='lat' dir='ltr'>itam</span> <span class='ocrx_word' id='word_1_681' title='bbox 2525 4131 2536 4170; x_wconf 93' lang='lat'><strong>:</strong></span> <span class='ocrx_word' id='word_1_682' title='bbox 2574 4115 2673 4170; x_wconf 85' lang='lat' dir='ltr'>«Si</span> <span class='ocrx_word' id='word_1_683' title='bbox 2706 4115 2860 4170; x_wconf 90' lang='lat' dir='ltr'>enim</span> <span class='ocrx_word' id='word_1_684' title='bbox 2886 4120 3079 4188; x_wconf 88' lang='lat' dir='ltr'>patres</span> <span class='ocrx_word' id='word_1_685' title='bbox 3109 4115 3533 4188; x_wconf 88' lang='lat' dir='ltr'>vestri,inquit,</span> <span class='ocrx_word' id='word_1_686' title='bbox 3549 4117 3691 4188; x_wconf 90' lang='lat' dir='ltr'>quia</span> <span class='ocrx_word' id='word_1_687' title='bbox 3715 4131 3836 4175; x_wconf 82' lang='lat' dir='ltr'>non</span> 
     </span>
    </p>
   </div>
   <div class='ocr_carea' id='block_1_90' title="bbox 2180 4202 3836 4278">
    <p class='ocr_par' dir='ltr' id='par_1_90' title="bbox 2180 4202 3836 4278">
     <span class='ocr_line' id='line_1_90' title="bbox 2180 4202 3836 4278; baseline 0.005 -22"><span class='ocrx_word' id='word_1_688' title='bbox 2180 4206 2559 4274; x_wconf 82' lang='lat' dir='ltr'>speraverant</span> <span class='ocrx_word' id='word_1_689' title='bbox 2575 4202 2728 4258; x_wconf 86' lang='lat' dir='ltr'>sicut</span> <span class='ocrx_word' id='word_1_690' title='bbox 2744 4205 3046 4275; x_wconf 88' lang='lat' dir='ltr'>oportebat</span> <span class='ocrx_word' id='word_1_691' title='bbox 3069 4221 3320 4277; x_wconf 89' lang='lat' dir='ltr'>sperare,</span> <span class='ocrx_word' id='word_1_692' title='bbox 3341 4205 3461 4261; x_wconf 66' lang='lat' dir='ltr'>haec</span> <span class='ocrx_word' id='word_1_693' title='bbox 3481 4205 3642 4277; x_wconf 89' lang='lat' dir='ltr'>passi</span> <span class='ocrx_word' id='word_1_694' title='bbox 3665 4211 3836 4278; x_wconf 83' lang='lat' dir='ltr'>sunt,</span> 
     </span>
    </p>
   </div>
   <div class='ocr_carea' id='block_1_91' title="bbox 2181 4289 3840 4362">
    <p class='ocr_par' dir='ltr' id='par_1_91' title="bbox 2181 4289 3840 4362">
     <span class='ocr_line' id='line_1_91' title="bbox 2181 4289 3840 4362; baseline 0.006 -18"><span class='ocrx_word' id='word_1_695' title='bbox 2181 4290 2366 4346; x_wconf 91' lang='lat' dir='ltr'>multo</span> <span class='ocrx_word' id='word_1_696' title='bbox 2394 4289 2648 4362; x_wconf 88' lang='lat' dir='ltr'>amplius</span> <span class='ocrx_word' id='word_1_697' title='bbox 2666 4309 2786 4349; x_wconf 91' lang='lat' dir='ltr'>vos.</span> <span class='ocrx_word' id='word_1_698' title='bbox 2806 4295 2889 4349; x_wconf 89' lang='lat' dir='ltr'>Ad</span> <span class='ocrx_word' id='word_1_699' title='bbox 2921 4293 3053 4350; x_wconf 91' lang='lat' dir='ltr'>illos</span> <span class='ocrx_word' id='word_1_700' title='bbox 3087 4294 3246 4349; x_wconf 91' lang='lat' dir='ltr'>enim</span> <span class='ocrx_word' id='word_1_701' title='bbox 3275 4293 3386 4350; x_wconf 86' lang='lat' dir='ltr'>iste</span> <span class='ocrx_word' id='word_1_702' title='bbox 3424 4309 3617 4352; x_wconf 88' lang='lat' dir='ltr'>sermo</span> <span class='ocrx_word' id='word_1_703' title='bbox 3642 4295 3840 4354; x_wconf 82' lang='lat' dir='ltr'>factus</span> 
     </span>
    </p>
   </div>
   <div class='ocr_carea' id='block_1_92' title="bbox 2179 4379 3840 4456">
    <p class='ocr_par' dir='ltr' id='par_1_92' title="bbox 2179 4379 3840 4456">
     <span class='ocr_line' id='line_1_92' title="bbox 2179 4379 3840 4456; baseline 0.004 -20"><span class='ocrx_word' id='word_1_704' title='bbox 2179 4384 2283 4436; x_wconf 88' lang='lat' dir='ltr'>est.</span> <span class='ocrx_word' id='word_1_705' title='bbox 2304 4379 2482 4436; x_wconf 83' lang='lat' dir='ltr'>Hodie</span> <span class='ocrx_word' id='word_1_706' title='bbox 2504 4397 2776 4453; x_wconf 87' lang='lat' dir='ltr'>namque,</span> <span class='ocrx_word' id='word_1_707' title='bbox 2793 4383 3001 4454; x_wconf 90' lang='lat' dir='ltr'>inquit,</span> <span class='ocrx_word' id='word_1_708' title='bbox 3019 4399 3250 4456; x_wconf 90' lang='lat' dir='ltr'>semper</span> <span class='ocrx_word' id='word_1_709' title='bbox 3267 4387 3356 4440; x_wconf 90' lang='lat' dir='ltr'>est</span> <span class='ocrx_word' id='word_1_710' title='bbox 3375 4382 3558 4440; x_wconf 88' lang='lat' dir='ltr'>donec</span> <span class='ocrx_word' id='word_1_711' title='bbox 3596 4389 3840 4443; x_wconf 82' lang='lat' dir='ltr'>constet</span> 
     </span>
    </p>
   </div>
   <div class='ocr_carea' id='block_1_93' title="bbox 2178 4470 3840 4546">
    <p class='ocr_par' dir='ltr' id='par_1_93' title="bbox 2178 4470 3840 4546">
     <span class='ocr_line' id='line_1_93' title="bbox 2178 4470 3840 4546; baseline 0.004 -21"><span class='ocrx_word' id='word_1_712' title='bbox 2178 4470 2458 4525; x_wconf 90' lang='lat' dir='ltr'>mundus.</span> <span class='ocrx_word' id='word_1_713' title='bbox 2494 4470 2805 4542; x_wconf 86' lang='lat' dir='ltr'>Peopterea</span> <span class='ocrx_word' id='word_1_714' title='bbox 2835 4471 3221 4529; x_wconf 88' lang='lat' dir='ltr'>consolamini</span> <span class='ocrx_word' id='word_1_715' title='bbox 3249 4489 3350 4530; x_wconf 91' lang='lat' dir='ltr'>vos</span> <span class='ocrx_word' id='word_1_716' title='bbox 3382 4473 3540 4546; x_wconf 89' lang='lat' dir='ltr'>ipsos</span> <span class='ocrx_word' id='word_1_717' title='bbox 3572 4489 3678 4545; x_wconf 90' lang='lat' dir='ltr'>per</span> <span class='ocrx_word' id='word_1_718' title='bbox 3707 4474 3840 4532; x_wconf 83' lang='lat' dir='ltr'>sin-</span> 
     </span>
    </p>
   </div>
   <div class='ocr_carea' id='block_1_94' title="bbox 2177 4558 3839 4633">
    <p class='ocr_par' dir='ltr' id='par_1_94' title="bbox 2177 4558 3839 4633">
     <span class='ocr_line' id='line_1_94' title="bbox 2177 4558 3839 4633; baseline 0.004 -19"><span class='ocrx_word' id='word_1_719' title='bbox 2177 4558 2347 4632; x_wconf 90' lang='lat' dir='ltr'>gulos</span> <span class='ocrx_word' id='word_1_720' title='bbox 2377 4559 2500 4617; x_wconf 89' lang='lat' dir='ltr'>dies</span> <span class='ocrx_word' id='word_1_721' title='bbox 2533 4577 2837 4633; x_wconf 88' lang='lat' dir='ltr'>usquequo</span> <span class='ocrx_word' id='word_1_722' title='bbox 2865 4567 3106 4619; x_wconf 90' lang='lat' dir='ltr'>vocatur</span> <span class='ocrx_word' id='word_1_723' title='bbox 3134 4562 3308 4618; x_wconf 91' lang='lat' dir='ltr'>hodie</span> <span class='ocrx_word' id='word_1_724' title='bbox 3340 4579 3354 4618; x_wconf 89' lang='lat'><strong>:</strong></span> <span class='ocrx_word' id='word_1_725' title='bbox 3388 4561 3498 4618; x_wconf 91' lang='lat' dir='ltr'>hoc</span> <span class='ocrx_word' id='word_1_726' title='bbox 3529 4564 3839 4629; x_wconf 66' lang='lat' dir='ltr'>est,zediﬂ-</span> 
     </span>
    </p>
   </div>
   <div class='ocr_carea' id='block_1_95' title="bbox 425 4645 3840 4730">
    <p class='ocr_par' dir='ltr' id='par_1_95' title="bbox 425 4645 3840 4730">
     <span class='ocr_line' id='line_1_95' title="bbox 425 4645 3840 4730; baseline 0.002 -26"><span class='ocrx_word' id='word_1_727' title='bbox 425 4662 562 4720; x_wconf 89' lang='lat' dir='ltr'>ergo</span> <span class='ocrx_word' id='word_1_728' title='bbox 592 4645 846 4714; x_wconf 86' lang='lat' dir='ltr'>dicebas,</span> <span class='ocrx_word' id='word_1_729' title='bbox 878 4646 1090 4718; x_wconf 89' lang='lat' dir='ltr'>inquit,</span> <span class='ocrx_word' id='word_1_730' title='bbox 1121 4647 1259 4718; x_wconf 89' lang='lat' dir='ltr'>quia</span> <span class='ocrx_word' id='word_1_731' title='bbox 1286 4648 1429 4704; x_wconf 87' lang='lat' dir='ltr'>velle</span> <span class='ocrx_word' id='word_1_732' title='bbox 1481 4648 1736 4705; x_wconf 79' lang='lat' dir='ltr'>sufﬁcit?</span> <span class='ocrx_word' id='word_1_733' title='bbox 1777 4652 1888 4706; x_wconf 89' lang='lat' dir='ltr'>Sed</span> <span class='ocrx_word' id='word_1_734' title='bbox 1925 4652 2070 4708; x_wconf 89' lang='lat' dir='ltr'>velle</span> <span class='ocrx_word' id='word_1_735' title='bbox 2097 4664 2144 4730; x_wconf 82' lang='lat' dir='ltr'><strong>D</strong></span> <span class='ocrx_word' id='word_1_736' title='bbox 2177 4653 2304 4705; x_wconf 89' lang='lat' dir='ltr'>cate</span> <span class='ocrx_word' id='word_1_737' title='bbox 2351 4648 2619 4716; x_wconf 90' lang='lat' dir='ltr'>invicem,</span> <span class='ocrx_word' id='word_1_738' title='bbox 2653 4651 2925 4724; x_wconf 86' lang='lat' dir='ltr'>corrigite</span> <span class='ocrx_word' id='word_1_739' title='bbox 2967 4667 3068 4707; x_wconf 90' lang='lat' dir='ltr'>vos</span> <span class='ocrx_word' id='word_1_740' title='bbox 3123 4651 3301 4723; x_wconf 90' lang='lat' dir='ltr'>ipsos,</span> <span class='ocrx_word' id='word_1_741' title='bbox 3353 4667 3428 4707; x_wconf 90' lang='lat' dir='ltr'>ne</span> <span class='ocrx_word' id='word_1_742' title='bbox 3484 4651 3840 4724; x_wconf 82' lang='lat' dir='ltr'>contingant</span> 
     </span>
    </p>
   </div>
   <div class='ocr_carea' id='block_1_96' title="bbox 424 4735 2064 4808">
    <p class='ocr_par' dir='ltr' id='par_1_96' title="bbox 424 4735 2064 4808">
     <span class='ocr_line' id='line_1_96' title="bbox 424 4735 2064 4808; baseline 0.004 -16"><span class='ocrx_word' id='word_1_743' title='bbox 424 4751 561 4792; x_wconf 88' lang='lat' dir='ltr'>cum</span> <span class='ocrx_word' id='word_1_744' title='bbox 592 4751 767 4807; x_wconf 90' lang='lat' dir='ltr'>opera</span> <span class='ocrx_word' id='word_1_745' title='bbox 795 4735 1258 4808; x_wconf 88' lang='lat' dir='ltr'>apprehendens,</span> <span class='ocrx_word' id='word_1_746' title='bbox 1291 4737 1466 4792; x_wconf 89' lang='lat' dir='ltr'>etiam</span> <span class='ocrx_word' id='word_1_747' title='bbox 1498 4754 1620 4792; x_wconf 90' lang='lat' dir='ltr'>rem</span> <span class='ocrx_word' id='word_1_748' title='bbox 1662 4756 1796 4794; x_wconf 91' lang='lat' dir='ltr'>cum</span> <span class='ocrx_word' id='word_1_749' title='bbox 1847 4738 2064 4798; x_wconf 88' lang='lat' dir='ltr'>labore.</span> 
     </span>
    </p>
   </div>
   <div class='ocr_carea' id='block_1_97' title="bbox 423 4823 2064 4896">
    <p class='ocr_par' dir='ltr' id='par_1_97' title="bbox 423 4823 2064 4896">
     <span class='ocr_line' id='line_1_97' title="bbox 423 4823 2064 4896; baseline 0.004 -16"><span class='ocrx_word' id='word_1_750' title='bbox 423 4823 718 4882; x_wconf 80' lang='lat' dir='ltr'>Habemus</span> <span class='ocrx_word' id='word_1_751' title='bbox 740 4824 955 4896; x_wconf 91' lang='lat' dir='ltr'>quippe</span> <span class='ocrx_word' id='word_1_752' title='bbox 975 4831 1408 4896; x_wconf 87' lang='lat' dir='ltr'>cooperatorem</span> <span class='ocrx_word' id='word_1_753' title='bbox 1430 4830 1484 4882; x_wconf 92' lang='lat' dir='ltr'>et</span> <span class='ocrx_word' id='word_1_754' title='bbox 1507 4827 1574 4881; x_wconf 89' lang='lat' dir='ltr'>ad</span> <span class='ocrx_word' id='word_1_755' title='bbox 1575 4827 1833 4896; x_wconf 88' lang='lat' dir='ltr'>jutorem</span> <span class='ocrx_word' id='word_1_756' title='bbox 1858 4829 2064 4886; x_wconf 92' lang='lat' dir='ltr'>Deum.</span> 
     </span>
    </p>
   </div>
   <div class='ocr_carea' id='block_1_98' title="bbox 421 4913 2070 4990">
    <p class='ocr_par' dir='ltr' id='par_1_98' title="bbox 421 4913 2070 4990">
     <span class='ocr_line' id='line_1_98' title="bbox 421 4913 2070 4990; baseline 0.001 -19"><span class='ocrx_word' id='word_1_757' title='bbox 421 4913 678 4974; x_wconf 87' lang='lat' dir='ltr'>Tantum</span> <span class='ocrx_word' id='word_1_758' title='bbox 697 4928 822 4969; x_wconf 88' lang='lat' dir='ltr'>rem</span> <span class='ocrx_word' id='word_1_759' title='bbox 843 4929 1238 4984; x_wconf 86' lang='lat' dir='ltr'>assumamus,</span> <span class='ocrx_word' id='word_1_760' title='bbox 1257 4919 1488 4970; x_wconf 89' lang='lat' dir='ltr'>tantum</span> <span class='ocrx_word' id='word_1_761' title='bbox 1512 4913 1689 4970; x_wconf 90' lang='lat' dir='ltr'>veluti</span> <span class='ocrx_word' id='word_1_762' title='bbox 1721 4917 1793 4972; x_wconf 91' lang='lat' dir='ltr'>ad</span> <span class='ocrx_word' id='word_1_763' title='bbox 1816 4934 1963 4990; x_wconf 89' lang='lat' dir='ltr'>opus</span> <span class='ocrx_word' id='word_1_764' title='bbox 1980 4936 2070 4974; x_wconf 85' lang='lat' dir='ltr'>ac-</span> 
     </span>
    </p>
   </div>
   <div class='ocr_carea' id='block_1_99' title="bbox 420 5002 2066 5077">
    <p class='ocr_par' dir='ltr' id='par_1_99' title="bbox 420 5002 2066 5077">
     <span class='ocr_line' id='line_1_99' title="bbox 420 5002 2066 5077; baseline 0.001 -17"><span class='ocrx_word' id='word_1_765' title='bbox 420 5004 698 5060; x_wconf 88' lang='lat' dir='ltr'>cedamus</span> <span class='ocrx_word' id='word_1_766' title='bbox 719 5002 792 5058; x_wconf 90' lang='lat' dir='ltr'>ad</span> <span class='ocrx_word' id='word_1_767' title='bbox 823 5019 966 5071; x_wconf 90' lang='lat' dir='ltr'>rem,</span> <span class='ocrx_word' id='word_1_768' title='bbox 998 5005 1227 5059; x_wconf 89' lang='lat' dir='ltr'>tantum</span> <span class='ocrx_word' id='word_1_769' title='bbox 1277 5020 1477 5060; x_wconf 88' lang='lat' dir='ltr'>curam</span> <span class='ocrx_word' id='word_1_770' title='bbox 1509 5021 1802 5077; x_wconf 89' lang='lat' dir='ltr'>geramus,</span> <span class='ocrx_word' id='word_1_771' title='bbox 1835 5010 2066 5062; x_wconf 88' lang='lat' dir='ltr'>tantum</span> 
     </span>
    </p>
   </div>
   <div class='ocr_carea' id='block_1_100' title="bbox 418 5090 2064 5166">
    <p class='ocr_par' dir='ltr' id='par_1_100' title="bbox 418 5090 2064 5166">
     <span class='ocr_line' id='line_1_100' title="bbox 418 5090 2064 5166; baseline 0.003 -19"><span class='ocrx_word' id='word_1_772' title='bbox 418 5090 479 5148; x_wconf 90' lang='lat' dir='ltr'>in</span> <span class='ocrx_word' id='word_1_773' title='bbox 507 5097 703 5150; x_wconf 89' lang='lat' dir='ltr'>mente</span> <span class='ocrx_word' id='word_1_774' title='bbox 746 5109 1057 5166; x_wconf 90' lang='lat' dir='ltr'>ponamus,</span> <span class='ocrx_word' id='word_1_775' title='bbox 1092 5097 1149 5148; x_wconf 92' lang='lat' dir='ltr'>et</span> <span class='ocrx_word' id='word_1_776' title='bbox 1193 5099 1404 5149; x_wconf 84' lang='lat' dir='ltr'>cuncta</span> <span class='ocrx_word' id='word_1_777' title='bbox 1447 5099 1787 5165; x_wconf 89' lang='lat' dir='ltr'>sequentur.</span> <span class='ocrx_word' id='word_1_778' title='bbox 1822 5095 1882 5150; x_wconf 93' lang='lat' dir='ltr'>Si</span> <span class='ocrx_word' id='word_1_779' title='bbox 1933 5113 2064 5152; x_wconf 90' lang='lat' dir='ltr'>vero</span> 
     </span>
    </p>
   </div>
   <div class='ocr_carea' id='block_1_101' title="bbox 419 5181 2067 5254">
    <p class='ocr_par' dir='ltr' id='par_1_101' title="bbox 419 5181 2067 5254">
     <span class='ocr_line' id='line_1_101' title="bbox 419 5181 2067 5254; baseline 0.004 -18"><span class='ocrx_word' id='word_1_780' title='bbox 419 5181 925 5253; x_wconf 87' lang='lat' dir='ltr'>dormierimus,et</span> <span class='ocrx_word' id='word_1_781' title='bbox 957 5187 1268 5238; x_wconf 86' lang='lat' dir='ltr'>stertentes</span> <span class='ocrx_word' id='word_1_782' title='bbox 1293 5200 1594 5254; x_wconf 89' lang='lat' dir='ltr'>speremus</span> <span class='ocrx_word' id='word_1_783' title='bbox 1624 5182 1839 5240; x_wconf 88' lang='lat' dir='ltr'>intrare</span> <span class='ocrx_word' id='word_1_784' title='bbox 1869 5183 1928 5238; x_wconf 91' lang='lat' dir='ltr'>in</span> <span class='ocrx_word' id='word_1_785' title='bbox 1961 5202 2067 5242; x_wconf 78' lang='lat' dir='ltr'>coe-</span> 
     </span>
    </p>
   </div>
   <div class='ocr_carea' id='block_1_102' title="bbox 419 5268 2062 5347">
    <p class='ocr_par' dir='ltr' id='par_1_102' title="bbox 419 5268 2062 5347">
     <span class='ocr_line' id='line_1_102' title="bbox 419 5268 2062 5347; baseline 0.002 -22"><span class='ocrx_word' id='word_1_786' title='bbox 419 5268 811 5343; x_wconf 89' lang='lat' dir='ltr'>lum,quando</span> <span class='ocrx_word' id='word_1_787' title='bbox 860 5272 1182 5344; x_wconf 91' lang='lat' dir='ltr'>poterimus</span> <span class='ocrx_word' id='word_1_788' title='bbox 1211 5271 1608 5327; x_wconf 74' lang='lat' dir='ltr'>hzereditatem</span> <span class='ocrx_word' id='word_1_789' title='bbox 1649 5273 1927 5329; x_wconf 73' lang='lat' dir='ltr'>cmlorum</span> <span class='ocrx_word' id='word_1_790' title='bbox 1959 5291 2062 5347; x_wconf 78' lang='lat' dir='ltr'>ap~</span> 
     </span>
    </p>
   </div>
   <div class='ocr_carea' id='block_1_103' title="bbox 417 5356 2059 5431">
    <p class='ocr_par' dir='ltr' id='par_1_103' title="bbox 417 5356 2059 5431">
     <span class='ocr_line' id='line_1_103' title="bbox 417 5356 2059 5431; baseline 0.002 -18"><span class='ocrx_word' id='word_1_791' title='bbox 417 5356 814 5430; x_wconf 87' lang='lat' dir='ltr'>prehendere?</span> <span class='ocrx_word' id='word_1_792' title='bbox 846 5359 1257 5415; x_wconf 87' lang='lat' dir='ltr'>Desideremus</span> <span class='ocrx_word' id='word_1_793' title='bbox 1288 5361 1379 5414; x_wconf 76' lang='grc'>17</span> <span class='ocrx_word' id='word_1_794' title='bbox 1395 5360 1443 5415; x_wconf 76' lang='lat'><strong>6</strong></span> <span class='ocrx_word' id='word_1_795' title='bbox 1474 5375 1608 5431; x_wconf 89' lang='lat' dir='ltr'>ergo</span> <span class='ocrx_word' id='word_1_796' title='bbox 1640 5359 2059 5427; x_wconf 70' lang='lat' dir='ltr'>haec,obsecro,</span> 
     </span>
    </p>
   </div>
   <div class='ocr_carea' id='block_1_104' title="bbox 416 5445 2064 5519">
    <p class='ocr_par' dir='ltr' id='par_1_104' title="bbox 416 5445 2064 5519">
     <span class='ocr_line' id='line_1_104' title="bbox 416 5445 2064 5519; baseline 0.001 -17"><span class='ocrx_word' id='word_1_797' title='bbox 416 5445 838 5504; x_wconf 81' lang='lat' dir='ltr'>desideremus.</span> <span class='ocrx_word' id='word_1_798' title='bbox 873 5449 1018 5513; x_wconf 88' lang='lat' dir='ltr'>Quid</span> <span class='ocrx_word' id='word_1_799' title='bbox 1053 5449 1251 5504; x_wconf 87' lang='lat' dir='ltr'>omnia</span> <span class='ocrx_word' id='word_1_800' title='bbox 1281 5449 1350 5504; x_wconf 89' lang='lat' dir='ltr'>ad</span> <span class='ocrx_word' id='word_1_801' title='bbox 1386 5452 1728 5519; x_wconf 81' lang='lat' dir='ltr'>praesentem</span> <span class='ocrx_word' id='word_1_802' title='bbox 1757 5448 1936 5504; x_wconf 88' lang='lat' dir='ltr'>vitam</span> <span class='ocrx_word' id='word_1_803' title='bbox 1969 5467 2064 5504; x_wconf 83' lang='lat' dir='ltr'>ne-</span> 
     </span>
    </p>
   </div>
   <div class='ocr_carea' id='block_1_105' title="bbox 414 5534 2061 5609">
    <p class='ocr_par' dir='ltr' id='par_1_105' title="bbox 414 5534 2061 5609">
     <span class='ocr_line' id='line_1_105' title="bbox 414 5534 2061 5609; baseline 0.003 -19"><span class='ocrx_word' id='word_1_804' title='bbox 414 5534 858 5609; x_wconf 73' lang='lat' dir='ltr'>gotiamur,qua:</span> <span class='ocrx_word' id='word_1_805' title='bbox 877 5537 1130 5593; x_wconf 89' lang='lat' dir='ltr'>crastina</span> <span class='ocrx_word' id='word_1_806' title='bbox 1145 5537 1618 5608; x_wconf 86' lang='lat' dir='ltr'>derelinquemus</span> <span class='ocrx_word' id='word_1_807' title='bbox 1630 5538 1658 5592; x_wconf 86' lang='lat'>?</span> <span class='ocrx_word' id='word_1_808' title='bbox 1672 5541 2061 5595; x_wconf 77' lang='lat' dir='ltr'>Assumamus</span> 
     </span>
    </p>
   </div>
   <div class='ocr_carea' id='block_1_106' title="bbox 413 5621 2056 5699">
    <p class='ocr_par' dir='ltr' id='par_1_106' title="bbox 413 5621 2056 5699">
     <span class='ocr_line' id='line_1_106' title="bbox 413 5621 2056 5699; baseline 0.002 -20"><span class='ocrx_word' id='word_1_809' title='bbox 413 5621 596 5697; x_wconf 85' lang='lat' dir='ltr'>igitur</span> <span class='ocrx_word' id='word_1_810' title='bbox 617 5623 1053 5698; x_wconf 74' lang='lat' dir='ltr'>virtutem,‘qua3</span> <span class='ocrx_word' id='word_1_811' title='bbox 1080 5626 1248 5684; x_wconf 90' lang='lat' dir='ltr'>nobis</span> <span class='ocrx_word' id='word_1_812' title='bbox 1269 5626 1328 5682; x_wconf 91' lang='lat' dir='ltr'>in</span> <span class='ocrx_word' id='word_1_813' title='bbox 1349 5631 1698 5699; x_wconf 88' lang='lat' dir='ltr'>perpetuum</span> <span class='ocrx_word' id='word_1_814' title='bbox 1722 5628 2056 5696; x_wconf 80' lang='lat' dir='ltr'>sufﬁciet,in</span> 
     </span>
    </p>
   </div>
   <div class='ocr_carea' id='block_1_107' title="bbox 415 5712 2060 5793">
    <p class='ocr_par' dir='ltr' id='par_1_107' title="bbox 415 5712 2060 5793">
     <span class='ocr_line' id='line_1_107' title="bbox 415 5712 2060 5793; baseline 0.002 -20"><span class='ocrx_word' id='word_1_815' title='bbox 415 5729 531 5793; x_wconf 87' lang='lat' dir='ltr'>quo</span> <span class='ocrx_word' id='word_1_816' title='bbox 561 5712 780 5773; x_wconf 87' lang='lat' dir='ltr'>erimus</span> <span class='ocrx_word' id='word_1_817' title='bbox 810 5731 1039 5791; x_wconf 88' lang='lat' dir='ltr'>semper</span> <span class='ocrx_word' id='word_1_818' title='bbox 1065 5720 1122 5774; x_wconf 90' lang='lat' dir='ltr'>ct</span> <span class='ocrx_word' id='word_1_819' title='bbox 1150 5715 1382 5774; x_wconf 68' lang='lat' dir='ltr'>aeternis</span> <span class='ocrx_word' id='word_1_820' title='bbox 1412 5715 1583 5773; x_wconf 89' lang='lat' dir='ltr'>bonis</span> <span class='ocrx_word' id='word_1_821' title='bbox 1610 5717 1894 5775; x_wconf 88' lang='lat' dir='ltr'>fruemur.</span> <span class='ocrx_word' id='word_1_822' title='bbox 1928 5739 1956 5769; x_wconf 82' lang='lat'><em>»</em></span> <span class='ocrx_word' id='word_1_823' title='bbox 1989 5717 2060 5776; x_wconf 90' lang='lat' dir='ltr'>Et</span> 
     </span>
    </p>
   </div>
   <div class='ocr_carea' id='block_1_108' title="bbox 2177 4737 3842 4812">
    <p class='ocr_par' dir='ltr' id='par_1_108' title="bbox 2177 4737 3842 4812">
     <span class='ocr_line' id='line_1_108' title="bbox 2177 4737 3842 4812; baseline 0.002 -18"><span class='ocrx_word' id='word_1_824' title='bbox 2177 4739 2341 4795; x_wconf 90' lang='lat' dir='ltr'>vobis</span> <span class='ocrx_word' id='word_1_825' title='bbox 2372 4737 2610 4806; x_wconf 89' lang='lat' dir='ltr'>similia,</span> <span class='ocrx_word' id='word_1_826' title='bbox 2645 4755 2715 4794; x_wconf 90' lang='lat' dir='ltr'>ne</span> <span class='ocrx_word' id='word_1_827' title='bbox 2747 4739 3067 4796; x_wconf 89' lang='lat' dir='ltr'>obduretur</span> <span class='ocrx_word' id='word_1_828' title='bbox 3095 4739 3410 4812; x_wconf 88' lang='lat' dir='ltr'>quisquam</span> <span class='ocrx_word' id='word_1_829' title='bbox 3441 4755 3511 4794; x_wconf 80' lang='lat' dir='ltr'>ex</span> <span class='ocrx_word' id='word_1_830' title='bbox 3538 4738 3708 4797; x_wconf 86' lang='lat' dir='ltr'>vobis</span> <span class='ocrx_word' id='word_1_831' title='bbox 3738 4741 3842 4798; x_wconf 87' lang='lat' dir='ltr'>de-</span> 
     </span>
    </p>
   </div>
   <div class='ocr_carea' id='block_1_109' title="bbox 2176 4827 3836 4902">
    <p class='ocr_par' dir='ltr' id='par_1_109' title="bbox 2176 4827 3836 4902">
     <span class='ocr_line' id='line_1_109' title="bbox 2176 4827 3836 4902; baseline 0.004 -20"><span class='ocrx_word' id='word_1_832' title='bbox 2176 4827 2426 4900; x_wconf 89' lang='lat' dir='ltr'>cipiente</span> <span class='ocrx_word' id='word_1_833' title='bbox 2456 4828 2994 4898; x_wconf 87' lang='lat' dir='ltr'>peccato.Attendis</span> <span class='ocrx_word' id='word_1_834' title='bbox 3020 4829 3158 4902; x_wconf 88' lang='lat' dir='ltr'>quia</span> <span class='ocrx_word' id='word_1_835' title='bbox 3185 4827 3500 4884; x_wconf 84' lang='lat' dir='ltr'>inﬁdelitas</span> <span class='ocrx_word' id='word_1_836' title='bbox 3520 4833 3836 4900; x_wconf 86' lang='lat' dir='ltr'>peccatum</span> 
     </span>
    </p>
   </div>
   <div class='ocr_carea' id='block_1_110' title="bbox 2176 4915 3838 4992">
    <p class='ocr_par' dir='ltr' id='par_1_110' title="bbox 2176 4915 3838 4992">
     <span class='ocr_line' id='line_1_110' title="bbox 2176 4915 3838 4992; baseline 0.004 -22"><span class='ocrx_word' id='word_1_837' title='bbox 2176 4915 2358 4972; x_wconf 83' lang='lat' dir='ltr'>facit?</span> <span class='ocrx_word' id='word_1_838' title='bbox 2387 4915 2548 4971; x_wconf 88' lang='lat' dir='ltr'>Sicut</span> <span class='ocrx_word' id='word_1_839' title='bbox 2579 4915 2733 4971; x_wconf 90' lang='lat' dir='ltr'>enim</span> <span class='ocrx_word' id='word_1_840' title='bbox 2764 4917 3078 4973; x_wconf 79' lang='lat' dir='ltr'>infidelitas</span> <span class='ocrx_word' id='word_1_841' title='bbox 3111 4916 3432 4990; x_wconf 86' lang='lat' dir='ltr'>malignam</span> <span class='ocrx_word' id='word_1_842' title='bbox 3457 4916 3640 4972; x_wconf 89' lang='lat' dir='ltr'>vitam</span> <span class='ocrx_word' id='word_1_843' title='bbox 3684 4935 3838 4992; x_wconf 79' lang='lat' dir='ltr'>pro-</span> 
     </span>
    </p>
   </div>
   <div class='ocr_carea' id='block_1_111' title="bbox 2175 5003 3838 5078">
    <p class='ocr_par' dir='ltr' id='par_1_111' title="bbox 2175 5003 3838 5078">
     <span class='ocr_line' id='line_1_111' title="bbox 2175 5003 3838 5078; baseline 0.003 -19"><span class='ocrx_word' id='word_1_844' title='bbox 2175 5008 2351 5074; x_wconf 87' lang='lat' dir='ltr'>creat,</span> <span class='ocrx_word' id='word_1_845' title='bbox 2367 5003 2450 5059; x_wconf 92' lang='lat' dir='ltr'>sic</span> <span class='ocrx_word' id='word_1_846' title='bbox 2481 5003 2658 5060; x_wconf 90' lang='lat' dir='ltr'>etiam</span> <span class='ocrx_word' id='word_1_847' title='bbox 2689 5005 2886 5061; x_wconf 91' lang='lat' dir='ltr'>anima</span> <span class='ocrx_word' id='word_1_848' title='bbox 2907 5006 3142 5078; x_wconf 89' lang='lat' dir='ltr'>quando</span> <span class='ocrx_word' id='word_1_849' title='bbox 3173 5006 3230 5061; x_wconf 91' lang='lat' dir='ltr'>in</span> <span class='ocrx_word' id='word_1_850' title='bbox 3265 5005 3622 5078; x_wconf 89' lang='lat' dir='ltr'>profundum</span> <span class='ocrx_word' id='word_1_851' title='bbox 3647 5005 3838 5068; x_wconf 84' lang='lat' dir='ltr'>malo-</span> 
     </span>
    </p>
   </div>
   <div class='ocr_carea' id='block_1_112' title="bbox 2175 5093 3836 5168">
    <p class='ocr_par' dir='ltr' id='par_1_112' title="bbox 2175 5093 3836 5168">
     <span class='ocr_line' id='line_1_112' title="bbox 2175 5093 3836 5168; baseline 0.003 -20"><span class='ocrx_word' id='word_1_852' title='bbox 2175 5110 2306 5148; x_wconf 91' lang='lat' dir='ltr'>rum</span> <span class='ocrx_word' id='word_1_853' title='bbox 2337 5093 2556 5148; x_wconf 83' lang='lat' dir='ltr'>venerit</span> <span class='ocrx_word' id='word_1_854' title='bbox 2585 5095 2922 5162; x_wconf 90' lang='lat' dir='ltr'>contemnit,</span> <span class='ocrx_word' id='word_1_855' title='bbox 2956 5099 3335 5150; x_wconf 88' lang='lat' dir='ltr'>contemnens</span> <span class='ocrx_word' id='word_1_856' title='bbox 3385 5099 3580 5150; x_wconf 87' lang='lat' dir='ltr'>autem</span> <span class='ocrx_word' id='word_1_857' title='bbox 3631 5111 3836 5168; x_wconf 83' lang='lat' dir='ltr'>neque</span> 
     </span>
    </p>
   </div>
   <div class='ocr_carea' id='block_1_113' title="bbox 2173 5182 3832 5256">
    <p class='ocr_par' dir='ltr' id='par_1_113' title="bbox 2173 5182 3832 5256">
     <span class='ocr_line' id='line_1_113' title="bbox 2173 5182 3832 5256; baseline 0.002 -18"><span class='ocrx_word' id='word_1_858' title='bbox 2173 5183 2408 5239; x_wconf 87' lang='lat' dir='ltr'>credere</span> <span class='ocrx_word' id='word_1_859' title='bbox 2434 5182 2654 5255; x_wconf 88' lang='lat' dir='ltr'>patitur</span> <span class='ocrx_word' id='word_1_860' title='bbox 2677 5188 2743 5238; x_wconf 90' lang='lat' dir='ltr'>ut</span> <span class='ocrx_word' id='word_1_861' title='bbox 2768 5201 2829 5240; x_wconf 89' lang='lat' dir='ltr'>se</span> <span class='ocrx_word' id='word_1_862' title='bbox 2859 5184 3069 5240; x_wconf 89' lang='lat' dir='ltr'>timore</span> <span class='ocrx_word' id='word_1_863' title='bbox 3097 5184 3322 5240; x_wconf 91' lang='lat' dir='ltr'>liberet.</span> <span class='ocrx_word' id='word_1_864' title='bbox 3341 5183 3496 5240; x_wconf 83' lang='lat' dir='ltr'>Dixit</span> <span class='ocrx_word' id='word_1_865' title='bbox 3542 5199 3832 5256; x_wconf 86' lang='lat' dir='ltr'>namque,</span> 
     </span>
    </p>
   </div>
   <div class='ocr_carea' id='block_1_114' title="bbox 2170 5271 3831 5346">
    <p class='ocr_par' dir='ltr' id='par_1_114' title="bbox 2170 5271 3831 5346">
     <span class='ocr_line' id='line_1_114' title="bbox 2170 5271 3831 5346; baseline 0.003 -21"><span class='ocrx_word' id='word_1_866' title='bbox 2170 5271 2380 5343; x_wconf 90' lang='lat' dir='ltr'>inquit,</span> <span class='ocrx_word' id='word_1_867' title='bbox 2415 5272 2530 5327; x_wconf 87' lang='lat' dir='ltr'>Non</span> <span class='ocrx_word' id='word_1_868' title='bbox 2568 5272 2770 5328; x_wconf 79' lang='lat' dir='ltr'>videbit</span> <span class='ocrx_word' id='word_1_869' title='bbox 2811 5274 3096 5342; x_wconf 84' lang='lat' dir='ltr'>Dominus,</span> <span class='ocrx_word' id='word_1_870' title='bbox 3129 5289 3303 5346; x_wconf 83' lang='lat' dir='ltr'>neque</span> <span class='ocrx_word' id='word_1_871' title='bbox 3350 5273 3620 5342; x_wconf 81' lang='lat' dir='ltr'>intelliget</span> <span class='ocrx_word' id='word_1_872' title='bbox 3646 5272 3831 5344; x_wconf 65' lang='lat' dir='ltr'>(Paul.</span> 
     </span>
    </p>
   </div>
   <div class='ocr_carea' id='block_1_115' title="bbox 2168 5359 3835 5432">
    <p class='ocr_par' dir='ltr' id='par_1_115' title="bbox 2168 5359 3835 5432">
     <span class='ocr_line' id='line_1_115' title="bbox 2168 5359 3835 5432; baseline 0.003 -17"><span class='ocrx_word' id='word_1_873' title='bbox 2168 5377 2324 5428; x_wconf 79' lang='lat' dir='ltr'>xcm,</span> <span class='ocrx_word' id='word_1_874' title='bbox 2355 5361 2432 5432; x_wconf 92' lang='lat'>7).</span> <span class='ocrx_word' id='word_1_875' title='bbox 2483 5383 2512 5411; x_wconf 85' lang='lat'><strong>»</strong></span> <span class='ocrx_word' id='word_1_876' title='bbox 2573 5361 2642 5414; x_wconf 84' lang='lat' dir='ltr'>Et</span> <span class='ocrx_word' id='word_1_877' title='bbox 2698 5359 2884 5416; x_wconf 86' lang='lat' dir='ltr'>item:</span> <span class='ocrx_word' id='word_1_878' title='bbox 2922 5383 2950 5412; x_wconf 90' lang='lat'>«</span> <span class='ocrx_word' id='word_1_879' title='bbox 2993 5362 3243 5428; x_wconf 86' lang='lat' dir='ltr'>Quidam</span> <span class='ocrx_word' id='word_1_880' title='bbox 3299 5360 3456 5417; x_wconf 90' lang='lat' dir='ltr'>enim</span> <span class='ocrx_word' id='word_1_881' title='bbox 3514 5359 3835 5420; x_wconf 81' lang='lat' dir='ltr'>audientes</span> 
     </span>
    </p>
   </div>
   <div class='ocr_carea' id='block_1_116' title="bbox 2171 5449 3832 5523">
    <p class='ocr_par' dir='ltr' id='par_1_116' title="bbox 2171 5449 3832 5523">
     <span class='ocr_line' id='line_1_116' title="bbox 2171 5449 3832 5523; baseline 0.002 -19"><span class='ocrx_word' id='word_1_882' title='bbox 2171 5449 2650 5516; x_wconf 88' lang='lat' dir='ltr'>amaricaverunt,</span> <span class='ocrx_word' id='word_1_883' title='bbox 2701 5451 2801 5504; x_wconf 90' lang='lat' dir='ltr'>sed</span> <span class='ocrx_word' id='word_1_884' title='bbox 2861 5468 2974 5505; x_wconf 92' lang='lat' dir='ltr'>non</span> <span class='ocrx_word' id='word_1_885' title='bbox 3033 5468 3236 5508; x_wconf 89' lang='lat' dir='ltr'>omnes</span> <span class='ocrx_word' id='word_1_886' title='bbox 3295 5450 3394 5523; x_wconf 92' lang='lat' dir='ltr'>qui</span> <span class='ocrx_word' id='word_1_887' title='bbox 3452 5452 3599 5506; x_wconf 75' lang='grc'>177</span> <span class='ocrx_word' id='word_1_888' title='bbox 3664 5451 3832 5508; x_wconf 72' lang='lat' dir='ltr'>exie-</span> 
     </span>
    </p>
   </div>
   <div class='ocr_carea' id='block_1_117' title="bbox 2169 5538 3833 5613">
    <p class='ocr_par' dir='ltr' id='par_1_117' title="bbox 2169 5538 3833 5613">
     <span class='ocr_line' id='line_1_117' title="bbox 2169 5538 3833 5613; baseline 0.002 -19"><span class='ocrx_word' id='word_1_889' title='bbox 2169 5543 2306 5594; x_wconf 91' lang='lat' dir='ltr'>runt</span> <span class='ocrx_word' id='word_1_890' title='bbox 2336 5555 2404 5594; x_wconf 81' lang='lat' dir='ltr'>ex</span> <span class='ocrx_word' id='word_1_891' title='bbox 2458 5538 2696 5609; x_wconf 56' lang='lat' dir='ltr'>[Egypto</span> <span class='ocrx_word' id='word_1_892' title='bbox 2746 5554 2848 5609; x_wconf 87' lang='lat' dir='ltr'>per</span> <span class='ocrx_word' id='word_1_893' title='bbox 2890 5539 3167 5613; x_wconf 81' lang='lat' dir='ltr'>Moysem.</span> <span class='ocrx_word' id='word_1_894' title='bbox 3199 5539 3422 5607; x_wconf 84' lang='lat' dir='ltr'>Quibus</span> <span class='ocrx_word' id='word_1_895' title='bbox 3454 5543 3648 5594; x_wconf 88' lang='lat' dir='ltr'>autem</span> <span class='ocrx_word' id='word_1_896' title='bbox 3703 5539 3833 5599; x_wconf 80' lang='lat' dir='ltr'>irc-</span> 
     </span>
    </p>
   </div>
   <div class='ocr_carea' id='block_1_118' title="bbox 2167 5625 3828 5700">
    <p class='ocr_par' dir='ltr' id='par_1_118' title="bbox 2167 5625 3828 5700">
     <span class='ocr_line' id='line_1_118' title="bbox 2167 5625 3828 5700; baseline 0.001 -16"><span class='ocrx_word' id='word_1_897' title='bbox 2167 5633 2264 5684; x_wconf 87' lang='lat' dir='ltr'>tus</span> <span class='ocrx_word' id='word_1_898' title='bbox 2311 5631 2398 5682; x_wconf 90' lang='lat' dir='ltr'>est</span> <span class='ocrx_word' id='word_1_899' title='bbox 2441 5625 2829 5698; x_wconf 87' lang='lat' dir='ltr'>quadraginta</span> <span class='ocrx_word' id='word_1_900' title='bbox 2883 5628 3096 5686; x_wconf 86' lang='lat' dir='ltr'>annis?</span> <span class='ocrx_word' id='word_1_901' title='bbox 3139 5645 3332 5686; x_wconf 90' lang='lat' dir='ltr'>nonne</span> <span class='ocrx_word' id='word_1_902' title='bbox 3387 5625 3828 5700; x_wconf 79' lang='lat' dir='ltr'>peccatoribus,</span> 
     </span>
    </p>
   </div>
   <div class='ocr_carea' id='block_1_119' title="bbox 2167 5713 3830 5795">
    <p class='ocr_par' dir='ltr' id='par_1_119' title="bbox 2167 5713 3830 5795">
     <span class='ocr_line' id='line_1_119' title="bbox 2167 5713 3830 5795; baseline 0.004 -23"><span class='ocrx_word' id='word_1_903' title='bbox 2167 5731 2419 5795; x_wconf 89' lang='lat' dir='ltr'>quorum</span> <span class='ocrx_word' id='word_1_904' title='bbox 2477 5713 2741 5773; x_wconf 86' lang='lat' dir='ltr'>membra</span> <span class='ocrx_word' id='word_1_905' title='bbox 2793 5717 3128 5777; x_wconf 89' lang='lat' dir='ltr'>ceciderunt</span> <span class='ocrx_word' id='word_1_906' title='bbox 3179 5719 3240 5776; x_wconf 90' lang='lat' dir='ltr'>in</span> <span class='ocrx_word' id='word_1_907' title='bbox 3297 5715 3537 5776; x_wconf 85' lang='lat' dir='ltr'>eremo?</span> <span class='ocrx_word' id='word_1_908' title='bbox 3589 5716 3830 5786; x_wconf 83' lang='lat' dir='ltr'>Quibus</span> 
     </span>
    </p>
   </div>
  </div>
