4020 6450
179 428 287 492 ω
885 429 989 490 DE
1031 428 1796 492 Pli/EDESTINA'I‘IONE
1831 425 2362 494 BTSSERTATIO
2407 411 2868 494 POSTERlOR.
3469 434 3588 497 242

179 559 618 634 autem-juruvit
637 559 778 634 quia
797 579 912 618 non
935 561 1155 618 intrent
1177 562 1237 617 in
1259 562 1519 636 requiem
1541 563 1693 634 ejus,
1716 560 1830 618 nisi
1857 557 1912 627 Α
1942 561 2216 631 stiterint,
2249 568 2389 619 tunc
2424 565 2552 636 jam
2583 563 2851 620 convenit
2878 563 3196 638 increpare,
3231 582 3304 623 ne
3353 567 3402 624 si
3453 551 3588 626 ant’e

180 650 568 708 inﬁdelibus?
595 656 656 708 et
681 651 950 707 videmus
983 651 1122 724 quia
1163 668 1278 706 non
1310 655 1577 723 poterant
1615 651 1832 706 intrare
1937 651 2190 708 volueris
2221 670 2484 726 arguere,
2508 654 2900 726 impudendos
2931 658 2988 710 et
3019 660 3312 727 protervos
3341 657 3584 716 efﬁcias.

179 757 278 816 per
298 739 770 797 infidelitatem.»
790 741 863 796 Et
881 739 1055 813 paulo
1076 744 1208 812 post
1233 757 1282 794 :«
1307 742 1566 806 Quorum
1586 739 1832 794 obdura-
1941 741 2105 796 Sicut
2136 741 2310 796 etiam
2344 743 2572 816 Moyses
2605 743 2739 798 fecit
2769 742 2922 798 circa
2941 744 3276 801 Zambrium
3306 750 3365 802 et
3391 745 3605 804 Casbi-

181 833 371 886 torum
407 828 769 884 mentionem
802 828 958 897 facit,
992 846 1186 884 nonne
1207 828 1632 884 Judzeorum?»
1669 827 1832 894 Quod
1941 829 2141 884 tidem.
2167 832 2519 899 Pmnitentia’,
2552 831 2762 904 inquit,
2793 833 2969 888 locum
2997 849 3106 888 non
3136 834 3361 891 invenit.
3393 834 3588 895 Potest

1939 923 1999 974 et
2029 919 2198 974 aliter
2228 920 2494 993 intelligi,
2520 922 2661 992 quia
2691 925 2992 993 peccatum
3025 922 3364 994 poenitentia
3393 926 3587 995 maius

1941 1007 2198 1064 admisit.
2224 1009 2374 1064 Sunt
2403 1009 2559 1065 enim
2597 1018 2834 1082 peccata
2873 1011 3276 1083 paenitentiam
3308 1029 3586 1086 superan-

1939 1096 2023 1152 tia
2048 1113 2060 1151 :
2085 1097 2258 1152 veluti
2291 1097 2341 1154 si
2372 1097 2623 1153 diceret:
2649 1100 2773 1154 Non
2798 1101 3078 1155 cudamus
3110 1100 3168 1155 in
3199 1100 3587 1161 insanabilem

1941 1185 2196 1240 ruinam.
2219 1187 2370 1241 Dum
2403 1186 2559 1242 enim
2583 1187 2874 1242 claudicat
2891 1187 3182 1261 quisquis,
3207 1189 3375 1246 facile
3400 1195 3592 1264 potest

1942 1279 2137 1330 rectus
2159 1275 2244 1330 vel
2277 1293 2457 1331 sanus
2488 1276 2638 1331 efﬁci
2665 1293 2678 1330 :
2705 1276 2753 1332 si
2775 1293 2908 1332 vero
2939 1267 3172 1349 penitus
3194 1280 3585 1352 subvertatur,

1942 1364 2084 1436 quid
2108 1363 2396 1420 ulterius?
2421 1364 2666 1420 Proinde
2688 1365 2938 1421 necdum
2961 1366 3140 1440 lapsis
3163 1369 3284 1424 haec
3305 1368 3586 1442 loquitur,

1941 1457 2008 1508 ut
2036 1470 2133 1508 eos
2163 1453 2370 1509 timore
2391 1453 2760 1525 deprimeret.
2783 1454 2976 1510 Veluti
3001 1457 3048 1510 si
3071 1457 3308 1527 diceret,
3327 1459 3467 1531 quia
3487 1459 3590 1533 qui

1943 1541 2153 1596 cecidit
2173 1541 2395 1597 nullam
2418 1541 2875 1599 consolationem
2899 1546 3106 1600 mereri
3121 1547 3249 1618 jam
3271 1546 3502 1620 poterit.
3519 1547 3592 1606 Et

1941 1630 2037 1686 hic
2067 1631 2304 1702 quidem
2337 1631 2480 1687 istos
2511 1648 2584 1687 ne
2614 1633 2888 1688 caderent
2916 1633 3086 1689 aliter
3115 1636 3467 1693 admonebat
3489 1654 3502 1694 :
3525 1636 3586 1696 in

1943 1718 2056 1774 alio
2085 1736 2217 1774 vero
2250 1719 2374 1774 loco
2406 1720 2504 1774 ubi
2539 1721 2657 1790 iam
2691 1719 2776 1775 eis
2806 1721 2902 1792 qui
2937 1721 3274 1778 cediderant
3305 1723 3587 1798 loquitur,

176 1807 349 1864 bus.»
377 1807 453 1862 Et
480 1804 661 1861 item:
690 1805 756 1858 In
783 1803 873 1858 die
902 1819 1006 1875 qua
1037 1802 1371 1874 apprehendi
1396 1813 1620 1859 manum
1648 1820 1836 1859 eorum
1942 1825 2016 1862 ne
2058 1806 2118 1862 in
2167 1807 2632 1879 desperationem
2682 1809 3030 1876 deciderent,
3066 1811 3356 1868 contraria
3400 1813 3540 1870 dicit
3571 1830 3587 1871 :

171 1904 236 1954 ut
255 1895 553 1953 educerem
577 1909 667 1950 eos
695 1893 760 1948 de
801 1900 948 1948 terra
977 1893 1213 1964 Egypti,
1233 1900 1286 1948 et
1327 1893 1438 1964 ipsi
1473 1909 1584 1948 non
1619 1909 1834 1948 manse-
1859 1921 1916 1990 :B
1945 1897 2132 1952 Filioli
2156 1898 2286 1961 mei,
2319 1896 2532 1968 inquit,
2565 1913 2697 1968 quos
2729 1899 2926 1952 iterum
2951 1900 3201 1969 parturio
3229 1899 3396 1957 donec
3423 1905 3598 1976 refor-

173 1993 310 2042 nmt
333 1985 402 2040 in
432 1988 748 2040 (eammeam
791 1996 932 2048 meo,
964 1987 1017 2036 et
1041 1996 1135 2050 ego
1176 1980 1396 2050 neglexi
1418 1996 1525 2048 eos,
1559 1980 1694 2036 dicit
1738 1983 1839 2037 Do-
1867 1980 1913 1990 ”
1945 1994 2126 2042 metur
2163 1987 2409 2041 Christus
2469 1987 2528 2040 in
2586 1985 2735 2040 vobis
2768 1986 2906 2056 (Gal.
2939 2003 3018 2056 ιν,
3055 1987 3160 2058 19).
3185 1987 3410 2054 Quibus
3457 1991 3599 2048 alibi

174 2077 368 2132 minus
399 2073 537 2143 (Jer.
559 2087 712 2137 xxxr,
743 2069 857 2142 32).
877 2093 905 2119 «
941 2069 1170 2124 Intuere
1200 2085 1234 2124 a
1262 2069 1431 2124 nobis
1463 2070 1720 2142 primum
1753 2071 1840 2126 in-
1950 2075 2217 2131 dicebat:
2251 2075 2356 2142 Qui
2403 2076 2460 2129 in
2494 2075 2604 2144 lege
2622 2075 3013 2145 justiﬁcamini
3039 2092 3072 2130 (ι
3099 2078 3276 2146 gratia
3322 2079 3602 2136 excidisti}

171 2163 376 2237 oipere
408 2159 589 2217 mala.
615 2159 756 2232 Ipsi,
787 2159 1000 2231 inquit,
1023 2157 1198 2230 primi
1229 2174 1344 2213 non
1376 2163 1738 2215 manserunt.
1763 2160 1844 2214 Ex
1953 2163 2092 2236 (Gal.
2116 2181 2171 2230 v,
2207 2163 2281 2233 4),
2315 2163 2458 2218 Ecce
2507 2161 2631 2233 ipse
2665 2166 2912 2218 testatur
2942 2163 3081 2235 quia
3123 2162 3472 2222 ceciderant.
3495 2167 3604 2234 Qui

173 2251 356 2310 nobis
387 2254 484 2308 est
513 2248 886 2322 negligentia.
915 2270 943 2296 »
1953 2269 2090 2324 ergo
2119 2255 2235 2307 stat
2255 2254 2311 2305 et
2331 2250 2800 2320 audit,quoniam
2823 2249 2924 2323 qui
2948 2251 3467 2310 cecideritvcniam
3489 2242 3605 2312 non

250 2343 327 2398 Et
382 2339 528 2396 item
563 2355 576 2394 :
612 2337 930 2393 Prudentia
987 2341 1182 2392 autem
1213 2336 1408 2392 carnis
1467 2337 1705 2393 inimica
1759 2341 1848 2393 est
1954 2341 2106 2396 valet
2138 2341 2474 2412 impetraro,
2504 2338 2756 2394 validius
2788 2339 2967 2394 stabit
3008 2345 3066 2394 et
3105 2341 3354 2398 cautius.
3385 2342 3446 2399 Si
3475 2349 3608 2400 vero

179 921 372 974 autem
405 917 570 984 dicit,
591 917 710 974 tale
737 921 828 974 est
849 933 899 972 :«
921 917 1248 972 Audierant
1281 920 1338 971 et
1375 915 1480 982 illi,
1504 916 1721 989 inquit,
1748 917 1832 972 si-

177 1010 273 1064 cut
301 1011 368 1062 ut
399 1010 460 1063 et
479 1021 588 1062 nos
609 1005 963 1070 audivimus,
987 1006 1088 1061 sed
1117 1003 1262 1060 nihil
1295 1005 1516 1076 profuit
1545 1005 1682 1060 illis.
1707 1007 1830 1061 Non

179 1113 310 1170 ergo
341 1095 568 1170 putetis
599 1094 739 1168 quia
767 1111 836 1150 ex
875 1094 1080 1151 auditu
1127 1097 1356 1150 tantum
1403 1095 1834 1166 praedicationis

172 1183 484 1258 juvamini,
511 1183 652 1256 quia
681 1187 739 1240 et
769 1183 854 1238 illi
887 1183 1217 1251 audierunt,
1248 1184 1350 1238 sed
1380 1183 1527 1238 nihil
1560 1184 1833 1241 utilitatis

176 1271 746 1346 babuere,quoniam
770 1289 888 1328 non
911 1272 1300 1327 crediderunt.
1322 1271 1535 1345 Caleph
1558 1277 1755 1329 autem
1776 1278 1834 1329 et

175 1362 372 1429 Jesus,
387 1361 532 1435 quia
552 1357 671 1418 non
688 1363 1112 1416 consenserunt
1130 1359 1487 1429 inﬁdelibus,
1504 1361 1835 1434 effugerunt

171 1467 414 1526 pinnam
433 1467 562 1524 quae
581 1449 700 1506 illis
721 1448 884 1505 illata
903 1453 1010 1505 est.
1036 1450 1104 1504 Et
1132 1449 1354 1521 inspice
1385 1465 1563 1522 quam
1594 1449 1832 1506 mirabi-

171 1540 329 1598 liter.
349 1540 483 1596 Non
515 1539 662 1594 dixit
690 1555 808 1594 non
840 1542 1281 1603 consenserunt,
1307 1539 1404 1593 sed
1435 1555 1549 1596 non
1576 1543 1832 1594 contem-

169 1628 360 1704 perati
384 1631 550 1696 sunt,
565 1627 674 1684 hoc
698 1630 788 1682 est
817 1625 943 1682 sine
965 1625 1250 1682 seditione
1271 1626 1696 1693 dissenserunt,
1718 1627 1836 1682 illis

175 1716 458 1776 omnibus
489 1731 672 1772 unam
703 1718 879 1788 atque
901 1715 1169 1770 eamdem
1201 1715 1550 1770 sententiam
1572 1713 1834 1770 habenti~

179 2431 243 2486 in
288 2429 508 2496 Deum,
545 2427 656 2500 legi
705 2430 904 2482 autem
962 2426 1062 2482 Dei
1118 2443 1233 2481 non
1291 2426 1624 2497 subjicitur,
1658 2443 1847 2498 neque

187 2522 406 2593 potest.
431 2540 462 2568 ‹‹
497 2515 648 2584 Quid
691 2532 850 2588 ergo,
883 2515 1093 2587 inquit,
1128 2532 1242 2570 non
1289 2515 1397 2570 hoc
1445 2519 1533 2570 est
1581 2515 1850 2570 crimen?

187 2609 256 2670 Et
281 2606 462 2663 valde
507 2604 750 2678 quidem
797 2603 1018 2660 crimen
1049 2607 1156 2658 est.
1191 2603 1378 2658 Malus
1425 2603 1580 2658 enim
1635 2620 1847 2675 usque-

187 2713 303 2772 quo
335 2699 434 2752 est
465 2693 660 2749 malus
692 2709 805 2748 non
852 2691 1164 2762 subjicitur
1201 2693 1460 2762 quidem,
1499 2691 1714 2746 mutari
1747 2709 1850 2746 au-

174 2791 308 2844 tem
341 2789 403 2841 et
433 2783 562 2839 ﬁeri
596 2783 787 2838 bonus
832 2785 1045 2854 potest.
1077 2781 1438 2852 Abjiciamus
1466 2781 1648 2853 igitur
1677 2781 1853 2837 intel-

189 2873 474 2949 ligentiae
505 2869 792 2928 carnales.
819 2871 953 2936 Quae
984 2873 1123 2925 sunt
1149 2873 1346 2925 autem
1378 2869 1674 2941 carnalia?
1705 2887 1854 2942 quaa-

191 2980 433 3036 eunque
464 2977 682 3034 corpus
713 2961 916 3016 ﬂorere
947 2959 1187 3026 faciunt,
1221 2962 1279 3014 et
1309 2958 1613 3027 luxuriari,
1646 2958 1856 3014 vitiant

188 3059 392 3112 autem
427 3050 752 3108 animam.»
779 3049 1010 3104 Ponunt
1034 3053 1228 3104 autem
1253 3047 1491 3120 quidam
1523 3047 1854 3120 exemplum

187 3139 460 3216 Apostoli
491 3138 743 3194 dicentis
782 3138 852 3192 de
891 3138 1044 3192 Esau
1079 3153 1090 3192 :
1124 3138 1242 3192 Non
1268 3139 1416 3192 enim
1447 3139 1658 3192 invenit
1684 3139 1856 3210 pomi-

1959 2435 2015 2486 et
2047 2431 2201 2485 circa
2221 2446 2354 2484 eum
2379 2428 2479 2500 qui
2511 2427 2720 2483 cecidit
2742 2427 2920 2482 simili
2945 2427 3200 2484 volucris
3220 2429 3609 2500 vehementia,

1959 2521 2029 2575 ad
2063 2519 2120 2573 id
2146 2517 2429 2590 redigitur
2450 2520 2514 2570 ut
2541 2533 2843 2588 nunquam
2878 2516 3062 2588 possit
3092 2534 3417 2591 assurgere.
3443 2505 3612 2586 Quali

1959 2609 2115 2664 enim
2148 2624 2248 2678 spe
2270 2605 2705 2660 conversionem
2727 2604 2814 2659 vel
2852 2604 3056 2676 quales
3081 2605 3306 2663 fructus
3328 2607 3611 2682 suscipit?

1960 2697 2085 2752 Non
2111 2695 2323 2761 solum,
2347 2693 2559 2766 inquit,
2585 2693 2873 2765 lacrymas
2899 2693 3066 2761 fudit,
3091 2695 3191 2750 sed
3214 2695 3392 2752 etiam
3417 2694 3612 2770 exqui-

1962 2784 2114 2842 sivit.
2147 2785 2217 2838 Et
2259 2783 2490 2837 videtur
2527 2781 2764 2854 quidem
2804 2781 3110 2838 excludere
3155 2783 3560 2856 paenitentiam
3592 2799 3607 2841 :

1962 2874 2064 2930 sed
2094 2873 2382 2927 cautiores
2413 2887 2512 2926 eos
2533 2873 2589 2924 et
2620 2869 3048 2926 muneratiores
3078 2871 3286 2940 reddit,
3313 2889 3384 2929 ne
3415 2873 3612 2930 feran-

1962 2967 2061 3018 tur
2089 2977 2192 3032 pro
2221 2959 2496 3014 omnibus
2536 2958 2606 3012 ad
2660 2957 2910 3012 ruinam.
2937 2958 3384 3032 Quanticunque
3431 2959 3614 3034 igitur

1965 3068 2081 3106 non
2113 3049 2360 3105 credunt
2388 3063 2515 3102 esse
2535 3046 2883 3118 gehennam,
2917 3047 3038 3102 hzec
3069 3047 3129 3102 in
3162 3053 3417 3106 mentem
3449 3065 3612 3107 revo-

1965 3144 2098 3196 cent
2132 3155 2144 3192 :
2179 3141 2235 3193 et
2277 3139 2566 3208 quotquot
2605 3134 2945 3190 existimant
2985 3135 3277 3208 impunita
3315 3153 3617 3196 remanere

189 3233 384 3290 tentia
409 3231 614 3293 locum,
647 3227 894 3299 quamvis
931 3242 1052 3282 eam
1091 3242 1215 3280 cum
1252 3227 1510 3298 lacry-mis
1540 3228 1866 3298 inquisisset-
1894 3291 1929 3302 η
1967 3231 2226 3302 peccata,
2257 3226 2378 3280 haec
2411 3223 2844 3280 considerantes
2875 3226 3184 3281 attendant
3213 3243 3319 3282 cur
3345 3225 3500 3286 Esau
3528 3244 3618 3288 ve-

186 3321 378 3393 (Hebr.
411 3334 515 3384 xu,
543 3291 670 3388 i7),-
684 3313 947 3370 volentes
997 3315 1302 3370 ostendere
1350 3291 1490 3386 quia
1536 3291 1651 3370 non
1700 3315 1854 3370 Deus
1887 3291 1931 3358 (ἶ
1970 3291 2128 3372 niam
2161 3291 2277 3370 non
2308 3313 2497 3386 potuit
2526 3311 2791 3384 adipisci,
2822 3313 2962 3384 quia
2989 3312 3256 3371 videlicet
3286 3331 3404 3374 non
3429 3313 3618 3388 pumi-

184 3426 405 3468 omnes
435 3405 632 3462 salvos
649 3402 775 3458 vult
805 3403 950 3474 ﬁeri,
979 3403 1212 3458 etiamsi
1230 3403 1409 3458 velint
1437 3403 1668 3459 salvari.
1694 3403 1855 3459 Unde

185 3499 303 3556 iste
335 3497 550 3552 doctor
577 3493 640 3548 in
673 3491 782 3547 hoc
812 3492 1016 3547 eodem
1048 3490 1196 3546 libro
1227 3491 1370 3546 dicit
1398 3508 1447 3546 :«
1473 3491 1618 3557 Quid
1651 3492 1746 3547 hic
1778 3491 1858 3547 di-

191 3584 430 3643 cimus?
461 3583 618 3638 Num
651 3579 1054 3652 pcenitentiam
1079 3579 1292 3635 Paulus
1315 3579 1612 3635 excludit?
1638 3581 1860 3651 Nequa-

189 3669 728 3748 quam.Quomodo
759 3683 894 3740 ergo
924 3667 1083 3736 dicit,
1109 3668 1263 3740 quod
1296 3685 1411 3722 non
1443 3667 1716 3722 invenirit
1737 3686 1860 3740 poe-

193 3761 462 3820 nitentiae
492 3756 737 3815 locum?
765 3756 824 3812 Si
873 3757 1031 3812 enim
1077 3756 1332 3828 culpavit
1372 3757 1778 3828 semetipsum,
1811 3756 1860 3813 si

191 3850 530 3927 gemitibus
558 3845 792 3920 magnis
822 3844 1130 3918 ingemuit,
1156 3863 1260 3900 cur
1289 3845 1640 3917 poenitentize
1667 3845 1862 3902 locum

193 3938 464 3998 invenire
496 3953 616 3992 non
650 3933 903 3990 meruit?
933 3933 1220 4000 Quoniam
1243 3951 1359 3989 non
1380 3939 1504 3989 erat
1526 3934 1865 4007 poenitentia

191 4029 318 4086 illa.
344 4027 519 4084 Sicut
545 4028 605 4080 et
633 4022 877 4078 tristitia
902 4021 1043 4077 Cain
1076 4038 1191 4076 non
1225 4038 1293 4076 ex
1321 4020 1604 4093 patientia
1633 4023 1866 4077 descen-

187 4119 402 4184 debat,
427 4113 591 4188 quod
640 4109 831 4168 occiso
882 4109 1077 4165 fratris
1120 4109 1349 4180 aperuit
1381 4126 1394 4162 :
1429 4109 1512 4164 sic
1545 4110 1719 4165 etiam
1770 4109 1866 4164 hic

197 4222 318 4266 non
349 4205 527 4260 erant
553 4201 657 4256 illa
675 4199 853 4254 verba
882 4197 1256 4270 paenitentia}.
1279 4197 1425 4252 Nam
1457 4202 1513 4254 et
1544 4197 1639 4252 hic
1671 4197 1868 4252 fratris

191 4292 503 4350 occisione
553 4287 880 4361 depalatur,
913 4285 1412 4358 quandoquidem,
1455 4289 1743 4358 quantum
1794 4287 1867 4342 ad

198 4398 339 4440 eum
372 4379 642 4447 attinuit,
673 4376 852 4433 etiam
901 4376 1028 4448 ipse
1077 4375 1240 4430 fratri
1291 4392 1397 4430 suo
1441 4375 1620 4430 Jacob
1669 4375 1870 4430 intulit

201 4476 483 4528 mortem.
508 4469 660 4524 Nam
693 4465 777 4522 sic
804 4465 948 4520 dixit
973 4482 985 4521 :
1021 4465 1486 4537 Appropinquant,
1523 4465 1732 4536 inquit,
1756 4465 1870 4520 dies

198 4561 484 4634 passionis
532 4556 720 4612 Patris
762 4555 890 4622 mei,
931 4561 983 4610 et
1037 4554 1363 4624 inter/icium
1414 4554 1643 4623 fratrem
1693 4571 1875 4608 meum

1963 3405 2081 3461 tuit
2111 3407 2176 3458 ut
2219 3401 2438 3458 debuit.
2472 3399 2572 3456 Vis
2603 3400 2797 3456 videre
2838 3401 3123 3472 integram
3163 3399 3620 3474 paenitentiam?

1967 3495 2210 3549 Advorte
2243 3489 2768 3561 Petrum,qualiter
2806 3489 3140 3561 pccnituerit
3169 3496 3480 3566 postquam
3514 3509 3620 3550 ne-

1968 3583 2203 3653 gaverat
2234 3577 2554 3633 Christum.
2589 3577 2845 3632 Nam-aus
2890 3595 3142 3651 namque
3174 3581 3344 3636 nobis
3375 3597 3620 3656 evange-

1970 3670 2106 3725 lista
2165 3669 2294 3738 ejus
2350 3665 2703 3721 historiam:
2753 3666 2817 3719 Et
2869 3667 3076 3732 exiens,
3126 3668 3338 3741 inquit,
3383 3671 3623 3742 ploravit

1969 3773 2157 3814 amare
2204 3756 2411 3828 (Matth.
2443 3771 2595 3818 xxvr,
2627 3755 2739 3825 75).
2767 3753 2984 3808 Idcirco
3033 3754 3117 3809 illi
3167 3751 3480 3814 remissum
3507 3761 3622 3818 .es‘t

1971 3851 2090 3902 tam
2123 3845 2342 3918 grande
2379 3845 2702 3914 peccatum,
2737 3839 2874 3911 quia
2913 3841 3066 3895 sicut
3104 3842 3307 3898 debuit
3335 3843 3618 3915 pceniten-

1970 3934 2114 3990 tiam
2159 3931 2360 4004 gessit.
2395 3929 2582 3984 Etiam
2633 3929 2817 3983 Judas
2849 3928 3138 3999 paenituit,
3174 3931 3272 3985 sed
3325 3931 3508 4001 male;
3541 3931 3622 3988 la-

1975 4040 2122 4096 queo
2155 4036 2408 4091 namque
2441 4035 2501 4072 sc
2549 4016 2876 4088 suspendit.
2914 4017 3200 4082 Poenituit
3235 4019 3434 4088 etiam,
3469 4020 3624 4080 sicut

1967 4115 2095 4184 jam
2119 4109 2328 4174 dixi,et
2349 4109 2531 4172 Esau;
2558 4105 2748 4176 magis
2769 4109 2964 4160 autem
2991 4105 3096 4160 istc
3119 4125 3307 4180 neque
3329 4108 3624 4180 pmnituit.

1978 4203 2268 4272 Lacrymm
2321 4195 2536 4268 quippe
2581 4193 2690 4248 illa:
2741 4210 2857 4248 non
2906 4199 3071 4249 erant
3118 4196 3493 4267 paenitentiae,
3526 4198 3627 4254 sed

1981 4289 2162 4346 animi
2195 4284 2426 4342 violenti
2479 4288 2536 4339 et
2585 4281 3006 4354 indignationis
3055 4283 3291 4340 inferna:
3327 4303 3340 4342 :
3377 4287 3530 4358 quod
3563 4304 3632 4344 ex

1979 4379 2109 4449 ejus
2139 4375 2416 4448 operibus
2447 4371 2726 4444 aperitur.
2762 4371 3036 4426 Poenituit
3067 4376 3124 4428 et
3166 4374 3370 4430 beatus
3400 4375 3580 4431 David
3615 4390 3630 4432 :

1983 4467 2190 4524 Lavabo
2211 4481 2310 4536 per
2335 4463 2584 4533 singulas
2623 4468 2797 4515 noctes
2829 4461 3021 4514 lectum
3049 4477 3252 4530 meum,
3283 4471 3336 4518 et
3362 4465 3422 4519 in
3453 4464 3632 4537 lacry-

1979 4559 2086 4611 mis
2133 4561 2364 4610 stratum
2409 4566 2592 4606 meum
2633 4549 2823 4619 rigubo
2855 4549 3025 4615 (Psal.
3046 4539 3126 4616 vi,
3148 4552 3202 4620 6,
3225 4553 3304 4620 7).
3331 4552 3402 4608 Et
3430 4569 3631 4625 pecca-

196 4649 364 4722 (Gen.
403 4664 585 4714 xxvn,
614 4644 726 4714 41).
751 4643 876 4698 Non
906 4659 1042 4716 ergo
1073 4641 1382 4697 valuerunt
1421 4641 1556 4697 sola:
1606 4641 1872 4716 lacrymze
1902 4659 1951 4724 Β
1985 4651 2133 4708 tum,
2166 4642 2318 4715 quod
2352 4644 2486 4695 ante
2527 4637 2780 4693 multum
2833 4641 3064 4709 tempus
3115 4639 3448 4700 admiserat.
3501 4645 3636 4714 post

203 4735 625 4812 pcenitentiam
657 4731 743 4788 illi
774 4730 1030 4786 tribuere
1063 4749 1074 4786 :
1110 4734 1166 4785 et
1196 4746 1310 4784 non
1354 4729 1502 4784 dixit
1531 4729 1877 4802 simpliciter

205 4827 356 4900 quia
385 4843 491 4898 per
529 4819 940 4895 pmnitentiam
971 4819 1256 4892 quaesivit,
1289 4819 1388 4874 sed
1430 4836 1562 4874 cum
1602 4819 1876 4894 lacrymis

209 4913 526 4988 inquisivit
555 4909 910 4984 pmnitentiae
960 4908 1153 4964 locum
1201 4912 1258 4962 ct
1299 4925 1414 4962 non
1455 4907 1692 4964 invenit.
1727 4910 1874 4976 Quid

207 5021 356 5078 ergo
388 5001 672 5068 dicimus,
705 4997 819 5053 nisi
853 4996 992 5070 quia
1021 5014 1136 5052 non
1167 4997 1439 5068 pmnituit
1479 5001 1542 5052 ut
1573 4998 1880 5053 convenit?

207 5093 336 5150 Hoc
369 5095 462 5148 est
489 5089 651 5146 enim
695 5085 1054 5158 pcenitentia,
1089 5089 1155 5140 ut
1187 5091 1574 5157 congruenter
1621 5090 1877 5158 geratur.

211 5179 495 5254 Alioquin
529 5177 582 5234 si
627 5174 1031 5248 pmnitentiam
1081 5175 1324 5230 damnat
1369 5175 1702 5246 Apostolus,
1737 5193 1880 5247 quo-

213 5271 400 5327 modo
455 5268 675 5324 iterum
704 5263 864 5319 velut
892 5279 1102 5336 segnes
1133 5263 1408 5318 admonet
1465 5267 1521 5318 et
1569 5264 1878 5320 hortatur?

216 5358 520 5434 quomodo
544 5353 790 5410 claudos
811 5352 1046 5408 effectos
1068 5356 1125 5407 et
1145 5351 1422 5407 remissos
1443 5356 1616 5424 atque
1635 5353 1877 5420 solutos,

219 5448 384 5522 quod
417 5450 506 5502 est
535 5443 723 5500 ruinae
771 5441 1146 5515 principium,
1181 5447 1246 5496 ut
1281 5441 1582 5514 erigantur
1632 5443 1883 5498 invitat?

222 5536 376 5594 Mihi
408 5535 651 5608 quidem
682 5531 933 5601 videtur,
965 5531 1104 5602 quia
1141 5531 1434 5603 signiﬁcat
1477 5531 1703 5602 aliquos
1733 5531 1886 5588 inter

219 5627 365 5682 illos
399 5623 722 5688 adulteros,
753 5622 906 5676 178
947 5637 1094 5692 quos
1125 5625 1317 5676 tamen
1370 5620 1601 5693 publice
1652 5620 1887 5677 nolebat

227 5729 501 5788 arguere,
530 5711 635 5768 sed
665 5709 838 5782 ﬁngit
869 5709 1260 5782 ignorantiam
1295 5713 1496 5780 postea
1523 5725 1654 5765 vero
1685 5709 1734 5766 si
1767 5727 1890 5782 pcr-

1986 4738 2182 4790 tantos
2205 4747 2411 4797 annos,
2433 4731 2744 4798 tantasque
2766 4727 3169 4798 generationes
3189 4726 3634 4802 lugebat,veluti

1985 4825 2056 4878 de
2076 4820 2289 4878 recenti
2311 4824 2568 4889 tempore
2592 4819 3008 4888 perpetratum.
3025 4815 3402 4872 Poenitentem
3421 4816 3636 4890 quippe

1989 4929 2103 4967 non
2136 4907 2405 4964 convenit
2447 4903 2762 4976 indignari,
2788 4921 2890 4958 nec
2938 4921 3316 4976 exasperare:
3351 4904 3492 4976 quin
3539 4919 3638 4976 po-

1989 5002 2107 5056 tius
2128 4996 2444 5063 continere,
2472 4993 2644 5049 sicuti
2667 4994 3118 5048 condemnatum
3143 4997 3200 5047 et
3221 4992 3495 5048 ﬁduciam
3519 5009 3636 5050 non

1990 5093 2308 5162 gerentem,
2335 5089 2390 5141 et
2417 5082 2593 5139 veluti
2622 5082 2837 5154 quippe
2871 5081 3270 5136 misericordia
3299 5079 3509 5136 salvari
3537 5081 3638 5140 (ie-

1993 5179 2232 5236 siderat.
2267 5197 2294 5224 ι)

2058 5269 2126 5322 Et
2156 5267 2296 5320 item
2329 5280 2342 5318 :
2375 5287 2395 5312 α
2437 5263 2562 5316 llaec
2595 5259 2810 5331 quippe
2842 5263 2930 5313 est
2959 5274 3137 5312 causa
3167 5257 3433 5312 omnium
3466 5257 3646 5315 bono-

1991 5373 2144 5424 rum,
2177 5353 2226 5409 si
2261 5353 2318 5406 in
2355 5350 2524 5406 nobis
2566 5346 2845 5420 spiritalis
2891 5347 3078 5416 gratia
3129 5351 3478 5417 perseverat.
3511 5350 3646 5404 Haec

1993 5445 2208 5519 quippe
2238 5459 2344 5497 nos
2384 5441 2455 5494 ad
2505 5437 2701 5492 omnia
2760 5440 2911 5489 recto
2964 5435 3168 5490 itinere
3218 5435 3460 5504 reducit,
3495 5435 3651 5493 sicut

1993 5537 2170 5592 etiam
2220 5529 2454 5604 quando
2504 5528 2574 5580 ab
2634 5543 2700 5579 ea
2748 5524 3085 5580 excedimus
3136 5525 3418 5598 perimus,
3451 5530 3509 5582 et
3547 5525 3648 5580 de.

1997 5621 2136 5678 serti
2188 5619 2478 5675 efﬁcimur
2521 5613 2676 5668 omni
2732 5612 2902 5668 bono.
2952 5614 3076 5668 Non
3128 5614 3324 5687 itaque
3369 5631 3496 5670 eam
3555 5630 3644 5670 re-

1997 5711 2304 5784 pellamus.
2339 5707 2402 5762 ln
2434 5701 2600 5760 nobis
2634 5700 2848 5773 quippe
2879 5706 2969 5757 est
2998 5703 3175 5760 etiam
3206 5707 3272 5760 ut
3305 5699 3645 5776 permaneat
