4020 6458
435 389 556 476 243

1371 393 1753 458 HINCMARI
1800 393 2245 458 BHEMENSIS
2287 393 2899 457 ARCHIEPISCOPI.

3718 391 3836 454 24$

435 527 590 582 179
621 525 680 581 in
711 524 904 592 nobis,
934 523 1023 583 vel
1061 530 1128 582 ut
1169 525 1434 584 discedat
1457 545 1491 584 a
1521 529 1710 585 nobis.
1745 529 1892 586 Illud
1924 530 2078 588 enim
2107 525 2164 594 Α
2191 525 2359 598 cipiis
2389 525 2652 582 Jeremiee
2701 543 2829 598 quae
2877 524 3212 584 referuntur
3257 523 3330 581 de
3376 523 3516 591 Deo,
3539 522 3635 580 vel
3682 523 3838 597 apud

435 615 505 670 ﬁt
532 614 788 688 quandio
810 615 1068 671 coelestia
1093 615 1466 684 meditamur,
1492 617 1600 674 hoc
1629 623 1822 675 autem
1851 621 2081 692 quando

413 701 506 776 .ad
538 701 842 759 saecularia
869 703 1254 760 declinamus.
1281 727 1310 755 »
1336 705 1479 761 Item
1519 707 1579 762 in
1617 707 1862 763 homilia
1891 709 2084 780 prima

433 790 652 848 Psalmi
685 807 717 846 ι.
739 807 788 846 :«
814 791 1124 864 Propterea
1155 793 1367 860 scribo,
1399 800 1466 850 ut
1492 795 1709 851 vulnus
1739 800 1797 852 et
1827 796 2082 852 medica-

433 883 633 936 menta
653 878 908 936 universi
925 886 1300 953 cognoscant.
1315 883 1440 938 Non
1460 883 1638 940 timeo
1657 885 2082 953 confusionem,

433 967 577 1040 quia
603 984 794 1024 meam
827 967 1081 1024 salutem
1122 970 1408 1026 desidero.
1443 971 1537 1028 Sic
1566 977 1624 1029 et
1653 973 1866 1030 Paulus
1898 975 2034 1030 facit
2066 992 2080 1030 :

435 1071 716 1113 concessa
745 1055 858 1112 sibi
894 1061 1132 1128 peccata
1161 1058 1423 1130 publicat
1460 1061 1662 1117 dicens
1695 1080 1708 1118 :
1745 1062 1956 1119 Gratias
1985 1081 2084 1134 ago

436 1146 535 1218 qui
551 1160 638 1201 me
655 1147 979 1216 conferta-vit
998 1146 1366 1220 Christo,quia
1384 1149 1599 1221 ﬁdelem
1619 1167 1707 1207 me
1729 1154 2082 1218 existimavit,

435 1235 535 1306 qui
558 1235 718 1306 prius
747 1235 837 1306 fui
865 1235 1208 1306 blasphemus
1235 1245 1288 1294 et
1310 1248 1622 1310 persecutor
1656 1254 1710 1297 et
1743 1242 2087 1298 contumelio-

433 1338 550 1390 sus,
581 1330 634 1380 et
675 1339 824 1379 nunc
867 1324 1082 1395 ﬁdem
1117 1343 1203 1382 me
1229 1328 1361 1398 fecit
1387 1329 1434 1396 (1
1469 1330 1602 1384 Tim.
1637 1347 1676 1396 1,
1710 1331 1816 1398 12).
1854 1331 2084 1404 PrOpte-

437 1427 558 1479 rea,
589 1409 804 1484 inquit,
838 1413 1254 1485 memetipsum
1313 1415 1568 1488 publico,
1604 1422 1670 1474 ut
1719 1419 1768 1474 si
1817 1418 1952 1490 quis
2000 1422 2090 1475 est

437 1497 820 1573 blasphemus
839 1505 897 1557 et
917 1500 1258 1573 injuriosus,
1279 1509 1338 1560 et
1359 1505 1564 1562 multis
1585 1507 1870 1564 obnoxius
1894 1508 2086 1575 malis,

439 1603 558 1644 non
588 1588 859 1660 desperet
888 1589 1162 1646 salutem.
1189 1593 1444 1649 Tantum
1465 1599 1554 1650 est
1580 1599 1646 1650 ut
1671 1597 1899 1652 recedat
1917 1614 1952 1653 a
1972 1615 2091 1652 ma-

438 1674 514 1734 lis
543 1679 602 1733 et
630 1677 806 1734 faciat
831 1678 1004 1746 bona,
1029 1684 1087 1735 et
1115 1680 1325 1737 habeat
1349 1699 1514 1754 spem
1536 1683 1762 1752 salutis,
1787 1686 1928 1758 quia
1955 1685 2088 1742 nolo

439 1768 688 1820 mortem
717 1765 1064 1837 peccatoris,
1089 1767 1230 1822 dicit
1259 1768 1563 1837 Dominus,
1588 1774 1818 1827 tantum
1850 1776 1915 1826 ut
1951 1789 2088 1828 con-

2188 615 2442 688 reliquos
2474 615 2808 687 prophetas.
2832 615 3130 681 Quomodo
3161 613 3338 670 etiam
3360 629 3496 669 cum
3518 613 3838 686 despicere-

2187 708 2284 759 tur
2313 705 2468 761 180
2498 708 2554 758 et
2575 706 3046 758 contemneretur
3078 719 3113 758 a
3144 701 3378 774 populo,
3402 705 3601 758 tamen
3631 719 3840 759 rursus

2190 793 2586 848 revertebatur
2626 793 2699 847 ad
2747 808 2866 859 eos,
2899 795 2957 847 ct
2983 807 3180 847 amore
3227 807 3430 846 eorum
3462 790 3838 859 constrictus,

2193 881 2528 938 sectabatur
2547 897 2645 936 cos
2669 880 2845 936 etiam
2865 867 3110 936 aversos
3139 897 3172 936 a
3203 879 3379 935 se.'Et
3408 879 3517 935 hoc
3546 884 3655 948 est,
3683 879 3840 952 quod

2193 969 2320 1040 ipse
2371 968 2655 1024 Dominus
2694 969 2752 1022 in
2801 967 3130 1041 Evangeliis
3181 967 3403 1023 indicat
3458 984 3593 1024 cum
3649 968 3838 1024 dicit:

2191 1058 2512 1125 Jerusalem,
2535 1058 2855 1122 Jerusalem,
2889 1071 3015 1130 qua?
3041 1056 3242 1113 occidis
3267 1055 3552 1129 prophetas
3596 1065 3647 1112 et
3696 1056 3846 1128 lapi-

2193 1146 2291 1202 das
2315 1148 2512 1202 missos
2537 1145 2608 1202 ad
2635 1153 2685 1202 te
2705 1165 2724 1200 :
2756 1147 2960 1218 quoties
2991 1147 3142 1202 volui
3169 1161 3504 1218 congregare
3529 1145 3674 1216 ﬁlios
3703 1152 3842 1214 tuos,

2193 1237 2336 1292 sicut
2361 1237 2573 1307 gallina
2602 1243 2899 1308 congregat
2941 1236 3123 1306 pullos
3152 1251 3279 1290 suos
3325 1235 3425 1290 sub
3472 1235 3580 1290 alis
3624 1236 3764 1302 suis,
3796 1243 3848 1291 et

2193 1325 2461 1380 noluisti?
2491 1324 2694 1394 (Matth.
2717 1341 2876 1390 χχιιι,
2909 1325 3021 1391 37).
3056 1323 3167 1379 Sed
3213 1328 3270 1379 et
3319 1322 3534 1379 Paulus
3580 1322 3727 1378 dicit
3773 1325 3846 1380 ad

2195 1413 2529 1470 Corinthios
2569 1413 2850 1480 scribens,
2875 1412 3153 1484 quoniam
3202 1414 3345 1469 Deus
3393 1415 3598 1469 eratin
3628 1413 3848 1470 Christo

2195 1503 2466 1559 mundum
2510 1503 2870 1558 reconcilians
2912 1502 3022 1558 sibi
3069 1501 3139 1573 (II
3178 1501 3298 1558 Cor.
3344 1519 3399 1570 ν,
3437 1502 3545 1571 19),
3587 1518 3704 1557 non
3756 1519 3848 1558 re-

2197 1595 2416 1664 putans
2444 1590 2529 1647 eis
2559 1589 2770 1646 delicta
2802 1589 3064 1662 ipsorum
3103 1595 3163 1646 et
3208 1590 3404 1662 posuit
3430 1589 3491 1645 in
3524 1591 3694 1647 nobis
3723 1607 3849 1647 ver-

2198 1679 2338 1736 bum
2392 1678 2901 1735 reconciliationis.
2937 1679 3043 1735 Pro
3073 1677 3304 1735 Christo
3354 1678 3512 1735 enim
3561 1679 3853 1753 legatione

2199 1767 2524 1841 fungimur,
2550 1768 2703 1824 sicut
2731 1767 2846 1823 Deo
2897 1768 3244 1839 deprecante
3273 1785 3376 1840 per
3410 1785 3538 1837 nos,
3571 1785 3852 1842 rogamus

437 1855 699 1910 vertatur
729 1857 788 1910 et
816 1853 988 1910 vivat.
1019 1877 1046 1904 ››
1080 1856 1223 1912 Item
1274 1856 1334 1912 in
1385 1858 1629 1916 homilia
1657 1859 1728 1916 de
1756 1861 2042 1918 Cananaea
2071 1879 2084 1915 :
2117 1890 2169 1958 Β
2201 1875 2302 1930 pro
2333 1856 2560 1912 Christo
2611 1855 3066 1912 reconciliamini
3098 1857 3236 1913 Deo.
3261 1857 3391 1913 Haec
3419 1857 3598 1914 etiam
3628 1857 3704 1913 ad
3744 1875 3852 1914 nos

441 1962 470 1990 κ
499 1942 816 2010 Transiens,
841 1941 1054 2015 inquit,
1075 1944 1234 2002 Jesus
1253 1946 1391 2003 vidit
1417 1947 1708 2006 Matheeum
1734 1949 2004 2006 sedentem
2030 1953 2092 2007 in

439 2029 667 2096 teloneo,
687 2038 739 2086 et
765 2031 912 2088 dixit
935 2033 1028 2088 ei:
1049 2033 1282 2106 Sequere
1306 2052 1394 2091 me
1411 2036 1614 2106 (Matth.
1639 2055 1716 2107 1x,
1737 2040 1816 2109 9).
1839 2039 1884 2097 Ο
1905 2040 2090 2097 virtus

438 2117 755 2176 sermonis!
780 2119 948 2192 quasi
966 2122 1208 2193 quidam
1229 2123 1449 2180 introiit
1470 2125 1702 2195 hamus,
1717 2132 1776 2184 et
1795 2127 2088 2201 captivum

440 2204 692 2264 militem
723 2207 878 2275 fecit,
910 2213 968 2264 et
997 2225 1067 2264 ex
1095 2209 1218 2266 luto
1249 2229 1456 2268 aurum
1486 2219 1575 2270 est
1603 2219 1897 2287 operatus.
1921 2217 2093 2273 Venit

443 2294 679 2363 unicus,
704 2299 763 2352 et
798 2296 997 2352 statim
1047 2315 1368 2374 exsurgens
1415 2307 1652 2359 secutus
1697 2308 1785 2360 est
1834 2322 1990 2360 eum.
2025 2307 2088 2362 In

444 2383 736 2456 profundo
766 2385 1151 2458 malignitatis
1197 2393 1342 2458 erat,
1372 2394 1430 2446 et
1460 2409 1647 2464 usque
1693 2395 1767 2449 ad
1817 2395 2090 2452 verticem

442 2469 681 2528 virtutis
701 2475 1059 2542 conscendit,
1078 2480 1144 2531 ut
1164 2477 1333 2534 nobis
1355 2480 1647 2537 neminem
1671 2483 1979 2554 desperare
1999 2485 2092 2540 de-

447 2558 586 2616 bere
607 2559 857 2618 salutem
878 2562 1127 2631 doceret,
1151 2565 1288 2637 quia
1307 2568 1592 2624 naturalis
1613 2569 1948 2643 malignitas
1976 2590 2091 2628 non

447 2651 558 2705 est.
595 2647 786 2706 Liberi
817 2651 1036 2724 quippe
1065 2653 1289 2710 arbitrii
1321 2672 1426 2712 nos
1457 2657 1671 2714 creavit
1699 2659 1872 2728 Deus,
1903 2664 1966 2715 ut
1993 2678 2089 2717 vo-

447 2734 676 2794 luntate
724 2743 925 2796 nostra
952 2756 1087 2795 cum
1136 2743 1427 2814 adjutorio
1466 2745 1567 2801 Dei
1616 2749 1772 2818 quod
1819 2747 2091 2806 volumus

450 2823 757 2882 faciamus.
784 2826 842 2884 Si
875 2827 1226 2900 publicanus
1254 2848 1336 2898 es,
1362 2837 1528 2904 potes
1559 2835 1684 2891 ﬁeri
1713 2836 2088 2910 evangelista.

449 2910 510 2968 Si
539 2911 921 2988 blasphemus
941 2933 1024 2982 es,
1048 2921 1212 2989 potes
1241 2919 1366 2976 ﬁeri
1395 2923 1713 2993 apostolus.
1737 2925 1796 2982 Si
1828 2925 1974 2982 latro
2003 2944 2086 2998 es,
2141 2994 2148 3001 ,

444 3005 610 3074 potes
647 3005 904 3076 paradisi
942 3005 1183 3064 colonus
1212 3009 1384 3065 effici.
1420 3011 1479 3067 Si
1519 3029 1728 3085 magus
1765 3030 1851 3084 es,
1873 3017 2089 3087 poteris

443 3091 706 3148 adorare.
737 3093 866 3150 Non
896 3098 986 3150 est
1013 3094 1134 3152 ulla
1174 3096 1416 3167 malitia,
1442 3116 1568 3172 quae
1600 3103 1942 3173 paenitentia
1973 3123 2088 3161 non

440 3177 720 3236 solvatur.
751 3182 824 3237 Et
851 3181 979 3240 ideo
1007 3189 1288 3257 tanquam
1329 3187 1615 3261 principia
1652 3191 2085 3264 malignitatum

2198 1945 2311 2000 dici
2345 1949 2642 2017 putemus.
2675 1945 2801 2000 Non
2846 1943 3037 2000 solum
3081 1944 3239 2000 enim
3288 1944 3625 2014 inﬁdelitas,
3659 1947 3764 2002 sed
3795 1951 3856 2002 et

2197 2035 2325 2090 vita:
2375 2033 2814 2100 contaminatio,
2867 2031 3250 2090 exsecrabiles
3305 2033 3449 2089 istas
3508 2033 3852 2091 inimicitias

2199 2122 2336 2179 facit
2365 2123 2518 2185 inter
2545 2122 2729 2178 Deum
2761 2125 2818 2176 et
2855 2119 3177 2178 hominem.
3211 2120 3306 2178 Sic
3347 2122 3505 2178 enim
3534 2122 3852 2196 Apostolus

2198 2211 2362 2278 dicit,
2395 2211 2534 2284 quia
2577 2211 2849 2282 sapientia
2893 2211 3078 2266 carnis
3125 2211 3354 2267 inimica
3399 2220 3480 2268 est
3521 2213 3626 2268 Deo
3671 2214 3848 2282 (Rom.

2197 2319 2320 2370 vm,
2341 2301 2418 2374 7).
2441 2301 2560 2372 Age
2590 2316 2750 2372 ergo,
2779 2299 3155 2356 destruamus
3197 2299 3356 2357 hunc
3402 2299 3852 2358 inimicitiarum

2199 2389 2499 2463 parietem,
2521 2392 2580 2444 et
2611 2387 2763 2444 viam
2813 2387 2984 2445 nobis
3032 2388 3526 2447 reconciliationis
3563 2390 3854 2448 faciamus

2198 2478 2270 2532 ad
2302 2478 2508 2542 Deum,
2533 2481 2598 2532 ut
2627 2475 2838 2532 iterum
2871 2475 3200 2534 efﬁciamur
3228 2477 3280 2534 ei
3319 2477 3603 2536 amabiles
3626 2484 3686 2536 et
3713 2497 3851 2536 con-

2199 2564 2590 2638 cupiscibiles.
2617 2587 2644 2614 »ι
2667 2566 2736 2620 Et
2765 2569 2897 2636 post
2926 2563 3231 2638 aliquanta
3264 2583 3322 2622 :«
3357 2567 3474 2625 Nos
3502 2572 3724 2638 autem,
3750 2569 3851 2643 qui

2198 2653 2340 2710 certi
2371 2671 2578 2709 sumus
2608 2654 2679 2709 de
2709 2653 2843 2722 fine,
2867 2657 2926 2709 et
2963 2654 3273 2712 manifeste
3318 2657 3608 2727 novimus,
3629 2655 3772 2730 quia
3801 2657 3853 2714 si

2199 2742 2496 2811 nolumus,
2531 2759 2719 2816 neque
2767 2743 3074 2816 naufragia
3123 2743 3351 2811 animm,
3392 2761 3581 2818 neque
3629 2746 3852 2804 damna

2198 2833 2522 2906 poterimus
2545 2831 3159 2904 incurrere,quomodo
3182 2850 3296 2889 non
3320 2834 3636 2907 arripimus
3652 2835 3848 2894 denuo

2198 2921 2393 2994 priora
2421 2920 2712 2990 exercitia,
2739 2925 2796 2976 et
2828 2920 3059 2990 negotia
3086 2937 3214 2993 quae
3243 2921 3607 2995 negligenter
3642 2925 3850 2981 amisi-

2199 3027 2334 3066 mus
2357 3025 2718 3082 reparamus,
2739 3009 2839 3062 sed
2860 3009 3130 3078 jacemus
3153 3011 3413 3082 resupini
3435 3017 3492 3066 et
3511 3011 3769 3082 desides,
3793 3019 3852 3070 et

2198 3115 2412 3155 manus
2441 3097 2660 3154 otiosas
2687 3095 2976 3168 plicamus
3005 3097 3077 3153 ad
3108 3103 3332 3168 pectus,
3351 3103 3409 3154 et
3436 3099 3662 3156 utinam
3695 3101 3848 3159 otio-

2197 3204 2314 3256 sas,
2341 3192 2399 3243 et
2429 3203 2544 3242 non
2577 3189 2885 3256 operantcs
2915 3185 2976 3240 in
3006 3185 3325 3258 perniciem
3357 3187 3740 3260 nostri,quod
3762 3194 3852 3247 est

439 3265 616 3340 elegit
635 3267 1004 3338 Cbristus,ut
1023 3289 1194 3329 nemo
1216 3257 1401 3347 usque
1423 3276 1482 3331 in
1506 3257 1682 3334 ﬁnem
1703 3257 2084 3354 semetipsum
2115 3257 2160 3326 (ἶ
2196 3276 2398 3350 utique
2428 3273 2712 3332 evidentis
2739 3257 3024 3330 insaniae?
3049 3297 3077 3325 »
3101 3277 3171 3330 Et
3198 3275 3337 3332 item
3363 3293 3412 3332 :«
3445 3257 3612 3333 Nam_
3624 3277 3677 3333 si
3707 3297 3848 3352 pro-

441 3355 748 3429 despiciat.
773 3357 901 3415 Noli
931 3361 1077 3417 mihi
1107 3361 1296 3419 dicere
1321 3380 1334 3418 :
1361 3364 1719 3439 Perivi,quia
1740 3370 1867 3442 jam
1900 3371 2084 3428 medi-

438 3459 575 3532 cum
607 3443 787 3503 habes
815 3449 959 3504 satis
989 3450 1282 3522 fo_rtiorem
1312 3457 1388 3521 te,
1413 3457 1472 3509 et
1499 3457 1881 3526 potentiorem
1905 3477 2082 3532 quam

439 3529 750 3592 inﬁrmitas
763 3541 866 3592 tua
880 3543 987 3594 est.
1004 3539 1296 3596 Medicum
1319 3540 1500 3598 habes
1519 3543 1875 3603 voluntatem
1895 3529 2080 3616 tuam,

439 3621 489 3678 si
518 3621 770 3681 volucris
819 3628 1252 3700 emendantem,
1286 3634 1344 3686 et
1391 3635 1706 3704 potentem,
1739 3641 1796 3692 et
1841 3638 2079 3710 cupien-

437 3712 578 3768 tem.
602 3733 634 3764 is

509 3799 651 3856 Item
681 3801 743 3858 in
773 3803 1017 3860 homilia
1044 3804 1116 3860 de
1145 3805 1398 3863 Turture
1421 3825 1434 3864 :
1455 3832 1482 3858 «
1507 3808 1704 3867 Oritur
1733 3813 1818 3869 sol
1851 3819 1908 3870 et
1937 3819 2080 3873 occi-

435 3887 522 3944 dit
550 3888 658 3957 sol,
676 3896 732 3947 et
754 3891 826 3947 ad
848 3890 1044 3948 locum
1075 3910 1249 3950 suum
1272 3898 1600 3954 revertitur.
1615 3899 1788 3959 Ortus
1809 3909 1898 3959 est
1920 3905 2076 3962 enim

435 3977 606 4035 nobis
636 3979 723 4035 sol
744 3981 1012 4051 justitiaa,
1031 3981 1318 4056 Christus,
1335 3987 1406 4042 de
1435 3993 1639 4045 sancta
1668 3990 1851 4048 Maria
1875 4010 2079 4052 secun-

433 4065 577 4121 dum
607 4083 842 4124 carnem
894 4069 1128 4142 genitus
1161 4089 1174 4128 :
1208 4073 1412 4131 Oriens
1443 4077 1659 4150 quippe
1709 4097 1920 4138 nomen
1966 4084 2072 4141 illi.

433 4153 659 4210 Occidit
685 4172 840 4223 vero,
863 4159 1098 4229 quando
1147 4166 1279 4233 post
1323 4181 1557 4222 crucem
1605 4169 1678 4223 ad
1727 4169 1955 4228 inferna
1983 4174 2076 4230 de-

431 4241 680 4297 scendit.
719 4241 916 4299 Oritur
970 4246 1076 4316 sol,
1118 4253 1175 4305 et
1223 4251 1436 4308 occidit
1491 4255 1597 4324 sol,
1635 4261 1692 4312 ct
1747 4260 1818 4315 ad
1877 4259 2073 4320 locum

431 4347 608 4422 suum
639 4333 962 4404 revertitur,
987 4335 1114 4410 ipso
1143 4339 1370 4399 dicente
1395 4361 1408 4400 :
1433 4344 1568 4400 Cum
1595 4348 1864 4405 excitatus
1893 4353 2068 4422 fuero,

428 4420 710 4478 universos
741 4424 955 4481 traham
994 4427 1064 4482 ad
1104 4446 1191 4485 me
1225 4433 1410 4499 (Joan.
1432 4436 1665 4504 xn,32).
1693 4441 1766 4492 De
1813 4420 1922 4494 hoc
1952 4441 2072 4499 sole

419 4506 668 4580 justitiaa
698 4515 756 4567 et
784 4511 964 4570 Isaias
995 4519 1335 4587 pronuntiat
1363 4520 1564 4579 dicens
1598 4541 1610 4580 :
1642 4526 1708 4580 In
1734 4526 1924 4584 diebus
1955 4531 2068 4587 illis

2192 3371 2390 3440 pterea
2411 3381 2517 3420 nos
2539 3363 2770 3419 fecisset
2794 3363 2948 3419 Deus
2972 3368 3036 3418 ut
3063 3363 3308 3436 peniret,
3331 3365 3478 3422 bene
3498 3366 3844 3438 desperares

2191 3459 2248 3512 et
2275 3453 2572 3510 dubitares
2603 3452 2674 3507 de
2706 3450 2894 3508 salute
2931 3457 3054 3508 tua.
3079 3452 3140 3509 Si
3169 3471 3302 3510 vero
3346 3459 3583 3528 propter
3612 3455 3846 3513 bonita-

2189 3549 2306 3599 tem
2329 3558 2496 3598 suam
2515 3541 2924 3596 tantummodo
2947 3558 3054 3598 nos
3075 3541 3230 3610 fecit,
3256 3546 3321 3597 ut
3341 3542 3574 3598 aeternis
3595 3543 3730 3614 ejus
3751 3545 3847 3602 bo-

2190 3633 2282 3688 nis
2312 3634 2369 3687 et
2399 3628 2742 3685 muneribus
2771 3631 3058 3698 fruamur,
3081 3635 3256 3702 atque
3283 3648 3410 3704 quae
3431 3633 3552 3706 agit
3576 3632 3650 3687 ab
3675 3633 3844 3692 initio

2187 3719 2385 3777 seaculi
2407 3735 2593 3791 usque
2623 3719 2694 3774 ad
2725 3736 2980 3790 praesens
3010 3723 3267 3792 tempus,
3291 3725 3596 3792 propterea
3619 3721 3764 3795 agit,
3789 3729 3847 3780 et

2187 3813 2492 3882 propterea
2531 3811 2748 3874 monet,
2775 3811 2840 3862 ut
2871 3824 2976 3864 nos
3029 3807 3430 3865 misericordia
3475 3827 3584 3866 sua
3631 3810 3840 3882 salvet,

2186 3915 2314 3971 qua:
2349 3896 2503 3952 ultra
2534 3895 2702 3952 nobis
2731 3894 3100 3966 desperandi,
3131 3913 3257 3968 quae
3289 3896 3627 3971 ambigendi
3657 3915 3847 3958 causa

2186 3984 2522 4059 supererit?
2555 4008 2582 4034 ››
2615 3986 2685 4040 Et
2731 3989 2862 4056 post
2909 3983 3238 4056 paululum,
3290 3987 3606 4043 ostendens
3655 4005 3848 4061 quam

2185 4074 2516 4132 amabiliter
2535 4072 2972 4129 conversionem
2995 4073 3282 4145 suscipiat
3308 4074 3629 4146 peccatoris
3650 4077 3802 4134 dicit
3825 4096 3841 4134 :

2185 4163 2376 4232 «Quis
2406 4163 2569 4219 dabit
2597 4178 2696 4218 cor
2721 4178 2922 4216 eorum
2956 4162 3039 4218 ita
3075 4179 3202 4218 esse
3231 4161 3290 4217 in
3335 4163 3440 4232 eis,
3475 4169 3542 4219 ut
3587 4163 3846 4223 timeant

2182 4271 2276 4310 me
2296 4258 2353 4310 et
2373 4249 2707 4308 custodiant
2731 4251 3007 4306 mandata
3025 4268 3157 4308 mea
3177 4251 3452 4308 omnibus
3473 4252 3684 4310 diebus
3703 4257 3840 4312 vitae

2181 4361 2322 4410 suae,
2350 4346 2416 4397 ut
2445 4341 2590 4396 bene
2621 4337 2710 4395 eis
2736 4339 2837 4393 ﬁat
2865 4343 2923 4395 et
2952 4339 3090 4394 ﬁliis
3112 4356 3315 4396 eorum
3347 4357 3532 4412 usque
3562 4341 3622 4396 in
3655 4361 3842 4401 sacu-

2180 4431 2349 4488 lum?
2381 4430 2489 4486 Sed
2523 4433 2578 4484 et
2608 4428 2853 4500 Moyses,
2887 4427 3092 4484 docere
3141 4427 3424 4500 populum
3454 4429 3655 4486 volens
3687 4432 3840 4504 quid

2180 4522 2333 4578 Deus
2393 4517 2652 4589 requirat
2709 4515 2781 4572 ab
2841 4515 3134 4584 omnibus,
3177 4516 3258 4572 ita
3314 4515 3455 4572 dicit
3488 4535 3502 4572 :
3535 4519 3603 4574 Et
3657 4537 3836 4591 nunc,

423 4597 633 4692 οζξϐιιιν
684 4601 766 4656 «τοι
813 4603 1070 4675 justitiae,
1102 4615 1154 4663 et
1178 4610 1388 4666 sanitas
1429 4615 1536 4668 erit
1590 4615 1652 4669 in
1700 4619 1900 4687 per;an
1953 4621 2071 4692 ejus
2097 4627 2145 4692 ι)
2177 4611 2366 4676 Israel,
2401 4606 2531 4680 quid
2568 4607 2829 4661 Dominus
2876 4605 3015 4661 Deus
3061 4613 3186 4661 tuus
3229 4607 3405 4678 poscit
3446 4623 3482 4662 a
3528 4616 3596 4675 te,
3623 4610 3742 4665 nisi
3775 4621 3843 4668 ut

448 4683 638 4774 latae.
690 4705 766 4756 1v,
806 4692 884 4760 2).
905 4691 1186 4751 Veniente
1233 4697 1390 4754 enim
1439 4700 1560 4756 sole
1599 4683 1866 4774 jus-litim,
1901 4683 2064 4763 Ch'ri-

422 4773 536 4864 sto,
560 4771 631 4828 ad
663 4777 884 4864 tactum
916 4779 1158 4836 ﬁmbriae
1181 4784 1510 4842 vestimenti
1536 4771 1664 4860 ejus
1695 4791 1824 4847 fons
1853 4771 2066 4864 proflu-

417 4857 493 4916 vii
525 4863 832 4936 sanguinis
855 4867 1181 4926 exsiccatus
1209 4877 1316 4928 est.
1341 4875 1517 4948 Nigra
1537 4857 1669 4933 sum
1693 4884 1750 4934 ct
1776 4884 2058 4952 speciosa,

416 4947 540 5004 ﬁlia
576 4951 924 5010 Jerusalem.
959 4958 1016 5013 Si
1051 4977 1167 5031 qua
1212 4962 1306 5019 hic
1357 4947 1608 5037 peccatis
1654 4947 1852 5026 anima
1898 4947 2060 5028 deni;

415 5043 602 5132 grata,
622 5057 698 5132 ne
727 5041 953 5112 timeat,
979 5050 1384 5107 tantummodo
1420 5055 1820 5126 pmnitentiam
1845 5066 1978 5132 agat
2005 5067 2062 5117 et

413 5123 798 5204 dicatzNigra
827 5150 959 5189 sum
990 5152 1114 5208 ego,
1139 5145 1196 5194 et
1227 5123 1452 5197 decora.
1472 5144 1541 5198 Et
1571 5144 1618 5199 si
1651 5145 1710 5200 in
1743 5123 2058 5206 novissimo

393 5213 622 5310 _spiritu
643 5223 751 5310 est,
775 5225 832 5276 ct
855 5239 868 5277 :
896 5228 958 5278 ut
980 5223 1063 5280 ita
1085 5228 1298 5294 dicam,
1314 5229 1363 5283 si
1395 5230 1452 5284 in
1475 5236 1730 5288 extremo
1755 5234 1938 5292 halitu
1962 5255 2058 5310 po-

410 5299 581 5373 situs,
615 5323 685 5360 ne
713 5309 1008 5381 formidet,
1044 5321 1270 5372 tantum
1304 5335 1438 5374 cum
1483 5321 1617 5376 ﬁetu
1671 5299 2055 5396 poeniteat;et

407 5400 758 5484 compuncto
801 5403 1146 5459 conﬁteatur
1194 5407 1386 5461 corde.
1417 5409 1500 5463 Ad
1539 5427 1845 5484 vesperum
1896 5415 2052 5471 enim

405 5477 806 5540 demorabitur
821 5488 1180 5559 ﬂetus,et,ad
1206 5494 1559 5552 matutinum
1579 5477 1798 5558 laetitia.
1821 5504 2053 5561 Imitare

405 5583 659 5656 namque
688 5573 991 5635 Ezechiam
1023 5589 1309 5653 regem,et
1330 5587 1690 5656 sequcnlia.»
1710 5593 1777 5647 Et
1814 5593 1871 5647 in
1903 5593 2051 5650 libro

405 5654 476 5712 de
499 5655 879 5730 Reparatione
910 5666 1059 5741 lapsi
1082 5687 1132 5725 :«
1157 5663 1383 5728 Intuere
1403 5654 1653 5750 denique
1675 5680 1762 5736 vel
1795 5681 1852 5736 in
1888 5681 2051 5754 prin-

2175 4702 2363 4758 timeas
2395 4696 2686 4752 Dominum
2714 4695 2884 4748 Deum
2930 4702 3106 4761 tuum,
3138 4703 3190 4751 et
3233 4694 3451 4752 incedas
3484 4697 3544 4751 in
3571 4699 3838 4756 omnibus

2170 4791 2274 4846 viis
2303 4789 2440 4860 ejus,
2473 4791 2533 4840 ut
2577 4783 2778 4855 diligas
2806 4800 2931 4839 eum
2958 4801 3028 4840 ea:
3055 4792 3158 4840 toto
3186 4784 3344 4841 corde
3371 4793 3461 4841 tuo
3505 4793 3558 4840 et
3599 4803 3672 4842 ea:
3717 4797 3838 4846 tota

2168 4879 2358 4934 anima
2377 4882 2466 4930 tua
2489 4875 2511 4928 Ρ
2531 4873 2704 4940 (Deut.
2728 4889 2784 4938 x,
2812 4872 2916 4944 12).
2943 4873 3098 4928 Deus
3119 4890 3270 4941 vero,
3296 4873 3396 4945 qui
3418 4873 3582 4946 cupit
3602 4875 3771 4950 diligi
3799 4896 3836 4935 a

2171 4967 2434 5032 nobis,et
2466 4961 2660 5018 omnia
2707 4959 2846 5016 facit
2896 4979 2998 5032 pro
3056 4961 3189 5032 hoc,
3221 4978 3326 5018 nec
3359 4962 3662 5036 unigenito
3713 4984 3834 5024 suo

2169 5053 2354 5128 parcit
2397 5068 2498 5123 pro
2547 5049 2734 5106 salute
2766 5054 2965 5106 nostra
2995 5054 3052 5106 et
3079 5050 3386 5118 charitate,
3409 5055 3465 5107 et
3501 5052 3602 5123 qui
3633 5059 3829 5126 optat,

2168 5149 2235 5199 ut
2263 5143 2344 5199 ita
2373 5141 2586 5206 dicam,
2610 5144 2674 5194 ut
2703 5156 3055 5212 quocunque
3077 5144 3246 5212 pacto
3268 5145 3325 5196 et
3345 5141 3832 5216 quandocunque

2164 5229 2606 5288 reconciliemur
2621 5228 2694 5294 ei,
2709 5229 3004 5300 quomodo
3024 5229 3376 5301 pcenitentes
3396 5246 3500 5285 nos
3517 5235 3572 5285 et
3587 5247 3833 5289 conver-

2164 5340 2260 5379 sos
2282 5320 2354 5376 ad
2379 5335 2439 5373 se
2461 5335 2574 5372 non
2599 5316 2852 5372 libenter
2873 5318 3154 5390 suscipiet
3175 5322 3232 5373 et
3252 5317 3474 5374 amabit
3495 5321 3560 5373 ut
3583 5319 3824 5377 ﬁlios?»

2162 5418 2218 5469 et
2247 5413 2452 5466 czntera
2481 5423 2609 5477 quae
2643 5404 2871 5476 plenius
2903 5411 2961 5459 ct
2989 5405 3166 5462 latius
3198 5407 3257 5462 in
3289 5407 3546 5480 praefatis
3578 5407 3707 5465 suis
3726 5411 3826 5466 di—

2162 5501 2270 5559 ctis
2302 5497 2480 5554 lector
2508 5492 2756 5565 quilibet
2787 5494 3000 5566 poterit
3031 5495 3310 5552 invenire.

2233 5584 2343 5642 Sed
2377 5586 2434 5637 et
2477 5580 2537 5634 in
2587 5579 2929 5636 Commento
2968 5581 3266 5656 Evangelii
3314 5583 3568 5639 Matthaai
3619 5584 3769 5642 dicit
3804 5605 3820 5644 :

2161 5702 2188 5728 ‹‹
2226 5671 2545 5735 Jerusalem,
2604 5667 2923 5736 Jerusalem,
2987 5687 3112 5743 qua:
3163 5673 3360 5728 occidis
3411 5673 3722 5745 prophetas,
3768 5682 3826 5734 et
