  <div class='ocr_page' id='page_1' title='image "/cluster/home/n/w/nwhite01/storage/ocr_20150623/125/umn.31951002477418t/144.png"; bbox 0 0 4020 6472; ppageno 0'>
   <div class='ocr_carea' id='block_1_1' title="bbox 169 471 268 533">
    <p class='ocr_par' dir='ltr' id='par_1_1' title="bbox 169 471 268 533">
     <span class='ocr_line' id='line_1_1' title="bbox 169 471 268 533; baseline 0 0"><span class='ocrx_word' id='word_1_1' title='bbox 169 471 268 533; x_wconf 74' lang='grc'><strong>249</strong></span> 
     </span>
    </p>
   </div>
   <div class='ocr_carea' id='block_1_2' title="bbox 835 476 2800 552">
    <p class='ocr_par' dir='ltr' id='par_1_2' title="bbox 835 476 2800 552">
     <span class='ocr_line' id='line_1_2' title="bbox 835 476 2800 552; baseline 0.007 -16"><span class='ocrx_word' id='word_1_2' title='bbox 835 476 936 536; x_wconf 87' lang='lat' dir='ltr'><strong>DE</strong></span> <span class='ocrx_word' id='word_1_3' title='bbox 982 477 1736 543; x_wconf 62' lang='lat' dir='ltr'><strong>PRJEDESTINATIONE</strong></span> <span class='ocrx_word' id='word_1_4' title='bbox 1777 481 2292 548; x_wconf 78' lang='lat' dir='ltr'><strong>DlSSERTATlO</strong></span> <span class='ocrx_word' id='word_1_5' title='bbox 2334 486 2800 552; x_wconf 83' lang='lat' dir='ltr'><strong>POSTERIOR.</strong></span> 
     </span>
    </p>
   </div>
   <div class='ocr_carea' id='block_1_3' title="bbox 3393 493 3523 558">
    <p class='ocr_par' dir='ltr' id='par_1_3' title="bbox 3393 493 3523 558">
     <span class='ocr_line' id='line_1_3' title="bbox 3393 493 3523 558; baseline 0.015 -2"><span class='ocrx_word' id='word_1_6' title='bbox 3393 493 3523 558; x_wconf 66' lang='lat'><strong>250</strong></span> 
     </span>
    </p>
   </div>
   <div class='ocr_carea' id='block_1_4' title="bbox 167 602 3523 690">
    <p class='ocr_par' dir='ltr' id='par_1_4' title="bbox 167 602 3523 690">
     <span class='ocr_line' id='line_1_4' title="bbox 167 602 3523 690; baseline 0.006 -28"><span class='ocrx_word' id='word_1_7' title='bbox 167 605 370 680; x_wconf 88' lang='lat' dir='ltr'><strong>propria</strong></span> <span class='ocrx_word' id='word_1_8' title='bbox 395 602 688 661; x_wconf 98' lang='lat' dir='ltr'><strong>voluntate</strong></span> <span class='ocrx_word' id='word_1_9' title='bbox 719 605 996 675; x_wconf 89' lang='lat' dir='ltr'><strong>salvatur,</strong></span> <span class='ocrx_word' id='word_1_10' title='bbox 1031 607 1195 666; x_wconf 83' lang='lat' dir='ltr'><strong>liberi</strong></span> <span class='ocrx_word' id='word_1_11' title='bbox 1228 611 1382 666; x_wconf 91' lang='lat' dir='ltr'><strong>enim</strong></span> <span class='ocrx_word' id='word_1_12' title='bbox 1413 612 1635 668; x_wconf 73' lang='lat' dir='ltr'><strong>arbitrii</strong></span> <span class='ocrx_word' id='word_1_13' title='bbox 1668 631 1765 668; x_wconf 91' lang='lat' dir='ltr'><strong>su-</strong></span> <span class='ocrx_word' id='word_1_14' title='bbox 1791 613 1851 681; x_wconf 71' lang='grc' dir='ltr'><strong>Ἀ</strong></span> <span class='ocrx_word' id='word_1_15' title='bbox 1878 615 2224 688; x_wconf 83' lang='lat' dir='ltr'><strong>Hieronymo</strong></span> <span class='ocrx_word' id='word_1_16' title='bbox 2245 617 2579 675; x_wconf 90' lang='lat' dir='ltr'><strong>testimonia</strong></span> <span class='ocrx_word' id='word_1_17' title='bbox 2599 621 2736 676; x_wconf 89' lang='lat' dir='ltr'><strong>data</strong></span> <span class='ocrx_word' id='word_1_18' title='bbox 2767 620 3234 690; x_wconf 87' lang='lat' dir='ltr'><strong>sut&#39;ﬁciant.Quia</strong></span> <span class='ocrx_word' id='word_1_19' title='bbox 3250 625 3300 682; x_wconf 92' lang='lat' dir='ltr'><strong>si</strong></span> <span class='ocrx_word' id='word_1_20' title='bbox 3321 627 3523 684; x_wconf 79' lang='lat' dir='ltr'><strong>omnia</strong></span> 
     </span>
    </p>
   </div>
   <div class='ocr_carea' id='block_1_5' title="bbox 168 694 1774 768">
    <p class='ocr_par' dir='ltr' id='par_1_5' title="bbox 168 694 1774 768">
     <span class='ocr_line' id='line_1_5' title="bbox 168 694 1774 768; baseline 0.004 -16"><span class='ocrx_word' id='word_1_21' title='bbox 168 714 297 761; x_wconf 88' lang='lat' dir='ltr'><strong>mus,</strong></span> <span class='ocrx_word' id='word_1_22' title='bbox 313 694 428 751; x_wconf 86' lang='lat' dir='ltr'><strong>vult</strong></span> <span class='ocrx_word' id='word_1_23' title='bbox 447 712 551 750; x_wconf 91' lang='lat' dir='ltr'><strong>nos</strong></span> <span class='ocrx_word' id='word_1_24' title='bbox 577 695 796 750; x_wconf 90' lang='lat' dir='ltr'><strong>bonum</strong></span> <span class='ocrx_word' id='word_1_25' title='bbox 813 697 976 766; x_wconf 83' lang='lat' dir='ltr'><strong>velle,</strong></span> <span class='ocrx_word' id='word_1_26' title='bbox 998 702 1065 753; x_wconf 89' lang='lat' dir='ltr'><strong>ut</strong></span> <span class='ocrx_word' id='word_1_27' title='bbox 1084 716 1217 754; x_wconf 89' lang='lat' dir='ltr'><strong>cum</strong></span> <span class='ocrx_word' id='word_1_28' title='bbox 1237 700 1613 768; x_wconf 90' lang='lat' dir='ltr'><strong>voluerimus,</strong></span> <span class='ocrx_word' id='word_1_29' title='bbox 1637 702 1774 758; x_wconf 85' lang='lat' dir='ltr'><strong>velit</strong></span> 
     </span>
    </p>
   </div>
   <div class='ocr_carea' id='block_1_6' title="bbox 165 783 1769 859">
    <p class='ocr_par' dir='ltr' id='par_1_6' title="bbox 165 783 1769 859">
     <span class='ocr_line' id='line_1_6' title="bbox 165 783 1769 859; baseline 0.003 -18"><span class='ocrx_word' id='word_1_30' title='bbox 165 784 214 842; x_wconf 90' lang='lat' dir='ltr'><strong>in</strong></span> <span class='ocrx_word' id='word_1_31' title='bbox 233 784 384 841; x_wconf 91' lang='lat' dir='ltr'><strong>nobis</strong></span> <span class='ocrx_word' id='word_1_32' title='bbox 411 787 466 839; x_wconf 88' lang='lat' dir='ltr'><strong>et</strong></span> <span class='ocrx_word' id='word_1_33' title='bbox 491 783 617 856; x_wconf 84' lang='lat' dir='ltr'><strong>ipse</strong></span> <span class='ocrx_word' id='word_1_34' title='bbox 647 802 821 840; x_wconf 90' lang='lat' dir='ltr'><strong>suum</strong></span> <span class='ocrx_word' id='word_1_35' title='bbox 852 786 1094 859; x_wconf 86' lang='lat' dir='ltr'><strong>implere</strong></span> <span class='ocrx_word' id='word_1_36' title='bbox 1125 789 1454 844; x_wconf 81' lang='lat' dir='ltr'><strong>consilium.</strong></span> <span class='ocrx_word' id='word_1_37' title='bbox 1476 813 1502 839; x_wconf 87' lang='lat'>»</span> <span class='ocrx_word' id='word_1_38' title='bbox 1520 791 1588 846; x_wconf 84' lang='lat' dir='ltr'><strong>Et</strong></span> <span class='ocrx_word' id='word_1_39' title='bbox 1610 791 1769 856; x_wconf 88' lang='lat' dir='ltr'><strong>item,</strong></span> 
     </span>
    </p>
   </div>
   <div class='ocr_carea' id='block_1_7' title="bbox 167 876 1768 952">
    <p class='ocr_par' dir='ltr' id='par_1_7' title="bbox 167 876 1768 952">
     <span class='ocr_line' id='line_1_7' title="bbox 167 876 1768 952; baseline 0.006 -26"><span class='ocrx_word' id='word_1_40' title='bbox 167 899 190 926; x_wconf 87' lang='grc'><strong>‹‹</strong></span> <span class='ocrx_word' id='word_1_41' title='bbox 215 877 376 932; x_wconf 70' lang='lat' dir='ltr'><strong>Nolito</strong></span> <span class='ocrx_word' id='word_1_42' title='bbox 411 876 726 930; x_wconf 78' lang='lat' dir='ltr'><strong>contristare</strong></span> <span class='ocrx_word' id='word_1_43' title='bbox 791 876 1061 948; x_wconf 75' lang='lat' dir='ltr'><strong>Spiritum</strong></span> <span class='ocrx_word' id='word_1_44' title='bbox 1125 885 1372 933; x_wconf 83' lang='lat' dir='ltr'><strong>sanctum</strong></span> <span class='ocrx_word' id='word_1_45' title='bbox 1419 881 1517 934; x_wconf 86' lang='lat' dir='ltr'><strong>Dei</strong></span> <span class='ocrx_word' id='word_1_46' title='bbox 1554 881 1768 952; x_wconf 86' lang='lat' dir='ltr'><strong>(Ephes.</strong></span> 
     </span>
    </p>
   </div>
   <div class='ocr_carea' id='block_1_8' title="bbox 163 963 1768 1042">
    <p class='ocr_par' dir='ltr' id='par_1_8' title="bbox 163 963 1768 1042">
     <span class='ocr_line' id='line_1_8' title="bbox 163 963 1768 1042; baseline 0.002 -21"><span class='ocrx_word' id='word_1_47' title='bbox 163 982 225 1032; x_wconf 82' lang='lat' dir='ltr'><strong>IV,</strong></span> <span class='ocrx_word' id='word_1_48' title='bbox 254 965 353 1033; x_wconf 89' lang='lat'><strong>30).</strong></span> <span class='ocrx_word' id='word_1_49' title='bbox 402 963 611 1018; x_wconf 77' lang='lat' dir='ltr'><strong>Maeror</strong></span> <span class='ocrx_word' id='word_1_50' title='bbox 656 965 842 1019; x_wconf 84' lang='lat' dir='ltr'><strong>sancti</strong></span> <span class='ocrx_word' id='word_1_51' title='bbox 901 964 1156 1038; x_wconf 84' lang='lat' dir='ltr'><strong>Spiritus</strong></span> <span class='ocrx_word' id='word_1_52' title='bbox 1203 966 1286 1022; x_wconf 91' lang='lat' dir='ltr'><strong>sic</strong></span> <span class='ocrx_word' id='word_1_53' title='bbox 1335 967 1768 1042; x_wconf 84' lang='lat' dir='ltr'><strong>intelligendus,</strong></span> 
     </span>
    </p>
   </div>
   <div class='ocr_carea' id='block_1_9' title="bbox 161 1052 1770 1126">
    <p class='ocr_par' dir='ltr' id='par_1_9' title="bbox 161 1052 1770 1126">
     <span class='ocr_line' id='line_1_9' title="bbox 161 1052 1770 1126; baseline 0.003 -17"><span class='ocrx_word' id='word_1_54' title='bbox 161 1053 419 1126; x_wconf 87' lang='lat' dir='ltr'><strong>quomodo</strong></span> <span class='ocrx_word' id='word_1_55' title='bbox 439 1052 527 1108; x_wconf 87' lang='lat' dir='ltr'><strong>ira</strong></span> <span class='ocrx_word' id='word_1_56' title='bbox 557 1053 741 1119; x_wconf 90' lang='lat' dir='ltr'><strong>Dei,et</strong></span> <span class='ocrx_word' id='word_1_57' title='bbox 757 1059 1093 1122; x_wconf 89' lang='lat' dir='ltr'><strong>somnus,et</strong></span> <span class='ocrx_word' id='word_1_58' title='bbox 1113 1060 1326 1111; x_wconf 63' lang='lat' dir='ltr'><strong>caetera:</strong></span> <span class='ocrx_word' id='word_1_59' title='bbox 1358 1058 1416 1112; x_wconf 90' lang='lat' dir='ltr'><strong>in</strong></span> <span class='ocrx_word' id='word_1_60' title='bbox 1449 1057 1770 1114; x_wconf 83' lang='lat' dir='ltr'><strong>humanam</strong></span> 
     </span>
    </p>
   </div>
   <div class='ocr_carea' id='block_1_10' title="bbox 161 1141 1774 1220">
    <p class='ocr_par' dir='ltr' id='par_1_10' title="bbox 161 1141 1774 1220">
     <span class='ocr_line' id='line_1_10' title="bbox 161 1141 1774 1220; baseline 0.001 -20"><span class='ocrx_word' id='word_1_61' title='bbox 161 1141 571 1200; x_wconf 85' lang='lat' dir='ltr'><strong>similitudinem</strong></span> <span class='ocrx_word' id='word_1_62' title='bbox 594 1143 1047 1215; x_wconf 88' lang='lat' dir='ltr'><strong>passiones.Non</strong></span> <span class='ocrx_word' id='word_1_63' title='bbox 1071 1161 1185 1216; x_wconf 91' lang='lat' dir='ltr'><strong>quo</strong></span> <span class='ocrx_word' id='word_1_64' title='bbox 1201 1145 1577 1201; x_wconf 88' lang='lat' dir='ltr'><strong>contristetur</strong></span> <span class='ocrx_word' id='word_1_65' title='bbox 1597 1147 1774 1220; x_wconf 89' lang='lat' dir='ltr'><strong>Spiri-</strong></span> 
     </span>
    </p>
   </div>
   <div class='ocr_carea' id='block_1_11' title="bbox 157 1231 1768 1304">
    <p class='ocr_par' dir='ltr' id='par_1_11' title="bbox 157 1231 1768 1304">
     <span class='ocr_line' id='line_1_11' title="bbox 157 1231 1768 1304; baseline 0.001 -15"><span class='ocrx_word' id='word_1_66' title='bbox 157 1235 313 1299; x_wconf 86' lang='lat' dir='ltr'><strong>tus,et</strong></span> <span class='ocrx_word' id='word_1_67' title='bbox 331 1231 506 1286; x_wconf 89' lang='lat' dir='ltr'><strong>ullam</strong></span> <span class='ocrx_word' id='word_1_68' title='bbox 538 1231 1035 1304; x_wconf 84' lang='lat' dir='ltr'><strong>perturbationem</strong></span> <span class='ocrx_word' id='word_1_69' title='bbox 1068 1233 1352 1290; x_wconf 88' lang='lat' dir='ltr'><strong>Divinitas</strong></span> <span class='ocrx_word' id='word_1_70' title='bbox 1384 1235 1634 1291; x_wconf 84' lang='lat' dir='ltr'><strong>sentiat:</strong></span> <span class='ocrx_word' id='word_1_71' title='bbox 1669 1237 1768 1291; x_wconf 89' lang='lat' dir='ltr'><strong>sed</strong></span> 
     </span>
    </p>
   </div>
   <div class='ocr_carea' id='block_1_12' title="bbox 157 1319 1769 1398">
    <p class='ocr_par' dir='ltr' id='par_1_12' title="bbox 157 1319 1769 1398">
     <span class='ocr_line' id='line_1_12' title="bbox 157 1319 1769 1398; baseline 0.002 -20"><span class='ocrx_word' id='word_1_72' title='bbox 157 1339 256 1395; x_wconf 88' lang='lat' dir='ltr'><strong>quo</strong></span> <span class='ocrx_word' id='word_1_73' title='bbox 280 1337 342 1377; x_wconf 80' lang='lat' dir='ltr'><strong>ex</strong></span> <span class='ocrx_word' id='word_1_74' title='bbox 367 1320 557 1376; x_wconf 86' lang='lat' dir='ltr'><strong>verbis</strong></span> <span class='ocrx_word' id='word_1_75' title='bbox 605 1319 821 1376; x_wconf 90' lang='lat' dir='ltr'><strong>nostris</strong></span> <span class='ocrx_word' id='word_1_76' title='bbox 858 1321 960 1377; x_wconf 92' lang='lat' dir='ltr'><strong>Dei</strong></span> <span class='ocrx_word' id='word_1_77' title='bbox 991 1322 1290 1379; x_wconf 86' lang='lat' dir='ltr'><strong>discamus</strong></span> <span class='ocrx_word' id='word_1_78' title='bbox 1319 1323 1580 1392; x_wconf 71' lang='lat' dir='ltr'><strong>affectus,</strong></span> <span class='ocrx_word' id='word_1_79' title='bbox 1614 1327 1769 1398; x_wconf 92' lang='lat' dir='ltr'><strong>quod</strong></span> 
     </span>
    </p>
   </div>
   <div class='ocr_carea' id='block_1_13' title="bbox 155 1411 1768 1488">
    <p class='ocr_par' dir='ltr' id='par_1_13' title="bbox 155 1411 1768 1488">
     <span class='ocr_line' id='line_1_13' title="bbox 155 1411 1768 1488; baseline 0.002 -20"><span class='ocrx_word' id='word_1_80' title='bbox 155 1417 368 1469; x_wconf 65' lang='lat' dir='ltr'><strong>maereat</strong></span> <span class='ocrx_word' id='word_1_81' title='bbox 413 1411 879 1484; x_wconf 80' lang='lat' dir='ltr'><strong>quotiescunque</strong></span> <span class='ocrx_word' id='word_1_82' title='bbox 927 1429 1257 1484; x_wconf 86' lang='lat' dir='ltr'><strong>peccamus,</strong></span> <span class='ocrx_word' id='word_1_83' title='bbox 1291 1419 1348 1469; x_wconf 87' lang='lat' dir='ltr'><strong>et</strong></span> <span class='ocrx_word' id='word_1_84' title='bbox 1391 1415 1599 1470; x_wconf 85' lang='lat' dir='ltr'><strong>deﬂeat</strong></span> <span class='ocrx_word' id='word_1_85' title='bbox 1637 1433 1768 1488; x_wconf 92' lang='lat' dir='ltr'><strong>pec-</strong></span> 
     </span>
    </p>
   </div>
   <div class='ocr_carea' id='block_1_14' title="bbox 156 1501 1768 1576">
    <p class='ocr_par' dir='ltr' id='par_1_14' title="bbox 156 1501 1768 1576">
     <span class='ocr_line' id='line_1_14' title="bbox 156 1501 1768 1576; baseline 0.001 -17"><span class='ocrx_word' id='word_1_86' title='bbox 156 1501 554 1574; x_wconf 78' lang='lat' dir='ltr'><strong>catores.185</strong></span> <span class='ocrx_word' id='word_1_87' title='bbox 586 1501 735 1557; x_wconf 91' lang='lat' dir='ltr'><strong>Nam</strong></span> <span class='ocrx_word' id='word_1_88' title='bbox 769 1505 825 1556; x_wconf 89' lang='lat' dir='ltr'><strong>et</strong></span> <span class='ocrx_word' id='word_1_89' title='bbox 855 1502 1117 1558; x_wconf 83' lang='lat' dir='ltr'><strong>Salvator</strong></span> <span class='ocrx_word' id='word_1_90' title='bbox 1161 1503 1220 1557; x_wconf 91' lang='lat' dir='ltr'><strong>in</strong></span> <span class='ocrx_word' id='word_1_91' title='bbox 1272 1521 1509 1576; x_wconf 91' lang='lat' dir='ltr'><strong>corpore</strong></span> <span class='ocrx_word' id='word_1_92' title='bbox 1551 1506 1768 1560; x_wconf 91' lang='lat' dir='ltr'><strong>consti-</strong></span> 
     </span>
    </p>
   </div>
   <div class='ocr_carea' id='block_1_15' title="bbox 151 1590 1768 1667">
    <p class='ocr_par' dir='ltr' id='par_1_15' title="bbox 151 1590 1768 1667">
     <span class='ocr_line' id='line_1_15' title="bbox 151 1590 1768 1667; baseline 0.002 -20"><span class='ocrx_word' id='word_1_93' title='bbox 151 1596 293 1648; x_wconf 86' lang='lat' dir='ltr'><strong>tutus</strong></span> <span class='ocrx_word' id='word_1_94' title='bbox 321 1591 472 1647; x_wconf 82' lang='lat' dir='ltr'><strong>flevit</strong></span> <span class='ocrx_word' id='word_1_95' title='bbox 503 1590 953 1659; x_wconf 87' lang='lat' dir='ltr'><strong>Hierusalem,et</strong></span> <span class='ocrx_word' id='word_1_96' title='bbox 972 1608 1144 1648; x_wconf 89' lang='lat' dir='ltr'><strong>omne</strong></span> <span class='ocrx_word' id='word_1_97' title='bbox 1174 1591 1480 1648; x_wconf 86' lang='lat' dir='ltr'><strong>hominum</strong></span> <span class='ocrx_word' id='word_1_98' title='bbox 1502 1611 1686 1667; x_wconf 89' lang='lat' dir='ltr'><strong>genus</strong></span> <span class='ocrx_word' id='word_1_99' title='bbox 1709 1595 1768 1650; x_wconf 90' lang='lat' dir='ltr'><strong>in</strong></span> 
     </span>
    </p>
   </div>
   <div class='ocr_carea' id='block_1_16' title="bbox 151 1679 1768 1758">
    <p class='ocr_par' dir='ltr' id='par_1_16' title="bbox 151 1679 1768 1758">
     <span class='ocr_line' id='line_1_16' title="bbox 151 1679 1768 1758; baseline 0.002 -20"><span class='ocrx_word' id='word_1_100' title='bbox 151 1681 406 1755; x_wconf 85' lang='lat' dir='ltr'><strong>propheta</strong></span> <span class='ocrx_word' id='word_1_101' title='bbox 431 1679 960 1752; x_wconf 86' lang='lat' dir='ltr'><strong>deplorat,dicens:</strong></span> <span class='ocrx_word' id='word_1_102' title='bbox 996 1687 1117 1737; x_wconf 81' lang='lat' dir='ltr'><strong>Heu</strong></span> <span class='ocrx_word' id='word_1_103' title='bbox 1142 1684 1286 1738; x_wconf 88' lang='lat' dir='ltr'><strong>mihi</strong></span> <span class='ocrx_word' id='word_1_104' title='bbox 1313 1686 1500 1739; x_wconf 83' lang='lat' dir='ltr'><strong>anima</strong></span> <span class='ocrx_word' id='word_1_105' title='bbox 1529 1687 1658 1758; x_wconf 84' lang='lat' dir='ltr'><strong>quia</strong></span> <span class='ocrx_word' id='word_1_106' title='bbox 1675 1703 1768 1758; x_wconf 87' lang='lat' dir='ltr'><strong>pe-</strong></span> 
     </span>
    </p>
   </div>
   <div class='ocr_carea' id='block_1_17' title="bbox 151 1772 1771 1844">
    <p class='ocr_par' dir='ltr' id='par_1_17' title="bbox 151 1772 1771 1844">
     <span class='ocr_line' id='line_1_17' title="bbox 151 1772 1771 1844; baseline 0.002 -15"><span class='ocrx_word' id='word_1_107' title='bbox 151 1775 234 1829; x_wconf 85' lang='lat' dir='ltr'><strong>riit</strong></span> <span class='ocrx_word' id='word_1_108' title='bbox 246 1787 482 1828; x_wconf 77' lang='lat' dir='ltr'><strong>reverens</strong></span> <span class='ocrx_word' id='word_1_109' title='bbox 511 1787 548 1826; x_wconf 88' lang='lat' dir='ltr'><strong>a</strong></span> <span class='ocrx_word' id='word_1_110' title='bbox 577 1777 740 1838; x_wconf 83' lang='lat' dir='ltr'><strong>terra,</strong></span> <span class='ocrx_word' id='word_1_111' title='bbox 763 1778 816 1826; x_wconf 85' lang='lat' dir='ltr'><strong>et</strong></span> <span class='ocrx_word' id='word_1_112' title='bbox 838 1772 934 1842; x_wconf 82' lang='lat' dir='ltr'><strong>qui</strong></span> <span class='ocrx_word' id='word_1_113' title='bbox 953 1773 1192 1844; x_wconf 81' lang='lat' dir='ltr'><strong>corrigat</strong></span> <span class='ocrx_word' id='word_1_114' title='bbox 1219 1774 1362 1829; x_wconf 82' lang='lat' dir='ltr'><strong>inter</strong></span> <span class='ocrx_word' id='word_1_115' title='bbox 1387 1773 1630 1830; x_wconf 77' lang='lat' dir='ltr'><strong>homines</strong></span> <span class='ocrx_word' id='word_1_116' title='bbox 1659 1793 1771 1832; x_wconf 83' lang='lat' dir='ltr'><strong>non</strong></span> 
     </span>
    </p>
   </div>
   <div class='ocr_carea' id='block_1_18' title="bbox 151 1859 1764 1936">
    <p class='ocr_par' dir='ltr' id='par_1_18' title="bbox 151 1859 1764 1936">
     <span class='ocr_line' id='line_1_18' title="bbox 151 1859 1764 1936; baseline 0.002 -19"><span class='ocrx_word' id='word_1_117' title='bbox 151 1870 231 1918; x_wconf 81' lang='lat' dir='ltr'><strong>est.</strong></span> <span class='ocrx_word' id='word_1_118' title='bbox 277 1861 460 1917; x_wconf 79' lang='lat' dir='ltr'><strong>Omnes</strong></span> <span class='ocrx_word' id='word_1_119' title='bbox 512 1861 576 1916; x_wconf 88' lang='lat' dir='ltr'><strong>in</strong></span> <span class='ocrx_word' id='word_1_120' title='bbox 617 1861 886 1932; x_wconf 81' lang='lat' dir='ltr'><strong>sanguine</strong></span> <span class='ocrx_word' id='word_1_121' title='bbox 937 1859 1264 1932; x_wconf 81' lang='lat' dir='ltr'><strong>judicantur</strong></span> <span class='ocrx_word' id='word_1_122' title='bbox 1313 1863 1492 1931; x_wconf 87' lang='lat' dir='ltr'><strong>(Mich.</strong></span> <span class='ocrx_word' id='word_1_123' title='bbox 1541 1882 1641 1935; x_wconf 84' lang='lat' dir='ltr'><strong>vn,</strong></span> <span class='ocrx_word' id='word_1_124' title='bbox 1689 1865 1764 1936; x_wconf 85' lang='lat'><strong>2).</strong></span> 
     </span>
    </p>
   </div>
   <div class='ocr_carea' id='block_1_19' title="bbox 1883 706 3521 788">
    <p class='ocr_par' dir='ltr' id='par_1_19' title="bbox 1883 706 3521 788">
     <span class='ocr_line' id='line_1_19' title="bbox 1883 706 3521 788; baseline 0.01 -31"><span class='ocrx_word' id='word_1_125' title='bbox 1883 721 2010 776; x_wconf 70' lang='lat' dir='ltr'><strong>qua:</strong></span> <span class='ocrx_word' id='word_1_126' title='bbox 2042 706 2235 779; x_wconf 83' lang='lat' dir='ltr'><strong>colligi</strong></span> <span class='ocrx_word' id='word_1_127' title='bbox 2267 711 2597 778; x_wconf 87' lang='lat' dir='ltr'><strong>possunt,et</strong></span> <span class='ocrx_word' id='word_1_128' title='bbox 2611 709 2683 765; x_wconf 88' lang='lat' dir='ltr'><strong>de</strong></span> <span class='ocrx_word' id='word_1_129' title='bbox 2704 709 2978 766; x_wconf 85' lang='lat' dir='ltr'><strong>omnibus</strong></span> <span class='ocrx_word' id='word_1_130' title='bbox 3003 711 3161 768; x_wconf 91' lang='lat' dir='ltr'><strong>illius</strong></span> <span class='ocrx_word' id='word_1_131' title='bbox 3191 712 3356 771; x_wconf 85' lang='lat' dir='ltr'><strong>libris</strong></span> <span class='ocrx_word' id='word_1_132' title='bbox 3371 731 3521 788; x_wconf 86' lang='lat' dir='ltr'><strong>quos</strong></span> 
     </span>
    </p>
   </div>
   <div class='ocr_carea' id='block_1_20' title="bbox 1878 793 3518 870">
    <p class='ocr_par' dir='ltr' id='par_1_20' title="bbox 1878 793 3518 870">
     <span class='ocr_line' id='line_1_20' title="bbox 1878 793 3518 870; baseline 0.008 -21"><span class='ocrx_word' id='word_1_133' title='bbox 1878 793 2166 851; x_wconf 89' lang='lat' dir='ltr'><strong>habemus</strong></span> <span class='ocrx_word' id='word_1_134' title='bbox 2197 796 2532 852; x_wconf 86' lang='lat' dir='ltr'><strong>testimonia</strong></span> <span class='ocrx_word' id='word_1_135' title='bbox 2562 798 2951 870; x_wconf 85' lang='lat' dir='ltr'><strong>posuerimus,</strong></span> <span class='ocrx_word' id='word_1_136' title='bbox 2983 817 3099 856; x_wconf 89' lang='lat' dir='ltr'><strong>non</strong></span> <span class='ocrx_word' id='word_1_137' title='bbox 3131 801 3323 858; x_wconf 89' lang='lat' dir='ltr'><strong>solum</strong></span> <span class='ocrx_word' id='word_1_138' title='bbox 3354 805 3518 862; x_wconf 81' lang='lat' dir='ltr'><strong>sufﬁ-</strong></span> 
     </span>
    </p>
   </div>
   <div class='ocr_carea' id='block_1_21' title="bbox 1880 881 3306 952">
    <p class='ocr_par' dir='ltr' id='par_1_21' title="bbox 1880 881 3306 952">
     <span class='ocr_line' id='line_1_21' title="bbox 1880 881 3306 952; baseline 0.008 -16"><span class='ocrx_word' id='word_1_139' title='bbox 1880 881 2176 952; x_wconf 90' lang='lat' dir='ltr'><strong>cientiam,</strong></span> <span class='ocrx_word' id='word_1_140' title='bbox 2209 885 2309 939; x_wconf 89' lang='lat' dir='ltr'><strong>sed</strong></span> <span class='ocrx_word' id='word_1_141' title='bbox 2343 885 2704 942; x_wconf 63' lang='lat' dir='ltr'><strong>sufﬁcientia;</strong></span> <span class='ocrx_word' id='word_1_142' title='bbox 2736 889 2977 944; x_wconf 91' lang='lat' dir='ltr'><strong>modum</strong></span> <span class='ocrx_word' id='word_1_143' title='bbox 3008 891 3306 947; x_wconf 85' lang='lat' dir='ltr'><strong>excedent.</strong></span> 
     </span>
    </p>
   </div>
   <div class='ocr_carea' id='block_1_22' title="bbox 1951 973 3518 1056">
    <p class='ocr_par' dir='ltr' id='par_1_22' title="bbox 1951 973 3518 1056">
     <span class='ocr_line' id='line_1_22' title="bbox 1951 973 3518 1056; baseline 0.009 -30"><span class='ocrx_word' id='word_1_144' title='bbox 1951 973 2018 1026; x_wconf 86' lang='lat' dir='ltr'><strong>Et</strong></span> <span class='ocrx_word' id='word_1_145' title='bbox 2075 978 2312 1029; x_wconf 87' lang='lat' dir='ltr'><strong>sanctus</strong></span> <span class='ocrx_word' id='word_1_146' title='bbox 2383 973 2630 1047; x_wconf 85' lang='lat' dir='ltr'><strong>Cyrillus</strong></span> <span class='ocrx_word' id='word_1_147' title='bbox 2681 977 2753 1032; x_wconf 91' lang='lat' dir='ltr'><strong>ad</strong></span> <span class='ocrx_word' id='word_1_148' title='bbox 2810 977 3146 1034; x_wconf 87' lang='lat' dir='ltr'><strong>Nestorium</strong></span> <span class='ocrx_word' id='word_1_149' title='bbox 3203 983 3381 1054; x_wconf 87' lang='lat' dir='ltr'><strong>(epist.</strong></span> <span class='ocrx_word' id='word_1_150' title='bbox 3442 983 3518 1056; x_wconf 82' lang='lat'><strong>2).</strong></span> 
     </span>
    </p>
   </div>
   <div class='ocr_carea' id='block_1_23' title="bbox 1881 1061 3522 1135">
    <p class='ocr_par' dir='ltr' id='par_1_23' title="bbox 1881 1061 3522 1135">
     <span class='ocr_line' id='line_1_23' title="bbox 1881 1061 3522 1135; baseline 0.007 -19"><span class='ocrx_word' id='word_1_151' title='bbox 1881 1081 1909 1111; x_wconf 84' lang='grc'><em>‹‹</em></span> <span class='ocrx_word' id='word_1_152' title='bbox 1929 1061 2128 1134; x_wconf 81' lang='lat' dir='ltr'><strong>Itaque</strong></span> <span class='ocrx_word' id='word_1_153' title='bbox 2159 1063 2209 1118; x_wconf 88' lang='lat' dir='ltr'><strong>is</strong></span> <span class='ocrx_word' id='word_1_154' title='bbox 2242 1062 2340 1135; x_wconf 91' lang='lat' dir='ltr'><strong>qui</strong></span> <span class='ocrx_word' id='word_1_155' title='bbox 2373 1068 2506 1118; x_wconf 88' lang='lat' dir='ltr'><strong>ante</strong></span> <span class='ocrx_word' id='word_1_156' title='bbox 2537 1063 2752 1120; x_wconf 76' lang='lat' dir='ltr'><strong>saecula</strong></span> <span class='ocrx_word' id='word_1_157' title='bbox 2779 1067 2978 1122; x_wconf 91' lang='lat' dir='ltr'><strong>omnia</strong></span> <span class='ocrx_word' id='word_1_158' title='bbox 3005 1071 3095 1124; x_wconf 89' lang='lat' dir='ltr'><strong>est</strong></span> <span class='ocrx_word' id='word_1_159' title='bbox 3122 1071 3298 1127; x_wconf 89' lang='lat' dir='ltr'><strong>natus</strong></span> <span class='ocrx_word' id='word_1_160' title='bbox 3329 1087 3398 1127; x_wconf 83' lang='lat' dir='ltr'><strong>ex</strong></span> <span class='ocrx_word' id='word_1_161' title='bbox 3415 1071 3522 1129; x_wconf 56' lang='lat' dir='ltr'><strong>Pa.</strong></span> 
     </span>
    </p>
   </div>
   <div class='ocr_carea' id='block_1_24' title="bbox 1877 1149 3520 1231">
    <p class='ocr_par' dir='ltr' id='par_1_24' title="bbox 1877 1149 3520 1231">
     <span class='ocr_line' id='line_1_24' title="bbox 1877 1149 3520 1231; baseline 0.009 -28"><span class='ocrx_word' id='word_1_162' title='bbox 1877 1152 1982 1214; x_wconf 86' lang='lat' dir='ltr'><strong>tre,</strong></span> <span class='ocrx_word' id='word_1_163' title='bbox 2017 1149 2189 1206; x_wconf 89' lang='lat' dir='ltr'><strong>etiam</strong></span> <span class='ocrx_word' id='word_1_164' title='bbox 2219 1167 2287 1206; x_wconf 79' lang='lat' dir='ltr'><strong>ex</strong></span> <span class='ocrx_word' id='word_1_165' title='bbox 2317 1151 2558 1208; x_wconf 88' lang='lat' dir='ltr'><strong>muliere</strong></span> <span class='ocrx_word' id='word_1_166' title='bbox 2589 1153 2898 1211; x_wconf 89' lang='lat' dir='ltr'><strong>carnaliter</strong></span> <span class='ocrx_word' id='word_1_167' title='bbox 2919 1155 3136 1212; x_wconf 90' lang='lat' dir='ltr'><strong>dicitur</strong></span> <span class='ocrx_word' id='word_1_168' title='bbox 3163 1161 3520 1231; x_wconf 84' lang='lat' dir='ltr'><strong>procreatus.</strong></span> 
     </span>
    </p>
   </div>
   <div class='ocr_carea' id='block_1_25' title="bbox 1878 1239 3526 1322">
    <p class='ocr_par' dir='ltr' id='par_1_25' title="bbox 1878 1239 3526 1322">
     <span class='ocr_line' id='line_1_25' title="bbox 1878 1239 3526 1322; baseline 0.007 -29"><span class='ocrx_word' id='word_1_169' title='bbox 1878 1239 2003 1294; x_wconf 89' lang='lat' dir='ltr'><strong>Non</strong></span> <span class='ocrx_word' id='word_1_170' title='bbox 2035 1239 2175 1311; x_wconf 86' lang='lat' dir='ltr'><strong>quia</strong></span> <span class='ocrx_word' id='word_1_171' title='bbox 2214 1240 2408 1296; x_wconf 85' lang='lat' dir='ltr'><strong>divina</strong></span> <span class='ocrx_word' id='word_1_172' title='bbox 2439 1241 2624 1314; x_wconf 90' lang='lat' dir='ltr'><strong>ipsius</strong></span> <span class='ocrx_word' id='word_1_173' title='bbox 2654 1246 2868 1298; x_wconf 86' lang='lat' dir='ltr'><strong>natura</strong></span> <span class='ocrx_word' id='word_1_174' title='bbox 2897 1245 2968 1300; x_wconf 90' lang='lat' dir='ltr'><strong>de</strong></span> <span class='ocrx_word' id='word_1_175' title='bbox 2997 1244 3234 1318; x_wconf 83' lang='lat' dir='ltr'><strong>Virgine</strong></span> <span class='ocrx_word' id='word_1_176' title='bbox 3265 1248 3526 1322; x_wconf 86' lang='lat' dir='ltr'><strong>sumpsit</strong></span> 
     </span>
    </p>
   </div>
   <div class='ocr_carea' id='block_1_26' title="bbox 1877 1327 3526 1408">
    <p class='ocr_par' dir='ltr' id='par_1_26' title="bbox 1877 1327 3526 1408">
     <span class='ocr_line' id='line_1_26' title="bbox 1877 1327 3526 1408; baseline 0.007 -27"><span class='ocrx_word' id='word_1_177' title='bbox 1877 1327 2202 1397; x_wconf 83' lang='lat' dir='ltr'><strong>exordium,</strong></span> <span class='ocrx_word' id='word_1_178' title='bbox 2236 1345 2340 1384; x_wconf 90' lang='lat' dir='ltr'><strong>nec</strong></span> <span class='ocrx_word' id='word_1_179' title='bbox 2374 1331 2528 1402; x_wconf 91' lang='lat' dir='ltr'><strong>quod</strong></span> <span class='ocrx_word' id='word_1_180' title='bbox 2558 1335 2793 1404; x_wconf 88' lang='lat' dir='ltr'><strong>propter</strong></span> <span class='ocrx_word' id='word_1_181' title='bbox 2839 1331 3094 1405; x_wconf 89' lang='lat' dir='ltr'><strong>seipsam</strong></span> <span class='ocrx_word' id='word_1_182' title='bbox 3137 1351 3286 1408; x_wconf 91' lang='lat' dir='ltr'><strong>opus</strong></span> <span class='ocrx_word' id='word_1_183' title='bbox 3316 1335 3526 1393; x_wconf 85' lang='lat' dir='ltr'><strong>habuit</strong></span> 
     </span>
    </p>
   </div>
   <div class='ocr_carea' id='block_1_27' title="bbox 1878 1418 3522 1497">
    <p class='ocr_par' dir='ltr' id='par_1_27' title="bbox 1878 1418 3522 1497">
     <span class='ocr_line' id='line_1_27' title="bbox 1878 1418 3522 1497; baseline 0.005 -23"><span class='ocrx_word' id='word_1_184' title='bbox 1878 1419 2134 1474; x_wconf 87' lang='lat' dir='ltr'><strong>secundo</strong></span> <span class='ocrx_word' id='word_1_185' title='bbox 2175 1418 2336 1474; x_wconf 88' lang='lat' dir='ltr'><strong>nasci</strong></span> <span class='ocrx_word' id='word_1_186' title='bbox 2388 1423 2518 1490; x_wconf 90' lang='lat' dir='ltr'><strong>post</strong></span> <span class='ocrx_word' id='word_1_187' title='bbox 2555 1419 2716 1475; x_wconf 89' lang='lat' dir='ltr'><strong>illam</strong></span> <span class='ocrx_word' id='word_1_188' title='bbox 2765 1420 3126 1478; x_wconf 85' lang='lat' dir='ltr'><strong>nativitatem</strong></span> <span class='ocrx_word' id='word_1_189' title='bbox 3157 1425 3313 1481; x_wconf 73' lang='lat'><strong>180</strong></span> <span class='ocrx_word' id='word_1_190' title='bbox 3343 1442 3522 1497; x_wconf 89' lang='lat' dir='ltr'><strong>quam</strong></span> 
     </span>
    </p>
   </div>
   <div class='ocr_carea' id='block_1_28' title="bbox 1878 1507 3522 1584">
    <p class='ocr_par' dir='ltr' id='par_1_28' title="bbox 1878 1507 3522 1584">
     <span class='ocr_line' id='line_1_28' title="bbox 1878 1507 3522 1584; baseline 0.007 -22"><span class='ocrx_word' id='word_1_191' title='bbox 1878 1507 2130 1562; x_wconf 87' lang='lat' dir='ltr'><strong>habebat</strong></span> <span class='ocrx_word' id='word_1_192' title='bbox 2149 1523 2216 1562; x_wconf 85' lang='lat' dir='ltr'><strong>ex</strong></span> <span class='ocrx_word' id='word_1_193' title='bbox 2239 1507 2404 1563; x_wconf 89' lang='lat' dir='ltr'><strong>Patre</strong></span> <span class='ocrx_word' id='word_1_194' title='bbox 2429 1525 2442 1563; x_wconf 90' lang='lat'><strong>:</strong></span> <span class='ocrx_word' id='word_1_195' title='bbox 2465 1512 2554 1564; x_wconf 92' lang='lat' dir='ltr'><strong>est</strong></span> <span class='ocrx_word' id='word_1_196' title='bbox 2572 1509 2728 1565; x_wconf 91' lang='lat' dir='ltr'><strong>enim</strong></span> <span class='ocrx_word' id='word_1_197' title='bbox 2758 1509 3020 1584; x_wconf 87' lang='lat' dir='ltr'><strong>ineptum</strong></span> <span class='ocrx_word' id='word_1_198' title='bbox 3051 1515 3109 1568; x_wconf 90' lang='lat' dir='ltr'><strong>et</strong></span> <span class='ocrx_word' id='word_1_199' title='bbox 3135 1513 3381 1570; x_wconf 84' lang='lat' dir='ltr'><strong>stultum</strong></span> <span class='ocrx_word' id='word_1_200' title='bbox 3407 1515 3522 1573; x_wconf 86' lang='lat' dir='ltr'><strong>‘hoo</strong></span> 
     </span>
    </p>
   </div>
   <div class='ocr_carea' id='block_1_29' title="bbox 1878 1595 3524 1670">
    <p class='ocr_par' dir='ltr' id='par_1_29' title="bbox 1878 1595 3524 1670">
     <span class='ocr_line' id='line_1_29' title="bbox 1878 1595 3524 1670; baseline 0.006 -18"><span class='ocrx_word' id='word_1_201' title='bbox 1878 1595 2088 1662; x_wconf 89' lang='lat' dir='ltr'><strong>dicere,</strong></span> <span class='ocrx_word' id='word_1_202' title='bbox 2113 1596 2265 1668; x_wconf 89' lang='lat' dir='ltr'><strong>quod</strong></span> <span class='ocrx_word' id='word_1_203' title='bbox 2298 1596 2348 1651; x_wconf 92' lang='lat' dir='ltr'><strong>is</strong></span> <span class='ocrx_word' id='word_1_204' title='bbox 2378 1597 2477 1670; x_wconf 89' lang='lat' dir='ltr'><strong>qui</strong></span> <span class='ocrx_word' id='word_1_205' title='bbox 2510 1601 2641 1652; x_wconf 90' lang='lat' dir='ltr'><strong>ante</strong></span> <span class='ocrx_word' id='word_1_206' title='bbox 2669 1599 2869 1654; x_wconf 88' lang='lat' dir='ltr'><strong>omnia</strong></span> <span class='ocrx_word' id='word_1_207' title='bbox 2905 1599 3119 1656; x_wconf 71' lang='lat' dir='ltr'><strong>saecula</strong></span> <span class='ocrx_word' id='word_1_208' title='bbox 3146 1606 3236 1658; x_wconf 87' lang='lat' dir='ltr'><strong>est</strong></span> <span class='ocrx_word' id='word_1_209' title='bbox 3264 1619 3524 1662; x_wconf 86' lang='lat' dir='ltr'><strong>consem-</strong></span> 
     </span>
    </p>
   </div>
   <div class='ocr_carea' id='block_1_30' title="bbox 1879 1684 3526 1764">
    <p class='ocr_par' dir='ltr' id='par_1_30' title="bbox 1879 1684 3526 1764">
     <span class='ocr_line' id='line_1_30' title="bbox 1879 1684 3526 1764; baseline 0.007 -25"><span class='ocrx_word' id='word_1_210' title='bbox 1879 1685 2145 1758; x_wconf 90' lang='lat' dir='ltr'><strong>pitcrnus</strong></span> <span class='ocrx_word' id='word_1_211' title='bbox 2174 1684 2348 1753; x_wconf 89' lang='lat' dir='ltr'><strong>Patri,</strong></span> <span class='ocrx_word' id='word_1_212' title='bbox 2381 1686 2650 1741; x_wconf 67' lang='lat' dir='ltr'><strong>secunda:</strong></span> <span class='ocrx_word' id='word_1_213' title='bbox 2698 1689 3154 1759; x_wconf 85' lang='lat' dir='ltr'><strong>regenerationis</strong></span> <span class='ocrx_word' id='word_1_214' title='bbox 3203 1692 3428 1764; x_wconf 84' lang='lat' dir='ltr'><strong>eguerit</strong></span> <span class='ocrx_word' id='word_1_215' title='bbox 3457 1697 3526 1751; x_wconf 85' lang='lat' dir='ltr'><strong>ut</strong></span> 
     </span>
    </p>
   </div>
   <div class='ocr_carea' id='block_1_31' title="bbox 1877 1774 3520 1854">
    <p class='ocr_par' dir='ltr' id='par_1_31' title="bbox 1877 1774 3520 1854">
     <span class='ocr_line' id='line_1_31' title="bbox 1877 1774 3520 1854; baseline 0.005 -24"><span class='ocrx_word' id='word_1_216' title='bbox 1877 1791 2005 1830; x_wconf 87' lang='lat' dir='ltr'><strong>esse</strong></span> <span class='ocrx_word' id='word_1_217' title='bbox 2027 1774 2338 1846; x_wconf 86' lang='lat' dir='ltr'><strong>inciperet;</strong></span> <span class='ocrx_word' id='word_1_218' title='bbox 2364 1775 2460 1830; x_wconf 88' lang='lat' dir='ltr'><strong>sed</strong></span> <span class='ocrx_word' id='word_1_219' title='bbox 2487 1775 2624 1847; x_wconf 90' lang='lat' dir='ltr'><strong>quia</strong></span> <span class='ocrx_word' id='word_1_220' title='bbox 2644 1780 2879 1848; x_wconf 87' lang='lat' dir='ltr'><strong>propter</strong></span> <span class='ocrx_word' id='word_1_221' title='bbox 2907 1795 3034 1846; x_wconf 89' lang='lat' dir='ltr'><strong>nos,</strong></span> <span class='ocrx_word' id='word_1_222' title='bbox 3063 1782 3122 1834; x_wconf 89' lang='lat' dir='ltr'><strong>et</strong></span> <span class='ocrx_word' id='word_1_223' title='bbox 3151 1785 3388 1854; x_wconf 85' lang='lat' dir='ltr'><strong>propter</strong></span> <span class='ocrx_word' id='word_1_224' title='bbox 3415 1799 3520 1838; x_wconf 90' lang='lat' dir='ltr'><strong>no-</strong></span> 
     </span>
    </p>
   </div>
   <div class='ocr_carea' id='block_1_32' title="bbox 1879 1863 3524 1939">
    <p class='ocr_par' dir='ltr' id='par_1_32' title="bbox 1879 1863 3524 1939">
     <span class='ocr_line' id='line_1_32' title="bbox 1879 1863 3524 1939; baseline 0.004 -19"><span class='ocrx_word' id='word_1_225' title='bbox 1879 1868 2062 1920; x_wconf 88' lang='lat' dir='ltr'><strong>stram</strong></span> <span class='ocrx_word' id='word_1_226' title='bbox 2093 1863 2340 1918; x_wconf 86' lang='lat' dir='ltr'><strong>salutem</strong></span> <span class='ocrx_word' id='word_1_227' title='bbox 2371 1866 2642 1918; x_wconf 80' lang='lat' dir='ltr'><strong>naturam</strong></span> <span class='ocrx_word' id='word_1_228' title='bbox 2667 1863 2778 1920; x_wconf 90' lang='lat' dir='ltr'><strong>sibi</strong></span> <span class='ocrx_word' id='word_1_229' title='bbox 2803 1865 3096 1937; x_wconf 90' lang='lat' dir='ltr'><strong>copulavit</strong></span> <span class='ocrx_word' id='word_1_230' title='bbox 3115 1867 3524 1939; x_wconf 81' lang='lat' dir='ltr'><strong>humanam,et</strong></span> 
     </span>
    </p>
   </div>
   <div class='ocr_carea' id='block_1_33' title="bbox 149 1949 3524 2048">
    <p class='ocr_par' dir='ltr' id='par_1_33' title="bbox 149 1949 3524 2048">
     <span class='ocr_line' id='line_1_33' title="bbox 149 1949 3524 2048; baseline 0.003 -42"><span class='ocrx_word' id='word_1_231' title='bbox 149 1951 206 2007; x_wconf 86' lang='lat' dir='ltr'><strong>Et</strong></span> <span class='ocrx_word' id='word_1_232' title='bbox 231 1951 356 2006; x_wconf 89' lang='lat' dir='ltr'><strong>item</strong></span> <span class='ocrx_word' id='word_1_233' title='bbox 383 1950 440 2006; x_wconf 90' lang='lat' dir='ltr'><strong>in</strong></span> <span class='ocrx_word' id='word_1_234' title='bbox 474 1949 724 2005; x_wconf 89' lang='lat' dir='ltr'><strong>homilia</strong></span> <span class='ocrx_word' id='word_1_235' title='bbox 752 1949 1064 2005; x_wconf 90' lang='lat' dir='ltr'><strong>undecima</strong></span> <span class='ocrx_word' id='word_1_236' title='bbox 1108 1950 1402 2023; x_wconf 86' lang='lat' dir='ltr'><strong>Evangelii</strong></span> <span class='ocrx_word' id='word_1_237' title='bbox 1444 1955 1769 2010; x_wconf 87' lang='lat' dir='ltr'><strong>secundum</strong></span> <span class='ocrx_word' id='word_1_238' title='bbox 1799 1982 1848 2048; x_wconf 82' lang='lat' dir='ltr'><strong>B</strong></span> <span class='ocrx_word' id='word_1_239' title='bbox 1878 1951 2162 2025; x_wconf 88' lang='lat' dir='ltr'><strong>processit</strong></span> <span class='ocrx_word' id='word_1_240' title='bbox 2185 1969 2254 2007; x_wconf 80' lang='lat' dir='ltr'><strong>ex</strong></span> <span class='ocrx_word' id='word_1_241' title='bbox 2283 1949 2766 2019; x_wconf 85' lang='lat' dir='ltr'><strong>muliere,idcirco</strong></span> <span class='ocrx_word' id='word_1_242' title='bbox 2797 1952 3013 2012; x_wconf 89' lang='lat' dir='ltr'><strong>dicitur</strong></span> <span class='ocrx_word' id='word_1_243' title='bbox 3041 1959 3216 2013; x_wconf 85' lang='lat' dir='ltr'><strong>natus</strong></span> <span class='ocrx_word' id='word_1_244' title='bbox 3247 1973 3376 2015; x_wconf 88' lang='lat' dir='ltr'><strong>esse</strong></span> <span class='ocrx_word' id='word_1_245' title='bbox 3403 1975 3524 2015; x_wconf 88' lang='lat' dir='ltr'><strong>ear-</strong></span> 
     </span>
    </p>
   </div>
   <div class='ocr_carea' id='block_1_34' title="bbox 149 2039 2162 2116">
    <p class='ocr_par' dir='ltr' id='par_1_34' title="bbox 149 2039 2162 2116">
     <span class='ocr_line' id='line_1_34' title="bbox 149 2039 2162 2116; baseline -0.001 -19"><span class='ocrx_word' id='word_1_246' title='bbox 149 2043 339 2097; x_wconf 87' lang='lat' dir='ltr'><strong>Lucam</strong></span> <span class='ocrx_word' id='word_1_247' title='bbox 372 2057 384 2096; x_wconf 93' lang='lat'>:</span> <span class='ocrx_word' id='word_1_248' title='bbox 417 2041 551 2097; x_wconf 73' lang='lat' dir='ltr'><strong>Haec</strong></span> <span class='ocrx_word' id='word_1_249' title='bbox 576 2040 688 2110; x_wconf 82' lang='lat' dir='ltr'><strong>fuit</strong></span> <span class='ocrx_word' id='word_1_250' title='bbox 715 2039 1003 2111; x_wconf 76' lang='lat' dir='ltr'><strong>descriptio</strong></span> <span class='ocrx_word' id='word_1_251' title='bbox 1047 2042 1233 2111; x_wconf 86' lang='lat' dir='ltr'><strong>prima</strong></span> <span class='ocrx_word' id='word_1_252' title='bbox 1262 2059 1296 2096; x_wconf 88' lang='lat' dir='ltr'><strong>a</strong></span> <span class='ocrx_word' id='word_1_253' title='bbox 1321 2043 1560 2114; x_wconf 61' lang='lat' dir='ltr'><strong>praeside</strong></span> <span class='ocrx_word' id='word_1_254' title='bbox 1587 2044 1772 2116; x_wconf 70' lang='lat' dir='ltr'><strong>Syriae</strong></span> <span class='ocrx_word' id='word_1_255' title='bbox 1799 2039 1845 2048; x_wconf 81' lang='grc'><strong>“’</strong></span> <span class='ocrx_word' id='word_1_256' title='bbox 1878 2041 2106 2098; x_wconf 88' lang='lat' dir='ltr'><strong>naliter.</strong></span> <span class='ocrx_word' id='word_1_257' title='bbox 2135 2063 2162 2090; x_wconf 83' lang='lat'>»</span> 
     </span>
    </p>
   </div>
   <div class='ocr_carea' id='block_1_35' title="bbox 151 2127 1770 2204">
    <p class='ocr_par' dir='ltr' id='par_1_35' title="bbox 151 2127 1770 2204">
     <span class='ocr_line' id='line_1_35' title="bbox 151 2127 1770 2204; baseline 0.001 -16"><span class='ocrx_word' id='word_1_258' title='bbox 151 2131 334 2203; x_wconf 80' lang='lat' dir='ltr'><strong>Cyrino</strong></span> <span class='ocrx_word' id='word_1_259' title='bbox 353 2129 506 2201; x_wconf 81' lang='lat' dir='ltr'><strong>(Luc.</strong></span> <span class='ocrx_word' id='word_1_260' title='bbox 536 2127 685 2199; x_wconf 70' lang='lat'><strong>11,2).</strong></span> <span class='ocrx_word' id='word_1_261' title='bbox 714 2127 758 2183; x_wconf 92' lang='grc' dir='ltr'>Ο</span> <span class='ocrx_word' id='word_1_262' title='bbox 780 2128 1165 2201; x_wconf 82' lang='lat' dir='ltr'><strong>Evangelista,</strong></span> <span class='ocrx_word' id='word_1_263' title='bbox 1201 2129 1412 2186; x_wconf 87' lang='lat' dir='ltr'><strong>videris</strong></span> <span class='ocrx_word' id='word_1_264' title='bbox 1441 2131 1770 2204; x_wconf 87' lang='lat' dir='ltr'><strong>signiﬁcare</strong></span> 
     </span>
    </p>
   </div>
   <div class='ocr_carea' id='block_1_36' title="bbox 149 2211 1771 2292">
    <p class='ocr_par' dir='ltr' id='par_1_36' title="bbox 149 2211 1771 2292">
     <span class='ocr_line' id='line_1_36' title="bbox 149 2211 1771 2292; baseline 0.002 -18"><span class='ocrx_word' id='word_1_265' title='bbox 149 2219 335 2292; x_wconf 89' lang='lat' dir='ltr'><strong>quiain</strong></span> <span class='ocrx_word' id='word_1_266' title='bbox 369 2217 555 2274; x_wconf 88' lang='lat' dir='ltr'><strong>totius</strong></span> <span class='ocrx_word' id='word_1_267' title='bbox 586 2217 745 2272; x_wconf 89' lang='lat' dir='ltr'><strong>orbis</strong></span> <span class='ocrx_word' id='word_1_268' title='bbox 777 2217 1136 2288; x_wconf 75' lang='lat' dir='ltr'><strong>professione</strong></span> <span class='ocrx_word' id='word_1_269' title='bbox 1167 2219 1416 2275; x_wconf 88' lang='lat' dir='ltr'><strong>describi</strong></span> <span class='ocrx_word' id='word_1_270' title='bbox 1451 2211 1771 2292; x_wconf 83' lang='lat' dir='ltr'><strong>oportuerit</strong></span> 
     </span>
    </p>
   </div>
   <div class='ocr_carea' id='block_1_37' title="bbox 147 2307 1772 2380">
    <p class='ocr_par' dir='ltr' id='par_1_37' title="bbox 147 2307 1772 2380">
     <span class='ocr_line' id='line_1_37' title="bbox 147 2307 1772 2380; baseline 0.001 -14"><span class='ocrx_word' id='word_1_271' title='bbox 147 2313 194 2366; x_wconf 86' lang='lat' dir='ltr'><strong>ct</strong></span> <span class='ocrx_word' id='word_1_272' title='bbox 209 2308 512 2376; x_wconf 88' lang='lat' dir='ltr'><strong>Christum,</strong></span> <span class='ocrx_word' id='word_1_273' title='bbox 539 2310 606 2362; x_wconf 90' lang='lat' dir='ltr'><strong>ut</strong></span> <span class='ocrx_word' id='word_1_274' title='bbox 627 2323 760 2362; x_wconf 90' lang='lat' dir='ltr'><strong>eum</strong></span> <span class='ocrx_word' id='word_1_275' title='bbox 791 2307 1064 2362; x_wconf 90' lang='lat' dir='ltr'><strong>omnibus</strong></span> <span class='ocrx_word' id='word_1_276' title='bbox 1095 2308 1350 2380; x_wconf 89' lang='lat' dir='ltr'><strong>scriptus</strong></span> <span class='ocrx_word' id='word_1_277' title='bbox 1381 2310 1772 2368; x_wconf 88' lang='lat' dir='ltr'><strong>sanctiﬁcaret</strong></span> 
     </span>
    </p>
   </div>
   <div class='ocr_carea' id='block_1_38' title="bbox 148 2395 1769 2466">
    <p class='ocr_par' dir='ltr' id='par_1_38' title="bbox 148 2395 1769 2466">
     <span class='ocr_line' id='line_1_38' title="bbox 148 2395 1769 2466; baseline 0.002 -13"><span class='ocrx_word' id='word_1_278' title='bbox 148 2413 340 2465; x_wconf 89' lang='lat' dir='ltr'><strong>omnes,</strong></span> <span class='ocrx_word' id='word_1_279' title='bbox 367 2402 425 2453; x_wconf 92' lang='lat' dir='ltr'><strong>et</strong></span> <span class='ocrx_word' id='word_1_280' title='bbox 471 2413 614 2452; x_wconf 90' lang='lat' dir='ltr'><strong>cum</strong></span> <span class='ocrx_word' id='word_1_281' title='bbox 665 2397 804 2450; x_wconf 85' lang='lat' dir='ltr'><strong>orbe</strong></span> <span class='ocrx_word' id='word_1_282' title='bbox 853 2395 1070 2452; x_wconf 88' lang='lat' dir='ltr'><strong>relatus</strong></span> <span class='ocrx_word' id='word_1_283' title='bbox 1119 2395 1177 2451; x_wconf 91' lang='lat' dir='ltr'><strong>in</strong></span> <span class='ocrx_word' id='word_1_284' title='bbox 1209 2414 1472 2466; x_wconf 91' lang='lat' dir='ltr'><strong>censum,</strong></span> <span class='ocrx_word' id='word_1_285' title='bbox 1507 2417 1769 2458; x_wconf 80' lang='lat' dir='ltr'><strong>commu-</strong></span> 
     </span>
    </p>
   </div>
   <div class='ocr_carea' id='block_1_39' title="bbox 149 2485 1769 2558">
    <p class='ocr_par' dir='ltr' id='par_1_39' title="bbox 149 2485 1769 2558">
     <span class='ocr_line' id='line_1_39' title="bbox 149 2485 1769 2558; baseline 0.001 -16"><span class='ocrx_word' id='word_1_286' title='bbox 149 2487 350 2542; x_wconf 87' lang='lat' dir='ltr'><strong>nionem</strong></span> <span class='ocrx_word' id='word_1_287' title='bbox 399 2485 490 2541; x_wconf 89' lang='lat' dir='ltr'><strong>sui</strong></span> <span class='ocrx_word' id='word_1_288' title='bbox 546 2486 828 2558; x_wconf 65' lang='lat' dir='ltr'><strong>praeberet</strong></span> <span class='ocrx_word' id='word_1_289' title='bbox 877 2485 1024 2550; x_wconf 86' lang='lat' dir='ltr'><strong>orbi,</strong></span> <span class='ocrx_word' id='word_1_290' title='bbox 1076 2491 1142 2541; x_wconf 94' lang='lat' dir='ltr'><strong>ut</strong></span> <span class='ocrx_word' id='word_1_291' title='bbox 1183 2492 1314 2558; x_wconf 88' lang='lat' dir='ltr'><strong>post</strong></span> <span class='ocrx_word' id='word_1_292' title='bbox 1357 2488 1508 2543; x_wconf 91' lang='lat' dir='ltr'><strong>hanc</strong></span> <span class='ocrx_word' id='word_1_293' title='bbox 1559 2489 1769 2545; x_wconf 83' lang='lat' dir='ltr'><strong>descri-</strong></span> 
     </span>
    </p>
   </div>
   <div class='ocr_carea' id='block_1_40' title="bbox 146 2574 1770 2648">
    <p class='ocr_par' dir='ltr' id='par_1_40' title="bbox 146 2574 1770 2648">
     <span class='ocr_line' id='line_1_40' title="bbox 146 2574 1770 2648; baseline 0.002 -18"><span class='ocrx_word' id='word_1_294' title='bbox 146 2577 393 2648; x_wconf 87' lang='lat' dir='ltr'><strong>ptionem,</strong></span> <span class='ocrx_word' id='word_1_295' title='bbox 417 2574 782 2630; x_wconf 85' lang='lat' dir='ltr'><strong>describeret</strong></span> <span class='ocrx_word' id='word_1_296' title='bbox 812 2591 1044 2646; x_wconf 89' lang='lat' dir='ltr'><strong>quoque</strong></span> <span class='ocrx_word' id='word_1_297' title='bbox 1065 2592 1133 2629; x_wconf 83' lang='lat' dir='ltr'><strong>ex</strong></span> <span class='ocrx_word' id='word_1_298' title='bbox 1153 2577 1290 2631; x_wconf 89' lang='lat' dir='ltr'><strong>orbe</strong></span> <span class='ocrx_word' id='word_1_299' title='bbox 1312 2594 1510 2632; x_wconf 88' lang='lat' dir='ltr'><strong>secum</strong></span> <span class='ocrx_word' id='word_1_300' title='bbox 1534 2577 1592 2632; x_wconf 89' lang='lat' dir='ltr'><strong>in</strong></span> <span class='ocrx_word' id='word_1_301' title='bbox 1622 2577 1770 2634; x_wconf 92' lang='lat' dir='ltr'><strong>libro</strong></span> 
     </span>
    </p>
   </div>
   <div class='ocr_carea' id='block_1_41' title="bbox 145 2661 1771 2739">
    <p class='ocr_par' dir='ltr' id='par_1_41' title="bbox 145 2661 1771 2739">
     <span class='ocr_line' id='line_1_41' title="bbox 145 2661 1771 2739; baseline 0.003 -21"><span class='ocrx_word' id='word_1_302' title='bbox 145 2663 453 2729; x_wconf 84' lang='lat' dir='ltr'><strong>viventium,</strong></span> <span class='ocrx_word' id='word_1_303' title='bbox 477 2668 542 2720; x_wconf 86' lang='lat' dir='ltr'><strong>et</strong></span> <span class='ocrx_word' id='word_1_304' title='bbox 571 2661 907 2735; x_wconf 86' lang='lat' dir='ltr'><strong>quicunque</strong></span> <span class='ocrx_word' id='word_1_305' title='bbox 946 2663 1331 2719; x_wconf 85' lang='lat' dir='ltr'><strong>credidissent</strong></span> <span class='ocrx_word' id='word_1_306' title='bbox 1355 2664 1414 2720; x_wconf 91' lang='lat' dir='ltr'><strong>in</strong></span> <span class='ocrx_word' id='word_1_307' title='bbox 1447 2684 1532 2734; x_wconf 85' lang='lat' dir='ltr'><strong>eo,</strong></span> <span class='ocrx_word' id='word_1_308' title='bbox 1569 2672 1771 2739; x_wconf 86' lang='lat' dir='ltr'><strong>postea</strong></span> 
     </span>
    </p>
   </div>
   <div class='ocr_carea' id='block_1_42' title="bbox 145 2751 1768 2810">
    <p class='ocr_par' dir='ltr' id='par_1_42' title="bbox 145 2751 1768 2810">
     <span class='ocr_line' id='line_1_42' title="bbox 145 2751 1768 2810; baseline 0.001 -1"><span class='ocrx_word' id='word_1_309' title='bbox 145 2770 254 2809; x_wconf 89' lang='lat' dir='ltr'><strong>cum</strong></span> <span class='ocrx_word' id='word_1_310' title='bbox 270 2753 487 2809; x_wconf 84' lang='lat' dir='ltr'><strong>sanctis</strong></span> <span class='ocrx_word' id='word_1_311' title='bbox 506 2751 674 2808; x_wconf 88' lang='lat' dir='ltr'><strong>illius</strong></span> <span class='ocrx_word' id='word_1_312' title='bbox 695 2751 1091 2808; x_wconf 87' lang='lat' dir='ltr'><strong>scriberentur</strong></span> <span class='ocrx_word' id='word_1_313' title='bbox 1109 2751 1167 2807; x_wconf 91' lang='lat' dir='ltr'><strong>in</strong></span> <span class='ocrx_word' id='word_1_314' title='bbox 1191 2753 1406 2808; x_wconf 70' lang='lat' dir='ltr'><strong>caelis.»</strong></span> <span class='ocrx_word' id='word_1_315' title='bbox 1434 2755 1505 2810; x_wconf 89' lang='lat' dir='ltr'><strong>Et</strong></span> <span class='ocrx_word' id='word_1_316' title='bbox 1533 2754 1592 2809; x_wconf 93' lang='lat' dir='ltr'><strong>in</strong></span> <span class='ocrx_word' id='word_1_317' title='bbox 1624 2757 1768 2810; x_wconf 92' lang='lat' dir='ltr'><strong>duo-</strong></span> 
     </span>
    </p>
   </div>
   <div class='ocr_carea' id='block_1_43' title="bbox 145 2831 1768 2912">
    <p class='ocr_par' dir='ltr' id='par_1_43' title="bbox 145 2831 1768 2912">
     <span class='ocr_line' id='line_1_43' title="bbox 145 2831 1768 2912; baseline 0.002 -16"><span class='ocrx_word' id='word_1_318' title='bbox 145 2831 374 2898; x_wconf 84' lang='lat' dir='ltr'><strong>decima:</strong></span> <span class='ocrx_word' id='word_1_319' title='bbox 411 2865 439 2892; x_wconf 86' lang='lat'><strong>«</strong></span> <span class='ocrx_word' id='word_1_320' title='bbox 465 2841 865 2908; x_wconf 89' lang='lat' dir='ltr'><strong>Quamobrem</strong></span> <span class='ocrx_word' id='word_1_321' title='bbox 897 2841 1141 2912; x_wconf 85' lang='lat' dir='ltr'><strong>angelus</strong></span> <span class='ocrx_word' id='word_1_322' title='bbox 1173 2842 1474 2898; x_wconf 87' lang='lat' dir='ltr'><strong>descendit</strong></span> <span class='ocrx_word' id='word_1_323' title='bbox 1503 2845 1572 2898; x_wconf 90' lang='lat' dir='ltr'><strong>de</strong></span> <span class='ocrx_word' id='word_1_324' title='bbox 1605 2845 1768 2910; x_wconf 75' lang='lat' dir='ltr'><strong>cmlo,</strong></span> 
     </span>
    </p>
   </div>
   <div class='ocr_carea' id='block_1_44' title="bbox 144 2929 1766 3002">
    <p class='ocr_par' dir='ltr' id='par_1_44' title="bbox 144 2929 1766 3002">
     <span class='ocr_line' id='line_1_44' title="bbox 144 2929 1766 3002; baseline 0.001 -17"><span class='ocrx_word' id='word_1_325' title='bbox 144 2935 190 2986; x_wconf 90' lang='lat' dir='ltr'><strong>et</strong></span> <span class='ocrx_word' id='word_1_326' title='bbox 207 2931 278 2986; x_wconf 85' lang='lat' dir='ltr'><strong>ait</strong></span> <span class='ocrx_word' id='word_1_327' title='bbox 300 2949 311 2987; x_wconf 93' lang='lat'>:</span> <span class='ocrx_word' id='word_1_328' title='bbox 337 2931 626 2986; x_wconf 77' lang='lat' dir='ltr'><strong>Annzmtio</strong></span> <span class='ocrx_word' id='word_1_329' title='bbox 655 2931 806 2984; x_wconf 80' lang='lat' dir='ltr'><strong>vobis</strong></span> <span class='ocrx_word' id='word_1_330' title='bbox 835 2929 1102 2998; x_wconf 81' lang='lat' dir='ltr'><strong>gaudium</strong></span> <span class='ocrx_word' id='word_1_331' title='bbox 1131 2947 1294 3000; x_wconf 79' lang='lat' dir='ltr'><strong>magn</strong></span> <span class='ocrx_word' id='word_1_332' title='bbox 1305 2948 1395 2986; x_wconf 82' lang='lat' dir='ltr'><strong>mn</strong></span> <span class='ocrx_word' id='word_1_333' title='bbox 1423 2934 1766 3002; x_wconf 77' lang='lat' dir='ltr'><strong>(Luc.u,10),</strong></span> 
     </span>
    </p>
   </div>
   <div class='ocr_carea' id='block_1_45' title="bbox 145 3017 1772 3093">
    <p class='ocr_par' dir='ltr' id='par_1_45' title="bbox 145 3017 1772 3093">
     <span class='ocr_line' id='line_1_45' title="bbox 145 3017 1772 3093; baseline 0.001 -19"><span class='ocrx_word' id='word_1_334' title='bbox 145 3024 190 3074; x_wconf 89' lang='lat' dir='ltr'><strong>et</strong></span> <span class='ocrx_word' id='word_1_335' title='bbox 208 3019 600 3092; x_wconf 88' lang='lat' dir='ltr'><strong>reliqua.Puto</strong></span> <span class='ocrx_word' id='word_1_336' title='bbox 623 3017 772 3072; x_wconf 87' lang='lat' dir='ltr'><strong>etde</strong></span> <span class='ocrx_word' id='word_1_337' title='bbox 803 3017 1093 3074; x_wconf 81' lang='lat' dir='ltr'><strong>universis</strong></span> <span class='ocrx_word' id='word_1_338' title='bbox 1125 3019 1464 3074; x_wconf 88' lang='lat' dir='ltr'><strong>hominibus</strong></span> <span class='ocrx_word' id='word_1_339' title='bbox 1494 3021 1772 3093; x_wconf 85' lang='lat' dir='ltr'><strong>generali-</strong></span> 
     </span>
    </p>
   </div>
   <div class='ocr_carea' id='block_1_46' title="bbox 145 3106 1767 3183">
    <p class='ocr_par' dir='ltr' id='par_1_46' title="bbox 145 3106 1767 3183">
     <span class='ocr_line' id='line_1_46' title="bbox 145 3106 1767 3183; baseline 0.001 -20"><span class='ocrx_word' id='word_1_340' title='bbox 145 3113 215 3164; x_wconf 88' lang='lat' dir='ltr'><strong>ter</strong></span> <span class='ocrx_word' id='word_1_341' title='bbox 237 3109 439 3165; x_wconf 87' lang='lat' dir='ltr'><strong>debere</strong></span> <span class='ocrx_word' id='word_1_342' title='bbox 470 3107 658 3164; x_wconf 88' lang='lat' dir='ltr'><strong>credi.</strong></span> <span class='ocrx_word' id='word_1_343' title='bbox 695 3106 1020 3180; x_wconf 89' lang='lat' dir='ltr'><strong>Unicuique</strong></span> <span class='ocrx_word' id='word_1_344' title='bbox 1053 3108 1168 3162; x_wconf 90' lang='lat' dir='ltr'><strong>duo</strong></span> <span class='ocrx_word' id='word_1_345' title='bbox 1219 3109 1506 3164; x_wconf 87' lang='lat' dir='ltr'><strong>assistunt</strong></span> <span class='ocrx_word' id='word_1_346' title='bbox 1553 3110 1767 3183; x_wconf 83' lang='lat' dir='ltr'><strong>angeli,</strong></span> 
     </span>
    </p>
   </div>
   <div class='ocr_carea' id='block_1_47' title="bbox 143 3195 1768 3270">
    <p class='ocr_par' dir='ltr' id='par_1_47' title="bbox 143 3195 1768 3270">
     <span class='ocr_line' id='line_1_47' title="bbox 143 3195 1768 3270; baseline 0.001 -18"><span class='ocrx_word' id='word_1_347' title='bbox 143 3197 267 3254; x_wconf 81' lang='lat' dir='ltr'><strong>alter</strong></span> <span class='ocrx_word' id='word_1_348' title='bbox 297 3197 571 3270; x_wconf 67' lang='lat' dir='ltr'><strong>justitiaa,</strong></span> <span class='ocrx_word' id='word_1_349' title='bbox 607 3195 757 3252; x_wconf 89' lang='lat' dir='ltr'><strong>alter</strong></span> <span class='ocrx_word' id='word_1_350' title='bbox 801 3195 1154 3269; x_wconf 86' lang='lat' dir='ltr'><strong>iniquitatis.</strong></span> <span class='ocrx_word' id='word_1_351' title='bbox 1187 3197 1244 3254; x_wconf 90' lang='lat' dir='ltr'><strong>Si</strong></span> <span class='ocrx_word' id='word_1_352' title='bbox 1280 3198 1433 3254; x_wconf 89' lang='lat' dir='ltr'><strong>bona</strong></span> <span class='ocrx_word' id='word_1_353' title='bbox 1463 3198 1680 3254; x_wconf 86' lang='lat' dir='ltr'><strong>fuerint</strong></span> <span class='ocrx_word' id='word_1_354' title='bbox 1709 3200 1768 3254; x_wconf 90' lang='lat' dir='ltr'><strong>in</strong></span> 
     </span>
    </p>
   </div>
   <div class='ocr_carea' id='block_1_48' title="bbox 141 3285 1766 3359">
    <p class='ocr_par' dir='ltr' id='par_1_48' title="bbox 141 3285 1766 3359">
     <span class='ocr_line' id='line_1_48' title="bbox 141 3285 1766 3359; baseline -0.001 -15"><span class='ocrx_word' id='word_1_355' title='bbox 141 3289 286 3344; x_wconf 88' lang='lat' dir='ltr'><strong>corde</strong></span> <span class='ocrx_word' id='word_1_356' title='bbox 315 3291 542 3353; x_wconf 89' lang='lat' dir='ltr'><strong>nostro,</strong></span> <span class='ocrx_word' id='word_1_357' title='bbox 570 3285 713 3358; x_wconf 88' lang='lat' dir='ltr'><strong>quin</strong></span> <span class='ocrx_word' id='word_1_358' title='bbox 747 3285 916 3341; x_wconf 90' lang='lat' dir='ltr'><strong>nobis</strong></span> <span class='ocrx_word' id='word_1_359' title='bbox 937 3286 1210 3359; x_wconf 88' lang='lat' dir='ltr'><strong>loquatur</strong></span> <span class='ocrx_word' id='word_1_360' title='bbox 1239 3287 1482 3358; x_wconf 86' lang='lat' dir='ltr'><strong>angelus</strong></span> <span class='ocrx_word' id='word_1_361' title='bbox 1513 3287 1766 3344; x_wconf 90' lang='lat' dir='ltr'><strong>Domini.</strong></span> 
     </span>
    </p>
   </div>
   <div class='ocr_carea' id='block_1_49' title="bbox 1949 2131 3526 2210">
    <p class='ocr_par' dir='ltr' id='par_1_49' title="bbox 1949 2131 3526 2210">
     <span class='ocr_line' id='line_1_49' title="bbox 1949 2131 3526 2210; baseline 0.006 -24"><span class='ocrx_word' id='word_1_362' title='bbox 1949 2132 2200 2186; x_wconf 88' lang='lat' dir='ltr'><strong>Sanctus</strong></span> <span class='ocrx_word' id='word_1_363' title='bbox 2228 2131 2614 2202; x_wconf 84' lang='lat' dir='ltr'><strong>Augustinus,</strong></span> <span class='ocrx_word' id='word_1_364' title='bbox 2636 2131 2726 2186; x_wconf 89' lang='lat' dir='ltr'><strong>vir</strong></span> <span class='ocrx_word' id='word_1_365' title='bbox 2755 2132 3174 2204; x_wconf 84' lang='lat' dir='ltr'><strong>sagacissimus</strong></span> <span class='ocrx_word' id='word_1_366' title='bbox 3205 2139 3378 2210; x_wconf 89' lang='lat' dir='ltr'><strong>atque</strong></span> <span class='ocrx_word' id='word_1_367' title='bbox 3397 2154 3526 2196; x_wconf 84' lang='lat' dir='ltr'><strong>eru-</strong></span> 
     </span>
    </p>
   </div>
   <div class='ocr_carea' id='block_1_50' title="bbox 1879 2219 3526 2299">
    <p class='ocr_par' dir='ltr' id='par_1_50' title="bbox 1879 2219 3526 2299">
     <span class='ocr_line' id='line_1_50' title="bbox 1879 2219 3526 2299; baseline 0.006 -25"><span class='ocrx_word' id='word_1_368' title='bbox 1879 2219 2338 2292; x_wconf 89' lang='lat' dir='ltr'><strong>ditissimus,qui</strong></span> <span class='ocrx_word' id='word_1_369' title='bbox 2357 2223 2560 2275; x_wconf 89' lang='lat' dir='ltr'><strong>contra</strong></span> <span class='ocrx_word' id='word_1_370' title='bbox 2579 2219 2882 2277; x_wconf 73' lang='lat' dir='ltr'><strong>hmreticos</strong></span> <span class='ocrx_word' id='word_1_371' title='bbox 2905 2221 3025 2278; x_wconf 82' lang='lat' dir='ltr'><strong>haec</strong></span> <span class='ocrx_word' id='word_1_372' title='bbox 3046 2225 3223 2282; x_wconf 88' lang='lat' dir='ltr'><strong>verba</strong></span> <span class='ocrx_word' id='word_1_373' title='bbox 3241 2226 3526 2299; x_wconf 79' lang='lat' dir='ltr'><strong>Apostoli,</strong></span> 
     </span>
    </p>
   </div>
   <div class='ocr_carea' id='block_1_51' title="bbox 1879 2307 3522 2388">
    <p class='ocr_par' dir='ltr' id='par_1_51' title="bbox 1879 2307 3522 2388">
     <span class='ocr_line' id='line_1_51' title="bbox 1879 2307 3522 2388; baseline 0.005 -26"><span class='ocrx_word' id='word_1_374' title='bbox 1879 2307 2098 2382; x_wconf 88' lang='lat' dir='ltr'><strong>quibus</strong></span> <span class='ocrx_word' id='word_1_375' title='bbox 2129 2309 2272 2364; x_wconf 89' lang='lat' dir='ltr'><strong>dicit</strong></span> <span class='ocrx_word' id='word_1_376' title='bbox 2301 2325 2506 2364; x_wconf 91' lang='lat' dir='ltr'><strong>omnes</strong></span> <span class='ocrx_word' id='word_1_377' title='bbox 2564 2309 2834 2368; x_wconf 90' lang='lat' dir='ltr'><strong>homines</strong></span> <span class='ocrx_word' id='word_1_378' title='bbox 2882 2311 3068 2368; x_wconf 91' lang='lat' dir='ltr'><strong>Deum</strong></span> <span class='ocrx_word' id='word_1_379' title='bbox 3115 2313 3258 2370; x_wconf 87' lang='lat' dir='ltr'><strong>velle</strong></span> <span class='ocrx_word' id='word_1_380' title='bbox 3290 2315 3522 2388; x_wconf 81' lang='lat' dir='ltr'><strong>salvari,</strong></span> 
     </span>
    </p>
   </div>
   <div class='ocr_carea' id='block_1_52' title="bbox 1879 2397 3521 2472">
    <p class='ocr_par' dir='ltr' id='par_1_52' title="bbox 1879 2397 3521 2472">
     <span class='ocr_line' id='line_1_52' title="bbox 1879 2397 3521 2472; baseline 0.003 -19"><span class='ocrx_word' id='word_1_381' title='bbox 1879 2397 2178 2454; x_wconf 85' lang='lat' dir='ltr'><strong>multoties</strong></span> <span class='ocrx_word' id='word_1_382' title='bbox 2208 2401 2264 2452; x_wconf 90' lang='lat' dir='ltr'><strong>et</strong></span> <span class='ocrx_word' id='word_1_383' title='bbox 2293 2397 2696 2471; x_wconf 85' lang='lat' dir='ltr'><strong>multipliciter</strong></span> <span class='ocrx_word' id='word_1_384' title='bbox 2733 2399 3018 2472; x_wconf 85' lang='lat' dir='ltr'><strong>exposuit,</strong></span> <span class='ocrx_word' id='word_1_385' title='bbox 3050 2405 3109 2458; x_wconf 89' lang='lat' dir='ltr'><strong>et</strong></span> <span class='ocrx_word' id='word_1_386' title='bbox 3135 2401 3196 2460; x_wconf 90' lang='lat' dir='ltr'><strong>in</strong></span> <span class='ocrx_word' id='word_1_387' title='bbox 3229 2401 3377 2460; x_wconf 88' lang='lat' dir='ltr'><strong>libro</strong></span> <span class='ocrx_word' id='word_1_388' title='bbox 3404 2403 3521 2460; x_wconf 83' lang='lat' dir='ltr'><strong>En-</strong></span> 
     </span>
    </p>
   </div>
   <div class='ocr_carea' id='block_1_53' title="bbox 1879 2486 3526 2562">
    <p class='ocr_par' dir='ltr' id='par_1_53' title="bbox 1879 2486 3526 2562">
     <span class='ocr_line' id='line_1_53' title="bbox 1879 2486 3526 2562; baseline 0.004 -19"><span class='ocrx_word' id='word_1_389' title='bbox 1879 2487 2166 2543; x_wconf 88' lang='lat' dir='ltr'><strong>chiridion</strong></span> <span class='ocrx_word' id='word_1_390' title='bbox 2216 2486 2353 2542; x_wconf 90' lang='lat' dir='ltr'><strong>hinc</strong></span> <span class='ocrx_word' id='word_1_391' title='bbox 2403 2487 2572 2560; x_wconf 91' lang='lat' dir='ltr'><strong>plura</strong></span> <span class='ocrx_word' id='word_1_392' title='bbox 2615 2487 2846 2545; x_wconf 89' lang='lat' dir='ltr'><strong>locutus</strong></span> <span class='ocrx_word' id='word_1_393' title='bbox 2893 2493 3002 2562; x_wconf 89' lang='lat' dir='ltr'><strong>est,</strong></span> <span class='ocrx_word' id='word_1_394' title='bbox 3035 2491 3136 2546; x_wconf 90' lang='lat' dir='ltr'><strong>sed</strong></span> <span class='ocrx_word' id='word_1_395' title='bbox 3183 2490 3329 2548; x_wconf 87' lang='lat' dir='ltr'><strong>etin</strong></span> <span class='ocrx_word' id='word_1_396' title='bbox 3359 2491 3526 2548; x_wconf 87' lang='lat' dir='ltr'><strong>libris</strong></span> 
     </span>
    </p>
   </div>
   <div class='ocr_carea' id='block_1_54' title="bbox 1879 2576 3526 2650">
    <p class='ocr_par' dir='ltr' id='par_1_54' title="bbox 1879 2576 3526 2650">
     <span class='ocr_line' id='line_1_54' title="bbox 1879 2576 3526 2650; baseline 0.004 -18"><span class='ocrx_word' id='word_1_397' title='bbox 1879 2581 2081 2633; x_wconf 89' lang='lat' dir='ltr'><strong>contra</strong></span> <span class='ocrx_word' id='word_1_398' title='bbox 2109 2576 2432 2643; x_wconf 85' lang='lat' dir='ltr'><strong>Julianum,</strong></span> <span class='ocrx_word' id='word_1_399' title='bbox 2452 2583 2508 2631; x_wconf 90' lang='lat' dir='ltr'><strong>et</strong></span> <span class='ocrx_word' id='word_1_400' title='bbox 2539 2578 2608 2632; x_wconf 91' lang='lat' dir='ltr'><strong>de</strong></span> <span class='ocrx_word' id='word_1_401' title='bbox 2639 2577 3011 2650; x_wconf 84' lang='lat' dir='ltr'><strong>Correptione</strong></span> <span class='ocrx_word' id='word_1_402' title='bbox 3041 2583 3097 2634; x_wconf 91' lang='lat' dir='ltr'><strong>et</strong></span> <span class='ocrx_word' id='word_1_403' title='bbox 3125 2579 3342 2650; x_wconf 88' lang='lat' dir='ltr'><strong>Gratia,</strong></span> <span class='ocrx_word' id='word_1_404' title='bbox 3369 2583 3426 2637; x_wconf 88' lang='lat' dir='ltr'><strong>et</strong></span> <span class='ocrx_word' id='word_1_405' title='bbox 3454 2580 3526 2638; x_wconf 84' lang='lat' dir='ltr'><strong>de</strong></span> 
     </span>
    </p>
   </div>
   <div class='ocr_carea' id='block_1_55' title="bbox 1881 2665 3526 2741">
    <p class='ocr_par' dir='ltr' id='par_1_55' title="bbox 1881 2665 3526 2741">
     <span class='ocr_line' id='line_1_55' title="bbox 1881 2665 3526 2741; baseline 0.003 -20"><span class='ocrx_word' id='word_1_406' title='bbox 1881 2665 2391 2721; x_wconf 65' lang='lat' dir='ltr'><strong>Przedestinatione</strong></span> <span class='ocrx_word' id='word_1_407' title='bbox 2423 2669 2856 2735; x_wconf 89' lang='lat' dir='ltr'><strong>sanctorum,ac</strong></span> <span class='ocrx_word' id='word_1_408' title='bbox 2879 2668 3036 2723; x_wconf 89' lang='lat' dir='ltr'><strong>Bono</strong></span> <span class='ocrx_word' id='word_1_409' title='bbox 3064 2669 3526 2741; x_wconf 71' lang='lat' dir='ltr'><strong>perseverantius,</strong></span> 
     </span>
    </p>
   </div>
   <div class='ocr_carea' id='block_1_56' title="bbox 1841 2752 3528 2831">
    <p class='ocr_par' dir='ltr' id='par_1_56' title="bbox 1841 2752 3528 2831">
     <span class='ocr_line' id='line_1_56' title="bbox 1841 2752 3528 2831; baseline 0.005 -24"><span class='ocrx_word' id='word_1_410' title='bbox 1841 2772 1846 2778; x_wconf 74' lang='lat'>&#39;</span> <span class='ocrx_word' id='word_1_411' title='bbox 1877 2752 2031 2808; x_wconf 87' lang='lat' dir='ltr'><strong>hanc</strong></span> <span class='ocrx_word' id='word_1_412' title='bbox 2061 2753 2410 2808; x_wconf 90' lang='lat' dir='ltr'><strong>sententiam</strong></span> <span class='ocrx_word' id='word_1_413' title='bbox 2443 2771 2594 2824; x_wconf 67' lang='lat' dir='ltr'><strong>scepe</strong></span> <span class='ocrx_word' id='word_1_414' title='bbox 2626 2753 2880 2810; x_wconf 89' lang='lat' dir='ltr'><strong>revolvit.</strong></span> <span class='ocrx_word' id='word_1_415' title='bbox 2914 2755 3078 2811; x_wconf 89' lang='lat' dir='ltr'><strong>Unde</strong></span> <span class='ocrx_word' id='word_1_416' title='bbox 3107 2759 3164 2812; x_wconf 91' lang='lat' dir='ltr'><strong>et</strong></span> <span class='ocrx_word' id='word_1_417' title='bbox 3191 2757 3528 2831; x_wconf 82' lang='lat' dir='ltr'><strong>expressius</strong></span> 
     </span>
    </p>
   </div>
   <div class='ocr_carea' id='block_1_57' title="bbox 1879 2839 3522 2920">
    <p class='ocr_par' dir='ltr' id='par_1_57' title="bbox 1879 2839 3522 2920">
     <span class='ocr_line' id='line_1_57' title="bbox 1879 2839 3522 2920; baseline 0.005 -24"><span class='ocrx_word' id='word_1_418' title='bbox 1879 2845 2053 2912; x_wconf 88' lang='lat' dir='ltr'><strong>atque</strong></span> <span class='ocrx_word' id='word_1_419' title='bbox 2085 2839 2366 2896; x_wconf 87' lang='lat' dir='ltr'><strong>calcatius</strong></span> <span class='ocrx_word' id='word_1_420' title='bbox 2396 2841 2455 2896; x_wconf 90' lang='lat' dir='ltr'><strong>in</strong></span> <span class='ocrx_word' id='word_1_421' title='bbox 2487 2840 2635 2896; x_wconf 77' lang='lat' dir='ltr'><strong>libro</strong></span> <span class='ocrx_word' id='word_1_422' title='bbox 2686 2843 2758 2897; x_wconf 87' lang='lat' dir='ltr'><strong>de</strong></span> <span class='ocrx_word' id='word_1_423' title='bbox 2799 2843 3020 2916; x_wconf 89' lang='lat' dir='ltr'><strong>Spiritu</strong></span> <span class='ocrx_word' id='word_1_424' title='bbox 3050 2847 3108 2900; x_wconf 87' lang='lat' dir='ltr'><strong>et</strong></span> <span class='ocrx_word' id='word_1_425' title='bbox 3136 2844 3354 2902; x_wconf 87' lang='lat' dir='ltr'><strong>Littera</strong></span> <span class='ocrx_word' id='word_1_426' title='bbox 3380 2849 3522 2920; x_wconf 88' lang='lat' dir='ltr'><strong>(cap.</strong></span> 
     </span>
    </p>
   </div>
   <div class='ocr_carea' id='block_1_58' title="bbox 1877 2927 3524 2995">
    <p class='ocr_par' dir='ltr' id='par_1_58' title="bbox 1877 2927 3524 2995">
     <span class='ocr_line' id='line_1_58' title="bbox 1877 2927 3524 2995; baseline 0.005 -12"><span class='ocrx_word' id='word_1_427' title='bbox 1877 2929 1992 2995; x_wconf 85' lang='lat'>33),</span> <span class='ocrx_word' id='word_1_428' title='bbox 2023 2927 2107 2982; x_wconf 88' lang='lat' dir='ltr'><strong>ita</strong></span> <span class='ocrx_word' id='word_1_429' title='bbox 2136 2927 2278 2983; x_wconf 86' lang='lat' dir='ltr'><strong>dicit</strong></span> <span class='ocrx_word' id='word_1_430' title='bbox 2309 2945 2322 2982; x_wconf 91' lang='lat'>:</span> <span class='ocrx_word' id='word_1_431' title='bbox 2359 2951 2386 2978; x_wconf 80' lang='grc' dir='ltr'>α</span> <span class='ocrx_word' id='word_1_432' title='bbox 2423 2929 2648 2983; x_wconf 82' lang='lat' dir='ltr'><strong>Rursus</strong></span> <span class='ocrx_word' id='word_1_433' title='bbox 2697 2932 3080 2987; x_wconf 89' lang='lat' dir='ltr'><strong>metuendum</strong></span> <span class='ocrx_word' id='word_1_434' title='bbox 3132 2936 3224 2988; x_wconf 90' lang='lat' dir='ltr'><strong>est</strong></span> <span class='ocrx_word' id='word_1_435' title='bbox 3271 2950 3344 2992; x_wconf 91' lang='lat' dir='ltr'><strong>ne</strong></span> <span class='ocrx_word' id='word_1_436' title='bbox 3391 2935 3524 2992; x_wconf 81' lang='lat' dir='ltr'><strong>infl-</strong></span> 
     </span>
    </p>
   </div>
   <div class='ocr_carea' id='block_1_59' title="bbox 1879 3016 3526 3094">
    <p class='ocr_par' dir='ltr' id='par_1_59' title="bbox 1879 3016 3526 3094">
     <span class='ocr_line' id='line_1_59' title="bbox 1879 3016 3526 3094; baseline 0.005 -23"><span class='ocrx_word' id='word_1_437' title='bbox 1879 3017 2035 3072; x_wconf 91' lang='lat' dir='ltr'><strong>deles</strong></span> <span class='ocrx_word' id='word_1_438' title='bbox 2059 3021 2234 3088; x_wconf 88' lang='lat' dir='ltr'><strong>atque</strong></span> <span class='ocrx_word' id='word_1_439' title='bbox 2255 3016 2419 3088; x_wconf 89' lang='lat' dir='ltr'><strong>impii</strong></span> <span class='ocrx_word' id='word_1_440' title='bbox 2446 3034 2561 3072; x_wconf 92' lang='lat' dir='ltr'><strong>non</strong></span> <span class='ocrx_word' id='word_1_441' title='bbox 2583 3017 2875 3074; x_wconf 90' lang='lat' dir='ltr'><strong>immerito</strong></span> <span class='ocrx_word' id='word_1_442' title='bbox 2898 3036 2960 3075; x_wconf 91' lang='lat' dir='ltr'><strong>se</strong></span> <span class='ocrx_word' id='word_1_443' title='bbox 2979 3021 3154 3076; x_wconf 90' lang='lat' dir='ltr'><strong>veluti</strong></span> <span class='ocrx_word' id='word_1_444' title='bbox 3170 3022 3332 3094; x_wconf 86' lang='lat' dir='ltr'><strong>justo</strong></span> <span class='ocrx_word' id='word_1_445' title='bbox 3360 3039 3526 3080; x_wconf 65' lang='lat' dir='ltr'><strong>excuo</strong></span> 
     </span>
    </p>
   </div>
   <div class='ocr_carea' id='block_1_60' title="bbox 1879 3104 3525 3181">
    <p class='ocr_par' dir='ltr' id='par_1_60' title="bbox 1879 3104 3525 3181">
     <span class='ocr_line' id='line_1_60' title="bbox 1879 3104 3525 3181; baseline 0.005 -21"><span class='ocrx_word' id='word_1_446' title='bbox 1879 3123 2008 3161; x_wconf 89' lang='lat' dir='ltr'><strong>sare</strong></span> <span class='ocrx_word' id='word_1_447' title='bbox 2032 3106 2340 3161; x_wconf 87' lang='lat' dir='ltr'><strong>videantur</strong></span> <span class='ocrx_word' id='word_1_448' title='bbox 2369 3104 2498 3161; x_wconf 88' lang='lat' dir='ltr'><strong>ideo</strong></span> <span class='ocrx_word' id='word_1_449' title='bbox 2531 3122 2647 3161; x_wconf 92' lang='lat' dir='ltr'><strong>non</strong></span> <span class='ocrx_word' id='word_1_450' title='bbox 2677 3106 2994 3164; x_wconf 91' lang='lat' dir='ltr'><strong>credidisse</strong></span> <span class='ocrx_word' id='word_1_451' title='bbox 3036 3110 3190 3181; x_wconf 89' lang='lat' dir='ltr'><strong>quod</strong></span> <span class='ocrx_word' id='word_1_452' title='bbox 3237 3111 3376 3167; x_wconf 89' lang='lat' dir='ltr'><strong>dare</strong></span> <span class='ocrx_word' id='word_1_453' title='bbox 3408 3111 3525 3172; x_wconf 89' lang='lat' dir='ltr'><strong>illis</strong></span> 
     </span>
    </p>
   </div>
   <div class='ocr_carea' id='block_1_61' title="bbox 1879 3193 3530 3274">
    <p class='ocr_par' dir='ltr' id='par_1_61' title="bbox 1879 3193 3530 3274">
     <span class='ocr_line' id='line_1_61' title="bbox 1879 3193 3530 3274; baseline 0.005 -24"><span class='ocrx_word' id='word_1_454' title='bbox 1879 3195 2032 3250; x_wconf 90' lang='lat' dir='ltr'><strong>Deus</strong></span> <span class='ocrx_word' id='word_1_455' title='bbox 2063 3193 2237 3250; x_wconf 88' lang='lat' dir='ltr'><strong>istam</strong></span> <span class='ocrx_word' id='word_1_456' title='bbox 2272 3193 2458 3250; x_wconf 92' lang='lat' dir='ltr'><strong>noluit</strong></span> <span class='ocrx_word' id='word_1_457' title='bbox 2485 3193 2866 3252; x_wconf 88' lang='lat' dir='ltr'><strong>voluntatem.</strong></span> <span class='ocrx_word' id='word_1_458' title='bbox 2898 3197 3046 3254; x_wconf 86' lang='lat' dir='ltr'><strong>Nam</strong></span> <span class='ocrx_word' id='word_1_459' title='bbox 3077 3197 3224 3255; x_wconf 86' lang='lat' dir='ltr'><strong>illud</strong></span> <span class='ocrx_word' id='word_1_460' title='bbox 3256 3201 3412 3274; x_wconf 90' lang='lat' dir='ltr'><strong>quod</strong></span> <span class='ocrx_word' id='word_1_461' title='bbox 3445 3202 3530 3258; x_wconf 87' lang='lat' dir='ltr'><strong>di-</strong></span> 
     </span>
    </p>
   </div>
   <div class='ocr_carea' id='block_1_62' title="bbox 1879 3285 3528 3358">
    <p class='ocr_par' dir='ltr' id='par_1_62' title="bbox 1879 3285 3528 3358">
     <span class='ocr_line' id='line_1_62' title="bbox 1879 3285 3528 3358; baseline 0.006 -20"><span class='ocrx_word' id='word_1_462' title='bbox 1879 3288 2037 3339; x_wconf 89' lang='lat' dir='ltr'><strong>ctum</strong></span> <span class='ocrx_word' id='word_1_463' title='bbox 2069 3285 2320 3351; x_wconf 85' lang='lat' dir='ltr'><strong>est,Deus</strong></span> <span class='ocrx_word' id='word_1_464' title='bbox 2349 3290 2428 3339; x_wconf 88' lang='lat' dir='ltr'><strong>est</strong></span> <span class='ocrx_word' id='word_1_465' title='bbox 2455 3287 2603 3339; x_wconf 85' lang='lat' dir='ltr'><strong>enim</strong></span> <span class='ocrx_word' id='word_1_466' title='bbox 2631 3286 2728 3358; x_wconf 86' lang='lat' dir='ltr'><strong>qui</strong></span> <span class='ocrx_word' id='word_1_467' title='bbox 2755 3293 3009 3358; x_wconf 84' lang='lat' dir='ltr'><strong>operatur</strong></span> <span class='ocrx_word' id='word_1_468' title='bbox 3048 3288 3109 3344; x_wconf 81' lang='lat' dir='ltr'><strong>in</strong></span> <span class='ocrx_word' id='word_1_469' title='bbox 3136 3287 3286 3346; x_wconf 78' lang='lat' dir='ltr'><strong>vobis</strong></span> <span class='ocrx_word' id='word_1_470' title='bbox 3313 3297 3367 3346; x_wconf 89' lang='lat' dir='ltr'><strong>et</strong></span> <span class='ocrx_word' id='word_1_471' title='bbox 3391 3291 3528 3348; x_wconf 83' lang='lat' dir='ltr'><strong>velte</strong></span> 
     </span>
    </p>
   </div>
   <div class='ocr_carea' id='block_1_63' title="bbox 144 3350 3528 3454">
    <p class='ocr_par' dir='ltr' id='par_1_63' title="bbox 144 3350 3528 3454">
     <span class='ocr_line' id='line_1_63' title="bbox 144 3350 3528 3454; baseline 0.001 -22"><span class='ocrx_word' id='word_1_472' title='bbox 144 3376 225 3432; x_wconf 87' lang='lat' dir='ltr'><strong>Sin</strong></span> <span class='ocrx_word' id='word_1_473' title='bbox 242 3393 370 3432; x_wconf 89' lang='lat' dir='ltr'><strong>vero</strong></span> <span class='ocrx_word' id='word_1_474' title='bbox 392 3350 559 3433; x_wconf 79' lang='lat' dir='ltr'><strong>mala</strong></span> <span class='ocrx_word' id='word_1_475' title='bbox 582 3350 798 3431; x_wconf 73' lang='lat' dir='ltr'><strong>l‘uerint</strong></span> <span class='ocrx_word' id='word_1_476' title='bbox 818 3376 875 3430; x_wconf 91' lang='lat' dir='ltr'><strong>in</strong></span> <span class='ocrx_word' id='word_1_477' title='bbox 899 3350 1071 3431; x_wconf 83' lang='lat' dir='ltr'><strong>corde</strong></span> <span class='ocrx_word' id='word_1_478' title='bbox 1092 3380 1292 3432; x_wconf 90' lang='lat' dir='ltr'><strong>nostro</strong></span> <span class='ocrx_word' id='word_1_479' title='bbox 1312 3350 1558 3445; x_wconf 62' lang='lat' dir='ltr'><strong>versata,</strong></span> <span class='ocrx_word' id='word_1_480' title='bbox 1583 3376 1770 3450; x_wconf 84' lang='lat' dir='ltr'><strong>loqui-</strong></span> <span class='ocrx_word' id='word_1_481' title='bbox 1802 3350 1844 3417; x_wconf 77' lang='lat' dir='ltr'>C</span> <span class='ocrx_word' id='word_1_482' title='bbox 1877 3380 1928 3430; x_wconf 88' lang='lat' dir='ltr'><strong>et</strong></span> <span class='ocrx_word' id='word_1_483' title='bbox 1956 3375 2172 3446; x_wconf 81' lang='lat' dir='ltr'><strong>operari</strong></span> <span class='ocrx_word' id='word_1_484' title='bbox 2196 3389 2296 3445; x_wconf 84' lang='lat' dir='ltr'><strong>pro</strong></span> <span class='ocrx_word' id='word_1_485' title='bbox 2337 3375 2474 3429; x_wconf 84' lang='lat' dir='ltr'><strong>bona</strong></span> <span class='ocrx_word' id='word_1_486' title='bbox 2518 3350 2798 3430; x_wconf 44' lang='lat' dir='ltr'><strong>vota-atate-</strong></span> <span class='ocrx_word' id='word_1_487' title='bbox 2833 3375 3070 3450; x_wconf 79' lang='lat' dir='ltr'><strong>(Philip.</strong></span> <span class='ocrx_word' id='word_1_488' title='bbox 3101 3393 3167 3447; x_wconf 79' lang='grc' dir='ltr'><strong>ιι,</strong></span> <span class='ocrx_word' id='word_1_489' title='bbox 3199 3377 3306 3451; x_wconf 87' lang='grc'><strong>13),</strong></span> <span class='ocrx_word' id='word_1_490' title='bbox 3339 3379 3528 3454; x_wconf 84' lang='lat' dir='ltr'><strong>gratia</strong></span> 
     </span>
    </p>
   </div>
   <div class='ocr_carea' id='block_1_64' title="bbox 82 3463 1775 3538">
    <p class='ocr_par' dir='ltr' id='par_1_64' title="bbox 82 3463 1775 3538">
     <span class='ocr_line' id='line_1_64' title="bbox 82 3463 1775 3538; baseline 0.002 -20"><span class='ocrx_word' id='word_1_491' title='bbox 82 3495 84 3498; x_wconf 54' lang='grc' dir='ltr'>ν</span> <span class='ocrx_word' id='word_1_492' title='bbox 143 3467 222 3520; x_wconf 88' lang='lat' dir='ltr'><strong>tur</strong></span> <span class='ocrx_word' id='word_1_493' title='bbox 245 3465 406 3522; x_wconf 90' lang='lat' dir='ltr'><strong>nobis</strong></span> <span class='ocrx_word' id='word_1_494' title='bbox 437 3465 694 3538; x_wconf 87' lang='lat' dir='ltr'><strong>angelus</strong></span> <span class='ocrx_word' id='word_1_495' title='bbox 725 3464 1067 3520; x_wconf 89' lang='lat' dir='ltr'><strong>diaboli.Sic</strong></span> <span class='ocrx_word' id='word_1_496' title='bbox 1095 3468 1150 3519; x_wconf 91' lang='lat' dir='ltr'><strong>et</strong></span> <span class='ocrx_word' id='word_1_497' title='bbox 1177 3465 1236 3518; x_wconf 90' lang='lat' dir='ltr'><strong>in</strong></span> <span class='ocrx_word' id='word_1_498' title='bbox 1267 3463 1516 3537; x_wconf 88' lang='lat' dir='ltr'><strong>singulis</strong></span> <span class='ocrx_word' id='word_1_499' title='bbox 1547 3467 1775 3538; x_wconf 91' lang='lat' dir='ltr'><strong>provin-</strong></span> 
     </span>
    </p>
   </div>
   <div class='ocr_carea' id='block_1_65' title="bbox 144 3553 1775 3612">
    <p class='ocr_par' dir='ltr' id='par_1_65' title="bbox 144 3553 1775 3612">
     <span class='ocr_line' id='line_1_65' title="bbox 144 3553 1775 3612; baseline 0.002 -4"><span class='ocrx_word' id='word_1_500' title='bbox 144 3553 247 3610; x_wconf 86' lang='lat' dir='ltr'><strong>ciis.</strong></span> <span class='ocrx_word' id='word_1_501' title='bbox 281 3578 306 3605; x_wconf 83' lang='lat'><strong>»</strong></span> <span class='ocrx_word' id='word_1_502' title='bbox 337 3556 486 3611; x_wconf 88' lang='lat' dir='ltr'><strong>Item</strong></span> <span class='ocrx_word' id='word_1_503' title='bbox 519 3555 584 3610; x_wconf 89' lang='lat' dir='ltr'><strong>in</strong></span> <span class='ocrx_word' id='word_1_504' title='bbox 617 3554 791 3610; x_wconf 89' lang='lat' dir='ltr'><strong>tertia</strong></span> <span class='ocrx_word' id='word_1_505' title='bbox 821 3554 1086 3610; x_wconf 88' lang='lat' dir='ltr'><strong>decima:</strong></span> <span class='ocrx_word' id='word_1_506' title='bbox 1123 3579 1150 3604; x_wconf 90' lang='grc'><strong><em>‹‹</em></strong></span> <span class='ocrx_word' id='word_1_507' title='bbox 1185 3555 1328 3610; x_wconf 88' lang='lat' dir='ltr'><strong>Cum</strong></span> <span class='ocrx_word' id='word_1_508' title='bbox 1362 3555 1635 3612; x_wconf 82' lang='lat' dir='ltr'><strong>fecissent</strong></span> <span class='ocrx_word' id='word_1_509' title='bbox 1655 3574 1775 3612; x_wconf 85' lang='lat' dir='ltr'><strong>om-</strong></span> 
     </span>
    </p>
   </div>
   <div class='ocr_carea' id='block_1_66' title="bbox 141 3642 1773 3718">
    <p class='ocr_par' dir='ltr' id='par_1_66' title="bbox 141 3642 1773 3718">
     <span class='ocr_line' id='line_1_66' title="bbox 141 3642 1773 3718; baseline 0.004 -22"><span class='ocrx_word' id='word_1_510' title='bbox 141 3642 234 3710; x_wconf 86' lang='lat' dir='ltr'><strong>nia,</strong></span> <span class='ocrx_word' id='word_1_511' title='bbox 269 3667 293 3694; x_wconf 77' lang='lat' dir='ltr'><strong>n</strong></span> <span class='ocrx_word' id='word_1_512' title='bbox 325 3645 469 3718; x_wconf 91' lang='lat' dir='ltr'><strong>quin</strong></span> <span class='ocrx_word' id='word_1_513' title='bbox 505 3643 724 3716; x_wconf 84' lang='lat' dir='ltr'><strong>angeli,</strong></span> <span class='ocrx_word' id='word_1_514' title='bbox 764 3667 783 3692; x_wconf 78' lang='grc' dir='ltr'><strong><em>α</em></strong></span> <span class='ocrx_word' id='word_1_515' title='bbox 819 3661 944 3716; x_wconf 78' lang='lat' dir='ltr'><strong>qua:-</strong></span> <span class='ocrx_word' id='word_1_516' title='bbox 977 3643 1033 3697; x_wconf 92' lang='lat' dir='ltr'><strong>in</strong></span> <span class='ocrx_word' id='word_1_517' title='bbox 1069 3643 1192 3698; x_wconf 89' lang='lat' dir='ltr'><strong>suis</strong></span> <span class='ocrx_word' id='word_1_518' title='bbox 1234 3643 1458 3699; x_wconf 84' lang='lat' dir='ltr'><strong>viribus</strong></span> <span class='ocrx_word' id='word_1_519' title='bbox 1491 3650 1675 3711; x_wconf 88' lang='lat' dir='ltr'><strong>erant,</strong></span> <span class='ocrx_word' id='word_1_520' title='bbox 1708 3650 1773 3702; x_wconf 91' lang='lat' dir='ltr'><strong>ut</strong></span> 
     </span>
    </p>
   </div>
   <div class='ocr_carea' id='block_1_67' title="bbox 141 3731 1772 3806">
    <p class='ocr_par' dir='ltr' id='par_1_67' title="bbox 141 3731 1772 3806">
     <span class='ocr_line' id='line_1_67' title="bbox 141 3731 1772 3806; baseline 0.003 -21"><span class='ocrx_word' id='word_1_521' title='bbox 141 3739 464 3790; x_wconf 84' lang='lat' dir='ltr'><strong>sanarentur</strong></span> <span class='ocrx_word' id='word_1_522' title='bbox 485 3731 847 3798; x_wconf 88' lang='lat' dir='ltr'><strong>homines,et</strong></span> <span class='ocrx_word' id='word_1_523' title='bbox 873 3733 1200 3788; x_wconf 87' lang='lat' dir='ltr'><strong>noluissent</strong></span> <span class='ocrx_word' id='word_1_524' title='bbox 1221 3733 1304 3788; x_wconf 91' lang='lat' dir='ltr'><strong>illi</strong></span> <span class='ocrx_word' id='word_1_525' title='bbox 1339 3734 1591 3806; x_wconf 90' lang='lat' dir='ltr'><strong>recipere</strong></span> <span class='ocrx_word' id='word_1_526' title='bbox 1621 3736 1772 3790; x_wconf 86' lang='lat' dir='ltr'><strong>sani-</strong></span> 
     </span>
    </p>
   </div>
   <div class='ocr_carea' id='block_1_68' title="bbox 139 3822 1768 3893">
    <p class='ocr_par' dir='ltr' id='par_1_68' title="bbox 139 3822 1768 3893">
     <span class='ocr_line' id='line_1_68' title="bbox 139 3822 1768 3893; baseline -0.001 -18"><span class='ocrx_word' id='word_1_527' title='bbox 139 3822 577 3890; x_wconf 85' lang='lat' dir='ltr'><strong>tatem,cernunt</strong></span> <span class='ocrx_word' id='word_1_528' title='bbox 597 3838 733 3876; x_wconf 89' lang='lat' dir='ltr'><strong>eum</strong></span> <span class='ocrx_word' id='word_1_529' title='bbox 755 3822 853 3893; x_wconf 88' lang='lat' dir='ltr'><strong>qui</strong></span> <span class='ocrx_word' id='word_1_530' title='bbox 878 3838 1083 3877; x_wconf 87' lang='lat' dir='ltr'><strong>sanare</strong></span> <span class='ocrx_word' id='word_1_531' title='bbox 1111 3822 1300 3893; x_wconf 88' lang='lat' dir='ltr'><strong>potuit</strong></span> <span class='ocrx_word' id='word_1_532' title='bbox 1319 3822 1768 3892; x_wconf 79' lang='lat' dir='ltr'><strong>gloriﬁcantes.»</strong></span> 
     </span>
    </p>
   </div>
   <div class='ocr_carea' id='block_1_69' title="bbox 138 3908 1767 3982">
    <p class='ocr_par' dir='ltr' id='par_1_69' title="bbox 138 3908 1767 3982">
     <span class='ocr_line' id='line_1_69' title="bbox 138 3908 1767 3982; baseline 0.004 -21"><span class='ocrx_word' id='word_1_533' title='bbox 138 3908 256 3966; x_wconf 79' lang='lat' dir='ltr'><strong>ltem</strong></span> <span class='ocrx_word' id='word_1_534' title='bbox 286 3911 342 3966; x_wconf 92' lang='lat' dir='ltr'><strong>in</strong></span> <span class='ocrx_word' id='word_1_535' title='bbox 365 3911 605 3967; x_wconf 88' lang='lat' dir='ltr'><strong>decima</strong></span> <span class='ocrx_word' id='word_1_536' title='bbox 637 3911 844 3982; x_wconf 88' lang='lat' dir='ltr'><strong>quinta</strong></span> <span class='ocrx_word' id='word_1_537' title='bbox 868 3927 880 3966; x_wconf 90' lang='lat'>:</span> <span class='ocrx_word' id='word_1_538' title='bbox 906 3934 932 3960; x_wconf 91' lang='grc'><strong>‹‹</strong></span> <span class='ocrx_word' id='word_1_539' title='bbox 958 3910 1176 3966; x_wconf 88' lang='lat' dir='ltr'><strong>Vidcns</strong></span> <span class='ocrx_word' id='word_1_540' title='bbox 1203 3911 1434 3966; x_wconf 90' lang='lat' dir='ltr'><strong>Simeon</strong></span> <span class='ocrx_word' id='word_1_541' title='bbox 1461 3912 1767 3982; x_wconf 90' lang='lat' dir='ltr'><strong>parvulum</strong></span> 
     </span>
    </p>
   </div>
   <div class='ocr_carea' id='block_1_70' title="bbox 137 3998 1766 4072">
    <p class='ocr_par' dir='ltr' id='par_1_70' title="bbox 137 3998 1766 4072">
     <span class='ocr_line' id='line_1_70' title="bbox 137 3998 1766 4072; baseline 0.004 -22"><span class='ocrx_word' id='word_1_542' title='bbox 137 4013 241 4053; x_wconf 87' lang='lat' dir='ltr'><strong>ase</strong></span> <span class='ocrx_word' id='word_1_543' title='bbox 274 4001 517 4072; x_wconf 83' lang='lat' dir='ltr'><strong>gestari,</strong></span> <span class='ocrx_word' id='word_1_544' title='bbox 548 3998 650 4072; x_wconf 87' lang='lat' dir='ltr'><strong>qui</strong></span> <span class='ocrx_word' id='word_1_545' title='bbox 701 3999 772 4053; x_wconf 87' lang='lat' dir='ltr'><strong>ad</strong></span> <span class='ocrx_word' id='word_1_546' title='bbox 819 3999 1047 4054; x_wconf 91' lang='lat' dir='ltr'><strong>vinctos</strong></span> <span class='ocrx_word' id='word_1_547' title='bbox 1091 4004 1328 4054; x_wconf 88' lang='lat' dir='ltr'><strong>venerat</strong></span> <span class='ocrx_word' id='word_1_548' title='bbox 1376 3999 1766 4069; x_wconf 84' lang='lat' dir='ltr'><strong>resolvendos,</strong></span> 
     </span>
    </p>
   </div>
   <div class='ocr_carea' id='block_1_71' title="bbox 137 4086 1766 4160">
    <p class='ocr_par' dir='ltr' id='par_1_71' title="bbox 137 4086 1766 4160">
     <span class='ocr_line' id='line_1_71' title="bbox 137 4086 1766 4160; baseline 0.004 -21"><span class='ocrx_word' id='word_1_549' title='bbox 137 4101 287 4158; x_wconf 87' lang='lat' dir='ltr'><strong>seque</strong></span> <span class='ocrx_word' id='word_1_550' title='bbox 305 4088 510 4160; x_wconf 89' lang='lat' dir='ltr'><strong>ipsum</strong></span> <span class='ocrx_word' id='word_1_551' title='bbox 534 4087 711 4144; x_wconf 88' lang='lat' dir='ltr'><strong>nodis</strong></span> <span class='ocrx_word' id='word_1_552' title='bbox 733 4087 992 4160; x_wconf 88' lang='lat' dir='ltr'><strong>corporis</strong></span> <span class='ocrx_word' id='word_1_553' title='bbox 1022 4086 1414 4159; x_wconf 88' lang='lat' dir='ltr'><strong>liberandum,</strong></span> <span class='ocrx_word' id='word_1_554' title='bbox 1449 4088 1640 4144; x_wconf 87' lang='lat' dir='ltr'><strong>sciens</strong></span> <span class='ocrx_word' id='word_1_555' title='bbox 1668 4107 1766 4145; x_wconf 91' lang='lat' dir='ltr'><strong>ne-</strong></span> 
     </span>
    </p>
   </div>
   <div class='ocr_carea' id='block_1_72' title="bbox 137 4175 1768 4252">
    <p class='ocr_par' dir='ltr' id='par_1_72' title="bbox 137 4175 1768 4252">
     <span class='ocr_line' id='line_1_72' title="bbox 137 4175 1768 4252; baseline 0.004 -23"><span class='ocrx_word' id='word_1_556' title='bbox 137 4175 321 4233; x_wconf 89' lang='lat' dir='ltr'><strong>minem</strong></span> <span class='ocrx_word' id='word_1_557' title='bbox 335 4195 512 4252; x_wconf 89' lang='lat' dir='ltr'><strong>posse</strong></span> <span class='ocrx_word' id='word_1_558' title='bbox 529 4179 602 4233; x_wconf 81' lang='lat' dir='ltr'><strong>de</strong></span> <span class='ocrx_word' id='word_1_559' title='bbox 616 4176 870 4234; x_wconf 88' lang='lat' dir='ltr'><strong>claustro</strong></span> <span class='ocrx_word' id='word_1_560' title='bbox 885 4177 1140 4249; x_wconf 90' lang='lat' dir='ltr'><strong>corporis</strong></span> <span class='ocrx_word' id='word_1_561' title='bbox 1155 4178 1489 4250; x_wconf 88' lang='lat' dir='ltr'><strong>quempiam</strong></span> <span class='ocrx_word' id='word_1_562' title='bbox 1504 4178 1768 4236; x_wconf 88' lang='lat' dir='ltr'><strong>emittere</strong></span> 
     </span>
    </p>
   </div>
   <div class='ocr_carea' id='block_1_73' title="bbox 135 4265 1766 4339">
    <p class='ocr_par' dir='ltr' id='par_1_73' title="bbox 135 4265 1766 4339">
     <span class='ocr_line' id='line_1_73' title="bbox 135 4265 1766 4339; baseline 0.005 -23"><span class='ocrx_word' id='word_1_563' title='bbox 135 4279 242 4320; x_wconf 87' lang='lat' dir='ltr'><strong>cum</strong></span> <span class='ocrx_word' id='word_1_564' title='bbox 273 4284 371 4339; x_wconf 90' lang='lat' dir='ltr'><strong>spe</strong></span> <span class='ocrx_word' id='word_1_565' title='bbox 404 4268 622 4323; x_wconf 68' lang='lat' dir='ltr'><strong>futurae</strong></span> <span class='ocrx_word' id='word_1_566' title='bbox 653 4265 932 4333; x_wconf 70' lang='lat' dir='ltr'><strong>vi&#39;tre,nisi</strong></span> <span class='ocrx_word' id='word_1_567' title='bbox 965 4284 1100 4322; x_wconf 90' lang='lat' dir='ltr'><strong>eum</strong></span> <span class='ocrx_word' id='word_1_568' title='bbox 1133 4283 1305 4338; x_wconf 91' lang='lat' dir='ltr'><strong>quem</strong></span> <span class='ocrx_word' id='word_1_569' title='bbox 1335 4267 1592 4323; x_wconf 88' lang='lat' dir='ltr'><strong>brachiis</strong></span> <span class='ocrx_word' id='word_1_570' title='bbox 1625 4285 1766 4324; x_wconf 91' lang='lat' dir='ltr'><strong>con-</strong></span> 
     </span>
    </p>
   </div>
   <div class='ocr_carea' id='block_1_74' title="bbox 135 4351 1764 4426">
    <p class='ocr_par' dir='ltr' id='par_1_74' title="bbox 135 4351 1764 4426">
     <span class='ocr_line' id='line_1_74' title="bbox 135 4351 1764 4426; baseline 0.004 -21"><span class='ocrx_word' id='word_1_571' title='bbox 135 4351 534 4412; x_wconf 85' lang='lat' dir='ltr'><strong>tinebat.Unde</strong></span> <span class='ocrx_word' id='word_1_572' title='bbox 563 4359 621 4411; x_wconf 89' lang='lat' dir='ltr'><strong>ct</strong></span> <span class='ocrx_word' id='word_1_573' title='bbox 641 4354 712 4410; x_wconf 86' lang='lat' dir='ltr'><strong>ad</strong></span> <span class='ocrx_word' id='word_1_574' title='bbox 737 4371 871 4409; x_wconf 90' lang='lat' dir='ltr'><strong>cum</strong></span> <span class='ocrx_word' id='word_1_575' title='bbox 905 4354 1184 4426; x_wconf 89' lang='lat' dir='ltr'><strong>loquitur,</strong></span> <span class='ocrx_word' id='word_1_576' title='bbox 1208 4355 1362 4410; x_wconf 82' lang='lat' dir='ltr'><strong>Nunc</strong></span> <span class='ocrx_word' id='word_1_577' title='bbox 1389 4355 1622 4412; x_wconf 85' lang='lat' dir='ltr'><strong>dimittis</strong></span> <span class='ocrx_word' id='word_1_578' title='bbox 1651 4374 1764 4412; x_wconf 87' lang='lat' dir='ltr'><strong>ser-</strong></span> 
     </span>
    </p>
   </div>
   <div class='ocr_carea' id='block_1_75' title="bbox 136 4443 1764 4516">
    <p class='ocr_par' dir='ltr' id='par_1_75' title="bbox 136 4443 1764 4516">
     <span class='ocr_line' id='line_1_75' title="bbox 136 4443 1764 4516; baseline 0.004 -23"><span class='ocrx_word' id='word_1_579' title='bbox 136 4451 408 4500; x_wconf 81' lang='lat' dir='ltr'><strong>rumtuum</strong></span> <span class='ocrx_word' id='word_1_580' title='bbox 451 4446 514 4500; x_wconf 87' lang='lat' dir='ltr'><strong>in</strong></span> <span class='ocrx_word' id='word_1_581' title='bbox 551 4460 689 4516; x_wconf 80' lang='lat' dir='ltr'><strong>pace</strong></span> <span class='ocrx_word' id='word_1_582' title='bbox 729 4443 877 4513; x_wconf 81' lang='lat' dir='ltr'><strong>(Lac.</strong></span> <span class='ocrx_word' id='word_1_583' title='bbox 913 4461 970 4509; x_wconf 78' lang='grc' dir='ltr'><strong>ιι,</strong></span> <span class='ocrx_word' id='word_1_584' title='bbox 1003 4445 1114 4510; x_wconf 83' lang='lat'><strong>23).</strong></span> <span class='ocrx_word' id='word_1_585' title='bbox 1149 4443 1266 4498; x_wconf 88' lang='lat' dir='ltr'><strong>Hoc</strong></span> <span class='ocrx_word' id='word_1_586' title='bbox 1299 4447 1493 4498; x_wconf 88' lang='lat' dir='ltr'><strong>autem</strong></span> <span class='ocrx_word' id='word_1_587' title='bbox 1528 4461 1642 4500; x_wconf 90' lang='lat' dir='ltr'><strong>non</strong></span> <span class='ocrx_word' id='word_1_588' title='bbox 1673 4462 1764 4500; x_wconf 93' lang='lat' dir='ltr'><strong>so-</strong></span> 
     </span>
    </p>
   </div>
   <div class='ocr_carea' id='block_1_76' title="bbox 135 4527 1763 4604">
    <p class='ocr_par' dir='ltr' id='par_1_76' title="bbox 135 4527 1763 4604">
     <span class='ocr_line' id='line_1_76' title="bbox 135 4527 1763 4604; baseline 0.004 -22"><span class='ocrx_word' id='word_1_589' title='bbox 135 4527 237 4586; x_wconf 89' lang='lat' dir='ltr'><strong>lum</strong></span> <span class='ocrx_word' id='word_1_590' title='bbox 265 4533 332 4588; x_wconf 89' lang='lat' dir='ltr'><strong>de</strong></span> <span class='ocrx_word' id='word_1_591' title='bbox 366 4533 671 4598; x_wconf 90' lang='lat' dir='ltr'><strong>Simeone,</strong></span> <span class='ocrx_word' id='word_1_592' title='bbox 695 4533 795 4587; x_wconf 88' lang='lat' dir='ltr'><strong>sed</strong></span> <span class='ocrx_word' id='word_1_593' title='bbox 823 4533 892 4587; x_wconf 89' lang='lat' dir='ltr'><strong>de</strong></span> <span class='ocrx_word' id='word_1_594' title='bbox 923 4531 1082 4587; x_wconf 90' lang='lat' dir='ltr'><strong>omni</strong></span> <span class='ocrx_word' id='word_1_595' title='bbox 1114 4532 1372 4587; x_wconf 90' lang='lat' dir='ltr'><strong>humano</strong></span> <span class='ocrx_word' id='word_1_596' title='bbox 1403 4549 1612 4604; x_wconf 89' lang='lat' dir='ltr'><strong>genere</strong></span> <span class='ocrx_word' id='word_1_597' title='bbox 1633 4551 1763 4589; x_wconf 90' lang='lat' dir='ltr'><strong>sen-</strong></span> 
     </span>
    </p>
   </div>
   <div class='ocr_carea' id='block_1_77' title="bbox 133 4617 1766 4692">
    <p class='ocr_par' dir='ltr' id='par_1_77' title="bbox 133 4617 1766 4692">
     <span class='ocr_line' id='line_1_77' title="bbox 133 4617 1766 4692; baseline 0.004 -21"><span class='ocrx_word' id='word_1_598' title='bbox 133 4617 365 4678; x_wconf 87' lang='lat' dir='ltr'><strong>tiendum</strong></span> <span class='ocrx_word' id='word_1_599' title='bbox 398 4627 514 4678; x_wconf 92' lang='lat' dir='ltr'><strong>est.</strong></span> <span class='ocrx_word' id='word_1_600' title='bbox 552 4621 611 4678; x_wconf 90' lang='lat' dir='ltr'><strong>Si</strong></span> <span class='ocrx_word' id='word_1_601' title='bbox 651 4621 784 4692; x_wconf 91' lang='lat' dir='ltr'><strong>quis</strong></span> <span class='ocrx_word' id='word_1_602' title='bbox 815 4638 845 4676; x_wconf 89' lang='lat' dir='ltr'><strong>e</strong></span> <span class='ocrx_word' id='word_1_603' title='bbox 877 4638 1102 4677; x_wconf 87' lang='lat' dir='ltr'><strong>carcere</strong></span> <span class='ocrx_word' id='word_1_604' title='bbox 1125 4622 1450 4676; x_wconf 84' lang='lat' dir='ltr'><strong>vinctorum</strong></span> <span class='ocrx_word' id='word_1_605' title='bbox 1493 4622 1766 4677; x_wconf 84' lang='lat' dir='ltr'><strong>domodi-</strong></span> 
     </span>
    </p>
   </div>
   <div class='ocr_carea' id='block_1_78' title="bbox 135 4704 3630 4801">
    <p class='ocr_par' dir='ltr' id='par_1_78' title="bbox 135 4704 3630 4801">
     <span class='ocr_line' id='line_1_78' title="bbox 135 4704 3630 4801; baseline 0.001 -42"><span class='ocrx_word' id='word_1_606' title='bbox 135 4708 453 4780; x_wconf 85' lang='lat' dir='ltr'><strong>mittitur,ut</strong></span> <span class='ocrx_word' id='word_1_607' title='bbox 478 4711 554 4766; x_wconf 87' lang='lat' dir='ltr'><strong>ad</strong></span> <span class='ocrx_word' id='word_1_608' title='bbox 582 4709 886 4765; x_wconf 87' lang='lat' dir='ltr'><strong>Christum</strong></span> <span class='ocrx_word' id='word_1_609' title='bbox 906 4711 1305 4774; x_wconf 88' lang='lat' dir='ltr'><strong>vadat,sumat</strong></span> <span class='ocrx_word' id='word_1_610' title='bbox 1325 4711 1526 4765; x_wconf 89' lang='lat' dir='ltr'><strong>Jesum</strong></span> <span class='ocrx_word' id='word_1_611' title='bbox 1552 4710 1610 4764; x_wconf 92' lang='lat' dir='ltr'><strong>in</strong></span> <span class='ocrx_word' id='word_1_612' title='bbox 1640 4729 1760 4766; x_wconf 91' lang='lat' dir='ltr'><strong>ma-</strong></span> <span class='ocrx_word' id='word_1_613' title='bbox 1792 4715 1838 4783; x_wconf 71' lang='lat'><strong>1)</strong></span> <span class='ocrx_word' id='word_1_614' title='bbox 1871 4726 1977 4764; x_wconf 90' lang='lat' dir='ltr'><strong>nec</strong></span> <span class='ocrx_word' id='word_1_615' title='bbox 2009 4709 2180 4763; x_wconf 91' lang='lat' dir='ltr'><strong>istam</strong></span> <span class='ocrx_word' id='word_1_616' title='bbox 2229 4705 2610 4775; x_wconf 90' lang='lat' dir='ltr'><strong>voluntatem,</strong></span> <span class='ocrx_word' id='word_1_617' title='bbox 2645 4723 2762 4778; x_wconf 90' lang='lat' dir='ltr'><strong>qua</strong></span> <span class='ocrx_word' id='word_1_618' title='bbox 2801 4704 2987 4801; x_wconf 83' lang='lat' dir='ltr'><strong>credit</strong></span> <span class='ocrx_word' id='word_1_619' title='bbox 3021 4706 3150 4775; x_wconf 90' lang='lat' dir='ltr'><strong>Deo,</strong></span> <span class='ocrx_word' id='word_1_620' title='bbox 3187 4705 3300 4801; x_wconf 80' lang='lat' dir='ltr'><strong>dici</strong></span> <span class='ocrx_word' id='word_1_621' title='bbox 3329 4709 3520 4801; x_wconf 70' lang='lat' dir='ltr'><strong>potest</strong></span> <span class='ocrx_word' id='word_1_622' title='bbox 3616 4781 3630 4801; x_wconf 48' lang='lat'><em>.</em></span> 
     </span>
    </p>
   </div>
   <div class='ocr_carea' id='block_1_79' title="bbox 133 4799 1762 4868">
    <p class='ocr_par' dir='ltr' id='par_1_79' title="bbox 133 4799 1762 4868">
     <span class='ocr_line' id='line_1_79' title="bbox 133 4799 1762 4868; baseline 0.003 -18"><span class='ocrx_word' id='word_1_623' title='bbox 133 4799 361 4868; x_wconf 90' lang='lat' dir='ltr'><strong>nibus,et</strong></span> <span class='ocrx_word' id='word_1_624' title='bbox 381 4801 719 4857; x_wconf 89' lang='lat' dir='ltr'><strong>circumdet</strong></span> <span class='ocrx_word' id='word_1_625' title='bbox 749 4817 881 4854; x_wconf 91' lang='lat' dir='ltr'><strong>eum</strong></span> <span class='ocrx_word' id='word_1_626' title='bbox 904 4799 1160 4854; x_wconf 85' lang='lat' dir='ltr'><strong>brachiis</strong></span> <span class='ocrx_word' id='word_1_627' title='bbox 1186 4799 1524 4867; x_wconf 89' lang='lat' dir='ltr'><strong>suis,totum</strong></span> <span class='ocrx_word' id='word_1_628' title='bbox 1548 4799 1762 4856; x_wconf 88' lang='lat' dir='ltr'><strong>habeat</strong></span> 
     </span>
    </p>
   </div>
   <div class='ocr_carea' id='block_1_80' title="bbox 129 4884 1759 4960">
    <p class='ocr_par' dir='ltr' id='par_1_80' title="bbox 129 4884 1759 4960">
     <span class='ocr_line' id='line_1_80' title="bbox 129 4884 1759 4960; baseline 0.004 -23"><span class='ocrx_word' id='word_1_629' title='bbox 129 4884 177 4939; x_wconf 90' lang='lat' dir='ltr'><strong>in</strong></span> <span class='ocrx_word' id='word_1_630' title='bbox 196 4886 314 4944; x_wconf 89' lang='lat' dir='ltr'><strong>sinu</strong></span> <span class='ocrx_word' id='word_1_631' title='bbox 336 4895 535 4957; x_wconf 88' lang='lat' dir='ltr'><strong>suo,et</strong></span> <span class='ocrx_word' id='word_1_632' title='bbox 561 4893 703 4945; x_wconf 90' lang='lat' dir='ltr'><strong>tunc</strong></span> <span class='ocrx_word' id='word_1_633' title='bbox 734 4887 1034 4944; x_wconf 81' lang='lat' dir='ltr'><strong>exsultans</strong></span> <span class='ocrx_word' id='word_1_634' title='bbox 1065 4889 1274 4959; x_wconf 85' lang='lat' dir='ltr'><strong>poterit</strong></span> <span class='ocrx_word' id='word_1_635' title='bbox 1295 4888 1376 4944; x_wconf 90' lang='lat' dir='ltr'><strong>ire</strong></span> <span class='ocrx_word' id='word_1_636' title='bbox 1399 4906 1511 4960; x_wconf 89' lang='lat' dir='ltr'><strong>quo</strong></span> <span class='ocrx_word' id='word_1_637' title='bbox 1533 4888 1759 4944; x_wconf 90' lang='lat' dir='ltr'><strong>deside-</strong></span> 
     </span>
    </p>
   </div>
   <div class='ocr_carea' id='block_1_81' title="bbox 133 4977 1762 5050">
    <p class='ocr_par' dir='ltr' id='par_1_81' title="bbox 133 4977 1762 5050">
     <span class='ocr_line' id='line_1_81' title="bbox 133 4977 1762 5050; baseline 0.001 -20"><span class='ocrx_word' id='word_1_638' title='bbox 133 4979 252 5030; x_wconf 75' lang='lat' dir='ltr'><strong>rat.»</strong></span> <span class='ocrx_word' id='word_1_639' title='bbox 279 4979 347 5034; x_wconf 85' lang='lat' dir='ltr'><strong>Et</strong></span> <span class='ocrx_word' id='word_1_640' title='bbox 377 4979 524 5036; x_wconf 90' lang='lat' dir='ltr'><strong>item</strong></span> <span class='ocrx_word' id='word_1_641' title='bbox 560 4979 621 5033; x_wconf 93' lang='lat' dir='ltr'><strong>in</strong></span> <span class='ocrx_word' id='word_1_642' title='bbox 670 4977 954 5050; x_wconf 84' lang='lat' dir='ltr'><strong>vigesima</strong></span> <span class='ocrx_word' id='word_1_643' title='bbox 999 4977 1190 5049; x_wconf 89' lang='lat' dir='ltr'><strong>prima</strong></span> <span class='ocrx_word' id='word_1_644' title='bbox 1218 4993 1230 5030; x_wconf 88' lang='lat'><strong>:</strong></span> <span class='ocrx_word' id='word_1_645' title='bbox 1262 5001 1288 5027; x_wconf 88' lang='grc'><strong>‹‹</strong></span> <span class='ocrx_word' id='word_1_646' title='bbox 1327 4977 1646 5033; x_wconf 90' lang='lat' dir='ltr'><strong>Dicendum</strong></span> <span class='ocrx_word' id='word_1_647' title='bbox 1673 4980 1762 5034; x_wconf 88' lang='lat' dir='ltr'><strong>est</strong></span> 
     </span>
    </p>
   </div>
   <div class='ocr_carea' id='block_1_82' title="bbox 131 5061 1762 5138">
    <p class='ocr_par' dir='ltr' id='par_1_82' title="bbox 131 5061 1762 5138">
     <span class='ocr_line' id='line_1_82' title="bbox 131 5061 1762 5138; baseline 0.002 -20"><span class='ocrx_word' id='word_1_648' title='bbox 131 5061 393 5136; x_wconf 83' lang='lat' dir='ltr'><strong>baptismo</strong></span> <span class='ocrx_word' id='word_1_649' title='bbox 414 5069 564 5126; x_wconf 89' lang='lat' dir='ltr'><strong>Jesu</strong></span> <span class='ocrx_word' id='word_1_650' title='bbox 586 5067 797 5123; x_wconf 84' lang='lat' dir='ltr'><strong>ccelum</strong></span> <span class='ocrx_word' id='word_1_651' title='bbox 824 5067 1002 5122; x_wconf 87' lang='lat' dir='ltr'><strong>fuisse</strong></span> <span class='ocrx_word' id='word_1_652' title='bbox 1026 5068 1515 5135; x_wconf 87' lang='lat' dir='ltr'><strong>rcseratum,etad</strong></span> <span class='ocrx_word' id='word_1_653' title='bbox 1533 5066 1762 5138; x_wconf 88' lang='lat' dir='ltr'><strong>dispen-</strong></span> 
     </span>
    </p>
   </div>
   <div class='ocr_carea' id='block_1_83' title="bbox 131 5154 1758 5232">
    <p class='ocr_par' dir='ltr' id='par_1_83' title="bbox 131 5154 1758 5232">
     <span class='ocr_line' id='line_1_83' title="bbox 131 5154 1758 5232; baseline 0.003 -27"><span class='ocrx_word' id='word_1_654' title='bbox 131 5155 387 5214; x_wconf 84' lang='lat' dir='ltr'><strong>sationem</strong></span> <span class='ocrx_word' id='word_1_655' title='bbox 444 5157 822 5214; x_wconf 88' lang='lat' dir='ltr'><strong>remissionis</strong></span> <span class='ocrx_word' id='word_1_656' title='bbox 883 5159 1274 5228; x_wconf 78' lang='lat' dir='ltr'><strong>peccatorum,</strong></span> <span class='ocrx_word' id='word_1_657' title='bbox 1310 5173 1423 5210; x_wconf 91' lang='lat' dir='ltr'><strong>non</strong></span> <span class='ocrx_word' id='word_1_658' title='bbox 1470 5154 1629 5210; x_wconf 90' lang='lat' dir='ltr'><strong>illius</strong></span> <span class='ocrx_word' id='word_1_659' title='bbox 1660 5155 1758 5232; x_wconf 81' lang='lat' dir='ltr'><strong>qui</strong></span> 
     </span>
    </p>
   </div>
   <div class='ocr_carea' id='block_1_84' title="bbox 132 5242 1760 5318">
    <p class='ocr_par' dir='ltr' id='par_1_84' title="bbox 132 5242 1760 5318">
     <span class='ocr_line' id='line_1_84' title="bbox 132 5242 1760 5318; baseline 0.002 -22"><span class='ocrx_word' id='word_1_660' title='bbox 132 5251 403 5310; x_wconf 87' lang='lat' dir='ltr'><strong>peccatum</strong></span> <span class='ocrx_word' id='word_1_661' title='bbox 429 5265 552 5302; x_wconf 90' lang='lat' dir='ltr'><strong>non</strong></span> <span class='ocrx_word' id='word_1_662' title='bbox 577 5246 736 5314; x_wconf 79' lang='lat' dir='ltr'><strong>fecit,</strong></span> <span class='ocrx_word' id='word_1_663' title='bbox 769 5261 956 5318; x_wconf 89' lang='lat' dir='ltr'><strong>neque</strong></span> <span class='ocrx_word' id='word_1_664' title='bbox 977 5245 1247 5299; x_wconf 86' lang='lat' dir='ltr'><strong>inventus</strong></span> <span class='ocrx_word' id='word_1_665' title='bbox 1270 5247 1357 5298; x_wconf 88' lang='lat' dir='ltr'><strong>est</strong></span> <span class='ocrx_word' id='word_1_666' title='bbox 1379 5242 1548 5299; x_wconf 87' lang='lat' dir='ltr'><strong>dolus</strong></span> <span class='ocrx_word' id='word_1_667' title='bbox 1570 5243 1628 5298; x_wconf 92' lang='lat' dir='ltr'><strong>in</strong></span> <span class='ocrx_word' id='word_1_668' title='bbox 1664 5261 1760 5300; x_wconf 90' lang='lat' dir='ltr'><strong>ore</strong></span> 
     </span>
    </p>
   </div>
   <div class='ocr_carea' id='block_1_85' title="bbox 131 5330 1760 5405">
    <p class='ocr_par' dir='ltr' id='par_1_85' title="bbox 131 5330 1760 5405">
     <span class='ocr_line' id='line_1_85' title="bbox 131 5330 1760 5405; baseline 0 -17"><span class='ocrx_word' id='word_1_669' title='bbox 131 5330 253 5402; x_wconf 86' lang='lat' dir='ltr'><strong>ejus,</strong></span> <span class='ocrx_word' id='word_1_670' title='bbox 283 5336 380 5391; x_wconf 89' lang='lat' dir='ltr'><strong>sed</strong></span> <span class='ocrx_word' id='word_1_671' title='bbox 415 5337 489 5392; x_wconf 91' lang='lat' dir='ltr'><strong>ad</strong></span> <span class='ocrx_word' id='word_1_672' title='bbox 523 5333 708 5391; x_wconf 87' lang='lat' dir='ltr'><strong>totius</strong></span> <span class='ocrx_word' id='word_1_673' title='bbox 756 5334 982 5400; x_wconf 89' lang='lat' dir='ltr'><strong>mundi,</strong></span> <span class='ocrx_word' id='word_1_674' title='bbox 1019 5338 1248 5405; x_wconf 87' lang='lat' dir='ltr'><strong>apertos</strong></span> <span class='ocrx_word' id='word_1_675' title='bbox 1297 5349 1422 5388; x_wconf 86' lang='lat' dir='ltr'><strong>esse</strong></span> <span class='ocrx_word' id='word_1_676' title='bbox 1473 5332 1668 5398; x_wconf 78' lang='lat' dir='ltr'><strong>ccelos,</strong></span> <span class='ocrx_word' id='word_1_677' title='bbox 1703 5337 1760 5388; x_wconf 90' lang='lat' dir='ltr'><strong>et</strong></span> 
     </span>
    </p>
   </div>
   <div class='ocr_carea' id='block_1_86' title="bbox 133 5419 1754 5493">
    <p class='ocr_par' dir='ltr' id='par_1_86' title="bbox 133 5419 1754 5493">
     <span class='ocr_line' id='line_1_86' title="bbox 133 5419 1754 5493; baseline 0.002 -21"><span class='ocrx_word' id='word_1_678' title='bbox 133 5419 382 5490; x_wconf 85' lang='lat' dir='ltr'><strong>Spiritum</strong></span> <span class='ocrx_word' id='word_1_679' title='bbox 406 5428 686 5481; x_wconf 87' lang='lat' dir='ltr'><strong>sanctum</strong></span> <span class='ocrx_word' id='word_1_680' title='bbox 713 5421 1103 5478; x_wconf 83' lang='lat' dir='ltr'><strong>descendisse.</strong></span> <span class='ocrx_word' id='word_1_681' title='bbox 1126 5423 1194 5476; x_wconf 79' lang='lat' dir='ltr'><strong>Et</strong></span> <span class='ocrx_word' id='word_1_682' title='bbox 1212 5425 1522 5493; x_wconf 74' lang='lat' dir='ltr'><strong>postquam</strong></span> <span class='ocrx_word' id='word_1_683' title='bbox 1554 5421 1754 5476; x_wconf 86' lang='lat' dir='ltr'><strong>Domi-</strong></span> 
     </span>
    </p>
   </div>
   <div class='ocr_carea' id='block_1_87' title="bbox 133 5509 1753 5582">
    <p class='ocr_par' dir='ltr' id='par_1_87' title="bbox 133 5509 1753 5582">
     <span class='ocr_line' id='line_1_87' title="bbox 133 5509 1753 5582; baseline 0 -18"><span class='ocrx_word' id='word_1_684' title='bbox 133 5524 223 5566; x_wconf 86' lang='lat' dir='ltr'><strong>nus</strong></span> <span class='ocrx_word' id='word_1_685' title='bbox 249 5515 533 5579; x_wconf 79' lang='lat' dir='ltr'><strong>ascendit,</strong></span> <span class='ocrx_word' id='word_1_686' title='bbox 555 5517 612 5567; x_wconf 87' lang='lat' dir='ltr'><strong>ct</strong></span> <span class='ocrx_word' id='word_1_687' title='bbox 643 5511 698 5566; x_wconf 88' lang='lat' dir='ltr'><strong>in</strong></span> <span class='ocrx_word' id='word_1_688' title='bbox 735 5512 1027 5566; x_wconf 72' lang='lat' dir='ltr'><strong>excelsum</strong></span> <span class='ocrx_word' id='word_1_689' title='bbox 1062 5511 1350 5582; x_wconf 69' lang='lat' dir='ltr'><strong>captivam</strong></span> <span class='ocrx_word' id='word_1_690' title='bbox 1383 5510 1548 5563; x_wconf 72' lang='lat' dir='ltr'><strong>(luxit</strong></span> <span class='ocrx_word' id='word_1_691' title='bbox 1575 5509 1753 5581; x_wconf 77' lang='lat' dir='ltr'><strong>capti-</strong></span> 
     </span>
    </p>
   </div>
   <div class='ocr_carea' id='block_1_88' title="bbox 131 5596 1747 5672">
    <p class='ocr_par' dir='ltr' id='par_1_88' title="bbox 131 5596 1747 5672">
     <span class='ocr_line' id='line_1_88' title="bbox 131 5596 1747 5672; baseline 0.003 -25"><span class='ocrx_word' id='word_1_692' title='bbox 131 5596 578 5668; x_wconf 83' lang='lat' dir='ltr'><strong>vitatem,tribuit</strong></span> <span class='ocrx_word' id='word_1_693' title='bbox 609 5601 689 5656; x_wconf 86' lang='lat' dir='ltr'><strong>ita</strong></span> <span class='ocrx_word' id='word_1_694' title='bbox 719 5599 886 5656; x_wconf 87' lang='lat' dir='ltr'><strong>nobis</strong></span> <span class='ocrx_word' id='word_1_695' title='bbox 917 5599 1199 5672; x_wconf 88' lang='lat' dir='ltr'><strong>Spiritum</strong></span> <span class='ocrx_word' id='word_1_696' title='bbox 1228 5597 1384 5669; x_wconf 89' lang='lat' dir='ltr'><strong>quia</strong></span> <span class='ocrx_word' id='word_1_697' title='bbox 1415 5616 1474 5653; x_wconf 87' lang='lat' dir='ltr'><strong>se</strong></span> <span class='ocrx_word' id='word_1_698' title='bbox 1494 5602 1747 5653; x_wconf 88' lang='lat' dir='ltr'><strong>venerat.</strong></span> 
     </span>
    </p>
   </div>
   <div class='ocr_carea' id='block_1_89' title="bbox 133 5684 1751 5768">
    <p class='ocr_par' dir='ltr' id='par_1_89' title="bbox 133 5684 1751 5768">
     <span class='ocr_line' id='line_1_89' title="bbox 133 5684 1751 5768; baseline -0.006 -18"><span class='ocrx_word' id='word_1_699' title='bbox 133 5684 283 5750; x_wconf 81' lang='lat' dir='ltr'><strong>Quem</strong></span> <span class='ocrx_word' id='word_1_700' title='bbox 315 5693 560 5764; x_wconf 88' lang='lat' dir='ltr'><strong>quidem</strong></span> <span class='ocrx_word' id='word_1_701' title='bbox 595 5695 648 5744; x_wconf 79' lang='lat' dir='ltr'><strong>et</strong></span> <span class='ocrx_word' id='word_1_702' title='bbox 679 5689 841 5744; x_wconf 86' lang='lat' dir='ltr'><strong>dedit</strong></span> <span class='ocrx_word' id='word_1_703' title='bbox 885 5687 1326 5768; x_wconf 80' lang='lat' dir='ltr'><strong>resurrectionis</strong></span> <span class='ocrx_word' id='word_1_704' title='bbox 1377 5691 1633 5758; x_wconf 81' lang='lat' dir='ltr'><strong>tempore</strong></span> <span class='ocrx_word' id='word_1_705' title='bbox 1666 5686 1751 5740; x_wconf 88' lang='lat' dir='ltr'><strong>di-</strong></span> 
     </span>
    </p>
   </div>
   <div class='ocr_carea' id='block_1_90' title="bbox 133 5777 1752 5852">
    <p class='ocr_par' dir='ltr' id='par_1_90' title="bbox 133 5777 1752 5852">
     <span class='ocr_line' id='line_1_90' title="bbox 133 5777 1752 5852; baseline 0.003 -27"><span class='ocrx_word' id='word_1_706' title='bbox 133 5787 243 5832; x_wconf 82' lang='lat' dir='ltr'><strong>cens</strong></span> <span class='ocrx_word' id='word_1_707' title='bbox 273 5795 286 5833; x_wconf 92' lang='lat'>:</span> <span class='ocrx_word' id='word_1_708' title='bbox 317 5781 557 5852; x_wconf 81' lang='lat' dir='ltr'><strong>Accipite</strong></span> <span class='ocrx_word' id='word_1_709' title='bbox 609 5779 879 5850; x_wconf 81' lang='lat' dir='ltr'><strong>Spiritum</strong></span> <span class='ocrx_word' id='word_1_710' title='bbox 926 5784 1192 5834; x_wconf 69' lang='lat' dir='ltr'><strong>sanctum.</strong></span> <span class='ocrx_word' id='word_1_711' title='bbox 1233 5800 1258 5824; x_wconf 83' lang='lat' dir='ltr'><strong>n</strong></span> <span class='ocrx_word' id='word_1_712' title='bbox 1291 5777 1419 5831; x_wconf 74' lang='lat' dir='ltr'><strong>Haec</strong></span> <span class='ocrx_word' id='word_1_713' title='bbox 1451 5777 1520 5830; x_wconf 84' lang='lat' dir='ltr'><strong>de</strong></span> <span class='ocrx_word' id='word_1_714' title='bbox 1553 5779 1752 5830; x_wconf 82' lang='lat' dir='ltr'><strong>sancto</strong></span> 
     </span>
    </p>
   </div>
   <div class='ocr_carea' id='block_1_91' title="bbox 1871 3461 3532 3538">
    <p class='ocr_par' dir='ltr' id='par_1_91' title="bbox 1871 3461 3532 3538">
     <span class='ocr_line' id='line_1_91' title="bbox 1871 3461 3532 3538; baseline 0.005 -22"><span class='ocrx_word' id='word_1_715' title='bbox 1871 3463 1999 3534; x_wconf 89' lang='lat' dir='ltr'><strong>jam</strong></span> <span class='ocrx_word' id='word_1_716' title='bbox 2031 3467 2324 3534; x_wconf 88' lang='lat' dir='ltr'><strong>est,quam</strong></span> <span class='ocrx_word' id='word_1_717' title='bbox 2356 3463 2502 3518; x_wconf 91' lang='lat' dir='ltr'><strong>ﬁdes</strong></span> <span class='ocrx_word' id='word_1_718' title='bbox 2532 3461 2900 3536; x_wconf 88' lang='lat' dir='ltr'><strong>impetrat,ut</strong></span> <span class='ocrx_word' id='word_1_719' title='bbox 2929 3465 3159 3538; x_wconf 88' lang='lat' dir='ltr'><strong>possint</strong></span> <span class='ocrx_word' id='word_1_720' title='bbox 3187 3481 3316 3523; x_wconf 86' lang='lat' dir='ltr'><strong>esse</strong></span> <span class='ocrx_word' id='word_1_721' title='bbox 3345 3465 3532 3524; x_wconf 85' lang='lat' dir='ltr'><strong>homi-</strong></span> 
     </span>
    </p>
   </div>
   <div class='ocr_carea' id='block_1_92' title="bbox 1880 3551 3526 3630">
    <p class='ocr_par' dir='ltr' id='par_1_92' title="bbox 1880 3551 3526 3630">
     <span class='ocr_line' id='line_1_92' title="bbox 1880 3551 3526 3630; baseline 0.004 -24"><span class='ocrx_word' id='word_1_722' title='bbox 1880 3551 1973 3607; x_wconf 90' lang='lat' dir='ltr'><strong>nis</strong></span> <span class='ocrx_word' id='word_1_723' title='bbox 1994 3569 2168 3622; x_wconf 85' lang='lat' dir='ltr'><strong>opera</strong></span> <span class='ocrx_word' id='word_1_724' title='bbox 2191 3551 2494 3624; x_wconf 76' lang='lat' dir='ltr'><strong>bona,qum</strong></span> <span class='ocrx_word' id='word_1_725' title='bbox 2524 3557 2798 3624; x_wconf 86' lang='lat' dir='ltr'><strong>operatur</strong></span> <span class='ocrx_word' id='word_1_726' title='bbox 2826 3553 2972 3609; x_wconf 86' lang='lat' dir='ltr'><strong>ﬁdes</strong></span> <span class='ocrx_word' id='word_1_727' title='bbox 3001 3571 3106 3626; x_wconf 91' lang='lat' dir='ltr'><strong>per</strong></span> <span class='ocrx_word' id='word_1_728' title='bbox 3134 3551 3526 3630; x_wconf 85' lang='lat' dir='ltr'><strong>dilectionem,</strong></span> 
     </span>
    </p>
   </div>
   <div class='ocr_carea' id='block_1_93' title="bbox 1880 3639 3528 3716">
    <p class='ocr_par' dir='ltr' id='par_1_93' title="bbox 1880 3639 3528 3716">
     <span class='ocr_line' id='line_1_93' title="bbox 1880 3639 3528 3716; baseline 0.005 -23"><span class='ocrx_word' id='word_1_729' title='bbox 1880 3657 2006 3711; x_wconf 66' lang='lat' dir='ltr'><strong>qua:</strong></span> <span class='ocrx_word' id='word_1_730' title='bbox 2039 3639 2386 3694; x_wconf 75' lang='lat' dir='ltr'><strong>diffunditur</strong></span> <span class='ocrx_word' id='word_1_731' title='bbox 2414 3640 2472 3694; x_wconf 92' lang='lat' dir='ltr'><strong>in</strong></span> <span class='ocrx_word' id='word_1_732' title='bbox 2512 3641 2784 3696; x_wconf 86' lang='lat' dir='ltr'><strong>cordibus</strong></span> <span class='ocrx_word' id='word_1_733' title='bbox 2835 3641 3053 3698; x_wconf 90' lang='lat' dir='ltr'><strong>nostris</strong></span> <span class='ocrx_word' id='word_1_734' title='bbox 3100 3659 3204 3715; x_wconf 85' lang='lat' dir='ltr'><strong>per</strong></span> <span class='ocrx_word' id='word_1_735' title='bbox 3243 3641 3528 3716; x_wconf 87' lang='lat' dir='ltr'><strong>Spiritum</strong></span> 
     </span>
    </p>
   </div>
   <div class='ocr_carea' id='block_1_94' title="bbox 1879 3727 3529 3806">
    <p class='ocr_par' dir='ltr' id='par_1_94' title="bbox 1879 3727 3529 3806">
     <span class='ocr_line' id='line_1_94' title="bbox 1879 3727 3529 3806; baseline 0.004 -22"><span class='ocrx_word' id='word_1_736' title='bbox 1879 3733 2149 3784; x_wconf 91' lang='lat' dir='ltr'><strong>sanctum</strong></span> <span class='ocrx_word' id='word_1_737' title='bbox 2173 3727 2270 3800; x_wconf 90' lang='lat' dir='ltr'><strong>qui</strong></span> <span class='ocrx_word' id='word_1_738' title='bbox 2295 3729 2467 3784; x_wconf 87' lang='lat' dir='ltr'><strong>datus</strong></span> <span class='ocrx_word' id='word_1_739' title='bbox 2490 3733 2579 3784; x_wconf 90' lang='lat' dir='ltr'><strong>est</strong></span> <span class='ocrx_word' id='word_1_740' title='bbox 2600 3729 2790 3786; x_wconf 89' lang='lat' dir='ltr'><strong>nobis.</strong></span> <span class='ocrx_word' id='word_1_741' title='bbox 2815 3729 2926 3786; x_wconf 91' lang='lat' dir='ltr'><strong>Sed</strong></span> <span class='ocrx_word' id='word_1_742' title='bbox 2951 3731 3247 3787; x_wconf 90' lang='lat' dir='ltr'><strong>credimus</strong></span> <span class='ocrx_word' id='word_1_743' title='bbox 3267 3737 3333 3787; x_wconf 90' lang='lat' dir='ltr'><strong>ut</strong></span> <span class='ocrx_word' id='word_1_744' title='bbox 3349 3731 3529 3806; x_wconf 89' lang='lat' dir='ltr'><strong>impe-</strong></span> 
     </span>
    </p>
   </div>
   <div class='ocr_carea' id='block_1_95' title="bbox 1878 3817 3524 3890">
    <p class='ocr_par' dir='ltr' id='par_1_95' title="bbox 1878 3817 3524 3890">
     <span class='ocr_line' id='line_1_95' title="bbox 1878 3817 3524 3890; baseline 0.004 -18"><span class='ocrx_word' id='word_1_745' title='bbox 1878 3822 2104 3872; x_wconf 81' lang='lat' dir='ltr'><strong>tremus</strong></span> <span class='ocrx_word' id='word_1_746' title='bbox 2123 3817 2275 3872; x_wconf 89' lang='lat' dir='ltr'><strong>hanc</strong></span> <span class='ocrx_word' id='word_1_747' title='bbox 2296 3817 2568 3889; x_wconf 88' lang='lat' dir='ltr'><strong>gratiam,</strong></span> <span class='ocrx_word' id='word_1_748' title='bbox 2591 3823 2649 3874; x_wconf 92' lang='lat' dir='ltr'><strong>et</strong></span> <span class='ocrx_word' id='word_1_749' title='bbox 2666 3817 2868 3890; x_wconf 91' lang='lat' dir='ltr'><strong>utique</strong></span> <span class='ocrx_word' id='word_1_750' title='bbox 2887 3817 3185 3875; x_wconf 87' lang='lat' dir='ltr'><strong>voluntate</strong></span> <span class='ocrx_word' id='word_1_751' title='bbox 3204 3820 3524 3878; x_wconf 89' lang='lat' dir='ltr'><strong>credimus.</strong></span> 
     </span>
    </p>
   </div>
   <div class='ocr_carea' id='block_1_96' title="bbox 1877 3906 3561 3981">
    <p class='ocr_par' dir='ltr' id='par_1_96' title="bbox 1877 3906 3561 3981">
     <span class='ocr_line' id='line_1_96' title="bbox 1877 3906 3561 3981; baseline 0.004 -20"><span class='ocrx_word' id='word_1_752' title='bbox 1877 3907 1958 3962; x_wconf 93' lang='lat' dir='ltr'><strong>De</strong></span> <span class='ocrx_word' id='word_1_753' title='bbox 1989 3906 2097 3960; x_wconf 90' lang='lat' dir='ltr'><strong>hac</strong></span> <span class='ocrx_word' id='word_1_754' title='bbox 2129 3911 2421 3978; x_wconf 67' lang='lat' dir='ltr'><strong>quieretur</strong></span> <span class='ocrx_word' id='word_1_755' title='bbox 2466 3906 2620 3961; x_wconf 90' lang='lat' dir='ltr'><strong>unde</strong></span> <span class='ocrx_word' id='word_1_756' title='bbox 2650 3906 2728 3961; x_wconf 89' lang='lat' dir='ltr'><strong>sit</strong></span> <span class='ocrx_word' id='word_1_757' title='bbox 2760 3907 2950 3962; x_wconf 92' lang='lat' dir='ltr'><strong>nobis.</strong></span> <span class='ocrx_word' id='word_1_758' title='bbox 2986 3907 3045 3962; x_wconf 90' lang='lat' dir='ltr'><strong>Si</strong></span> <span class='ocrx_word' id='word_1_759' title='bbox 3079 3911 3309 3976; x_wconf 89' lang='lat' dir='ltr'><strong>natura,</strong></span> <span class='ocrx_word' id='word_1_760' title='bbox 3342 3925 3526 3981; x_wconf 86' lang='lat' dir='ltr'><strong>quare</strong></span> <span class='ocrx_word' id='word_1_761' title='bbox 3555 3961 3561 3969; x_wconf 91' lang='lat'><strong>.</strong></span> 
     </span>
    </p>
   </div>
   <div class='ocr_carea' id='block_1_97' title="bbox 1877 3992 3520 4061">
    <p class='ocr_par' dir='ltr' id='par_1_97' title="bbox 1877 3992 3520 4061">
     <span class='ocr_line' id='line_1_97' title="bbox 1877 3992 3520 4061; baseline 0.002 -11"><span class='ocrx_word' id='word_1_762' title='bbox 1877 4013 1993 4050; x_wconf 91' lang='lat' dir='ltr'><strong>non</strong></span> <span class='ocrx_word' id='word_1_763' title='bbox 2025 3994 2320 4061; x_wconf 89' lang='lat' dir='ltr'><strong>omnibus,</strong></span> <span class='ocrx_word' id='word_1_764' title='bbox 2347 4011 2480 4048; x_wconf 90' lang='lat' dir='ltr'><strong>cum</strong></span> <span class='ocrx_word' id='word_1_765' title='bbox 2503 3993 2581 4049; x_wconf 88' lang='lat' dir='ltr'><strong>sit</strong></span> <span class='ocrx_word' id='word_1_766' title='bbox 2611 3992 2763 4049; x_wconf 88' lang='lat' dir='ltr'><strong>idem</strong></span> <span class='ocrx_word' id='word_1_767' title='bbox 2800 3995 2949 4050; x_wconf 91' lang='lat' dir='ltr'><strong>Deus</strong></span> <span class='ocrx_word' id='word_1_768' title='bbox 2979 3995 3244 4050; x_wconf 91' lang='lat' dir='ltr'><strong>omnium</strong></span> <span class='ocrx_word' id='word_1_769' title='bbox 3275 4001 3520 4054; x_wconf 86' lang='lat' dir='ltr'><strong>creator:</strong></span> 
     </span>
    </p>
   </div>
   <div class='ocr_carea' id='block_1_98' title="bbox 1877 4082 3522 4156">
    <p class='ocr_par' dir='ltr' id='par_1_98' title="bbox 1877 4082 3522 4156">
     <span class='ocr_line' id='line_1_98' title="bbox 1877 4082 3522 4156; baseline 0.003 -17"><span class='ocrx_word' id='word_1_770' title='bbox 1877 4084 1922 4140; x_wconf 88' lang='lat' dir='ltr'><strong>si</strong></span> <span class='ocrx_word' id='word_1_771' title='bbox 1957 4085 2108 4138; x_wconf 90' lang='lat' dir='ltr'><strong>dono</strong></span> <span class='ocrx_word' id='word_1_772' title='bbox 2141 4083 2264 4151; x_wconf 89' lang='lat' dir='ltr'><strong>Dei,</strong></span> <span class='ocrx_word' id='word_1_773' title='bbox 2299 4083 2474 4138; x_wconf 86' lang='lat' dir='ltr'><strong>etiam</strong></span> <span class='ocrx_word' id='word_1_774' title='bbox 2527 4082 2639 4138; x_wconf 93' lang='lat' dir='ltr'><strong>hoc</strong></span> <span class='ocrx_word' id='word_1_775' title='bbox 2687 4099 2867 4156; x_wconf 89' lang='lat' dir='ltr'><strong>quare</strong></span> <span class='ocrx_word' id='word_1_776' title='bbox 2912 4100 3028 4139; x_wconf 89' lang='lat' dir='ltr'><strong>non</strong></span> <span class='ocrx_word' id='word_1_777' title='bbox 3057 4083 3354 4155; x_wconf 90' lang='lat' dir='ltr'><strong>omnibus,</strong></span> <span class='ocrx_word' id='word_1_778' title='bbox 3386 4103 3522 4144; x_wconf 91' lang='lat' dir='ltr'><strong>cum</strong></span> 
     </span>
    </p>
   </div>
   <div class='ocr_carea' id='block_1_99' title="bbox 1875 4169 3523 4247">
    <p class='ocr_par' dir='ltr' id='par_1_99' title="bbox 1875 4169 3523 4247">
     <span class='ocr_line' id='line_1_99' title="bbox 1875 4169 3523 4247; baseline 0.002 -18"><span class='ocrx_word' id='word_1_779' title='bbox 1875 4190 2078 4230; x_wconf 91' lang='lat' dir='ltr'><strong>omnes</strong></span> <span class='ocrx_word' id='word_1_780' title='bbox 2110 4171 2376 4228; x_wconf 91' lang='lat' dir='ltr'><strong>homines</strong></span> <span class='ocrx_word' id='word_1_781' title='bbox 2405 4169 2542 4227; x_wconf 89' lang='lat' dir='ltr'><strong>velit</strong></span> <span class='ocrx_word' id='word_1_782' title='bbox 2584 4171 2776 4228; x_wconf 89' lang='lat' dir='ltr'><strong>salvos</strong></span> <span class='ocrx_word' id='word_1_783' title='bbox 2805 4172 2951 4241; x_wconf 87' lang='lat' dir='ltr'><strong>ﬁeri,</strong></span> <span class='ocrx_word' id='word_1_784' title='bbox 2986 4176 3042 4228; x_wconf 91' lang='lat' dir='ltr'><strong>et</strong></span> <span class='ocrx_word' id='word_1_785' title='bbox 3071 4171 3131 4228; x_wconf 88' lang='lat' dir='ltr'><strong>in</strong></span> <span class='ocrx_word' id='word_1_786' title='bbox 3165 4173 3523 4247; x_wconf 87' lang='lat' dir='ltr'><strong>agnitionem</strong></span> 
     </span>
    </p>
   </div>
   <div class='ocr_carea' id='block_1_100' title="bbox 1873 4251 3523 4334">
    <p class='ocr_par' dir='ltr' id='par_1_100' title="bbox 1873 4251 3523 4334">
     <span class='ocr_line' id='line_1_100' title="bbox 1873 4251 3523 4334; baseline 0.002 -16"><span class='ocrx_word' id='word_1_787' title='bbox 1873 4263 2132 4318; x_wconf 89' lang='lat' dir='ltr'><strong>veritatis</strong></span> <span class='ocrx_word' id='word_1_788' title='bbox 2156 4260 2544 4318; x_wconf 89' lang='lat' dir='ltr'><strong>venire.Prius</strong></span> <span class='ocrx_word' id='word_1_789' title='bbox 2569 4260 2748 4334; x_wconf 88' lang='lat' dir='ltr'><strong>igitur</strong></span> <span class='ocrx_word' id='word_1_790' title='bbox 2766 4259 2909 4317; x_wconf 91' lang='lat' dir='ltr'><strong>illud</strong></span> <span class='ocrx_word' id='word_1_791' title='bbox 2933 4251 3218 4332; x_wconf 85' lang='lat' dir='ltr'><strong>dicamus,</strong></span> <span class='ocrx_word' id='word_1_792' title='bbox 3243 4267 3301 4319; x_wconf 89' lang='lat' dir='ltr'><strong>et</strong></span> <span class='ocrx_word' id='word_1_793' title='bbox 3328 4263 3523 4322; x_wconf 86' lang='lat' dir='ltr'><strong>videa-</strong></span> 
     </span>
    </p>
   </div>
   <div class='ocr_carea' id='block_1_101' title="bbox 1875 4349 3520 4424">
    <p class='ocr_par' dir='ltr' id='par_1_101' title="bbox 1875 4349 3520 4424">
     <span class='ocr_line' id='line_1_101' title="bbox 1875 4349 3520 4424; baseline 0.002 -17"><span class='ocrx_word' id='word_1_794' title='bbox 1875 4370 2007 4407; x_wconf 91' lang='lat' dir='ltr'><strong>mus</strong></span> <span class='ocrx_word' id='word_1_795' title='bbox 2029 4356 2227 4407; x_wconf 88' lang='lat' dir='ltr'><strong>utrum</strong></span> <span class='ocrx_word' id='word_1_796' title='bbox 2252 4349 2387 4405; x_wconf 91' lang='lat' dir='ltr'><strong>huic</strong></span> <span class='ocrx_word' id='word_1_797' title='bbox 2408 4349 2730 4406; x_wconf 87' lang='lat' dir='ltr'><strong>satisfaciat</strong></span> <span class='ocrx_word' id='word_1_798' title='bbox 2745 4349 3236 4424; x_wconf 71' lang='lat' dir='ltr'><strong>qumstioni,quod</strong></span> <span class='ocrx_word' id='word_1_799' title='bbox 3269 4350 3520 4410; x_wconf 89' lang='lat' dir='ltr'><strong>liberum</strong></span> 
     </span>
    </p>
   </div>
   <div class='ocr_carea' id='block_1_102' title="bbox 1874 4437 3522 4505">
    <p class='ocr_par' dir='ltr' id='par_1_102' title="bbox 1874 4437 3522 4505">
     <span class='ocr_line' id='line_1_102' title="bbox 1874 4437 3522 4505; baseline 0.001 -9"><span class='ocrx_word' id='word_1_800' title='bbox 1874 4441 2202 4505; x_wconf 88' lang='lat' dir='ltr'><strong>arbitrium,</strong></span> <span class='ocrx_word' id='word_1_801' title='bbox 2224 4438 2570 4495; x_wconf 88' lang='lat' dir='ltr'><strong>naturaliter</strong></span> <span class='ocrx_word' id='word_1_802' title='bbox 2597 4437 2946 4495; x_wconf 89' lang='lat' dir='ltr'><strong>attributum</strong></span> <span class='ocrx_word' id='word_1_803' title='bbox 2969 4457 3003 4495; x_wconf 93' lang='lat' dir='ltr'><strong>a</strong></span> <span class='ocrx_word' id='word_1_804' title='bbox 3022 4439 3290 4497; x_wconf 84' lang='lat' dir='ltr'><strong>Creatore</strong></span> <span class='ocrx_word' id='word_1_805' title='bbox 3313 4441 3522 4498; x_wconf 65' lang='lat' dir='ltr'><strong>animis</strong></span> 
     </span>
    </p>
   </div>
   <div class='ocr_carea' id='block_1_103' title="bbox 1874 4508 3518 4601">
    <p class='ocr_par' dir='ltr' id='par_1_103' title="bbox 1874 4508 3518 4601">
     <span class='ocr_line' id='line_1_103' title="bbox 1874 4508 3518 4601; baseline 0.001 -15"><span class='ocrx_word' id='word_1_806' title='bbox 1874 4529 2162 4597; x_wconf 87' lang='lat' dir='ltr'><strong>rationali,</strong></span> <span class='ocrx_word' id='word_1_807' title='bbox 2196 4528 2297 4583; x_wconf 89' lang='lat' dir='ltr'><strong>illa</strong></span> <span class='ocrx_word' id='word_1_808' title='bbox 2345 4527 2538 4583; x_wconf 90' lang='lat' dir='ltr'><strong>media</strong></span> <span class='ocrx_word' id='word_1_809' title='bbox 2592 4527 2680 4583; x_wconf 85' lang='lat' dir='ltr'><strong>vis</strong></span> <span class='ocrx_word' id='word_1_810' title='bbox 2739 4531 2848 4599; x_wconf 88' lang='lat' dir='ltr'><strong>est,</strong></span> <span class='ocrx_word' id='word_1_811' title='bbox 2882 4545 3008 4601; x_wconf 68' lang='lat' dir='ltr'><strong>quae</strong></span> <span class='ocrx_word' id='word_1_812' title='bbox 3060 4527 3149 4584; x_wconf 82' lang='lat' dir='ltr'><strong>vel</strong></span> <span class='ocrx_word' id='word_1_813' title='bbox 3192 4508 3415 4586; x_wconf 54' lang='lat' dir='ltr'><strong>iniendi</strong></span> <span class='ocrx_word' id='word_1_814' title='bbox 3447 4530 3518 4588; x_wconf 90' lang='lat' dir='ltr'><strong>ad</strong></span> 
     </span>
    </p>
   </div>
   <div class='ocr_carea' id='block_1_104' title="bbox 1873 4616 3520 4690">
    <p class='ocr_par' dir='ltr' id='par_1_104' title="bbox 1873 4616 3520 4690">
     <span class='ocr_line' id='line_1_104' title="bbox 1873 4616 3520 4690; baseline 0.001 -16"><span class='ocrx_word' id='word_1_815' title='bbox 1873 4621 2070 4687; x_wconf 88' lang='lat' dir='ltr'><strong>ﬁnem,</strong></span> <span class='ocrx_word' id='word_1_816' title='bbox 2101 4617 2187 4674; x_wconf 87' lang='lat' dir='ltr'><strong>vel</strong></span> <span class='ocrx_word' id='word_1_817' title='bbox 2211 4616 2479 4673; x_wconf 90' lang='lat' dir='ltr'><strong>inclinari</strong></span> <span class='ocrx_word' id='word_1_818' title='bbox 2502 4617 2573 4672; x_wconf 90' lang='lat' dir='ltr'><strong>ad</strong></span> <span class='ocrx_word' id='word_1_819' title='bbox 2605 4616 3007 4673; x_wconf 89' lang='lat' dir='ltr'><strong>inﬁdelitatem</strong></span> <span class='ocrx_word' id='word_1_820' title='bbox 3047 4621 3256 4690; x_wconf 90' lang='lat' dir='ltr'><strong>potest.</strong></span> <span class='ocrx_word' id='word_1_821' title='bbox 3288 4619 3362 4674; x_wconf 89' lang='lat' dir='ltr'><strong>Et</strong></span> <span class='ocrx_word' id='word_1_822' title='bbox 3389 4619 3520 4676; x_wconf 91' lang='lat' dir='ltr'><strong>ideo</strong></span> 
     </span>
    </p>
   </div>
   <div class='ocr_carea' id='block_1_105' title="bbox 1869 4795 3516 4870">
    <p class='ocr_par' dir='ltr' id='par_1_105' title="bbox 1869 4795 3516 4870">
     <span class='ocr_line' id='line_1_105' title="bbox 1869 4795 3516 4870; baseline -0.001 -17"><span class='ocrx_word' id='word_1_823' title='bbox 1869 4797 2044 4853; x_wconf 91' lang='lat' dir='ltr'><strong>homo</strong></span> <span class='ocrx_word' id='word_1_824' title='bbox 2065 4797 2279 4852; x_wconf 89' lang='lat' dir='ltr'><strong>habere</strong></span> <span class='ocrx_word' id='word_1_825' title='bbox 2315 4812 2492 4868; x_wconf 87' lang='lat' dir='ltr'><strong>quam</strong></span> <span class='ocrx_word' id='word_1_826' title='bbox 2523 4812 2637 4850; x_wconf 91' lang='lat' dir='ltr'><strong>non</strong></span> <span class='ocrx_word' id='word_1_827' title='bbox 2665 4795 2953 4868; x_wconf 89' lang='lat' dir='ltr'><strong>acceperit</strong></span> <span class='ocrx_word' id='word_1_828' title='bbox 2976 4810 2990 4852; x_wconf 90' lang='lat'>:</span> <span class='ocrx_word' id='word_1_829' title='bbox 3013 4795 3248 4870; x_wconf 87' lang='lat' dir='ltr'><strong>quando</strong></span> <span class='ocrx_word' id='word_1_830' title='bbox 3279 4795 3516 4869; x_wconf 90' lang='lat' dir='ltr'><strong>quidem</strong></span> 
     </span>
    </p>
   </div>
   <div class='ocr_carea' id='block_1_106' title="bbox 1868 4882 3514 4960">
    <p class='ocr_par' dir='ltr' id='par_1_106' title="bbox 1868 4882 3514 4960">
     <span class='ocr_line' id='line_1_106' title="bbox 1868 4882 3514 4960; baseline -0.002 -18"><span class='ocrx_word' id='word_1_831' title='bbox 1868 4891 2110 4942; x_wconf 89' lang='lat' dir='ltr'><strong>vocante</strong></span> <span class='ocrx_word' id='word_1_832' title='bbox 2141 4886 2256 4941; x_wconf 89' lang='lat' dir='ltr'><strong>Deo</strong></span> <span class='ocrx_word' id='word_1_833' title='bbox 2287 4884 2476 4957; x_wconf 88' lang='lat' dir='ltr'><strong>surgit</strong></span> <span class='ocrx_word' id='word_1_834' title='bbox 2503 4885 2574 4940; x_wconf 92' lang='lat' dir='ltr'><strong>de</strong></span> <span class='ocrx_word' id='word_1_835' title='bbox 2600 4883 2783 4940; x_wconf 90' lang='lat' dir='ltr'><strong>libero</strong></span> <span class='ocrx_word' id='word_1_836' title='bbox 2815 4882 3248 4956; x_wconf 88' lang='lat' dir='ltr'><strong>arbitrio,quod</strong></span> <span class='ocrx_word' id='word_1_837' title='bbox 3280 4886 3514 4960; x_wconf 80' lang='lat' dir='ltr'><strong>natura-</strong></span> 
     </span>
    </p>
   </div>
   <div class='ocr_carea' id='block_1_107' title="bbox 1869 4971 3516 5045">
    <p class='ocr_par' dir='ltr' id='par_1_107' title="bbox 1869 4971 3516 5045">
     <span class='ocr_line' id='line_1_107' title="bbox 1869 4971 3516 5045; baseline -0.002 -15"><span class='ocrx_word' id='word_1_838' title='bbox 1869 4975 2001 5032; x_wconf 88' lang='lat' dir='ltr'><strong>liter</strong></span> <span class='ocrx_word' id='word_1_839' title='bbox 2028 4992 2162 5030; x_wconf 89' lang='lat' dir='ltr'><strong>cum</strong></span> <span class='ocrx_word' id='word_1_840' title='bbox 2188 4977 2482 5030; x_wconf 82' lang='lat' dir='ltr'><strong>crearetur</strong></span> <span class='ocrx_word' id='word_1_841' title='bbox 2506 4971 2893 5045; x_wconf 88' lang='lat' dir='ltr'><strong>accepit.Vult</strong></span> <span class='ocrx_word' id='word_1_842' title='bbox 2921 4976 3118 5028; x_wconf 89' lang='lat' dir='ltr'><strong>autem</strong></span> <span class='ocrx_word' id='word_1_843' title='bbox 3141 4977 3289 5028; x_wconf 91' lang='lat' dir='ltr'><strong>Deus</strong></span> <span class='ocrx_word' id='word_1_844' title='bbox 3310 4987 3516 5027; x_wconf 88' lang='lat' dir='ltr'><strong>omnes</strong></span> 
     </span>
    </p>
   </div>
   <div class='ocr_carea' id='block_1_108' title="bbox 1867 5058 3512 5135">
    <p class='ocr_par' dir='ltr' id='par_1_108' title="bbox 1867 5058 3512 5135">
     <span class='ocr_line' id='line_1_108' title="bbox 1867 5058 3512 5135; baseline -0.005 -15"><span class='ocrx_word' id='word_1_845' title='bbox 1867 5065 2136 5120; x_wconf 90' lang='lat' dir='ltr'><strong>homines</strong></span> <span class='ocrx_word' id='word_1_846' title='bbox 2167 5063 2358 5120; x_wconf 84' lang='lat' dir='ltr'><strong>salvos</strong></span> <span class='ocrx_word' id='word_1_847' title='bbox 2390 5061 2534 5130; x_wconf 87' lang='lat' dir='ltr'><strong>ﬁeri,</strong></span> <span class='ocrx_word' id='word_1_848' title='bbox 2563 5065 2621 5116; x_wconf 88' lang='lat' dir='ltr'><strong>et</strong></span> <span class='ocrx_word' id='word_1_849' title='bbox 2648 5061 2708 5116; x_wconf 91' lang='lat' dir='ltr'><strong>in</strong></span> <span class='ocrx_word' id='word_1_850' title='bbox 2741 5059 3100 5135; x_wconf 87' lang='lat' dir='ltr'><strong>agnitionem</strong></span> <span class='ocrx_word' id='word_1_851' title='bbox 3133 5058 3390 5116; x_wconf 86' lang='lat' dir='ltr'><strong>veritatis</strong></span> <span class='ocrx_word' id='word_1_852' title='bbox 3418 5075 3512 5113; x_wconf 89' lang='lat' dir='ltr'><strong>ve-</strong></span> 
     </span>
    </p>
   </div>
   <div class='ocr_carea' id='block_1_109' title="bbox 1869 5145 3514 5220">
    <p class='ocr_par' dir='ltr' id='par_1_109' title="bbox 1869 5145 3514 5220">
     <span class='ocr_line' id='line_1_109' title="bbox 1869 5145 3514 5220; baseline -0.004 -12"><span class='ocrx_word' id='word_1_853' title='bbox 1869 5153 2012 5209; x_wconf 89' lang='lat' dir='ltr'><strong>nire.</strong></span> <span class='ocrx_word' id='word_1_854' title='bbox 2047 5153 2172 5208; x_wconf 88' lang='lat' dir='ltr'><strong>Non</strong></span> <span class='ocrx_word' id='word_1_855' title='bbox 2203 5151 2286 5207; x_wconf 92' lang='lat' dir='ltr'><strong>sic</strong></span> <span class='ocrx_word' id='word_1_856' title='bbox 2316 5155 2532 5220; x_wconf 87' lang='lat' dir='ltr'><strong>tamen,</strong></span> <span class='ocrx_word' id='word_1_857' title='bbox 2568 5154 2632 5206; x_wconf 89' lang='lat' dir='ltr'><strong>ut</strong></span> <span class='ocrx_word' id='word_1_858' title='bbox 2661 5149 2746 5205; x_wconf 90' lang='lat' dir='ltr'><strong>eis</strong></span> <span class='ocrx_word' id='word_1_859' title='bbox 2785 5151 3008 5206; x_wconf 89' lang='lat' dir='ltr'><strong>adimat</strong></span> <span class='ocrx_word' id='word_1_860' title='bbox 3055 5148 3305 5204; x_wconf 90' lang='lat' dir='ltr'><strong>liberum</strong></span> <span class='ocrx_word' id='word_1_861' title='bbox 3354 5145 3514 5204; x_wconf 84' lang='lat' dir='ltr'><strong>arbi-</strong></span> 
     </span>
    </p>
   </div>
   <div class='ocr_carea' id='block_1_110' title="bbox 1867 5233 3514 5314">
    <p class='ocr_par' dir='ltr' id='par_1_110' title="bbox 1867 5233 3514 5314">
     <span class='ocr_line' id='line_1_110' title="bbox 1867 5233 3514 5314; baseline -0.002 -18"><span class='ocrx_word' id='word_1_862' title='bbox 1867 5242 2068 5310; x_wconf 89' lang='lat' dir='ltr'><strong>trium,</strong></span> <span class='ocrx_word' id='word_1_863' title='bbox 2103 5257 2217 5314; x_wconf 89' lang='lat' dir='ltr'><strong>quo</strong></span> <span class='ocrx_word' id='word_1_864' title='bbox 2263 5239 2348 5296; x_wconf 89' lang='lat' dir='ltr'><strong>vel</strong></span> <span class='ocrx_word' id='word_1_865' title='bbox 2398 5240 2544 5295; x_wconf 90' lang='lat' dir='ltr'><strong>bene</strong></span> <span class='ocrx_word' id='word_1_866' title='bbox 2589 5238 2678 5294; x_wconf 92' lang='lat' dir='ltr'><strong>vel</strong></span> <span class='ocrx_word' id='word_1_867' title='bbox 2729 5237 2880 5294; x_wconf 88' lang='lat' dir='ltr'><strong>male</strong></span> <span class='ocrx_word' id='word_1_868' title='bbox 2929 5239 3158 5293; x_wconf 89' lang='lat' dir='ltr'><strong>utentes</strong></span> <span class='ocrx_word' id='word_1_869' title='bbox 3179 5233 3514 5308; x_wconf 74' lang='lat' dir='ltr'><strong>justissima</strong></span> 
     </span>
    </p>
   </div>
   <div class='ocr_carea' id='block_1_111' title="bbox 1857 5323 3514 5402">
    <p class='ocr_par' dir='ltr' id='par_1_111' title="bbox 1857 5323 3514 5402">
     <span class='ocr_line' id='line_1_111' title="bbox 1857 5323 3514 5402; baseline -0.001 -17"><span class='ocrx_word' id='word_1_870' title='bbox 1857 5329 2217 5402; x_wconf 85' lang='lat' dir='ltr'><strong>judicenlur.</strong></span> <span class='ocrx_word' id='word_1_871' title='bbox 2251 5329 2412 5394; x_wconf 83' lang='lat' dir='ltr'><strong>Quod</strong></span> <span class='ocrx_word' id='word_1_872' title='bbox 2447 5345 2581 5383; x_wconf 91' lang='lat' dir='ltr'><strong>cum</strong></span> <span class='ocrx_word' id='word_1_873' title='bbox 2629 5328 2712 5395; x_wconf 89' lang='lat' dir='ltr'><strong>ﬁt,</strong></span> <span class='ocrx_word' id='word_1_874' title='bbox 2747 5323 3010 5380; x_wconf 87' lang='lat' dir='ltr'><strong>inﬁdeles</strong></span> <span class='ocrx_word' id='word_1_875' title='bbox 3041 5323 3278 5396; x_wconf 90' lang='lat' dir='ltr'><strong>quidem</strong></span> <span class='ocrx_word' id='word_1_876' title='bbox 3311 5328 3514 5384; x_wconf 80' lang='lat' dir='ltr'><strong>contra</strong></span> 
     </span>
    </p>
   </div>
   <div class='ocr_carea' id='block_1_112' title="bbox 1865 5411 3514 5486">
    <p class='ocr_par' dir='ltr' id='par_1_112' title="bbox 1865 5411 3514 5486">
     <span class='ocr_line' id='line_1_112' title="bbox 1865 5411 3514 5486; baseline -0.001 -12"><span class='ocrx_word' id='word_1_877' title='bbox 1865 5419 1964 5474; x_wconf 92' lang='lat' dir='ltr'><strong>Dei</strong></span> <span class='ocrx_word' id='word_1_878' title='bbox 1986 5419 2345 5476; x_wconf 87' lang='lat' dir='ltr'><strong>voluntatem</strong></span> <span class='ocrx_word' id='word_1_879' title='bbox 2372 5417 2592 5472; x_wconf 87' lang='lat' dir='ltr'><strong>faciunt</strong></span> <span class='ocrx_word' id='word_1_880' title='bbox 2613 5432 2749 5470; x_wconf 90' lang='lat' dir='ltr'><strong>cum</strong></span> <span class='ocrx_word' id='word_1_881' title='bbox 2770 5415 2897 5486; x_wconf 87' lang='lat' dir='ltr'><strong>ejus</strong></span> <span class='ocrx_word' id='word_1_882' title='bbox 2915 5411 3224 5486; x_wconf 80' lang='lat' dir='ltr'><strong>Evangelia</strong></span> <span class='ocrx_word' id='word_1_883' title='bbox 3255 5429 3371 5470; x_wconf 91' lang='lat' dir='ltr'><strong>non</strong></span> <span class='ocrx_word' id='word_1_884' title='bbox 3394 5431 3514 5472; x_wconf 88' lang='lat' dir='ltr'><strong>cre-</strong></span> 
     </span>
    </p>
   </div>
   <div class='ocr_carea' id='block_1_113' title="bbox 1863 5503 3511 5579">
    <p class='ocr_par' dir='ltr' id='par_1_113' title="bbox 1863 5503 3511 5579">
     <span class='ocr_line' id='line_1_113' title="bbox 1863 5503 3511 5579; baseline -0.001 -15"><span class='ocrx_word' id='word_1_885' title='bbox 1863 5509 2033 5564; x_wconf 90' lang='lat' dir='ltr'><strong>dunt.</strong></span> <span class='ocrx_word' id='word_1_886' title='bbox 2066 5509 2181 5562; x_wconf 82' lang='lat' dir='ltr'><strong>Nec</strong></span> <span class='ocrx_word' id='word_1_887' title='bbox 2213 5507 2341 5561; x_wconf 80' lang='lat' dir='ltr'><strong>ideo</strong></span> <span class='ocrx_word' id='word_1_888' title='bbox 2376 5511 2568 5560; x_wconf 88' lang='lat' dir='ltr'><strong>tamen</strong></span> <span class='ocrx_word' id='word_1_889' title='bbox 2601 5521 2728 5559; x_wconf 86' lang='lat' dir='ltr'><strong>eam</strong></span> <span class='ocrx_word' id='word_1_890' title='bbox 2758 5505 3020 5570; x_wconf 88' lang='lat' dir='ltr'><strong>vincunt,</strong></span> <span class='ocrx_word' id='word_1_891' title='bbox 3050 5520 3252 5560; x_wconf 89' lang='lat' dir='ltr'><strong>verum</strong></span> <span class='ocrx_word' id='word_1_892' title='bbox 3283 5503 3511 5579; x_wconf 84' lang='lat' dir='ltr'><strong>seipsos</strong></span> 
     </span>
    </p>
   </div>
   <div class='ocr_carea' id='block_1_114' title="bbox 1864 5589 3511 5667">
    <p class='ocr_par' dir='ltr' id='par_1_114' title="bbox 1864 5589 3511 5667">
     <span class='ocr_line' id='line_1_114' title="bbox 1864 5589 3511 5667; baseline -0.001 -17"><span class='ocrx_word' id='word_1_893' title='bbox 1864 5597 2138 5652; x_wconf 81' lang='lat' dir='ltr'><strong>fraudant</strong></span> <span class='ocrx_word' id='word_1_894' title='bbox 2170 5611 2382 5667; x_wconf 90' lang='lat' dir='ltr'><strong>magno</strong></span> <span class='ocrx_word' id='word_1_895' title='bbox 2413 5598 2470 5649; x_wconf 92' lang='lat' dir='ltr'><strong>et</strong></span> <span class='ocrx_word' id='word_1_896' title='bbox 2495 5609 2728 5648; x_wconf 89' lang='lat' dir='ltr'><strong>summo</strong></span> <span class='ocrx_word' id='word_1_897' title='bbox 2759 5593 2932 5660; x_wconf 90' lang='lat' dir='ltr'><strong>bono,</strong></span> <span class='ocrx_word' id='word_1_898' title='bbox 2967 5592 3256 5667; x_wconf 90' lang='lat' dir='ltr'><strong>malisque</strong></span> <span class='ocrx_word' id='word_1_899' title='bbox 3277 5589 3511 5667; x_wconf 85' lang='lat' dir='ltr'><strong>poenali-</strong></span> 
     </span>
    </p>
   </div>
   <div class='ocr_carea' id='block_1_115' title="bbox 1862 5679 3506 5757">
    <p class='ocr_par' dir='ltr' id='par_1_115' title="bbox 1862 5679 3506 5757">
     <span class='ocr_line' id='line_1_115' title="bbox 1862 5679 3506 5757; baseline -0.002 -16"><span class='ocrx_word' id='word_1_900' title='bbox 1862 5687 1972 5741; x_wconf 91' lang='lat' dir='ltr'><strong>bus</strong></span> <span class='ocrx_word' id='word_1_901' title='bbox 2007 5683 2328 5757; x_wconf 86' lang='lat' dir='ltr'><strong>implicant,</strong></span> <span class='ocrx_word' id='word_1_902' title='bbox 2361 5680 2650 5754; x_wconf 81' lang='lat' dir='ltr'><strong>experturi</strong></span> <span class='ocrx_word' id='word_1_903' title='bbox 2698 5680 2757 5736; x_wconf 91' lang='lat' dir='ltr'><strong>in</strong></span> <span class='ocrx_word' id='word_1_904' title='bbox 2801 5679 3112 5756; x_wconf 90' lang='lat' dir='ltr'><strong>suppliciis</strong></span> <span class='ocrx_word' id='word_1_905' title='bbox 3159 5685 3506 5756; x_wconf 84' lang='lat' dir='ltr'><strong>potestatem</strong></span> 
     </span>
    </p>
   </div>
   <div class='ocr_carea' id='block_1_116' title="bbox 1861 5769 3502 5845">
    <p class='ocr_par' dir='ltr' id='par_1_116' title="bbox 1861 5769 3502 5845">
     <span class='ocr_line' id='line_1_116' title="bbox 1861 5769 3502 5845; baseline -0.002 -15"><span class='ocrx_word' id='word_1_906' title='bbox 1861 5775 2188 5845; x_wconf 82' lang='lat' dir='ltr'><strong>ejus,cujus</strong></span> <span class='ocrx_word' id='word_1_907' title='bbox 2220 5773 2277 5826; x_wconf 90' lang='lat' dir='ltr'><strong>in</strong></span> <span class='ocrx_word' id='word_1_908' title='bbox 2311 5770 2480 5828; x_wconf 90' lang='lat' dir='ltr'><strong>donis</strong></span> <span class='ocrx_word' id='word_1_909' title='bbox 2512 5769 2972 5829; x_wconf 83' lang='lat' dir='ltr'><strong>misericordiam</strong></span> <span class='ocrx_word' id='word_1_910' title='bbox 3005 5773 3502 5845; x_wconf 88' lang='lat' dir='ltr'><strong>contempserunt.</strong></span> 
     </span>
    </p>
   </div>
  </div>
