4020 6460
509 397 624 464 251
644 433 653 440 -

1439 395 1817 461 HINCMARI
1859 391 2300 458 RHENENSIS
2342 393 2962 458 ARCHIEPISCOPI.

509 531 598 590 Ita
623 529 894 588 voluntas
921 527 1024 587 Dei
1050 543 1282 603 semper
1309 527 1524 585 invicta
1551 526 2014 586 est.Vinceretur
2042 543 2148 582 au-
2177 523 2234 594 Α
2261 503 2400 582 runt
2434 525 2668 583 interim
2701 543 2829 600 quae
2857 527 3208 600 respondere
3236 525 3382 584 mihi
3413 524 3658 600 placeat,
3695 523 3738 582 0
3765 525 3885 581 alti-

507 621 704 690 tem,si
733 637 851 677 non
878 619 1164 676 inveniret
1191 618 1332 691 quid
1360 619 1430 674 de
1467 615 1966 690 contemptoribus
1995 615 2147 670 face-

505 715 723 782 ret,aut
749 709 872 765 ullo
903 709 1077 765 modo
1108 711 1346 780 possent
1373 707 1613 763 evadere
1642 706 1797 778 quod
1829 705 1900 760 de
1928 703 2146 759 talibus

505 799 602 856 ille
633 797 957 855 constituit.
989 795 1098 864 Qui
1129 795 1286 852 enim
1315 795 1474 863 dicit,
1505 795 1665 850 verbi
1695 792 2050 866 gratia,Volo
2083 795 2148 847 ut

505 889 567 946 hi
588 903 794 945 omnes
813 885 960 942 servi
983 885 1099 942 mei
1120 888 1434 957 operentur
1453 883 1512 939 in
1534 882 1721 949 vinea,
1753 887 1810 938 et
1830 886 1961 954 post
1979 880 2144 937 labo-

506 994 629 1036 rem
649 976 1078 1050 requiescentes
1115 972 1445 1046 epulentur,
1467 973 1552 1028 ita
1570 977 1634 1028 ut
1654 970 1922 1044 quisquis
1941 986 2144 1026 eorum

505 1066 616 1124 hoc
636 1064 905 1134 noluerit,
923 1063 982 1119 in
1005 1061 1251 1136 pistrino
1274 1078 1507 1134 semper
1527 1059 1708 1117 molat
1732 1077 1745 1116 :
1770 1059 1997 1116 videtur
2015 1059 2144 1131 qui-

504 1154 638 1210 dem
659 1154 994 1226 quicunque
1016 1148 2023 1222 contempserit,contravoluntatem
2042 1149 2148 1204 Do-

2253 615 2380 672 tudo
2408 615 2760 674 divitiarum!
2801 620 2876 683 et,
2917 617 3176 689 Nunquid
3217 617 3484 689 iniquitas
3511 613 3660 688 apud
3689 615 3890 670 Deum?

2254 703 2358 760 Cui
2390 705 2688 778 responsio
2713 705 2827 762 ista
2855 704 3145 778 displicet,
3177 709 3399 778 quaerat
3454 703 3766 770 doctiores,
3799 704 3888 759 sed

2254 798 2452 850 caveat
2481 811 2552 850 ne
2583 794 2840 850 inveniat
2869 798 3334 868 praesumptores.
3371 816 3400 844 »
3641 839 3666 857 ,

2324 883 2393 938 Et
2435 883 2495 938 in
2543 882 2690 939 libro
2721 901 2756 939 v
2785 886 2926 955 (cap.
2957 884 3034 953 3),
3090 887 3294 938 contra
3339 881 3648 940 Julianum
3683 898 3697 937 :
3751 904 3782 933 «
3812 885 3887 937 An

2253 969 2471 1026 oblitus
2500 987 2563 1027 es
2589 972 2744 1044 quod
2797 972 2950 1028 idem
2997 972 3122 1044 ipse
3153 973 3356 1028 doctor
3383 973 3465 1028 ait
3497 989 3511 1028 :
3543 972 3622 1028 Ne
3649 973 3791 1044 forte
3815 971 3894 1027 det

2254 1059 2372 1114 illis
2399 1061 2540 1116 Deus
2566 1062 2938 1132 paenitentiam
2965 1060 3035 1116 ad
3061 1061 3482 1132 cognoscendam
3517 1062 3822 1127 veritatem,
3849 1069 3894 1116 et

2253 1149 2578 1220 resipiscam
2619 1165 2654 1204 a
2695 1149 2904 1206 diaboli
2961 1149 3216 1221 laqueis?
3244 1150 3318 1219 (II
3351 1151 3486 1206 Tim.
3525 1166 3588 1217 ιι,
3618 1149 3738 1221 25.)
3789 1149 3890 1206 Sed

504 1243 652 1300 mini
669 1243 758 1299 sui
779 1242 988 1308 facere,
1013 1240 1112 1296 sed
1136 1243 1277 1296 tunc
1299 1255 1429 1294 eam
1449 1237 1658 1305 vincet,
1682 1238 1730 1294 si
1753 1243 1810 1294 et
1829 1237 2142 1309 pistrinum
2245 1236 2474 1308 judicia
2499 1239 2626 1308 ejus
2658 1237 2812 1293 sicut
2840 1237 3027 1293 multa
3056 1237 3446 1310 abyssus.Nos
3467 1238 3702 1307 certe,si
3721 1254 3824 1295 eos
3841 1237 3892 1293 in

503 1335 882 1388 contemnens
911 1327 1197 1402 effugerit,
1223 1327 1379 1399 quod
1411 1325 1572 1382 nullo
1601 1326 1773 1382 modo
1805 1324 1926 1380 ﬁeri
1958 1328 2146 1396 potest

502 1421 614 1478 sub
627 1419 728 1475 Dei
739 1422 778 1475 1
793 1419 886 1476 87
908 1415 1378 1490 potestate.Unde
1389 1415 1673 1487 scriptum
1686 1414 1976 1483 cst,Semel
1995 1415 2144 1470 locu-

501 1517 588 1566 tus
607 1507 1023 1579 estDeus(Psai.
1051 1522 1156 1568 ιιι,
1173 1506 1284 1574 12),
1301 1505 1411 1560 hoc
1429 1509 1518 1560 est
1544 1502 2106 1560 incommutabiliter
2127 1519 2140 1556 :

501 1613 839 1670 quanquam
854 1595 992 1650 etde
1024 1593 1198 1650 unico
1223 1593 1398 1648 verbo
1428 1591 1614 1664 possit
1635 1591 1903 1665 intelligi.
1929 1590 2146 1648 Deinde

500 1687 866 1756 subjungens
895 1683 1035 1755 quid
1067 1680 1625 1737 incommutabiliter
1647 1681 1726 1736 sit
1753 1679 2006 1744 locutus,
2029 1681 2144 1737 Duo

497 1771 1067 1845 haec,inquit,audivi,
1086 1771 1341 1842 quoniam
1362 1777 1591 1841 potestas
1615 1770 1720 1825 Dei
1740 1776 1894 1835 est,et
1913 1769 2142 1837 tibi,Do-

495 1864 664 1929 mine,
693 1859 1096 1929 miaericoadia,
1135 1859 1235 1931 qui
1277 1857 1459 1914 reddis
1504 1859 1803 1930 unicuique
1847 1857 2146 1914 secundum
2173 1891 2220 1956 Β

494 1967 658 2024 opera
682 1965 804 2006 sua.
825 1948 928 2004 Ille
948 1946 1128 2020 igitur
1149 1963 1282 2002 reus
1313 1947 1424 2002 erit
1453 1946 1525 2002 ad
1559 1947 1998 2002 damnationem
2029 1947 2142 2002 sub

494 2042 779 2114 potestate
808 2035 1065 2109 ejus,qui
1096 2033 1512 2106 contempserit
1540 2034 1613 2090 ad
1643 2035 2000 2090 credendum
2032 2035 2142 2090 mi-

494 2125 873 2184 sericordiam
903 2125 1051 2196 ejus.
1071 2121 1347 2196 Quisquis
1377 2127 1575 2178 autem
1607 2122 1920 2179 crediderit
1949 2123 2022 2190 ei,
2042 2123 2142 2195 qui

495 2233 558 2272 se
587 2233 622 2271 a
651 2212 902 2287 peccatis
933 2212 1210 2268 omnibus
1240 2210 1745 2274 absolvendum,et
1765 2212 1838 2268 ab
1869 2212 2144 2267 omnibus

492 2303 652 2360 vitiis
682 2301 1100 2371 sanandum,et
1119 2299 1309 2356 calore
1331 2315 1398 2355 ac
1418 2299 1641 2356 lumine
1671 2301 1801 2371 ejus
1832 2301 2148 2356 accenden-

493 2394 637 2450 dum
659 2390 1235 2461 illuminandumque
1248 2405 1363 2444 non
1379 2388 2147 2464 contempserit,habebitex

492 2483 622 2555 ejus
651 2479 842 2554 gratia
868 2495 1046 2552 opera
1073 2478 1245 2545 bona,
1265 2494 1333 2532 ex
1362 2477 1580 2550 quibus
1610 2477 1786 2534 etiam
1818 2479 2144 2534 secundum

493 2587 706 2644 corpus
736 2587 771 2625 a
800 2567 1006 2625 mortis
1035 2567 1408 2639 corruptione
1438 2565 1783 2634 redimatur,
1808 2572 2144 2634 coronetur,

492 2657 782 2732 bonisque
809 2657 1075 2723 satietur,
1110 2671 1224 2710 non
1273 2653 1718 2726 temporalibus,
1755 2655 1857 2711 sed
1891 2655 2145 2720 aeternis,

493 2765 675 2820 supra
693 2762 871 2818 quam
895 2745 1152 2818 petimus
1165 2749 1220 2799 et
1238 2742 1784 2815 intelligimus.Haec
1802 2743 2142 2815 disputatio,

493 2835 544 2893 si
575 2833 880 2910 quaestioni
907 2833 990 2888 illi
1019 2832 1306 2889 solvendae
1337 2831 1926 2900 sufﬁcit,sufﬁciat.Si
1949 2837 2144 2888 autem

495 2923 900 2998 respondetur,
933 2923 1256 2978 cavendum
1287 2937 1418 2976 esse
1451 2937 1524 2976 ne
1553 2920 1869 2993 quisquam
1901 2922 2017 2977 Deo
2047 2921 2148 2977 tri-

493 3012 795 3070 buendum
827 3014 991 3084 putet
1035 3012 1342 3083 peccatum
1394 3009 1548 3080 quod
1583 3007 1920 3064 admittitur
1944 3027 2046 3082 per
2074 3010 2145 3064 li-

492 3103 698 3158 berum
723 3099 1054 3167 arbitrium,
1087 3098 1136 3154 si
1169 3097 1228 3153 in
1257 3115 1324 3153 eo
1355 3098 1511 3169 quod
1543 3097 1775 3164 dicitur,
1813 3098 1952 3166 Quid
1983 3100 2146 3156 habes

2252 1340 2400 1396 quos
2432 1326 2601 1381 nobis
2632 1329 2890 1398 potestas
2920 1330 3008 1380 est
3038 1330 3172 1382 ante
3200 1326 3400 1383 oculos
3431 1331 3666 1383 nostros
3696 1343 3893 1400 perpe-

2251 1416 2405 1468 trare
2463 1414 2682 1470 scelera
2736 1414 3175 1488 permittamus,
3225 1415 3307 1469 rei
3357 1415 3512 1472 188
3565 1431 3705 1470 cum
3755 1415 3895 1488 ipsis

2251 1502 2682 1570 erimus.Quam
2703 1519 2837 1559 vero
2857 1503 3312 1559 innumerabilia
3337 1503 3434 1559 ille
3464 1503 3758 1576 permittit
3778 1502 3894 1559 ﬁeri

2253 1595 2386 1647 ante
2416 1591 2614 1647 oculos
2647 1608 2786 1648 suos
2815 1595 2956 1664 (cap.
2974 1593 3086 1659 26),
3113 1609 3240 1664 quae
3273 1591 3476 1665 utique
3507 1592 3556 1648 si
3588 1591 3894 1662 noluisset,

2251 1678 2417 1735 nulla
2436 1681 2655 1736 ratione
2678 1680 3090 1752 permitteret?
3111 1685 3168 1737 et
3189 1685 3383 1736 tamen
3397 1681 3601 1752 justus
3619 1685 3681 1738 et
3709 1681 3897 1738 bonus

2251 1773 2432 1834 est,et
2459 1769 2615 1840 quod
2644 1769 2951 1841 praebendo
2983 1767 3326 1842 patientiam
3357 1769 3459 1826 dat
3487 1769 3682 1827 locum
3715 1769 3896 1844 paeni-

2253 1857 2444 1914 tentiae
2466 1857 2672 1914 nolens
2703 1857 2960 1930 aliquem
2993 1858 3238 1931 perire.»
3271 1859 3340 1913 Et
3368 1858 3428 1914 in
3459 1857 3608 1915 libro
3637 1859 3712 1915 dc
3742 1859 3898 1915 Cate-

2252 1945 2551 2002 chizandis
2581 1946 2915 2012 rudibus,in
2947 1963 3061 2018 quo
3093 1945 3577 2020 qualitercunque
3597 1947 3753 2004 hanc
3775 1965 3898 2004 sen-

2253 2033 2500 2090 tentiam
2529 2039 2731 2090 contra
2759 2033 3060 2092 haereticos
3089 2035 3441 2108 exposuerit,
3464 2037 3763 2109 quomodo
3795 2037 3897 2093 im-

2252 2123 2503 2180 buendis
2531 2123 2604 2178 ad
2636 2124 2812 2180 ﬁdem
2852 2124 3138 2180 tradenda
3167 2125 3262 2192 sit,
3296 2128 3354 2180 et
3379 2124 3625 2182 imbutis
3651 2125 3906 2182 tenenda

2254 2211 2350 2280 sit,
2383 2211 2678 2268 evidenter
2724 2212 2998 2281 ostendit,
3031 2211 3233 2269 dicens
3265 2228 3280 2268 :
3314 2235 3343 2263 «
3376 2211 3541 2281 Vere,
3575 2213 3781 2280 frater,
3813 2213 3908 2269 illa

2254 2317 2469 2374 magna
2493 2304 2551 2356 et
2576 2317 2711 2357 vera
2739 2301 3038 2358 beatitudo
3063 2305 3171 2369 est,
3205 2319 3331 2374 quae
3363 2302 3424 2357 in
3457 2302 3656 2358 futuro
3693 2302 3908 2359 saeculo

2255 2389 2474 2445 sanctis
2505 2389 3105 2462 promittitur.0mnia
3135 2407 3264 2447 vero
3292 2389 3546 2448 visibilia
3576 2394 3910 2459 transeunt,

2253 2481 2312 2534 et
2330 2476 2524 2534 omnis
2544 2477 2722 2549 hujus
2753 2477 2948 2534 saeculi
2973 2495 3209 2551 pompa,
3233 2484 3291 2535 et
3311 2478 3552 2548 deliciae,
3571 2483 3632 2535 et
3659 2479 3912 2536 curiosi-

2253 2569 2346 2622 tas
2367 2565 2712 2632 interihunt,
2738 2570 2797 2621 et
2821 2581 3022 2622 secum
3055 2565 3127 2621 ad
3159 2566 3460 2622 interitum
3492 2565 3738 2622 trahunt
3758 2585 3916 2623 ama-

2254 2659 2411 2710 tores
2437 2671 2596 2710 suos.
2618 2655 2664 2709 A
2685 2671 2800 2726 quo
2832 2655 3092 2721 interitu,
3127 2654 3235 2711 hoc
3265 2659 3354 2712 est
3383 2655 3572 2728 pasnis
3595 2655 3918 2729 sempiter-

2254 2743 2367 2809 nis,
2393 2743 2548 2799 Deus
2570 2742 2905 2798 misericors
2926 2742 3124 2799 volens
3142 2743 3413 2800 homines
3433 2743 3704 2812 liberare,
3724 2745 3778 2800 si
3805 2745 3912 2802 sibi

2253 2830 2365 2904 ipsi
2389 2849 2502 2887 non
2526 2831 2644 2888 sint
2665 2831 2913 2898 inimici,
2935 2835 2994 2887 et
3024 2849 3140 2887 non
3181 2832 3460 2890 resistant
3490 2832 3915 2890 misericordia

2253 2920 2542 2977 Creatoris
2571 2921 2686 2986 sui,
2721 2919 2883 2976 misit
2924 2921 3294 2994 unigenitum
3322 2921 3534 2978 Filium
3565 2939 3770 2995 suum,
3807 2923 3916 2979 hoc

2252 3013 2360 3077 est,
2402 3009 2656 3066 Verbum
2687 3027 2886 3081 suum,
2917 3009 3140 3082 aequale
3169 3010 3302 3078 sibi,
3327 3027 3430 3084 per
3459 3011 3612 3084 quod
3643 3012 3918 3068 condidit

2253 3098 2471 3165 omnia,
2490 3102 2549 3154 et
2577 3115 2824 3155 manens
2853 3097 3091 3170 quidem
3125 3099 3184 3154 in
3215 3099 3518 3155 divinitate
3545 3117 3678 3167 sua,
3701 3104 3763 3156 et
3799 3118 3914 3157 non

496 3189 638 3264 quod
665 3205 776 3245 non
801 3188 1099 3260 accepisti?
1127 3189 1434 3258 propterea
1479 3185 1656 3241 etiam
1706 3186 1976 3243 voluntas
2025 3205 2144 3260 qua
2179 3253 2214 3264 Α
2257 3187 2532 3244 recedens
2553 3204 2588 3242 a
2607 3187 2792 3253 Patre,
2816 3203 2924 3243 nec
2944 3186 3002 3242 in
3027 3187 3222 3260 aliquo
3243 3192 3528 3259 mutatus,
3548 3191 3918 3248 assumenda

495 3253 790 3334 credimus
819 3253 971 3330 dono
1001 3273 1102 3330 Dei
1129 3253 1432 3342 tribuitur,
1465 3273 1605 3346 quia
1633 3275 1704 3329 de
1736 3275 1916 3331 libero
1946 3253 2144 3332 existit
2172 3253 2216 3319 (ἶ
2255 3279 2453 3332 tamen
2485 3274 2869 3344 hominem,et
2889 3274 2947 3330 in
2983 3253 3156 3332 carne
3187 3275 3417 3333 mortali
3447 3253 3802 3334 hominibus
3825 3296 3924 3351 ap-

495 3363 920 3436 arbitrio,quod
951 3379 1084 3418 cum
1110 3377 1443 3418 crearemur
1471 3361 1800 3434 accepimus
1835 3380 1848 3418 :
1883 3365 2146 3421 attendat

495 3457 556 3513 et
574 3453 768 3510 videat
789 3469 902 3508 non
925 3451 1052 3507 ideo
1085 3454 1317 3506 tantum
1350 3450 1524 3506 istam
1553 3450 1916 3508 voluntatem
1946 3453 2142 3510 divino

495 3541 724 3601 muneri
745 3538 1286 3611 tribuendam,quia
1305 3555 1373 3594 ex
1394 3539 1575 3595 libero
1595 3540 1834 3595 arbitrio
1857 3545 1967 3612 cst,
1987 3543 2141 3614 quod

496 3631 666 3690 nobis
695 3627 1038 3687 naturaliter
1057 3631 1428 3683 concreatum
1450 3631 1764 3693 est,verum
1789 3630 1967 3684 etiam
1987 3631 2141 3701 quod

492 3721 750 3778 visorum
773 3715 1148 3774 suasionibus
1171 3715 1291 3788 agit
1311 3717 1465 3772 Deus
1487 3720 1552 3771 ut
1574 3716 1907 3784 velimus,et
1931 3723 1994 3772 ut
2015 3735 2142 3774 cre-

493 3811 726 3877 damus,
751 3807 870 3864 sive
889 3806 1252 3864 extrinsecus
1276 3822 1378 3877 per
1395 3804 1762 3876 evangelicae
1792 3805 2143 3863 exhortatio-

495 3915 620 3968 nes,
653 3896 755 3954 ubi
784 3901 842 3953 et
871 3895 1149 3950 mandata
1176 3893 1324 3967 legis
1354 3892 1578 3965 aliquid
1611 3899 1818 3966 agunt,
1851 3893 1900 3950 si
1931 3895 2004 3950 ad
2035 3895 2144 3950 hoc

493 3989 816 4045 admonent
843 3983 1144 4040 hominem
1174 3981 1534 4037 inﬁrmitatis
1565 3988 1778 4049 suae,ut
1798 3984 1870 4039 ad
1894 3984 2142 4056 gratiam

487 4075 912 4148 justiﬁcantem
935 4070 1222 4126 credendo
1247 4069 1580 4142 confugiat:
1615 4071 1734 4127 sive
1766 4073 2140 4142 intrinsecus,

496 4163 597 4220 ubi
620 4178 792 4218 nemo
811 4158 1058 4216 habetin
1070 4162 1356 4231 potestate
1369 4159 1507 4229 quid
1522 4159 1572 4214 ei
1588 4160 1778 4215 veniat
1791 4160 1848 4214 in
1863 4166 2140 4230 mentem,
2167 4235 2181 4240 _

498 4252 600 4308 sed
626 4248 957 4307 consentire
978 4247 1064 4304 vel
1097 4246 1409 4303 dissentire
1430 4249 1675 4320 propriae
1695 4249 2010 4305 voluntatis
2031 4255 2141 4306 est.

499 4340 601 4396 His
622 4355 758 4411 ergo
789 4337 981 4392 modis
1012 4336 1248 4409 quando
1279 4335 1434 4392 Deus
1455 4337 1574 4409 agit
1593 4354 1726 4392 cum
1759 4338 1958 4393 anima
1977 4338 2147 4394 ratio-

498 4426 617 4484 nali
649 4431 716 4481 ut
745 4426 796 4482 ci
828 4425 1048 4495 credat,
1071 4441 1260 4496 neque
1291 4424 1448 4479 enim
1479 4426 1711 4481 credere
1741 4430 1933 4498 potest
1960 4427 2145 4498 quod-

496 4515 642 4572 libet
671 4514 850 4570 libere
879 4513 1140 4579 arbitrio,
1167 4512 1213 4569 si
1248 4512 1411 4568 nulla
1441 4513 1518 4568 sit
1547 4515 1743 4570 suasio
1791 4514 1878 4569 vel
1921 4516 2146 4572 vocatio

2252 3364 2530 3436 parendo,
2567 3363 2724 3419 venit
2749 3363 2821 3419 ad
2852 3363 3142 3432 homines,
3178 3370 3244 3420 ut
3272 3366 3780 3438 quemadmodum
3821 3385 3924 3440 per

2255 3469 2438 3508 unum
2463 3451 2788 3522 hominem,
2807 3452 2908 3525 qui
2931 3453 3159 3525 primus
3180 3455 3370 3510 factus
3384 3453 3558 3522 est,id
3576 3460 3670 3512 est
3697 3456 3926 3524 Adam,

2253 3559 2414 3597 mors
2446 3540 2684 3596 intravit
2713 3539 2774 3596 in
2805 3558 2992 3614 genus
3038 3541 3387 3612 humanum,
3419 3543 3560 3616 quia
3610 3546 3927 3602 consensit

2253 3628 2482 3685 mulieri
2513 3647 2633 3685 suae
2665 3630 2918 3686 seductas
2949 3648 2984 3686 a
3012 3631 3266 3699 diabolo,
3302 3636 3367 3687 ut
3415 3637 3782 3705 praceptum
3825 3636 3924 3690 Dei

2252 3719 2826 3791 transgrederentur:
2844 3719 2928 3775 sic
2949 3737 3052 3792 per
3075 3737 3260 3781 unum
3283 3721 3714 3794 hominem,qui
3733 3723 3926 3780 etiam

2253 3808 2408 3864 Deus
2438 3812 2528 3864 est
2556 3809 2652 3864 Dei
2681 3808 2884 3875 Filius,
2914 3809 3118 3866 Jesum
3167 3811 3487 3878 Christum,
3519 3810 3734 3868 deletis
3787 3830 3928 3870 om-

2253 3897 2428 3953 nibus
2461 3897 2714 3970 peccatis
2745 3899 3072 3970 praateritis,
3104 3901 3406 3957 credentes
3435 3900 3494 3956 in
3527 3917 3664 3957 eum
3700 3919 3928 3960 omnes

2252 3985 2312 4040 in
2343 3991 2620 4042 aeternam
2669 3986 2848 4043 vitam
2900 3987 3364 4061 ingrederentur.
3400 4011 3429 4039 »
3461 3989 3532 4045 Et
3559 3989 3621 4045 in
3654 3988 3818 4048 libro
3852 3993 3929 4049 de

2254 4075 2412 4130 Bono
2432 4074 2872 4147 perseverantiae
2895 4080 3033 4148 (cap.
3066 4078 3158 4144 23)
3185 4094 3198 4132 :
3225 4101 3253 4126 ‹‹
3275 4081 3461 4150 Atque
3493 4077 3726 4134 utinam
3759 4082 3926 4137 tardi

2253 4163 2426 4218 corde
2455 4167 2512 4218 et
2539 4163 2778 4231 inﬁrmi,
2812 4163 2913 4236 qui
2962 4182 3078 4220 non
3133 4171 3382 4238 possunt
3436 4165 3784 4239 Scripturas
3831 4169 3926 4226 vel

2254 4267 2456 4306 earum
2479 4251 2872 4320 expositiones
2901 4251 3241 4326 intelligere,
3265 4254 3350 4310 sic
3381 4255 3656 4310 audirent
3676 4255 3772 4312 vel
3799 4275 3926 4313 non

2255 4339 2527 4396 audirent
2548 4339 2605 4394 in
2629 4339 2739 4395 hac
2759 4341 3080 4413 quaestione
3111 4343 3538 4414 disputationes
3568 4349 3842 4413 nostras,
3859 4351 3932 4402 ut

2255 4428 2444 4502 magis
2475 4426 2846 4484 intuerentur
2875 4429 3164 4486 orationes
3196 4448 3354 4498 suas,
3380 4448 3526 4504 quas
3553 4447 3803 4505 semper
3825 4434 3933 4491 ha-

2255 4515 2383 4571 buit
2412 4521 2470 4571 et
2515 4515 2756 4572 habebit
2804 4517 3061 4574 Ecclesia
3108 4519 3180 4574 ab
3225 4519 3476 4576 exordiis
3524 4519 3673 4588 suis,
3729 4523 3932 4580 donec

499 4603 592 4661 cui
616 4600 1093 4674 credat,profecto
1113 4605 1171 4656 et
1194 4601 1387 4672 ipsum
1417 4599 1562 4656 velle
1590 4603 1821 4658 credere
1842 4603 1994 4659 Deus
2012 4621 2145 4676 ope-
2175 4616 2226 4684 Β
2259 4603 2498 4660 ﬁniatur
2527 4605 2635 4660 hoc
2661 4604 2962 4662 saeculum.
2990 4607 3070 4662 De
3100 4607 3210 4664 hac
3231 4608 3388 4664 enim
3421 4625 3501 4676 re,
3535 4625 3722 4681 quam
3755 4629 3936 4670 nunc

501 4697 665 4749 ratur
694 4691 753 4746 in
785 4688 1043 4757 homine,
1076 4693 1134 4744 et
1166 4689 1223 4744 in
1265 4689 1541 4744 omnibus
1589 4691 1989 4747 misericordia
2019 4694 2148 4764 ejus

500 4780 776 4856 praevenit
805 4797 932 4836 nos.
975 4777 1315 4834 Consentire
1359 4781 1553 4833 autem
1585 4779 1869 4834 vocationi
1903 4781 2024 4848 Dei,
2057 4781 2145 4837 vel

499 4870 572 4927 ab
604 4887 674 4925 ea
703 4865 1036 4934 dissentire,
1069 4866 1221 4922 sicut
1251 4865 1527 4932 diximus,
1556 4868 1801 4940 propria:
1831 4867 2146 4926 voluntatis

498 4962 606 5015 est.
639 4959 775 5024 Qua:
807 4973 899 5012 res
929 4973 1046 5012 non
1077 4954 1268 5012 solum
1301 4972 1416 5010 non
1445 4953 1706 5010 inﬁrmat
1735 4957 1887 5027 quod
1921 4957 2145 5013 dictum

501 5051 608 5112 est,
656 5045 796 5114 Quid
843 5045 993 5102 enim
1047 5043 1210 5100 habes
1261 5043 1401 5116 quod
1450 5058 1562 5098 non
1607 5046 1862 5116 accepisti
1884 5048 1906 5100 Ρ
1942 5063 2144 5102 verum

499 5138 674 5190 etiam
706 5134 1036 5191 conﬁrmat.
1069 5130 1340 5204 Accipere
1372 5131 1586 5202 quippe
1617 5135 1674 5186 et
1705 5131 1918 5188 habere
1949 5135 2146 5191 anima

501 5239 616 5279 non
648 5228 839 5295 potest
867 5223 1040 5288 dona,
1068 5221 1140 5276 de
1169 5219 1386 5292 quibus
1416 5219 1524 5274 hoc
1555 5218 1738 5288 audit,
1763 5221 1875 5276 nisi
1901 5239 2144 5278 consen-

501 5308 701 5365 tiendo
725 5327 738 5365 :
765 5327 832 5364 ac
854 5326 957 5382 per
977 5309 1086 5364 hoc
1107 5307 1250 5379 quid
1282 5305 1495 5361 habeat
1513 5311 1570 5361 et
1591 5307 1728 5378 quid
1771 5309 2019 5382 accipiat
2047 5311 2146 5368 Dei

502 5399 591 5452 est
613 5411 628 5451 :
653 5397 915 5470 accipere
930 5402 1126 5452 autem
1146 5401 1204 5451 et
1223 5394 1458 5461 habere,
1483 5394 1685 5466 utique
1723 5397 2062 5468 accipientis
2091 5405 2149 5457 et

503 5482 774 5540 habentis
806 5490 915 5540 est.
946 5485 1076 5540 Jam
1119 5483 1166 5538 si
1199 5482 1272 5537 ad
1305 5481 1463 5536 illam
1497 5481 1953 5554 profunditatem
1984 5505 2146 5544 scru-

503 5572 740 5628 tandum
761 5571 1074 5645 quisquam
1096 5587 1203 5626 nos
1224 5573 1609 5635 coarctat,cur
1628 5569 1710 5625 illi
1732 5571 1812 5627 ita
1833 5576 2150 5633 suadeatur

504 5665 569 5716 ut
589 5662 1031 5734 persuadeatur,
1051 5659 1132 5715 illi
1165 5663 1361 5716 autem
1394 5674 1507 5713 non
1541 5658 1620 5715 ita
1651 5660 1766 5715 duo
1796 5661 1918 5719 sola
1949 5681 2149 5722 occur-

2255 4692 2534 4748 adversus
2555 4709 2732 4748 novos
2754 4692 3054 4749 haereticos
3085 4695 3224 4765 (cap.
3257 4695 3370 4762 24),
3403 4711 3517 4751 non
3548 4711 3934 4756 commemo-

2255 4797 2382 4836 rare
2401 4785 2655 4847 tantum,
2691 4781 2790 4836 sed
2815 4781 2985 4854 plane
3010 4782 3158 4838 tueri
3182 4787 3238 4838 et
3267 4783 3571 4840 defensare
3600 4788 3935 4860 compelli-

2255 4883 2718 4938 mur,nunquam
2739 4869 2921 4924 tacuit
2941 4869 2999 4924 in
3024 4869 3294 4942 precibus
3310 4869 3568 4937 suis,etsi
3585 4870 3935 4945 aliquando

2254 4954 2314 5010 in
2337 4954 2708 5010 sermonibus
2729 4957 3264 5024 exercndam,nullo
3287 4963 3528 5031 urgente
3547 4959 3938 5034 adversario,

2255 5061 2368 5099 non
2411 5042 2653 5116 putavit.
2696 5044 2938 5110 Quando
2989 5045 3146 5101 enim
3179 5064 3294 5103 non
3323 5052 3554 5104 oratum
3585 5053 3678 5104 est
3709 5049 3776 5106 in
3816 5053 3936 5108 Ec-

2253 5132 2432 5188 clesia
2452 5149 2554 5204 pro
2575 5131 2934 5199 inﬁdelibus,
2959 5138 3132 5205 atque
3165 5134 3420 5192 inimicis
3449 5137 3579 5208 ejus
3607 5141 3673 5192 ut
3701 5141 3939 5197 crede-

2254 5221 2426 5277 rent?
2446 5221 2681 5293 quando
2702 5221 2891 5276 ﬁdelis
2912 5222 3225 5294 quisquam
3257 5225 3938 5298 amicum,proximum,

2254 5311 2563 5382 conjugem
2596 5309 2802 5366 habuit
2849 5309 3167 5379 inﬁdelem,
3201 5318 3257 5367 et
3286 5331 3400 5370 non
3433 5313 3485 5368 ei
3508 5314 3717 5386 petivit
3749 5335 3791 5373 a
3827 5325 3946 5376 Do-

2257 5398 2414 5454 mino
2445 5403 2702 5452 mentem
2733 5397 3098 5454 obedientem
3130 5400 3190 5455 in
3221 5401 3554 5457 Christiana
3582 5403 3698 5458 ﬁde
3724 5409 3750 5461 P
3775 5409 3944 5474 Quis

2257 5492 2456 5544 autem
2488 5485 2600 5541 sibi
2631 5502 2893 5557 unquam
2927 5503 3040 5542 non
3075 5489 3278 5557 oravit,
3303 5495 3369 5544 ut
3399 5489 3457 5544 in
3490 5490 3746 5548 Domino
3783 5513 3946 5568 per-

2258 5575 2552 5632 maneret?
2575 5578 2679 5629 aut
2699 5573 2831 5646 quis
2855 5577 3214 5632 sacerdotem
3237 5595 3415 5651 super
3440 5579 3708 5637 inﬁdeles
3720 5582 3950 5642 Domi-

2259 5681 2400 5722 num
2423 5663 2809 5728 invocantem,
2835 5663 2883 5720 si
2907 5665 3141 5736 quando
3163 5665 3306 5723 dixit
3330 5683 3342 5721 :
3370 5667 3456 5723 Da
3480 5665 3614 5735 illis,
3639 5668 3949 5744 Domine,
