4020 6498
170 483 262 548 253

822 481 927 543 DE
968 480 1730 544 PBEDESTINATIONE
1774 479 2293 543 DISSER’I‘ATIO
2335 480 2801 544 POSTERIOR.

3385 470 3506 545 9574

170 617 216 673 in
240 621 286 672 te
309 628 523 686 sperare
550 629 738 686 usque
757 613 818 669 in
848 614 1171 683 finem,non
1198 614 1389 671 solum
1419 631 1554 670 voce
1575 631 1756 671 ausus
1782 613 1838 681 Α
1869 616 2225 680 adversatur,
2259 613 2481 686 injusta
2509 619 2616 671 est.
2650 615 2731 670 Ab
2780 613 2879 671 illo
2927 613 3083 672 enim
3131 615 3232 688 qui
3278 633 3511 674 summe

170 710 255 772 est,
286 704 375 759 sed
410 701 610 759 saltem
662 702 1013 774 cogitatione
1062 704 1504 775 reprehendere,
1534 720 1600 759 ac
1644 719 1759 757 non
1860 704 2063 774 justus
2105 708 2213 769 est,
2238 720 2411 757 omne
2442 704 2598 774 quod
2629 702 3112 776 qualitercumque
3132 704 3366 776 justum
3396 709 3508 773 est,

169 792 330 867 potius
356 807 522 862 super
548 791 677 862 ejus
706 790 882 847 talem
913 791 1398 860 benedictionem,
1432 798 1489 847 et
1517 809 1614 847 ore
1646 808 1763 847 cre—

173 883 328 948 dente,
348 883 400 935 et
424 879 590 935 corde
621 880 951 945 confitente,
976 880 1277 951 respondit
1303 880 1525 936 Amen?
1559 902 1586 929 ››
1618 882 1763 936 Ecce

168 969 411 1042 quomodo
428 971 662 1024 sanctus
682 967 1049 1039 Augustinus
1070 969 1359 1024 consentit
1378 974 1436 1024 et
1455 970 1764 1024 conﬁrmat

171 1058 295 1130 quod
321 1060 543 1113 sanctus
573 1055 798 1112 dixerat
828 1055 1212 1113 leestinus:
1247 1059 1457 1131 Legem
1489 1057 1763 1114 credendi

173 1146 247 1203 lex
285 1149 483 1202 statuat
529 1143 926 1216 supplicandi.
975 1147 1090 1201 Cur
1137 1149 1333 1201 autem
1389 1163 1503 1201 non
1561 1163 1765 1202 omnes

168 1234 423 1292 salventur
450 1250 583 1288 cum
615 1249 819 1289 omnes
852 1234 1004 1289 Deus
1043 1232 1233 1289 salvos
1282 1235 1406 1288 fieri
1454 1234 1610 1301 velit,
1640 1234 1767 1307 ipse

164 1323 215 1379 in
230 1322 358 1378 libro
377 1322 441 1377 de
459 1314 971 1394 praadestinatione
994 1326 1334 1378 sanctorum
1359 1326 1565 1396 (cap.6)
1587 1323 1763 1379 dicit:

169 1434 192 1463 ι(
218 1410 360 1467 Multi
388 1410 636 1467 audiunt
661 1411 906 1467 verbum
933 1410 1214 1480 veritatis,
1240 1412 1339 1467 sed
1375 1411 1472 1467 alii
1501 1412 1765 1480 credunt,

168 1499 249 1556 alii
275 1498 681 1557 contradicunt.
714 1499 934 1556 Volunt
963 1516 1100 1572 ergo
1145 1499 1245 1555 isti
1277 1501 1526 1569 credere,
1563 1500 1772 1555 nolunt

162 1588 286 1645 189
315 1590 497 1644 autem
512 1586 602 1642 illi
612 1587 771 1654 .Quis
784 1587 892 1644 hoc
906 1587 1172 1660 ignoret?
1187 1587 1321 1661 quis
1332 1588 1442 1644 hoc
1454 1588 1769 1662 neget?Sed

162 1693 272 1733 cum
298 1676 351 1732 in
381 1676 507 1732 aliis
558 1680 943 1748 praeparetur,
976 1676 1037 1731 in
1071 1676 1203 1733 aliis
1253 1694 1369 1732 non
1417 1681 1774 1750 praeparetur

159 1764 389 1827 voluntas
418 1782 453 1821 a
482 1763 757 1832 Domino,
791 1765 1246 1821 discernendum
1279 1768 1369 1821 est
1400 1764 1601 1838 utique
1631 1765 1772 1837 quid

159 1854 322 1910 veniat
346 1854 413 1910 de
441 1853 850 1909 misericordia
881 1855 1031 1924 ejus,
1065 1854 1206 1926 quid
1236 1855 1306 1909 de
1329 1853 1576 1924 judicio.
1610 1855 1770 1921 Quod

1869 808 2109 847 manare
2134 790 2512 847 manifestum
2544 796 2651 847 est.
2685 792 2829 858 Quis
2858 808 2994 864 ergo
3025 791 3134 848 erit
3163 792 3264 864 qui
3297 793 3514 850 incom-

1869 880 2232 937 mutabiliter
2262 884 2680 949 manentem,et
2710 881 2909 936 omnia
2939 897 3066 952 quae
3096 884 3237 936 sunt
3269 882 3517 937 conden-

1869 975 2010 1035 tem,
2042 974 2360 1041 regentem,
2393 975 2567 1042 atque
2616 973 2970 1037 servantem,
3015 968 3117 1025 Dei
3167 968 3515 1040 sapientiam

1872 1058 2142 1114 humana;
2194 1057 2492 1130 sapientia
2542 1059 2757 1129 pendat
2813 1057 3075 1125 arbitrio,
3117 1059 3187 1114 de
3217 1075 3335 1130 qua
3363 1058 3518 1114 idem

1870 1146 2184 1219 Apostolus
2205 1146 2366 1213 dicit,
2396 1146 2535 1218 quia
2554 1146 2839 1219 Sapientia
2859 1149 3044 1203 carnis
3065 1148 3296 1203 inimica
3313 1154 3393 1203 est
3416 1150 3521 1204 Deo

1872 1236 2047 1304 (Rom.
2079 1252 2201 1303 vm,
2230 1236 2310 1307 7),
2344 1239 2401 1290 et
2434 1234 2572 1290 alibi
2607 1252 2620 1290 :
2653 1235 2934 1307 Sapientia
2960 1237 3123 1309 hujus
3151 1236 3349 1292 mundi
3376 1238 3522 1293 stul-

1874 1326 1997 1381 titia
2040 1333 2121 1381 est
2160 1324 2306 1396 apud
2355 1325 2572 1380 Deum?
2600 1324 2645 1396 (ι
2677 1324 2798 1380 Cor.
2830 1339 2917 1390 ιιι,
2952 1324 3062 1397 19.)
3094 1324 3221 1380 Non
3268 1329 3360 1380 est
3386 1341 3523 1398 ergo

1875 1415 1946 1470 de
1967 1413 2067 1469 illa
2087 1414 2392 1484 majestate
2411 1412 2616 1468 divinae
2639 1412 2938 1485 sapientiae
2960 1413 3233 1468 humanas
3249 1413 3525 1470 vanitatis

1876 1503 2119 1558 arbitrio
2168 1502 2616 1573 disputandum.
2653 1524 2681 1551 »
2725 1502 2795 1556 Et
2842 1500 3015 1573 paulo
3067 1505 3200 1574 post
3245 1506 3387 1574 (cap.
3416 1503 3473 1571 3)
3509 1518 3522 1558 :

1885 1612 1912 1645 α
1933 1594 2116 1657 Quem
2137 1607 2273 1663 ergo
2295 1594 2486 1645 movet
2505 1590 2627 1645 haec
2649 1591 2706 1645 in
2730 1589 2938 1645 divinas
2979 1588 3177 1662 gloria:
3223 1590 3527 1662 dispensa-

1877 1680 2035 1736 tione
2083 1679 2411 1745 diversitas,
2459 1682 2517 1734 et
2560 1677 2852 1749 injustum
2910 1681 3077 1749 putat
3141 1678 3340 1752 negari
3383 1678 3530 1734 alter

1879 1769 2037 1841 quod
2066 1768 2213 1824 alter
2233 1766 2831 1839 acceperit,intelligat
2850 1767 3348 1838 quemadmodum
3373 1769 3530 1824 190

1881 1856 2161 1913 divinitus
2217 1856 2427 1911 dixerit
2483 1854 2834 1911 Psalmista:
2869 1856 3147 1912 Universae
3173 1857 3282 1912 viae
3309 1857 3532 1912 Domini

162 1943 419 2013 quaerebat
447 1940 740 2012 Israel,ait
767 1941 1220 2014 Apostolus,hoc
1249 1960 1365 1998 non
1396 1948 1486 1999 est
1504 1959 1774 1998 consecu-
1807 1978 1853 2042 Β
1880 1944 2257 2001 misericordia
2328 1952 2380 2000 et
2438 1946 2639 2000 veritas
2704 1943 2874 2015 (Psat.
2943 1943 3095 2015 xxxv)
3133 1962 3147 2012 ;
3207 1946 3381 2015 atque
3433 1959 3528 1999 co-

159 2037 257 2101 tus,
276 2028 462 2087 electio
494 2035 697 2087 autem
729 2034 1042 2086 consecuta
1070 2034 1178 2099 est,
1210 2030 1401 2086 caeteri
1432 2048 1564 2087 vero
1595 2048 1770 2087 excae-

155 2118 249 2195 cati
273 2117 582 2189 sunt,sicut
611 2118 897 2191 scriptum
929 2123 1050 2175 est:
1076 2120 1251 2175 Dedit
1271 2118 1401 2175 illis
1424 2125 1576 2175 Deus
1601 2121 1776 2191 spiri-

157 2216 257 2263 tum
280 2207 731 2281 compunctionis
753 2225 768 2263 :
792 2206 994 2264 oculos
1024 2213 1088 2262 ut
1116 2224 1231 2263 non
1262 2209 1573 2274 videant,et
1605 2225 1777 2264 aures

156 2301 209 2351 ut
231 2312 334 2351 non
366 2297 626 2353 audiant
656 2312 835 2369 usque
865 2297 925 2352 in
955 2297 1307 2353 hodiernum
1338 2297 1494 2353 diem
1521 2301 1647 2364 ([sa.
1676 2315 1730 2355 v1
1758 2315 1772 2364 ;

154 2387 290 2441 Rom.
317 2402 389 2454 lx,
423 2387 496 2454 8).
537 2386 612 2441 Et
641 2385 824 2441 David
856 2385 999 2441 dicit
1031 2403 1044 2441 :
1077 2387 1216 2441 Fiat
1261 2401 1457 2441 mense
1482 2402 1683 2442 eorum
1713 2388 1778 2443 in

162 2470 422 2546 laqueum,
461 2480 519 2530 et
575 2476 642 2531 in
691 2475 1163 2543 retributionem,
1210 2481 1268 2530 et
1319 2475 1379 2530 in
1426 2475 1779 2532 scandalum

154 2560 686 2621 illis.0bscurentur
713 2562 879 2620 oculi
893 2580 1094 2620 eorum
1111 2580 1183 2620 ne
1197 2565 1517 2631 videant,et
1539 2566 1780 2621 dorsum

155 2666 326 2706 eorum
351 2670 584 2724 semper
615 2652 862 2708 incurva
896 2652 1083 2721 (Psai.
1121 2670 1311 2719 vam,
1344 2655 1456 2722 23).
1491 2655 1633 2709 Ecce
1670 2655 1778 2709 mi-

153 2739 429 2797 sericordia
454 2747 514 2798 et
532 2740 1341 2812 judicium,misericordiain
1353 2740 1632 2797 electione
1652 2760 1780 2815 quae

155 2833 437 2886 consecuta
450 2828 855 2901 estjustitiam
878 2828 1293 2900 Dei,judicium
1314 2845 1447 2884 vero
1462 2829 1523 2884 in
1545 2835 1782 2888 caeteros

157 2917 241 2988 qui
261 2918 521 2975 excaacati
551 2921 732 2974 sunt:
756 2921 813 2972 et
833 2921 1030 2972 tamen
1052 2916 1137 2972 illi
1169 2918 1304 2989 quia
1325 2917 1632 2973 voluerunt
1660 2936 1782 2975 cre-

156 3004 513 3075 diderunt,illi
537 3005 684 3079 quia
706 3005 1022 3061 noluerunt
1037 3022 1153 3061 non
1171 3006 1786 3063 crediderunt.Miseri-

161 3094 333 3150 cordia
352 3095 536 3168 igitur
564 3100 625 3151 et
637 3093 932 3165 judicium
964 3094 1024 3148 in
1052 3093 1197 3166 ipsis
1218 3094 1614 3151 voluntatibus
1634 3097 1786 3151 facta

159 3187 250 3237 est.
277 3205 304 3233 »
331 3185 401 3239 Et
429 3184 620 3240 item:
658 3206 686 3233 «
720 3184 822 3238 Est
862 3198 999 3253 ergo
1049 3181 1108 3236 in
1158 3181 1450 3238 malorum
1498 3188 1786 3255 potestate

1883 2038 2127 2108 gnoscat
2155 2033 2256 2088 tali
2290 2033 2475 2089 Deum
2509 2049 2601 2088 res
2629 2032 2921 2088 humanas
2954 2031 3173 2104 agitare
3195 2031 3443 2104 judicio,
3465 2035 3532 2088 ut

1882 2122 2108 2178 debitas
2140 2139 2340 2194 poenas
2371 2123 2473 2176 aut
2495 2122 2658 2192 juste
2689 2121 2915 2190 reddat,
2948 2123 3051 2175 aut
3080 2119 3534 2176 misericorditer

1881 2212 2078 2267 donet.
2112 2233 2140 2262 »
2172 2211 2242 2266 Et
2271 2209 2444 2281 paulo
2473 2208 2627 2264 infra
2660 2225 2673 2263 :
2719 2232 2746 2258 ‹‹
2779 2210 2887 2264 Per
2912 2225 3086 2263 unum
3118 2198 3419 2275 hominem,
3441 2206 3533 2263 in-

1884 2300 2311 2372 quit,peeeatum
2338 2298 2567 2354 intravit
2593 2299 2657 2353 in
2679 2297 2967 2365 mundum,
2986 2304 3038 2353 et
3060 2303 3338 2368 peceatum
3365 2304 3535 2365 mars,

1884 2396 1936 2445 et
1954 2390 2032 2444 ita
2053 2391 2110 2444 in
2142 2404 2325 2445 omnes
2358 2388 2602 2443 homines
2630 2386 2973 2457 pertransiit,
2998 2386 3060 2440 in
3088 2401 3192 2456 quo
3221 2400 3404 2441 omnes
3418 2400 3538 2456 peo-

1885 2485 2145 2533 eaverunt
2171 2478 2343 2545 (Rom.
2377 2493 2430 2542 v,
2466 2476 2573 2543 11).
2609 2475 2766 2530 Mors
2794 2473 3013 2529 intrare
3058 2491 3172 2529 non
3205 2472 3395 2546 potuit
3422 2471 3537 2529 nisi

1887 2567 2140 2622 intrante
2193 2568 2475 2637 peccato:
2511 2568 2569 2619 et
2618 2562 2893 2635 quoniam
2945 2579 3104 2618 mors
3152 2578 3266 2618 non
3316 2560 3536 2617 naturai

1889 2656 2164 2724 conditio,
2189 2656 2287 2711 sed
2324 2672 2495 2726 poena
2524 2653 2743 2725 peccati
2776 2656 3174 2724 est,sequatur
3197 2668 3431 2707 necesse
3449 2653 3540 2707 est

1890 2762 2061 2818 poma
2108 2748 2430 2816 peccatum.
2465 2764 2493 2793 »
2524 2743 2594 2797 Et
2644 2745 2774 2813 post
2820 2757 3008 2813 pauca
3039 2757 3052 2794 :
3098 2762 3127 2791 «
3160 2740 3446 2808 Quoniam
3475 2737 3536 2794 in

1891 2834 2018 2905 ipso
2040 2849 2262 2899 omnes,
2284 2831 2427 2903 quin
2453 2830 2641 2902 primo
2661 2829 3080 2897 homine,sicut
3100 2828 3183 2884 ait
3200 2827 3534 2901 Apostolus,

1893 2924 2294 2993 peccaverunt,
2317 2923 2374 2974 et
2402 2917 2532 2990 ipsa
2553 2918 2680 2988 jam
2713 2916 2772 2971 in
2802 2915 3088 2988 principio
3118 2916 3273 2971 unde
3303 2917 3538 2971 descen-

1893 3010 2089 3064 dimus
2120 3025 2317 3063 massa
2364 3008 2643 3062 damnata
2686 3009 2798 3074 est,
2831 3004 3030 3060 nullus
3060 3005 3131 3059 de
3159 3002 3378 3059 duritia
3406 3007 3534 3069 sua,

1893 3097 2094 3152 nullus
2125 3097 2194 3151 de
2224 3112 2394 3167 pcena
2441 3093 2717 3165 conqueri
2770 3093 3002 3159 audeat,
3036 3108 3164 3164 qua;
3211 3091 3388 3148 etiam
3418 3087 3536 3146 ιιοιι

1894 3184 2277 3241 existentibus
2304 3182 2558 3255 peccatis
2590 3181 2861 3254 propriis,
2887 3180 3011 3237 sola
3040 3180 3317 3236 nascendi
3345 3177 3539 3235 condi-

157 3283 390 3339 peccare.
424 3271 501 3329 Ut
530 3273 733 3328 autem
763 3269 1055 3342 peccando
1084 3269 1194 3324 hoc
1225 3269 1310 3326 vel
1342 3270 1450 3325 hoc
1490 3270 1591 3326 illa
1632 3270 1788 3327 mala
1896 3274 2052 3329 tione
2083 3273 2343 3329 debetur.
2377 3271 2542 3340 Quod
2568 3288 2703 3327 vero
2738 3271 2887 3326 Deus
2917 3268 3047 3325 aliis
3077 3267 3332 3342 gratuita
3362 3284 3535 3323 voca-

142 3357 368 3427 ~iaciant,
402 3377 523 3416 non
556 3362 653 3416 est
681 3358 742 3414 in
773 3374 974 3415 eorum
1006 3362 1313 3430 potestate,
1348 3359 1449 3414 sed
1498 3358 1600 3415 Dei
1645 3359 1786 3416 divi-
1817 3343 1861 3409 (ἶ
1892 3362 2051 3418 tione
2082 3361 2377 3418 conversis
2407 3358 2866 3416 misericordiam
2915 3357 3163 3431 largitur
3192 3355 3537 3424 indebitam,

161 3445 331 3505 dentis
359 3449 663 3516 tenebras,
697 3451 756 3503 et
785 3445 1111 3502 ordinantis
1160 3463 1280 3513 eas,
1315 3451 1380 3502 ut
1425 3447 1564 3503 hinc
1610 3448 1787 3505 etiam

157 3537 288 3606 quod
317 3536 546 3594 faciunt
576 3541 785 3593 contra
814 3534 915 3591 Dei
945 3534 1449 3604 voluntatem,non
1478 3535 1790 3607 impleatur

155 3623 250 3681 nisi
276 3626 549 3684 voluntas
580 3625 744 3682 Dei.»
777 3625 846 3679 Et
874 3623 934 3679 in
965 3623 1113 3692 libro
1146 3623 1216 3679 de
1235 3624 1391 3679 Bono
1422 3642 1786 3697 perseveran-
1824 3700 1827 3701 ν

155 3712 232 3767 tiae
259 3717 411 3788 (cap.
444 3716 504 3788 6)
540 3732 555 3770 :
592 3737 622 3764 «
659 3712 919 3769 Petimus
949 3729 1022 3768 ne
1052 3711 1376 3768 inferamur
1423 3713 1479 3767 in
1512 3715 1788 3770 tentatio-

154 3816 266 3858 nem
297 3819 312 3858 :
343 3808 401 3860 et
429 3804 482 3860 si
514 3802 887 3869 exaudimur,
923 3801 1125 3873 utique
1174 3816 1289 3855 non
1334 3802 1420 3871 ﬁt,
1453 3801 1591 3873 quia
1639 3808 1787 3860 Deus

151 3906 249 3947 non
277 3892 574 3965 permittit
603 3896 672 3948 ut
700 3892 822 3947 ﬁat.
853 3889 1010 3946 Nihil
1056 3888 1213 3946 enim
1244 3890 1328 3957 fit,
1355 3890 1469 3946 nisi
1501 3892 1655 3964 quod
1688 3898 1791 3948 aut

150 3976 259 4050 ipse
284 3981 443 4050 facit,
479 3987 591 4038 aut
622 3980 748 4036 ﬁeri
780 3979 906 4052 ipse
938 3978 1242 4052 permittit.
1289 4000 1316 4028 »
1347 3979 1417 4034 Et
1448 3981 1505 4033 in
1537 3980 1685 4036 libro
1717 3982 1789 4037 de

150 4065 653 4127 Pradestinatione
685 4069 886 4142 gratiae
919 4074 1072 4140 (cap.
1106 4070 1161 4136 2)
1196 4085 1208 4123 :
1244 4069 1591 4133 Quaestionis
1637 4071 1786 4140 ejus,

153 4163 417 4228 quantum
450 4160 717 4215 donante
748 4156 995 4213 Domino
1027 4158 1605 4229 possumus,occulta
1625 4159 1792 4215 rime-

150 4261 282 4315 mur,
313 4265 501 4320 quam
523 4249 740 4304 beatus
769 4245 1068 4318 apostolus
1102 4244 1317 4300 Paulus
1351 4245 1594 4302 diversis
1624 4246 1787 4318 locis,

151 4350 247 4389 non
275 4353 489 4407 parum
524 4335 711 4391 etiam
750 4332 1217 4405 discrepantibus
1262 4333 1476 4404 verbis,
1511 4336 1791 4392 studiosis

149 4425 400 4496 proponit
427 4422 894 4489 scrutatoribus,
928 4422 1132 4493 eisque
1161 4438 1265 4493 per
1313 4421 1503 4493 ipsam
1530 4422 1793 4496 loquitur

147 4512 451 4570 veritatem.
488 4511 861 4570 Sententiam
890 4510 1272 4582 siquidem,in
1302 4510 1403 4566 Dei
1436 4512 1633 4583 gratiae
1654 4530 1794 4585 prae-

147 4600 385 4659 cedentis
401 4601 714 4659 latissima
728 4605 786 4656 et
816 4598 1231 4655 robustissima
1250 4598 1646 4669 disputatione
1661 4618 1793 4656 con-

1894 3468 2010 3506 non
2038 3451 2107 3506 ad
2151 3448 2574 3522 dispensatoris
2620 3446 2997 3519 injustitiam,
3031 3446 3133 3502 sed
3163 3446 3235 3501 ad
3265 3444 3542 3501 donantis

1895 3536 2507 3595 misericordissimam
2530 3537 2860 3609 largitatem
2883 3535 3140 3592 veritatis
3163 3534 3386 3590 ratione
3403 3533 3544 3590 refe-

1896 3629 2143 3684 rendum
2175 3633 2281 3683 est.
2319 3649 2347 3676 ››
2380 3627 2449 3681 Et
2477 3626 2617 3681 item
2664 3628 2797 3697 post
2838 3641 3025 3696 pauca
3053 3627 3193 3695 (cap.
3226 3624 3279 3691 4)
3314 3639 3329 3678 :
3366 3643 3395 3673 ‹‹
3426 3626 3540 3678 lta-

1895 3734 2009 3788 que
2039 3734 2107 3772 ex
2137 3715 2435 3787 superiore
2464 3714 2645 3785 hujus
2686 3718 2849 3786 parte
2895 3711 3221 3778 sententias,
3251 3728 3369 3783 qua
3398 3709 3544 3767 dicit

1894 3809 1987 3861 oui
2016 3807 2132 3862 vult
2175 3807 2466 3861 miseretur
2514 3805 2685 3876 (Rom.
2720 3820 2796 3868 ιχ,
2831 3803 2940 3872 18),
2977 3806 3117 3873 puto
3157 3800 3311 3872 quod
3343 3799 3543 3856 nullus

1896 3882 2017 3949 nisi,
2042 3895 2320 3967 indignus
2353 3889 2753 3947 misericordia
2782 3890 2994 3944 audeat
3023 3888 3343 3960 disputare.
3376 3888 3540 3954 Quod

1893 4001 2027 4038 vero
2059 3982 2342 4054 sequitur,
2369 3996 2526 4052 quem
2552 3980 2671 4034 vult
2698 3977 2941 4045 indurat,
2978 3976 3059 4032 ibi
3090 3975 3395 4048 paululum
3427 3976 3543 4031 hu-

1897 4090 2083 4127 manae
2114 4070 2328 4126 mentis
2358 4067 2603 4123 intentio
2647 4067 2806 4123 verbi
2840 4065 3095 4122 novitate
3141 4063 3540 4120 confunditur.

1898 4163 2011 4219 Sed
2041 4178 2156 4216 non
2187 4160 2269 4215 ita
2300 4156 2744 4230 intelligendum
2789 4160 2898 4226 est,
2930 4155 3100 4226 quasi
3150 4154 3304 4211 Deus
3348 4153 3409 4209 in
3438 4152 3543 4209 ho-

1899 4251 2056 4307 mine
2079 4250 2266 4321 ipsam
2289 4265 2415 4319 qua:
2438 4263 2553 4301 non
2575 4248 2730 4301 esset
2754 4244 3033 4300 duritiam
3046 4243 3238 4299 cordis
3251 4247 3541 4316 operetur.

1900 4341 2047 4406 Quid
2069 4342 2157 4394 est
2176 4336 2331 4393 enim
2354 4334 2513 4391 aliud
2537 4332 2753 4389 duritia
2785 4349 2963 4405 quam
2998 4330 3099 4388 Dei
3119 4331 3351 4414 obviare
3373 4328 3546 4386 man-

1900 4429 2096 4484 datis?
2119 4425 2282 4481 Unde
2313 4423 2458 4478 illud
2489 4424 2696 4477 beatus
2726 4421 3061 4492 Stephanus
3089 4420 3320 4475 dicebat
3348 4418 3419 4474 ad
3453 4435 3548 4491 po-

1901 4517 2136 4591 pulum:
2157 4518 2324 4569 Dura
2341 4513 2641 4581 cervice,et
2662 4527 2774 4566 non
2796 4511 3139 4566 circumciso
3159 4508 3331 4564 corde
3359 4513 3415 4564 et
3444 4525 3550 4565 au-

1901 4608 2087 4675 ribus,
2108 4621 2208 4659 vos
2224 4618 2449 4671 semper
2465 4596 2721 4671 Spiritui
2735 4604 2938 4654 sancto
2960 4598 3262 4654 restitistis
3284 4602 3544 4668 (.4ct.vn,

148 4686 356 4759 festam,
374 4691 463 4747 ita
493 4688 861 4746 concludens
893 4688 974 4744 ait
1006 4704 1018 4743 :
1052 4688 1191 4758 Ergo
1219 4689 1312 4742 cui
1338 4688 1455 4742 vult
1480 4689 1787 4758 miseretur,
1822 4706 1868 4771 D
1901 4698 2012 4764 51).
2047 4697 2231 4761 Quam
2283 4690 2382 4762 qui
2422 4708 2456 4745 a
2486 4690 2602 4745 Deo
2650 4688 2773 4744 fieri
2822 4692 3006 4760 putat,
3040 4692 3346 4760 propterea
3390 4687 3546 4760 quod

146 4783 189 4832 et
210 4794 360 4850 quem
380 4782 502 4836 vult
534 4779 813 4846 obdurat;
841 4794 974 4834 cum
1008 4776 1067 4831 in
1097 4775 1212 4832 alia
1239 4774 1485 4848 epistola
1505 4777 1575 4831 de
1596 4778 1793 4834 divina

147 4863 539 4925 benevolentia
550 4868 682 4941 ipse
705 4868 789 4924 sic
802 4867 976 4922 dicat:
987 4866 1092 4933 Qui
1106 4866 1223 4920 vult
1235 4880 1417 4921 omnes
1433 4865 1677 4922 homines
1687 4868 1794 4923 sat-

148 4958 438 5029 vosﬁeri,et
468 4960 537 5014 in
569 4959 912 5027 agnitionem
938 4957 1185 5011 veritatis
1214 4954 1400 5009 venire
1427 4954 1476 5022 (Ι
1507 4956 1788 5025 Τίιη.ιι,4).

148 5043 390 5104 Occurrit
417 5049 593 5105 enim
623 5064 728 5103 cur
756 5050 998 5118 pereant
1017 5062 1087 5101 ex
1116 5043 1207 5099 his
1231 5043 1575 5115 aliqui,cum
1598 5046 1792 5101 Omni-

148 5135 334 5203 potens
364 5153 585 5193 omnes
617 5135 807 5191 salvos
828 5133 953 5189 fieri
982 5132 1203 5200 velit,et
1232 5132 1291 5186 in
1324 5132 1682 5204 agnitionem
1704 5152 1793 5191 ve-

148 5221 319 5282 ritatis
346 5227 593 5283 venire:
618 5224 827 5279 deinde
857 5240 1037 5295 quare
1067 5239 1304 5277 rursum
1336 5221 1572 5277 indurat
1620 5223 1784 5293 alios,

150 5310 408 5371 misertus
433 5313 830 5381 aliorum,aut
858 5329 973 5385 quo
1004 5312 1176 5367 modo
1203 5310 1341 5366 velit
1370 5328 1572 5367 omnes
1604 5313 1793 5369 salvos

150 5399 254 5456 ﬁeri
270 5402 719 5471 homines,cum
741 5401 866 5473 ipse
884 5399 1197 5456 nonnullos
1219 5416 1290 5454 ne
1311 5399 1608 5456 salventur
1628 5402 1794 5458 indu-

149 5493 241 5543 ret.
268 5491 386 5547 Hoc
418 5496 725 5565 quantum
758 5492 828 5545 ad
860 5490 1180 5544 humanam
1219 5488 1515 5559 justitiam
1563 5490 1794 5546 videtur

148 5574 441 5648 isjustum.
472 5581 598 5638 Sed
633 5580 768 5652 quis
796 5579 878 5634 ita
907 5576 1175 5649 desipiat,
1207 5576 1292 5631 vel
1328 5576 1524 5648 potius
1550 5577 1681 5648 quis
1711 5578 1793 5635 ita

152 5662 608 5740 blasphemet,ut
632 5667 786 5723 dicat
806 5668 878 5722 de
893 5665 1128 5738 justitia
1142 5665 1242 5720 Dei
1264 5664 1390 5737 lege
1412 5664 1792 5738 bumanaeju-

152 5754 301 5811 stitia
331 5758 775 5831 disputandum
801 5756 829 5810 ‘I
861 5758 993 5821 Qum
1025 5754 1280 5826 profecto
1330 5752 1379 5808 si
1417 5753 1660 5823 justitia:
1691 5755 1790 5810 Dei

1901 4785 2123 4840 dictum
2145 4785 2233 4837 est
2253 4796 2419 4851 quem
2439 4780 2563 4834 vult
2583 4778 2822 4834 indurat
2826 4777 3045 4849 ,ipsum
3060 4774 3548 4847 praevaricationis

1901 4876 2166 4930 intuatur
2194 4869 2517 4934 exordium,
2550 4872 2608 4923 et
2638 4868 2754 4922 Deo
2788 4867 3042 4922 donante
3073 4865 3547 4934 mandatum,per

1901 4963 2055 5035 quod
2086 4957 2572 5031 transgressionis
2603 4956 2836 5028 culpam
2868 4955 2927 5010 in
2959 4955 3130 5010 corde
3161 4952 3333 5008 fuerit
3352 4965 3546 5021 opera-

1899 5055 1997 5107 tus
2028 5050 2308 5106 attendat.
2343 5046 2619 5113 Quamvis
2652 5062 2725 5100 ne
2754 5045 2826 5100 ab
2862 5043 2989 5116 ipso
3020 5039 3334 5115 quidem,si
3364 5053 3544 5109 nega-

1899 5145 1987 5196 ret
2008 5154 2336 5203 assensum,
2362 5134 2550 5207 potuit
2578 5137 2861 5189 tentatore
2890 5127 3340 5202 compelli.Ergo
3373 5125 3543 5197 quid-

1900 5229 2041 5302 quid
2089 5231 2221 5300 post
2269 5224 2432 5279 illam
2483 5221 3013 5294 praevaricationem
3063 5219 3235 5271 natus
3271 5212 3541 5285 supplicii

1900 5318 2074 5373 homo
2103 5315 2342 5388 patitur,
2360 5314 2522 5384 juste
2542 5311 2724 5380 reddi,
2750 5308 3070 5377 meritoque
3090 5302 3543 5359 fateatur.lndu-

1900 5422 2028 5461 rare
2055 5387 2210 5459 enim
2239 5400 2455 5456 dicitur
2478 5399 2632 5453 Deus
2662 5413 2795 5452 eum
2828 5409 3002 5465 quem
3034 5388 3262 5446 mollire
3291 5387 3547 5446 noluerit

1901 5500 2056 5564 (cap.
2079 5496 2155 5561 6),
2182 5490 2265 5547 sic
2299 5489 2473 5545 etiam
2508 5500 2789 5541 excaecare
2811 5480 3091 5536 dicendus
3109 5481 3198 5535 est
3212 5496 3346 5535 eum
3370 5495 3544 5552 quem

1900 5582 2233 5638 illuminare
2255 5576 2523 5643 noluerit,
2551 5573 2635 5627 sic
2663 5571 2842 5626 etiam
2871 5567 3149 5640 repellere
3177 5585 3334 5638 eum,
3368 5584 3541 5641 quem

1898 5689 2102 5728 vocare
2130 5666 2401 5724 noluerit.
2438 5686 2465 5713 ››

1972 5761 2041 5815 Et
2069 5761 2201 5831 post
2229 5755 2566 5825 aliquanta:
2596 5747 2751 5816 «Qui
2795 5752 2992 5806 autem
3023 5748 3118 5821 pie
3148 5762 3413 5820 quaerens
3445 5744 3544 5801 ali-
