4020 6474
493 413 620 484 ωδ

1350 407 1651 471 ΗῙΝΟΜΑ
1665 408 1814 472 RUS
1863 403 2310 468 RHEMENSIS
2353 403 3048 471 ARCHIEPISCOPUS.

490 543 956 620 quiddesiderat
975 541 1253 610 invenire,
1277 539 1446 597 illum
1467 540 1660 597 locum
1691 542 1956 613 ejusdem
1989 540 2140 597 Scri-
2169 539 2225 608 Α
2253 538 2397 596 ltem
2427 539 2554 612 ipse
2582 539 2643 596 in
2674 539 2904 598 Psalmo
2934 541 3416 600 xxxuzDominus
3435 541 3587 600 dicit
3611 541 3675 599 in
3705 543 3896 600 Even.

491 638 684 714 ptum
714 633 950 708 relegat,
975 631 1075 688 ubi
1107 631 1296 704 primo
1318 631 1500 702 Moysi
1532 629 1592 684 in
1624 631 1768 686 rubo
1799 629 1951 702 ignis
1973 647 2143 702 appa-

487 723 637 795 ruit,
667 729 844 796 atque
887 721 973 777 ita
1014 737 1114 777 cor
1158 720 1286 791 ejus
1335 719 1540 774 ardore
1585 718 1791 774 divinae
1841 718 2141 774 charitatis

485 813 724 888 ignivit,
759 815 826 868 ut
855 811 915 867 in
943 811 1260 882 conspectu
1293 807 1706 879 regum,'sicut
1753 808 1930 863 David
1976 807 2138 874 dicit,

490 899 839 961 testimonia
867 899 995 970 ejus
1025 898 1151 954 sine
1183 895 1522 953 confusione
1561 895 1894 968 loqmrctur
1927 912 1939 950 :
1973 899 2031 952 et
2063 896 2141 950 ibi

489 989 970 1057 3nveniet,totum
1001 986 1110 1042 hoc
1133 985 1284 1058 quod
1310 984 1619 1041 indurasse
1642 985 1794 1040 Deus
1825 984 2143 1041 Pharaonis

492 1095 599 1138 eor
615 1075 936 1152 prasmittit,
961 1091 1074 1132 non
1099 1075 1170 1130 ad
1194 1073 1590 1144 operationem
1624 1072 1744 1140 Dei,
1770 1073 1870 1129 sed
1903 1074 1976 1128 ad
2006 1091 2146 1146 pra:-

488 1166 802 1225 scientiam
853 1163 1160 1237 pertinere.
1211 1162 1482 1233 Loquens
1535 1161 1691 1217 enim
1742 1161 2026 1218 Dominus
2073 1163 2145 1218 de

483 1257 665 1316 .rubo.
697 1254 782 1311 sic
811 1252 954 1310 dicit
987 1269 1000 1308 :
1033 1253 1142 1323 Ego
1169 1259 1350 1306 autem
1405 1253 1516 1306 scio
1573 1250 1713 1323 quod
1757 1267 1868 1307 non
1913 1251 2149 1308 dimittet

485 1361 587 1403 eo:
615 1344 830 1402 Pharao
875 1358 977 1399 rex
1021 1341 1270 1413 {Egi/nti,
1309 1341 1427 1396 nisi
1469 1355 1568 1412 per
1611 1356 1838 1396 manum
1890 1357 2147 1412 magnam

484 1432 688 1507 (Exod.
721 1434 830 1501 ιιι).
862 1431 974 1488 Sed
1033 1429 1350 1486 extendens
1408 1444 1652 1484 manum
1702 1445 1914 1496 meam,
1949 1447 2148 1502 percu-

481 1520 639 1578 .tiam
653 1518 954 1594 Egyptios
974 1517 1038 1573 in
1062 1515 1338 1573 omnibus
1358 1515 1728 1573 mirabilibus
1751 1534 1878 1589 quae
1912 1519 2145 1597 faciam,

477 1613 552 1674 .et
573 1613 779 1682 postea
805 1607 1062 1664 dimittet
1089 1623 1211 1662 vos.
1249 1606 1378 1661 Haec
1410 1605 1599 1678 prima
1626 1623 1734 1662 vox
1763 1606 1864 1662 Dei
1890 1611 1998 1675 est,
2031 1625 2150 1680 qua

481 1699 752 1758 futuram
797 1696 1155 1754 voluntatem
1227 1695 1546 1750 Pharaonis
1593 1695 1748 1752 sicut
1807 1697 2150 1768 praeviderat

473 1786 808 1844 indicabat.
840 1785 1047 1842 Postea
1059 1784 1185 1854 jam
1211 1783 1364 1838 inter
1384 1783 1543 1855 ipsos
1572 1783 1992 1840 miraculorum
2025 1785 2135 1842 im-

2247 626 2396 700 gelio
2414 643 2426 682 :
2442 628 2556 684 Non
2579 644 2674 699 ego
2693 629 2906 701 judicio
2927 647 3280 703 quemquam:
3303 648 3481 688 sermo
3503 649 3663 705 quem
3684 632 3898 689 locum

2247 732 2372 770 sum
2389 718 2488 782 eis,
2513 719 2628 789 ipse
2635 717 2916 790 judicabit
2939 735 3028 775 eos
3061 721 3124 775 in
3141 715 3438 777 novissimo
3457 720 3548 777 die
3566 722 3750 791 (Ιοαη.
3773 737 3902 786 νιιι,

2252 804 2360 875 15).
2393 805 2508 860 Nec
2539 822 2601 861 se
2631 811 2868 862 excuset
2895 807 2996 880 qui
3029 809 3231 864 audire
3253 826 3370 864 non
3399 808 3544 876 vult,
3572 809 3752 883 quasi
3787 825 3902 865 non

2251 891 2328 948 sit
2355 894 2510 965 quod
2530 893 2719 949 abillo
2741 893 3019 968 exigatur.
3032 896 3294 968 Idipsum
3307 897 3464 954 enim
3485 897 3705 971 exigitu
3715 897 3907 970 r,quia

2249 980 2439 1037 noluit
2467 983 2732 1055 accipere
2762 1000 2899 1040 cum
2930 985 3186 1041 daretur.
3219 985 3392 1042 Aliud
3441 992 3532 1043 est
3575 988 3738 1044 enim
3785 1005 3904 1044 non

2252 1087 2423 1142 posse
2453 1070 2899 1143 accipere,aliud
2931 1072 3105 1129 nolle.
3132 1073 3254 1130 Illic
3267 1074 3562 1132 excusatio
3583 1077 3903 1133 necessita-

2252 1158 2348 1225 tis,
2381 1159 2476 1214 hic
2502 1163 2696 1214 reatus
2727 1164 2818 1216 est
2847 1160 3183 1218 voluntatis.
3207 1185 3234 1212 ι)
3266 1164 3344 1218 Et-
3359 1163 3420 1218 in
3451 1164 3685 1222 Psalmo
3713 1181 3899 1223 xxxv:

2260 1265 2284 1294 ι
2319 1247 2487 1302 Dixit
2516 1249 2773 1319 im'ustus
2798 1253 2863 1304 ut
2890 1248 3195 1324 delinquat
3227 1250 3286 1308 in
3313 1253 3617 1326 semetipso
3639 1270 3660 1306 ,ο
3685 1264 3902 1311 mea!

2251 1335 2430 1391 timor
2458 1338 2568 1392 Dei
2593 1341 2733 1392 ante
2759 1336 2962 1394 oculos
2987 1339 3112 1409 ejus
3132 1341 3693 1414 (Psat.xxxv,2).Non
3713 1359 3900 1401 unum

2255 1424 2574 1491 hominem,
2609 1426 2711 1481 sed
2758 1441 2945 1499 genus
2993 1426 3300 1485 hominum
3349 1429 3687 1502 iniquorum
3736 1432 3898 1502 dicit,

2256 1512 2356 1584 qui
2389 1511 2500 1568 sibi
2533 1513 2931 1583 adversantur,
2965 1531 3080 1572 non
3111 1515 3488 1590 intelligendo
3519 1522 3588 1574 ut
3623 1519 3776 1576 bene
3817 1520 3902 1575 vi-

2254 1605 2414 1671 vant,
2447 1617 2562 1656 non
2590 1601 2728 1674 quia
2759 1618 2874 1657 non
2905 1608 3172 1674 possunt,
3206 1605 3306 1660 sed
3333 1605 3475 1677 quia
3503 1605 3736 1663 uolunt.
3773 1629 3805 1659 ι»

2329 1689 2574 1762 Prosper
2601 1707 2854 1762 quoque,
2885 1691 2976 1746 vir
3004 1693 3442 1750 eruditissimus
3473 1698 3648 1768 atque
3675 1695 3906 1769 religio-

2256 1777 2695 1846 sissimus,hinc
2717 1777 2777 1834 in
2814 1779 2959 1836 libro
2990 1780 3178 1852 primo
3198 1782 3271 1838 de
3297 1781 3610 1840 Vocatione
3636 1785 3904 1858 gentium

477 1876 624 1934 bees
654 1874 872 1934 dixisse
896 1871 1140 1946 legitur:
1163 1875 1298 1946 Ego
1323 1881 1522 1928 autem
1552 1874 1854 1930 indurabo
1875 1892 1979 1930 eor
1998 1880 2146 1932 Pha-
2177 1908 2222 1975 Β
2257 1867 2466 1975 (cap?)
2488 1866 2570 1922 ita
2599 1867 2795 1924 dicitm
2815 1868 3122 1975 credimus
3148 1875 3207 1975 et
3235 1869 3901 1975 piissimefontltennm,

481 1966 718 2031 taenis,
746 1979 818 2020 ne
847 1963 1122 2019 dimittat
1142 1961 1434 2035 populum
1466 1961 1997 2033 (Exod.1v,21).Ubi
2013 1965 2140 2035 jam
2178 1957 2222 1975 "
2251 1957 2408 2030 quod
2437 1972 2740 2028 nunquam
2764 1957 3126 2016 universitati
3147 1959 3456 2018 hominum
3485 1961 3698 2019 divinas
3721 1964 3903 2036 provi-

490 2056 639 2112 IM
656 2055 855 2125 aperte
873 2049 1222 2123 intelligitur
1233 2049 1486 2122 primam
1503 2049 1747 2106 iterasse
1763 2052 2138 2110 sententiam.

478 2141 642 2211 .Quid
671 2143 763 2198 est
781 2139 939 2196 enim
967 2137 1398 2204 indurabo,nisi
1417 2136 1533 2194 non
1555 2137 1819 2194 molliam
1839 2139 1868 2194 ‘?
1885 2141 2142 2213 Apparet

479 2231 648 2298 enim
676 2227 740 2284 in
767 2227 915 2285 alios
945 2231 1226 2284 manante
1247 2225 1506 2298 justitia,
1537 2227 1600 2282 in
1631 2226 1780 2282 alios
1808 2228 1999 2299 gratia
2013 2246 2142 2301 pro-

473 2319 726 2386 ﬂuente,
749 2315 1066 2388 Scriptum
1103 2313 1262 2371 illius
1301 2314 1651 2370 sententiam
1685 2315 1865 2371 fuisse
1893 2317 2140 2389 comple-

480 2411 760 2478 tam,qua
769 2404 915 2461 dixit
925 2405 1081 2460 Deus
1094 2402 1380 2460 Pharaoni
1397 2420 1409 2458 :
1426 2403 1490 2458 In
1505 2405 1602 2459 hoc
1613 2405 1795 2476 ipsum
1812 2407 2050 2462 excitavi
2066 2415 2134 2476 te,

477 2503 554 2554 ιυι
571 2493 850 2553 eumdem
881 2495 943 2550 in
988 2500 1037 2550 te
1082 2493 1338 2549 virtutem
1381 2509 1580 2561 mam,
1613 2499 1666 2548 et
1692 2501 1754 2549 ut
1781 2499 2140 2552 annuntietur

483 2600 688 2642 nam
714 2599 898 2639 meum
924 2584 987 2638 in
1015 2583 1274 2638 universa
1300 2589 1447 2637 terra
1474 2581 1764 2650 (Exod.1x,
1787 2583 1896 2652 16).
1930 2583 2137 2641 Utente

481 2671 649 2736 enim
677 2671 797 2729 Deo
815 2671 967 2730 bene
981 2670 1158 2728 etiam
1181 2669 1374 2738 malis,
1400 2669 1771 2727 induratione
1793 2671 2132 2743 Pharaonis,

491 2759 738 2834 ﬂagellis
767 2759 1012 2834 Egypti,
1035 2763 1092 2816 et
1120 2763 1206 2816 tot
1235 2775 1302 2815 ac
1331 2759 1512 2815 tantis
1541 2759 1601 2814 in
1631 2759 1734 2815 illa
1763 2765 1935 2833 gente
1965 2761 2138 2818 mira-

475 2849 640 2910 culis
669 2848 887 2923 pariter
915 2847 1344 2920 acervatimque
1375 2847 1813 2920 perfectis,quid
1847 2848 2009 2905 aliud
2028 2867 2133 2923 go-

488 2943 648 2998 stum
675 2941 784 3007 est,
807 2953 987 3010 quam
1017 2941 1083 2994 ut
1109 2936 1214 2994 Dei
1241 2936 1428 2992 virtus
1455 2937 1610 3008 apud
1643 2953 1708 2993 se
1734 2953 1968 3012 magna,
1990 2939 2050 2994 in
2073 2956 2136 2996 se

479 3029 682 3104 .plena,
716 3028 788 3084 ad
819 3026 1064 3084 humani
1094 3026 1327 3099 generis
1357 3025 1626 3082 notitiam
1653 3025 1993 3098 perveniret,
2017 3045 2134 3084 non

473 3117 732 3186 Deo,sed
758 3115 904 3188 ipsis
919 3114 1312 3188 relegentibus
1326 3118 1384 3171 et
1398 3114 1771 3170 credentibus
1790 3116 2136 3186 profutura?

2249 2045 2458 2102 dentice
2490 2046 2644 2103 192
2675 2059 2819 2102 cura
2846 2047 3114 2106 defuerit:
3132 2060 3261 2121 qua»
3289 2047 3428 2106 licet
3455 2055 3771 2124 exceptum
3789 2053 3900 2109 sibi

2248 2133 2532 2206 populum
2553 2134 2908 2206 specialibus
2937 2137 3010 2192 ad
3040 2136 3316 2208 pietatem
3345 2138 3558 2195 direxit
3585 2139 3898 2211 instituti,

2248 2222 2395 2278 nulli
2428 2227 2622 2278 tamen
2655 2221 2876 2280 nationi
2905 2223 3215 2282 hominum
3247 2227 3526 2285 bonitatis
3575 2245 3698 2286 suis
3745 2231 3900 2287 dona

2247 2311 2557 2378 subtraxit,
2593 2315 2656 2367 ut
2687 2311 3057 2384 propheticas
3086 2331 3254 2371 voces
3283 2320 3340 2372 et
3369 2321 3659 2390 praecepta
3689 2317 3900 2392 legalis

2246 2399 2726 2456 convincerentur
2754 2400 2814 2456 in
2845 2401 3268 2460 elementorum
3300 2405 3598 2478 obsequiis
3628 2423 3700 2463 ac
3731 2409 3897 2464 testi-

2245 2489 2462 2545 moniis
2492 2489 2804 2561 accepisse.
2825 2489 2987 2546 Unde
3016 2495 3076 2547 et
3103 2491 3530 2552 inexcusabiles
3559 2495 3700 2552 facti
3731 2502 3893 2566 sunt,

2245 2577 2386 2650 quia
2414 2577 2555 2633 deos
2583 2577 2696 2633 sibi
2747 2578 2848 2634 Dei
2898 2579 3053 2634 dona
3101 2580 3383 2650 fecerunt,
3413 2586 3471 2638 et
3521 2599 3652 2656 quis
3701 2591 3898 2642 creata

2243 2670 2411 2723 erant
2439 2667 2510 2722 ad
2546 2667 2852 2739 utendum,
2881 2668 3137 2724 venerati
3169 2675 3310 2725 sunt
3338 2671 3411 2726 ad
3459 2671 3800 2730 colendum.
3831 2675 3896 2730 In

2243 2771 2423 2828 quam
2463 2753 2828 2827 impietatem
2873 2755 3049 2812 etiam
3098 2756 3200 2813 illa
3243 2774 3408 2830 gens,
3442 2775 3621 2832 quam
3671 2761 3790 2819 sibi
3823 2763 3898 2820 ab

2240 2846 2520 2905 omnibus
2547 2846 2820 2918 gentibus
2852 2846 3139 2903 Dominus
3158 2848 3628 2921 segregavit,tota
3653 2852 3904 2908 transis-

2243 2935 2472 3005 set,nisi
2503 2934 2918 2990 misericordiae
2947 2951 3067 2990 sua:
3093 2937 3458 3008 propositum
3489 2940 3902 2997 sustentandis

2243 3023 2563 3082 electorum
2594 3023 2862 3094 lapsibus
2893 3024 3317 3096 praetendisset.
3349 3026 3496 3082 Nam
3540 3026 3729 3099 plenae
3761 3034 3906 3086 sunt

2243 3113 2468 3186 paginas
2489 3111 2714 3168 Veteris
2734 3112 3092 3169 Testamenti
3109 3115 3180 3170 de
3201 3113 3529 3172 Israelitica
3550 3116 3903 3177 defectionis

483 3205 848 3263 Pharaonem
880 3219 992 3260 non
1024 3220 1154 3261 esse
1184 3203 1558 3270 mutandum,
1591 3205 1649 3258 et
1679 3201 1842 3258 illam
1899 3219 2132 3260 omnem
2176 3272 2206 3278 _
2247 3200 2432 3257 relatu
2469 3217 2484 3257 :
2517 3205 2582 3256 ut
2609 3205 2807 3273 aperte
2854 3206 3134 3274 appareat
3178 3202 3386 3258 divinaa
3431 3221 3664 3278 semper
3706 3207 3902 3265 fuisse

479 3297 878 3368 gentem,quaa
901 3296 1032 3364 post
1052 3296 1140 3348 tot
1158 3292 1398 3347 verbera
1415 3290 1508 3346 vix
1527 3290 1638 3346 sibi
1657 3297 1892 3348 erutum
1914 3293 2012 3348 Dei
2041 3310 2136 3365 po-
2159 3272 2208 3342 (ἶ
2245 3289 2631 3364 gratim,quod
2657 3272 2778 3345 non
2808 3272 3001 3346 omnis
3023 3289 3121 3348 ille
3149 3292 3404 3365 populus
3424 3272 3698 3351 discessit
3727 3313 3765 3352 a
3793 3296 3905 3354 Do-

483 3380 692 3456 pulum
720 3379 905 3437 armis
921 3379 1096 3436 etiam
1121 3379 1394 3436 insectari
1417 3379 1739 3435 conabatur
1761 3384 1821 3436 et
1837 3379 2134 3448 bello,alta

475 3469 586 3528 illa
613 3471 768 3527 Deus
798 3468 1173 3542 providentiae
1203 3485 1324 3524 suae
1355 3466 1484 3524 luce
1527 3467 1832 3540 przescivit.
1867 3469 1976 3525 Sed
2010 3487 2134 3542 per-

477 3558 774 3618 iturorum
804 3557 1108 3614 interitum
1139 3555 1570 3630 praedestinatis
1589 3574 1624 3612 a
1645 3573 1707 3613 se
1736 3557 1891 3614 vasis
1912 3558 2134 3614 miseri-

477 3647 691 3706 cordiae
721 3646 930 3705 salutis
959 3663 1089 3703 esse
1118 3644 1304 3701 voluit
1333 3649 1770 3717 argumentum,
1799 3650 1856 3700 et
1881 3645 2130 3702 aliorum

479 3735 810 3812 perditione
839 3736 911 3794 ad
943 3735 1196 3793 salutem
1241 3751 1388 3790 usus
1419 3737 1507 3790 est
1535 3733 1806 3789 aliorum.
1845 3756 1873 3783 ››
1903 3736 1973 3790 Et
2002 3739 2135 3806 post

478 3825 735 3900 plurima
752 3824 991 3898 (eap.t3)
1018 3841 1031 3881 :
1069 3847 1091 3874 ε
1118 3823 1404 3880 Dominus
1436 3826 1636 3878 noster
1661 3822 1834 3878 Jesus
1863 3822 2132 3880 Christus

475 3915 665 3972 Filius
709 3913 836 3982 Dei,
877 3913 1135 3969 Verbum
1185 3911 1392 3980 Patris,
1425 3910 1646 3983 mquale
1685 3915 1742 3966 et
1778 3915 2131 3968 coaetornum

480 4004 659 4073 Patri,
693 4003 1098 4076 semetipsum,
1131 4001 1450 4057 exinanivit
1495 3999 1745 4056 formam
1795 4000 1944 4056 servi
1975 4001 2130 4057 acci-

477 4094 667 4167 piens,
690 4097 900 4148 etcum
921 4094 1228 4164 peccatum
1250 4089 1375 4162 ipse
1385 4105 1502 4144 non
1515 4088 1886 4157 esset,factus
1907 4105 2133 4145 assum-

480 4185 585 4254 pta
605 4197 781 4238 carne
813 4181 1138 4252 peccatum,
1163 4181 1250 4244 ut,
1283 4181 1519 4249 peccato
1549 4177 1744 4232 carnis
1773 4176 2009 4233 homine
2038 4195 2130 4233 sa-

477 4274 642 4334 nato,
669 4267 971 4341 peccatum
1003 4267 1313 4324 damnaret
1343 4265 1402 4320 in
1431 4282 1607 4321 carne
1639 4281 1652 4319 :
1685 4266 1846 4320 venit
1874 4282 2132 4337 quaerere

475 4357 634 4431 quod
661 4355 928 4429 perierat,
948 4371 1158 4411 sanare
1179 4355 1336 4427 quod
1365 4354 1704 4425 aegrotabat,
1723 4353 1944 4425 erigere
1973 4356 2128 4426 quod

473 4447 728 4519 jaoebat,
754 4448 1099 4517 potestatem
1125 4443 1349 4500 habens
1379 4442 1672 4498 dimittam
1704 4445 1958 4514 peccata,
1974 4445 2130 4514 quod

481 4551 599 4595 non
629 4533 878 4590 debebat
903 4533 1142 4599 donare,
1173 4531 1328 4604 quod
1359 4530 1411 4587 ei
1443 4531 1766 4587 debebatur
1804 4529 2126 4603 ignoscere,

2243 3378 2528 3434 mino.Ita
2556 3377 2816 3434 humana
2845 3382 3054 3436 natura
3085 3380 3146 3435 in
3175 3380 3352 3452 primi
3381 3380 3640 3439 hominis
3670 3400 3904 3456 praeva-

2243 3467 2524 3523 ricatione
2552 3465 2752 3534 vitata,
2785 3467 2962 3524 etiam
3015 3469 3164 3524 inter
3211 3469 3511 3540 beneﬁcia,
3541 3470 3701 3528 inter
3751 3490 3906 3546 prm-

2241 3559 2408 3627 cepta
2437 3559 2497 3610 et
2524 3555 2742 3610 auxilia
2768 3556 2890 3624 Dei,
2911 3573 3143 3628 semper
3172 3557 3231 3613 in
3263 3559 3606 3616 exteriorem
3635 3566 3731 3617 est
3759 3579 3900 3635 pm-

2242 3643 2444 3699 clivior
2458 3642 2626 3699 volun
2635 3643 2935 3712 tatem,cui
2957 3645 3271 3702 committit
3286 3663 3403 3703 non
3424 3648 3691 3707 estaliud
3709 3668 3898 3724 quam

2241 3731 2479 3788 dimitti.
2513 3753 2542 3783 »
2574 3732 2644 3788 Et
2673 3737 2806 3804 post
2853 3733 3157 3805 aliquanta
3185 3738 3340 3805 (cap.
3371 3736 3448 3809 3).
3483 3761 3511 3788 κ
3545 3739 3698 3805 Quid
3727 3741 3898 3798 enim

2240 3819 2536 3890 mirum,si
2569 3821 2812 3892 quidam
2832 3822 2905 3877 ad
2937 3821 3068 3878 vitae
3089 3829 3461 3881 sacramenta
3477 3843 3590 3882 non
3620 3827 3896 3896 veniunt,

2239 3925 2375 3964 cum
2411 3909 2670 3980 plerique
2701 3909 2802 3981 qui
2831 3909 3183 3966 videbantur
3204 3913 3434 3970 venisse
3461 3914 3809 3972 discedant?
3826 3919 3902 3975 de

2241 3997 2458 4070 quibus
2487 3997 2704 4053 dicitur
2737 4015 2750 4054 :
2787 4003 2874 4058 Ex
2897 3999 3060 4056 nobis
3090 4003 3382 4069 exierunt,
3409 4003 3511 4058 sed
3554 4020 3671 4060 non
3718 4013 3903 4063 erant

2239 4102 2311 4142 ea:
2339 4086 2559 4143 nobis.»
2594 4087 2664 4142 Et
2693 4091 2824 4159 post
2853 4105 3116 4160 paucam
3151 4089 3322 4147 Tales
3353 4107 3468 4147 non
3496 4091 3903 4152 invocantno-

2240 4192 2375 4232 men
2407 4175 2660 4243 Domini,
2685 4173 2828 4247 quia
2857 4193 2972 4232 non
3003 4175 3222 4234 habent
3249 4179 3525 4252 spiritum
3555 4181 3904 4256 adoptionis

2239 4263 2581 4331 ﬁliorum,in
2613 4281 2726 4336 quo
2759 4264 3085 4322 clamamus
3103 4267 3269 4323 Abba
3296 4270 3669 4340 pater.Nemo
3691 4276 3903 4330 autem

2239 4357 2430 4426 potest
2459 4353 2652 4408 dicere
2683 4353 2998 4410 Dominum
3025 4355 3251 4424 Jesum,
3273 4356 3388 4413 nisi
3419 4357 3478 4412 in
3509 4358 3738 4431 Spiritu
3757 4377 3903 4419 san-

2239 4447 2332 4498 cto
2358 4459 2371 4498 :
2404 4446 2462 4498 et
2491 4443 2829 4514 quicunque
2860 4442 3068 4515 spiritu
3099 4443 3202 4500 Dei
3229 4446 3578 4518 aguntur,bi
3609 4447 3720 4504 ﬁlii
3747 4457 3904 4508 sunt

2237 4531 2362 4600 Dei,
2386 4531 2486 4603 qui
2519 4532 2589 4586 ad
2624 4531 2810 4588 Deum
2841 4549 2944 4605 per
2973 4537 3154 4590 Deum
3187 4535 3554 4606 perveniunt,
3585 4541 3646 4594 et
3674 4539 3900 4598 silvai

479 4622 806 4694 deletisque
835 4621 1113 4678 omnibus
1135 4619 1346 4676 veteris
1366 4619 1550 4692 culpae
1581 4619 2032 4692 maculis,quam
2057 4621 2130 4677 fe-
2159 4639 2206 4704 D
2237 4619 2496 4676 volentes
2525 4620 2765 4676 omnino
2795 4621 3115 4678 salvantur:
3136 4625 3276 4696 quia
3303 4623 3500 4696 ipsum
3529 4627 3903 4688 desiderium

477 4714 640 4770 ceret
659 4727 927 4784 reparare
947 4714 1241 4766 naturam.
1265 4709 1346 4764 De
1368 4708 1462 4764 his
1484 4707 1699 4780 quibus
1730 4725 1959 4781 pmnam
1981 4727 2133 4767 seve-

481 4800 628 4857 ritas
644 4801 810 4872 justo
837 4798 1521 4864 decreverat,secundum
1552 4797 1910 4853 ineffabilem
1939 4797 2132 4871 dispo-

475 4888 714 4948 sitionis
761 4887 1001 4946 occultas
1049 4887 1536 4957 misericordiam,
1584 4887 1760 4961 elegit
1815 4905 1954 4944 vasa
2001 4907 2129 4961 quae

479 4980 697 5036 faceret
721 4979 780 5034 in
813 4978 1092 5036 honorem
1127 4995 1140 5033 :
1175 4981 1233 5033 et
1279 4975 1427 5033 alios
1467 4993 1501 5032 a
1550 4981 1794 5032 ventura
1845 4977 1930 5032 ira
1976 4979 2128 5034 dono

478 5069 750 5142 gratuitas
779 5065 1101 5124 vocationis
1132 5064 1402 5135 absolvit,
1434 5065 1581 5121 alios
1611 5065 2025 5140 derelinquens
2053 5068 2126 5122 ad

481 5156 833 5232 equalitatis
855 5155 1153 5229 judicium
1181 5153 1510 5222 reservavit,
1545 5154 1690 5210 nulli
1720 5159 1916 5211 tamen
1949 5172 2127 5226 agno-

480 5247 709 5302 scenda;
730 5245 994 5302 veritatis
1006 5242 1599 5300 abstulitfacultatem
1615 5260 1628 5298 :
1644 5250 1702 5299 et
1721 5243 1801 5299 ita
1823 5243 2128 5316 plenitudo

481 5334 693 5392 divina;
738 5333 1134 5406 praescientiaa,
1171 5331 1228 5385 in
1279 5331 1423 5387 alios
1474 5336 1746 5388 manante
1788 5331 2041 5402 justitia,
2069 5331 2126 5386 in

483 5420 632 5478 alios
659 5421 846 5494 gratia
875 5422 1199 5494 profluente
1230 5419 1516 5491 completa
1545 5425 1725 5487 est,ut
1747 5419 2130 5491 pereuntibus

485 5529 635 5584 quos
655 5511 986 5584 praescierat
999 5511 1151 5566 Deus
1171 5528 1298 5567 esse
1323 5511 1439 5582 peri
1450 5515 1509 5565 tu
1519 5515 1698 5580 ros,et
1722 5508 1967 5564 servatis
1981 5525 2129 5579 quos

485 5600 546 5656 in
578 5599 679 5655 illa
706 5603 931 5655 secreta
960 5617 1067 5654 sua
1094 5597 1370 5655 electione
1393 5598 1723 5671 praescierat
1752 5614 1878 5652 esse
1906 5595 2130 5652 salvan-

481 5689 616 5760 dos,
647 5691 770 5746 toto
815 5689 953 5746 orbe
1000 5688 1212 5746 diﬂ'usa
1259 5687 1750 5760 multiplicaretur
1787 5684 2062 5742 Ecclesia.
2099 5708 2128 5734 »

2243 4708 2453 4764 salutis
2480 4725 2549 4763 ex
2577 4709 2678 4764 Dei
2708 4708 3090 4782 inspiratione
3117 4712 3475 4785 concipiunt,
3507 4718 3565 4772 et
3609 4733 3720 4789 per
3755 4718 3902 4776 illa-

2240 4796 2623 4854 minutionem
2650 4799 3002 4868 vocantis,in
3033 4800 3390 4873 agnitionem
3419 4802 3662 4860 veniunt
3687 4806 3907 4864 verita-

2239 4886 2368 4942 tis.»
2403 4886 2473 4940 Et
2503 4885 2640 4942 item
2686 4892 2818 4958 post
2848 4888 3151 4961 aliquanta
3198 4894 3350 4960 (cap.
3381 4893 3434 4962 4)
3466 4907 3480 4946 :
3527 4916 3554 4942 «
3587 4893 3740 4949 Cum
3769 4895 3904 4953 hinc

2237 4975 2486 5047 legerint
2505 4975 2596 5030 vel
2628 4976 2925 5033 audierint
2953 4978 3053 5050 qui
3079 4985 3281 5036 amant
3307 4981 3677 5039 calumniosa
3705 4990 3902 5043 certa-

2239 5062 2623 5131 mina,dicent
2655 5082 2762 5121 nos
2785 5083 2888 5138 per
2915 5066 3261 5136 hujusmodi
3294 5068 3730 5142 disputationes
3748 5074 3909 5148 Apo-

2239 5151 2386 5206 stolo
2417 5153 3134 5221 contradicere,de{inienti
3154 5158 3310 5229 quod
3341 5157 3496 5214 Deus
3515 5159 3906 5232 omnipotens

2237 5257 2440 5296 omnes
2471 5241 2741 5298 homines
2768 5241 2906 5297 velit
2935 5243 3125 5299 salvos
3170 5246 3314 5314 fieri,
3349 5251 3406 5302 et
3435 5247 3494 5302 in
3525 5247 3904 5320 agnitionem

2237 5329 2498 5386 veritatis
2528 5331 2742 5387 venire.
2769 5334 2949 5398 Quam
2987 5334 3332 5405 particulam
3363 5336 3672 5392 verborum
3699 5339 3904 5412 Apos-

2239 5419 2336 5474 toli
2369 5420 2450 5474 ita
2480 5438 2586 5474 nos
2619 5421 2839 5492 integre
2872 5420 3152 5496 pleneque
3184 5423 3640 5496 suscipimus,ut
3659 5425 3813 5483 nihil
3845 5430 3906 5486 ά

2239 5509 2309 5564 de
2338 5508 2796 5580 praecedentibus
2826 5510 2944 5565 sive
2976 5513 3258 5584 subjectis
3289 5531 3415 5586 quas
3447 5513 3520 5568 ad
3545 5513 3738 5586 ipsam
3770 5535 3912 5590 pen-

2239 5596 2426 5652 tinent
2458 5597 3042 5672 subtrahamuszquia
3074 5607 3138 5656 ut
3167 5607 3376 5658 czetera
3403 5600 3742 5660 divinorum
3770 5606 3904 5663 elo-

2237 5685 2510 5757 quiorum
2541 5687 2874 5744 testimonia
2905 5689 3462 5761 sequestremus,hic
3477 5689 3645 5749 locus
3663 5694 3907 5754 sufﬁcit
