4020 6450
149 426 257 488 251

835 427 937 487 DE
982 426 1739 489 PR/EDESTINATIONE
1781 425 2805 491 DlSSERTATIO‘POSTERIOR.

3366 498 3371 501 ,
3395 435 3523 497 258

148 560 205 617 ad
228 556 619 615 mouendum
668 560 825 631 quod
871 559 1226 617 oalomniose
1269 560 1572 631 objiciunt,
1605 563 1661 616 et
1692 560 1763 615 ad
1792 565 1847 631 Α
1878 576 2044 628 num,
2075 559 2169 615 his
2198 575 2325 631 quae
2358 560 2745 632 impossibilia
2780 566 2945 617 erant
2988 580 3259 624 enarrare
3304 584 3515 625 succu-

148 645 548 704 defendendum
562 646 719 718 quod
738 646 818 701 im
827 646 918 718 pie
928 646 1763 717 difﬁtentur.Scribensitaque

146 736 205 792 ad
230 732 597 791 Timotheum
629 734 911 808 magister
939 736 1205 807 gentium
1228 735 1443 790 Paulus
1464 735 1762 807 apostolus

145 824 246 880 ait:
268 820 491 879 Obsecro
520 824 696 892 igitur
721 826 901 896 primo
929 826 1196 893 omnium,
1206 826 1330 895 ﬁeri
1348 825 1757 891 obsecrationes,

140 911 517 986 postulationes,
548 913 857 981 gratiarum
885 914 1140 981 actiones,
1168 928 1269 984 pro
1296 914 1549 968 omnibus
1594 914 1764 967 homi-

141 1002 296 1068 nibus,
318 1016 420 1073 pro
447 1002 690 1069 regibus,
716 1009 768 1057 et
790 1017 892 1072 pro
920 1003 1171 1057 omnibus
1201 1003 1297 1073 qui
1328 1003 1390 1056 in
1429 1002 1764 1057 sublimitate

141 1096 335 1157 suum:
356 1090 601 1161 quietam
627 1097 679 1146 et
706 1091 1067 1162 tranquile
1089 1093 1260 1145 vitam
1287 1106 1511 1162 agamus
1534 1092 1593 1145 in
1612 1092 1764 1146 omni

136 1181 308 1253 pietate
350 1185 406 1235 et
449 1180 696 1234 castitate
727 1179 775 1247 (Ι
802 1180 935 1234 Tim.
964 1196 1025 1247 II,
1062 1178 1135 1251 1).
1190 1180 1303 1235 [loc
1350 1179 1507 1234 enim
1539 1179 1762 1234 bonum

140 1272 230 1336 est,
258 1271 311 1323 et
336 1272 645 1341 acceptum
677 1284 872 1324 coram
915 1267 1210 1325 Salvatore
1255 1272 1452 1325 nostro
1500 1268 1635 1336 Deo,
1660 1268 1761 1340 qui

137 1370 313 1413 omnes
360 1355 637 1413 homines
667 1355 791 1412 vult
821 1355 1013 1413 salvos
1042 1355 1187 1425 ﬁeri,
1220 1361 1277 1413 et
1304 1357 1365 1411 iu
1403 1356 1759 1429 agnitionem

135 1444 365 1502 veritatis
393 1444 615 1500 venire.
638 1445 802 1501 Unde
829 1445 987 1501 enim
1018 1445 1265 1514 Deus,et
1294 1463 1447 1502 unus
1478 1445 1764 1501 mediator

137 1534 220 1590 Dei
244 1538 296 1589 et
314 1532 839 1603 hominum,homo
869 1534 1140 1590 Christus
1169 1534 1477 1607 Jesus,qui
1498 1534 1657 1590 dedit
1678 1550 1764 1589 se-

136 1622 427 1695 metipsum
459 1622 918 1694 redemptionem
948 1640 1052 1695 pro
1074 1623 1370 1679 omnibus.
1396 1624 1476 1679 De
1496 1623 1604 1679 hac
1622 1637 1760 1696 ergo

135 1710 381 1767 doctrinae
398 1710 735 1783 apostolica:
757 1710 978 1784 regula,
994 1728 1112 1783 qua
1142 1710 1399 1767 Ecclesia
1415 1712 1758 1768 universalis

132 1799 412 1867 imbuitur,
434 1816 511 1855 ne
540 1798 601 1855 in
633 1799 928 1855 diversum
956 1799 1319 1856 intellectum
1336 1804 1536 1856 nostro
1558 1816 1760 1873 evage-

131 1904 248 1944 mur
270 1887 531 1956 arbitrio,
548 1887 689 1960 quid
720 1888 849 1961 ipsa
881 1888 1227 1945 universalis
1245 1889 1503 1945 Ecclesia
1523 1890 1757 1952 sentiat,
1787 1920 1836 1985 B

130 1978 478 2049 requiramus
505 1995 519 2033 :
543 1978 701 2033 1'98
720 1977 860 2049 quia
887 1976 1033 2033 nihil
1058 1993 1184 2033 esse
1206 1977 1450 2033 dubium
1471 1978 1680 2049 poterit
1700 1978 1761 2033 in

129 2066 472 2139 praecepto,si
489 2066 821 2122 obedientia
842 2066 1156 2122 concordat
1177 2067 1236 2121 in
1258 2067 1472 2123 studio.
1488 2066 1764 2139 Praecepit

130 2155 300 2228 itaque
326 2154 670 2227 Apostolus,
693 2155 811 2211 imo
837 2172 940 2228 per
959 2155 1302 2227 Apostolum
1337 2156 1636 2223 Dominus,
1661 2155 1761 2228 qui

128 2242 461 2316 loquebatur
477 2242 538 2298 in
558 2243 855 2315 Apostolo,
880 2243 1003 2298 fieri
1033 2244 1484 2310 obsecrationes,
1503 2244 1761 2316 postula-

128 2331 312 2404 tiones,
324 2333 659 2405 gratiarum
686 2332 961 2398 actiones,
978 2349 1081 2405 pro
1103 2331 1378 2389 omnibus
1398 2333 1759 2401 hominibus,

129 2425 177 2477 et
200 2436 296 2493 pro
324 2422 592 2494 regibus,
625 2438 692 2477 ac
724 2439 827 2494 pro
858 2421 952 2477 his
981 2422 1082 2493 qui
1115 2421 1173 2475 in
1200 2421 1561 2477 sublimitate
1603 2427 1758 2478 sunt.

130 2512 293 2576 Quam
322 2509 519 2583 legem
540 2509 986 2582 supplicationis
1009 2511 1088 2565 ita
1112 2509 1376 2565 omnium
1395 2511 1763 2567 sacerdotum

130 2603 177 2654 et
201 2600 467 2655 omnium
500 2598 765 2654 fidelium
814 2599 1041 2654 devotio
1092 2598 1457 2655 concorditer
1504 2604 1664 2655 tenet
1700 2603 1766 2655 ut

128 2686 269 2743 nulla
294 2704 440 2760 pars
472 2687 681 2743 mundi
712 2687 789 2742 sit
816 2687 875 2741 in
924 2704 1043 2758 qua
1085 2687 1427 2758 hujusmodi
1476 2687 1765 2743 orationes

129 2792 227 2832 non
279 2776 656 2833 celebrentur
702 2793 736 2831 a
776 2774 1007 2847 populis
1063 2775 1430 2831 Christianis.
1464 2776 1766 2849 Supplicat

123 2881 243 2938 ergo
270 2864 499 2939 ubique
527 2862 787 2923 Ecclesia
816 2864 953 2933 Deo,
986 2880 1103 2919 non
1131 2863 1321 2920 solum
1373 2881 1476 2936 pro
1521 2866 1764 2931 sanctis,

124 2957 172 3007 et
196 2954 252 3010 in
281 2954 521 3011 Christo
543 2954 672 3026 jam
704 2950 1081 3025 regeneratis,
1109 2953 1212 3008 sed
1242 2953 1418 3009 etiam
1449 2970 1553 3025 pro
1584 2954 1768 3009 omni-

121 3040 218 3098 bus
244 3042 610 3111 inﬁdelibus,
627 3045 685 3097 et
703 3041 958 3098 inimicis
979 3041 1171 3097 crucis
1195 3041 1429 3110 Christi,
1444 3059 1548 3114 pro
1570 3042 1765 3098 omni-

120 3129 216 3187 bus
242 3130 544 3190 idolorum
565 3130 912 3197 cultoribus,
927 3147 1031 3203 pro
1052 3129 1326 3187 omnibus
1349 3130 1448 3203 qui
1466 3130 1764 3187 Christum

118 3217 169 3274 in
198 3221 482 3278 membris
509 3220 637 3277 suis
661 3223 1116 3292 persequuntur,
1143 3236 1245 3292 pro
1276 3219 1493 3275 Judaeis
1511 3236 1761 3291 quorum

120 3309 348 3365 cmeitati
368 3309 582 3366 lumen
604 3307 898 3381 Evangelii
923 3324 1038 3363 non
1060 3306 1325 3380 refulget,
1341 3324 1444 3380 pro
1476 3307 1763 3365 haereticis

118 3401 166 3453 et
188 3397 611 3464 schismaticis,
645 3396 747 3470 qui
790 3397 861 3452 ab
910 3396 1134 3452 unitate
1183 3396 1315 3451 ﬁdei
1363 3401 1420 3453 et
1459 3397 1765 3455 charitatis

118 3485 271 3542 alieni
289 3493 455 3544 sunt.
472 3487 631 3554 Quid
652 3490 847 3542 autem
870 3502 975 3558 pro
995 3484 1124 3540 istis
1144 3484 1305 3557 petit,
1320 3485 1433 3540 nisi
1452 3485 1764 3557 ut,relictis

117 3575 399 3633 erroribus
431 3577 587 3643 suis,
622 3578 1037 3631 convertantur
1066 3574 1136 3629 ad
1169 3573 1375 3641 Deum,
1395 3574 1684 3647 accipiant
1706 3575 1767 3630 fi-

116 3663 252 3734 dem,
277 3665 585 3739 accipiant
609 3664 934 3732 veritatem,
955 3668 1012 3719 et
1041 3663 1113 3719 de
1142 3663 1487 3736 ignorantia
1506 3664 1764 3719 tenebris

112 3749 427 3821 liberati,iu
461 3752 827 3827 agnitionem
850 3752 1087 3807 veniant
1113 3752 1410 3808 veritatis?
1439 3753 1602 3818 Quod
1627 3752 1766 3825 quia

114 3839 211 3912 ipsi
254 3846 546 3915 praestare
593 3840 708 3899 sibi
757 3845 1076 3914 nequeunt,
1111 3841 1277 3898 malae
1320 3842 1762 3898 consuetudinis

113 3931 352 4000 pondere
382 3930 681 4004 oppressi,
717 3936 773 3986 et
799 3930 1014 3987 diaboli
1044 3930 1295 3986 vinculis
1318 3929 1763 4003 alligati,ueque

110 4018 474 4093 deceptiones
508 4037 651 4076 suas
682 4019 942 4076 evincere
972 4019 1184 4087 valent,
1202 4019 1561 4095 quibusOtam
1592 4020 1766 4092 perti-

111 4107 315 4165 naciter
343 4110 739 4176 inhmseruut,
756 4112 821 4163 ut
840 4113 1127 4179 quantum
1148 4108 1400 4164 amanda
1421 4112 1510 4163 est
1526 4109 1759 4179 veritas,

108 4199 324 4253 tantum
351 4197 624 4270 diligant
650 4196 990 4263 falsitatem,
1024 4196 1358 4252 misericors
1393 4196 1675 4253 Dominus
1707 4203 1765 4254 et

105 4283 291 4353 justus
308 4303 419 4359 pro
438 4286 732 4342 omnibus
752 4284 864 4340 sibi
884 4284 1009 4340 vult
1038 4284 1378 4341 hominibus
1404 4286 1720 4358 supplicari
1744 4304 1759 4343 :

109 4377 165 4428 ut
189 4390 323 4430 cum
350 4375 641 4430 videmus
670 4374 743 4430 de
765 4377 883 4428 tam
907 4373 1212 4445 profundis
1230 4373 1400 4429 malis
1422 4374 1764 4432 innumeros

108 4461 371 4531 erui,uon
390 4463 780 4536 ambigamus
801 4462 984 4517 Deum
1008 4462 1348 4534 praestitisse
1370 4464 1525 4535 quod
1546 4467 1611 4517 ut
1626 4481 1765 4534 prae-

107 4553 273 4609 staret
319 4557 535 4609 oratus
583 4556 695 4624 est,
728 4555 786 4607 et
827 4551 1046 4624 gratias
1095 4555 1330 4623 agentes
1379 4568 1482 4624 pro
1538 4551 1632 4607 his
1662 4553 1763 4624 qui

1872 648 2018 702 buit.
2048 671 2075 697 ››
2107 650 2177 703 Et
2206 651 2337 720 post
2366 666 2552 721 pauca
2582 650 2720 722 (cap.
2744 650 2799 717 5)
2825 666 2838 706 :
2864 650 3212 710 «Praemissa
3240 656 3395 712 enim
3419 657 3516 713 do-

1871 737 2055 792 centis
2085 736 2329 792 assertio
2360 736 2553 792 locum
2585 738 2763 794 dabat
2792 737 3513 814 multimodae'queastioni,

1871 829 1935 880 ut
1963 825 2186 880 variata
2214 842 2317 897 per
2347 829 2433 881 tot
2462 826 2708 899 populos
2739 844 2806 882 ac
2835 832 3099 901 tempora
3117 831 3314 903 gratiae
3336 848 3516 890 causa

1870 914 2587 987 quaereretur,curscilicet
2605 915 2998 973 anterioribus
3018 916 3247 975 saeculis
3258 918 3525 977 dimissae

1869 1005 2067 1057 essent
2095 1018 2299 1056 omnes
2330 1008 2531 1075 gentes
2561 1003 2787 1076 ingredi
2817 1005 2943 1061 vias
2963 1022 3122 1074 suas,
3145 1011 3514 1065 unotantum

1872 1089 2101 1157 Israele,
2131 1090 2229 1161 qui
2262 1090 2475 1148 divinis
2517 1091 2765 1165 eloquiis
2804 1092 3152 1161 erudiretur,
3174 1101 3432 1168 excepto,
3460 1101 3525 1154 σε

1871 1178 1942 1233 ad
1974 1178 2362 1251 cognitionem
2384 1181 2642 1237 veritatis
2672 1181 2871 1250 electo,
2893 1182 3074 1254 Cujus
3105 1183 3419 1241 inﬁdelitas
3439 1185 3519 1242 10'-

1869 1283 2001 1322 cum
2034 1267 2271 1323 tandem
2294 1268 2587 1324 salvandis
2609 1270 2883 1342 gentibus
2905 1269 3441 1346 tbcerit,tauquam‘,
3465 1272 3530 1330 si’

1869 1371 2023 1411 unus
2050 1354 2303 1427 populus
2319 1355 2379 1410 in
2402 1355 2516 1411 fide
2533 1356 2625 1412 sui
2644 1356 3519 1432 generis'permaueret,miseri-

1869 1443 2068 1498 cordia
2096 1443 2198 1499 Dei
2228 1444 2454 1500 caeteris
2475 1445 2813 1502 nationibus
2844 1463 2906 1503 se
2936 1450 3210 1520 praestare
3238 1466 3355 1506 non
3375 1467 3517 1523 pos-

1870 1535 1976 1588 set.
1992 1531 2108 1587 Cur
2134 1531 2385 1604 denique
2415 1533 2548 1604 ipsi,
2566 1550 2815 1605 quorum
2846 1535 3159 1593 diminutio
3188 1537 3350 1595 salus
3370 1555 3517 1613 geu-

1868 1620 2017 1676 tium
2048 1624 2156 1691 est,
2175 1620 2248 1676 ab
2281 1621 2666 1679 obcaecatione
2689 1640 2797 1680 sua
2825 1640 2941 1680 non
2971 1623 3294 1683 liberentur
3318 1628 3534 1700 prius--

1870 1725 2048 1780 quam
2078 1708 2444 1781 ingrediatur
2472 1710 2735 1783 gentium
2767 1710 3272 1786 pleuitudo,quasi
3302 1714 3519 1772 illumi-

1870 1797 2152 1852 uaricum
2174 1798 2451 1854 omnibus
2480 1800 2908 1870 nequeant,qui
2939 1817 3143 1857 omnes
3186 1802 3340 1859 facta
3361 1806 3533 1862 194‘

1869 1886 2135 1940 omnium
2166 1885 2428 1958 gentium
2463 1886 2770 1959 adeptione
2792 1887 3053 1945 salvandi
3071 1894 3229 1947 sunt.
3246 1893 3361 1947 Aut
3378 1908 3518 1964 quo-

1872 1973 2042 2029 modo
2074 1973 2264 2029 omnis
2297 1974 2473 2029 Israel
2501 1975 2733 2030 sublata
2770 1976 3155 2034 obcaecatione
3201 1979 3517 2037 salvandus

1871 2061 2142 2133 sit,cujus
2159 2061 2606 2119 innumerabilis
2630 2064 2945 2121 multitudo
2966 2065 3026 2121 in
3046 2083 3155 2123 sua
3174 2067 3519 2126 infidelitate

1872 2150 2147 2206 deficiens
2169 2151 2240 2206 ad
2272 2155 2537 2224 tempora
2567 2150 2845 2209 salvautis
2866 2154 3155 2224 promissa
3180 2172 3296 2211 non
3317 2171 3518 2228 perveo

1873 2235 1977 2291 nit.
2007 2236 2109 2292 Vel
2142 2239 2433 2309 quomodo
2458 2238 2719 2310 ipsarum
2751 2240 3037 2313 gentium,
3066 2257 3315 2314 quarum
3353 2244 3517 2315 prius

1872 2343 1986 2381 non
2018 2329 2107 2381 est
2138 2327 2289 2382 facta
2310 2326 2556 2393 vocatio,
2571 2326 2803 2384 dicatur
2819 2344 2974 2385 nunc
3006 2330 3231 2403 ingredi
3267 2331 3517 2404 plenitu-

1872 2415 1965 2482 do,
2000 2432 2132 2469 cum
2164 2419 2328 2470 tanta
2356 2416 2703 2487 promiscua:
2726 2417 2912 2474 aetatis
2933 2424 2991 2474 et
3030 2419 3379 2477 conditionis
3408 2421 3519 2478 ho-

1871 2502 2100 2558 minum
2131 2502 2332 2572 millia,
2349 2503 2410 2557 in
2441 2504 2717 2561 omnibus
2738 2505 3076 2563 nationibus
3097 2524 3226 2581 quae
3249 2513 3388 2565 sunt
3407 2509 3526 2566 sub'

1872 2591 2176 2659 cmlo,sine
2206 2591 2420 2648 Christi
2436 2592 2863 2663 justiﬁcatione
2902 2596 3254 2654 moriantur.
3281 2597 3525 2655 Sed'hoo'

1872 2699 2004 2737 rum
2036 2681 2445 2753 mysteriorum
2460 2681 2938 2755 judiciorumque
2958 2700 3167 2741 causas
3191 2686 3324 2758 pius
3345 2692 3403 2743 et
3423 2686 3519 2743 (ἰοί

1872 2775 2002 2825 ctus
2032 2770 2313 2841 magister
2342 2769 2551 2824 maluit
2580 2772 2651 2826 ad
2676 2771 3046 2829 altitudinem
3068 2774 3403 2830 divitiarum
3433 2792 3521 2832 sa-

1872 2857 2102 2930 pientiae
2132 2857 2232 2912 Dei
2264 2857 2635 2930 scientiaeque
2667 2860 3040 2932 suspendam,
3056 2878 3232 2933 quam
3253 2862 3517 2933 justissi-

1873 2963 1980 3001 ma:
2010 2945 2269 3001 veritatis
2300 2951 2357 3000 et
2388 2946 2947 3004 misericordissima:
2976 2948 3257 3006 bonitatis
3286 2950 3517 3006 subtra-

1872 3039 2032 3090 ctum
2064 3034 2137 3089 ab
2160 3033 2418 3088 humana
2440 3034 2771 3091 conditione
2795 3040 3084 3093 secretum
3104 3037 3413 3094 temeraria
3432 3038 3520 3095 iu-

1873 3122 2185 3195 quisitione
2214 3123 2538 3180 discutere:
2563 3122 2709 3179 nihil
2731 3124 3006 3181 omittens
3038 3127 3108 3181 de
3138 3125 3230 3182 his
3251 3140 3519 3199 quianon

1873 3217 2099 3285 oportet
2129 3211 2404 3285 ignorari,
2439 3211 2585 3267 nihil
2622 3215 3092 3271 contractansde
3122 3214 3370 3288 hisque:
3401 3230 3535 3273 non

1792 3284 1835 3350 (ἶ
1873 3284 2007 3357 licet
2038 3300 2195 3357 sciri.
2212 3300 2395 3357 Multa
2413 3301 2569 3356 enim
2587 3306 2728 3357 sunt
2749 3301 2809 3357 in
2828 3284 3519 3377 dispensatione—operum

1872 3390 2226 3458 divinorum,
2243 3406 2493 3461 quorum
2516 3390 2708 3445 causis
2725 3390 3041 3447 latentibus
3059 3391 3167 3448 soli
3190 3397 3521 3450 monstran-

1872 3483 1972 3535 tur
2001 3479 2262 3546 oﬂ'ectus,
2284 3482 2349 3533 ut
2379 3494 2513 3533 cum
2535 3483 2731 3550 pateat
2751 3479 2905 3551 quod
2922 3481 3164 3552 geritur,
3188 3498 3303 3537 nou
3324 3486 3535 3554 pateat“

1873 3586 1978 3623 cur
2006 3572 2260 3640 geratur,
2293 3568 2522 3638 negotio
2557 3567 2615 3621 in
2648 3567 2909 3623 medium
2940 3569 3211 3640 deducto,
3243 3575 3300 3626 et
3328 3570 3388 3626 in
3419 3586 3515 3627 oc-

1873 3656 2099 3713 cultum
2130 3656 2354 3711 ratione
2384 3655 2692 3724 subducta,
2728 3659 2791 3711 ut
2822 3656 2881 3711 in
2912 3658 3117 3713 eadem
3148 3675 3209 3714 re
3239 3663 3296 3714 et
3326 3660 3398 3715 de
3428 3659 3519 3716 in-

1872 3732 2289 3801 scrutabilibus
2320 3744 2695 3816 praesumptio
2717 3744 3156 3816 comprimatur,
3170 3750 3227 3802 et
3247 3748 3316 3802 de
3338 3746 3519 3803 mani:

1872 3834 2035 3890 festis
2066 3832 2292 3888 falsitas
2321 3834 2622 3887 refutetur.
2657 3854 2686 3882 ››
2718 3833 2787 3888 Et
2806 3839 2939 3904 post
2967 3833 3222 3905 plurima
3249 3839 3390 3906 (cap.
3419 3838 3476 3905 7)
3500 3853 3515 3894 :

1872 3946 1899 3974 ‹‹
1934 3923 1995 3979 Si
2018 3938 2151 3977 vero
2182 3921 2462 3992 quan-itur
2491 3937 2594 3975 cur
2623 3920 2889 3976 Salvator
2916 3921 3180 3977 omnium
3211 3922 3518 3983 hominum

1872 4029 1987 4069 non
2018 4010 2292 4067 omnibus
2321 4009 2542 4065 dederit
2567 4010 2726 4065 hunc
2747 4026 3007 4079 sensum,
3023 4014 3087 4065 ut
3106 4017 3527 4084 cognoscerent

1870 4118 2073 4157 verum
2105 4101 2311 4171 Deum,
2327 4104 2383 4155 et
2413 4102 2626 4170 essent,
2642 4098 2700 4153 id
2732 4104 2821 4154 est
2850 4105 3280 4171 permanerent,
3305 4100 3365 4156 in
3385 4115 3519 4161 vero

1874 4191 2016 4247 Filio
2030 4191 2186 4262 ejus:
2206 4188 2474 4260 quamvis
2485 4188 2792 4243 credamus
2805 4186 3336 4245 uullishominibus
3347 4204 3523 4263 opem?

1871 4279 2072 4353 gratiae
2101 4280 2161 4333 in
2194 4282 2384 4333 totum
2418 4276 2598 4332 fuisse
2628 4277 3011 4345 subtractam,
3045 4277 3117 4333 de
3142 4295 3259 4350 quo
3288 4279 3519 4351 plenius

1871 4371 1931 4424 in
1962 4367 2457 4440 consequentibus
2478 4366 2840 4421 disseremus
2874 4383 2887 4422 :
2923 4370 3122 4422 tamen
3145 4367 3226 4423 ita
3245 4368 3390 4425 forte
3410 4368 3518 4426 hoc

1870 4460 2126 4515 velatum
2159 4458 2255 4528 sit,
2282 4456 2435 4512 sicut
2464 4455 2607 4510 illud
2641 4454 3051 4511 absconditum
3073 4459 3164 4514 est
3199 4458 3520 4528 cur,omni:-

1872 4551 1983 4605 bus
1996 4548 2268 4621 gentibus
2282 4544 2899 4618 prmtermissismnum
2918 4544 3030 4602 sibi
3046 4546 3327 4620 populum
3341 4564 3519 4621 quem

107 4639 237 4695 salvi
257 4641 401 4698 facti
423 4645 909 4713 suut,speremus
927 4640 1103 4696 etiam
1125 4640 1336 4712 eosqui
1354 4641 1604 4696 necdum
1628 4645 1765 4697 sunt
1787 4649 1835 4715 D
1872 4640 1944 4695 ad
1974 4636 2230 4695 veritatis
2264 4634 2653 4708 cognitionem
2684 4634 2942 4692 erudiret
2968 4637 3277 4710 exceperit:
3298 4637 3379 4693 De
3399 4654 3519 4709 quo

105 4725 437 4801 illuminati,
458 4730 674 4786 eodem
695 4728 902 4783 divinae
927 4728 1127 4800 gratias
1149 4745 1318 4800 opere
1335 4730 1672 4786 eximendos
1689 4731 1760 4787 de
1861 4729 2087 4802 judicio
2117 4726 2218 4783 Dei
2252 4726 2299 4783 si
2335 4743 2451 4781 non
2472 4729 2561 4781 est
2591 4726 3088 4797 conquerendum,
3112 4725 3296 4782 multo
3318 4727 3516 4782 minus

107 4822 379 4886 potestate
406 4818 819 4885 tenebrarum,
853 4820 910 4873 et
938 4818 998 4871 in
1029 4833 1274 4889 regnum
1294 4818 1395 4874 Dei
1412 4818 1757 4890 priusquam

107 4902 169 4960 de
193 4905 299 4963 hac
327 4910 554 4964 exeant
579 4906 701 4963 vita
726 4906 1181 4962 transferendos.
1214 4907 1376 4972 Quod
1409 4908 1458 4963 si
1507 4907 1756 4979 aliquos,

107 4993 246 5053 sicut
265 4997 555 5053 videmus
584 4995 869 5062 accidere,
886 4994 1162 5051 salvautis
1184 4995 1370 5067 gratia
1400 4997 1762 5068 praeterierit,

107 5085 157 5139 et
179 5099 280 5157 pro
300 5086 399 5143 eis
412 5085 613 5142 oratio
649 5082 920 5140 Ecclesiae
943 5087 1173 5155 recepta
1192 5100 1310 5139 non
1343 5083 1539 5151 fuerit,
1564 5085 1635 5139 ad
1666 5101 1760 5140 oc-

108 5170 249 5230 culta
264 5175 485 5231 divina:
500 5171 990 5245 justitizejudicia
1008 5172 1375 5227 referendum
1398 5177 1571 5240 est,et
1593 5189 1766 5245 agno-

109 5262 378 5320 scendum
401 5260 624 5319 secreti
656 5259 836 5331 hujus
864 5257 1326 5331 profunditatem
1358 5259 1526 5315 uobis
1561 5259 1622 5314 in
1649 5260 1759 5316 hac

107 5349 212 5406 vita
240 5357 443 5424 patere
476 5366 603 5406 non
631 5366 821 5422 posse.
848 5349 929 5404 Ex
958 5352 1122 5420 parte
1161 5347 1317 5403 enim
1342 5348 1584 5416 scimus,
1608 5353 1665 5404 et
1692 5366 1760 5406 ex

110 5445 256 5509 parte
283 5441 748 5515 prophetamus,
770 5442 828 5494 et
851 5437 1119 5494 videmus
1146 5454 1302 5492 nunc
1323 5454 1427 5509 per
1454 5437 1757 5509 speculum

108 5526 161 5582 in
189 5532 543 5604 aenigmate:
570 5545 677 5585 nec
707 5527 1088 5600 sapientiores
1124 5529 1225 5583 aut
1254 5526 1590 5584 scientiores
1618 5528 1757 5584 bea-

111 5616 630 5694 tissimoApostolo
651 5634 887 5686 sumus;
911 5616 1012 5690 qui
1039 5632 1173 5673 cum
1193 5616 1263 5672 de
1282 5616 1480 5690 gratia:
1503 5618 1762 5689 potentia

112 5705 447 5785 disputaret,
459 5722 823 5787 magnorum
839 5706 1249 5786 mysteriorum
1265 5705 1567 5784 ingressus
1598 5724 1758 5768 arca-

1870 4821 1941 4875 de
1960 4819 2070 4873 hoc
2091 4816 2245 4889 quod
2270 4832 2405 4871 cum
2426 4814 2704 4871 electione
2728 4814 2991 4870 omnium
3013 4813 3274 4887 gentium
3295 4815 3519 4887 geritur

1868 4906 2359 4963 murmurandum
2405 4908 2513 4960 est.
2537 4906 2670 4969 Quae
2718 4903 2875 4960 enim
2924 4904 3078 4960 Deus
3126 4903 3353 4960 occulta
3387 4920 3515 4962 esse

1867 4996 2068 5062 voluit,
2104 5011 2219 5050 non
2252 4997 2390 5050 sunt
2418 4993 2738 5048 scrutanda
2770 5010 2782 5047 :
2816 5009 2944 5064 qua:
2974 4995 3169 5049 autem
3204 4992 3522 5051 manifesta‘

1870 5084 2025 5151 fecit,
2059 5101 2173 5139 non
2204 5086 2342 5139 sunt
2371 5081 2743 5155 negligenda.
2778 5104 2807 5132 »

1939 5174 2011 5229 Et
2041 5173 2100 5227 in
2131 5172 2278 5227 libro
2312 5189 2351 5226 ιι
2400 5171 2629 5243 (caui)
2662 5187 2675 5224 :
2706 5193 2733 5220 «
2768 5170 3042 5235 Quamvis
3089 5169 3245 5227 enim
3293 5170 3363 5226 ad
3395 5186 3515 5226 om-

1866 5262 2032 5317 nium
2048 5259 2355 5319 hominum
2366 5257 2724 5314 vocationem
2745 5257 3123 5331 Evangelium
3145 5256 3510 5331 dirigeretur,
3584 5252 3593 5263 ’

1866 5364 2187 5420 omnesque
2208 5346 2492 5402 Dominus
2512 5344 2682 5400 vellet
2712 5345 2901 5401 salvos
2924 5345 3070 5412 fieri,
3091 5350 3148 5402 et
3175 5345 3236 5401 in
3263 5345 3512 5419 agnitio-

1867 5455 2001 5494 nem
2031 5435 2291 5492 veritatis
2319 5433 2513 5490 venire
2542 5450 2554 5489 :
2589 5450 2705 5489 non
2732 5437 2928 5489 tamen
2971 5434 3083 5489 sibi
3132 5434 3517 5507 dispensatio-

1867 5545 2010 5585 num
2043 5541 2281 5583 suarum
2307 5522 2628 5579 abstulerat
2657 5526 3026 5595 potestatem,
3049 5527 3115 5579 ut
3145 5522 3313 5579 aliter
3332 5540 3511 5596 quam

1867 5616 2091 5674 occulto
2113 5615 2393 5689 justeque
2413 5611 2637 5683 judicio
2668 5615 2951 5667 statuerat
2979 5610 3207 5668 consilii
3238 5612 3330 5669 sui
3371 5611 3512 5670 ordo

1867 5707 2216 5768 decurreret.
2251 5700 2414 5761 Unde
2443 5699 2637 5760 locum
2666 5717 2783 5759 non
2812 5699 3033 5761 habent
3071 5700 3509 5762 contumacium
