4020 6480
453 421 574 485 259

1387 415 1774 480 HINCMARI
1819 411 2269 476 RHEMENSIS
2315 410 2936 476 ARCHIEPISCOPI.

3736 413 3849 474 260

457 569 761 610 murmura
789 549 1182 624 querelarum,
1201 548 1341 622 quia
1371 547 1525 620 quod
1559 547 1712 602 Deus
1743 546 1868 601 ﬁeri
1897 544 2096 611 voluit,
2130 545 2186 611 Α
2215 544 2314 600 sed
2345 543 2405 599 in
2437 544 2570 600 aliis
2601 545 2974 618 praevaluisse
3002 543 3276 618 gratiam,
3309 543 3368 599 in
3397 543 3530 600 aliis
3561 541 3847 602 resiluisse

455 644 686 698 constat
713 657 828 696 non
861 638 1032 694 aliter
1059 637 1183 694 ﬁeri
1222 635 1496 692 debuisse
1527 652 1703 707 quam
1732 633 1935 689 voluit.
1971 655 1998 682 »
2031 633 2102 686 Et

453 734 589 803 post
612 746 799 803 pauca
829 745 844 784 :
874 751 902 779 (ι
937 727 1050 784 Sed
1080 744 1152 783 ne
1177 726 1238 782 in
1266 723 1574 798 praeteritis
1603 724 1840 796 quidem
1871 720 2100 778 saeculis

453 819 576 875 haec
619 819 824 875 eadem
877 815 1088 890 gratia,
1121 831 1250 888 quae
1300 818 1433 887 post
1483 811 1714 868 Domini
1746 811 1932 867 nostri
1961 811 2102 866 Jesu

452 906 669 964 Christi
691 903 1176 962 resurrectionem
1208 901 1426 974 ubique
1454 900 1671 956 diffusa
1699 903 1806 968 est,
1823 903 1880 954 et
1895 898 1964 954 de
1986 913 2103 970 qua

453 995 740 1068 scriptum
806 997 916 1060 est,
973 993 1294 1050 Illuxcrunt
1350 990 1746 1046 coruscationes
1807 995 1920 1044 tuae
1981 985 2105 1042 orbi

453 1093 620 1142 terrae
665 1083 836 1152 (Psal.
889 1097 1072 1149 LXXVI,
1109 1079 1219 1148 19),
1251 1077 1438 1133 defuit
1491 1077 1736 1142 mundo,
1769 1098 1797 1124 »
1827 1075 1898 1130 Et
1927 1073 2100 1146 paulo

453 1177 588 1247 post
618 1189 632 1228 :
673 1195 694 1222 ι
723 1171 848 1226 Non
877 1169 962 1225 ita
990 1185 1054 1225 se
1086 1172 1285 1224 tamen
1311 1171 1528 1222 aeterna
1553 1163 1840 1220 Creatoris
1871 1163 2101 1218 bonitas

453 1263 525 1318 ab
553 1259 670 1316 illis
702 1257 1040 1316 hominibus
1069 1255 1380 1320 avertit,ut
1407 1271 1508 1310 eos
1529 1254 1600 1310 ad
1631 1251 2101 1325 cognoscendum

451 1365 514 1405 se
543 1350 717 1420 atque
747 1344 1128 1401 metuendum
1161 1341 1342 1398 nullis
1361 1339 1889 1414 significationibus
1908 1339 2104 1394 admo-

451 1440 673 1492 neret.»
696 1435 764 1490 Et
783 1432 956 1507 paulo
983 1435 1117 1504 post
1139 1448 1153 1488 :
1179 1453 1207 1481 ‹‹
1233 1430 1442 1502 Igitur,
1461 1429 1614 1485 sicut
1634 1428 1776 1484 dicit
1796 1426 2100 1500 Propheta,

449 1523 819 1582 Misericordia
846 1523 1067 1578 Domini
1089 1521 1256 1592 plena
1295 1527 1374 1576 est
1423 1527 1570 1576 terra
1599 1519 1771 1588 (Psai.
1803 1533 1977 1582 χχχιι,
2003 1517 2099 1584 5);

451 1631 577 1686 quas
591 1611 770 1668 nullis
793 1627 1054 1683 unquam
1069 1606 1507 1674 szeculismullis
1523 1605 1998 1680 generationibus
2009 1605 2106 1659 de-

449 1702 831 1773 fuit,eamque
852 1697 1423 1772 providentiam,qua
1443 1695 1883 1751 universitatem
1905 1709 2100 1748 rerum

449 1789 822 1846 administrat
841 1792 899 1842 et
916 1786 1200 1852 continet,
1216 1783 1487 1858 regendis
1509 1782 1853 1855 alendisque
1873 1781 2102 1838 naturis

448 1876 841 1950 θεωρίαι-1ῡῦ
859 1873 1168 1946 impendit,
1193 1872 1544 1946 dispositum
1563 1871 1787 1927 habens
1799 1871 2101 1926 exincom-

447 1963 750 2023 mutabilis
770 1963 1092 2020 aeternitate
1112 1961 1364 2034 consilii,
1381 1960 1598 2034 quibus
1609 1960 1872 2032 quidque
1883 1963 2100 2030 tempo-

447 2055 612 2112 ribus
624 2050 1474 2118 distribueret,etmultiformis
1503 2049 1702 2122 gratiis
1733 2064 1853 2103 sua:
1879 2047 2101 2102 inscru-

448 2143 656 2200 tabiles
676 2139 1228 2213 investigabilesque
1249 2154 1556 2194 mensuras
1581 2153 1683 2209 per
1698 2153 1825 2208 quae
1853 2137 2007 2190 dona
2034 2151 2101 2190 ac

451 2233 818 2288 sacramenta
835 2229 1142 2285 variaret.»
1156 2227 1380 2282 Etitem
1401 2229 1536 2298 post
1557 2224 1856 2296 aliquanta
1867 2224 2096 2296 (cap.3):

451 2315 1169 2378 «Manifestaveruntenim
1183 2315 1512 2370 divinorum
1524 2313 1890 2385 eloquiorum
1904 2311 2099 2366 multas

451 2412 856 2478 auctoritates,
869 2411 926 2462 et
953 2404 1234 2461 continua
1260 2403 1525 2459 omnium
1559 2400 1908 2458 saeculorum
1939 2417 2103 2472 expe-

450 2495 1278 2566 rimsn.adocueruntjustam
1301 2491 1402 2548 Dei
1424 2489 1906 2557 misericordiam,
1923 2489 2099 2544 mise-

449 2587 564 2648 ricc
575 2587 856 2658 rdemque
867 2582 1307 2655 justitiam,nec
1327 2579 1552 2636 alendis
1571 2594 1831 2651 unquam
1852 2577 2102 2648 corpori-

451 2677 564 2733 bus
580 2673 1022 2740 hominum,nec
1039 2669 1314 2726 docendis
1321 2669 1716 2740 juvandisque
1727 2682 1930 2722 eorum
1944 2682 2102 2721 men-

451 2765 614 2822 tibus
643 2761 922 2820 defuisse.
941 2761 1185 2832 Semper
1205 2757 1420 2814 etenim
1444 2755 1596 2829 pluit
1620 2772 1796 2828 super
1829 2755 2012 2810 bonos
2041 2759 2100 2810 et

452 2852 661 2921 malos,
675 2866 908 2922 semper
935 2848 1120 2904 solem
1151 2863 1327 2903 suum
1357 2845 1496 2902 oriri
1526 2845 1662 2900 fecit
1689 2861 1870 2916 super
1903 2845 2098 2916 justos

451 2946 509 2996 et
538 2940 812 3012 injustos.
835 2960 864 2987 »
896 2937 966 2992 Et
994 2935 1252 3008 plurima
1277 2934 1483 2989 divinae
1513 2932 1924 2988 misericordiae
1947 2932 2100 2987 dona

451 3043 919 3086 commemorans
932 3023 1149 3099 prolixe
1161 3021 1634 3096 prosequitur.Et
1653 3027 1786 3094 post
1796 3020 2101 3093 aliquanta

452 3121 592 3190 (cap.
613 3121 671 3186 7)
697 3134 712 3174 :
747 3139 776 3168 «
809 3115 955 3171 Cum
985 3118 1182 3170 tamen
1212 3111 1378 3180 illud,
1412 3112 1567 3184 quod
1608 3111 1678 3168 de
1709 3109 1964 3166 bonitate
1995 3110 2098 3165 Dei

451 3205 714 3282 piissime
742 3203 1014 3260 creditur.
1051 3217 1170 3274 qua
1196 3217 1398 3256 omnes
1430 3199 1698 3254 homines
1725 3197 1863 3254 velit
1908 3198 2098 3254 salvos

458 3271 581 3349 lieri
613 3297 671 3348 et
699 3291 761 3346 in
791 3271 1150 3362 agnitionem
1168 3287 1432 3342 veritatis
1459 3286 1675 3353 venire,
1691 3302 1806 3340 non
1843 3290 2105 3358 oporteat
2133 3271 2176 3338 C

457 3380 573 3438 nisi
606 3382 951 3452 perpetuum
977 3381 1378 3447 aeternumque
1397 3375 1622 3443 sentiri,
1655 3375 1978 3430 secundum
2006 3393 2106 3432 eas

457 3483 768 3526 mensuras
787 3465 1004 3538 quibus
1034 3465 1190 3521 Deus
1220 3465 1375 3520 dona
1411 3463 1707 3538 generalia
1753 3464 2105 3536 specialibus

459 3557 619 3614 novit
635 3554 938 3613 cumulare
961 3553 1329 3623 muneribus,
1348 3557 1414 3608 ut
1431 3557 1488 3608 et
1510 3552 1608 3624 qui
1631 3557 1888 3610 exsortes
1907 3553 2104 3625 gratias

459 3645 694 3712 fuerint,
713 3645 786 3700 de
808 3660 916 3700 sua
935 3643 1196 3716 nequitia
1217 3643 1660 3714 redarguantur,
1675 3646 1731 3698 et
1751 3641 1850 3714 qui
1886 3641 1944 3696 in
1977 3643 2106 3712 ejus

457 3733 679 3792 lumine
699 3731 1041 3802 enituerint,
1059 3749 1176 3788 non
1199 3731 1256 3786 in
1281 3747 1387 3786 suo
1407 3730 1638 3800 merito,
1653 3731 1753 3785 sed
1777 3729 1836 3784 in
1859 3731 2105 3808 Domino

456 3823 798 3897 glorientur.
828 3844 856 3873 »
890 3822 960 3877 Et
981 3823 1116 3893 post
1145 3819 1446 3892 aliquanta
1475 3821 1612 3890 (cap.
1645 3818 1699 3890 8)
1735 3834 1747 3873 :
1784 3839 1812 3868 «
1837 3818 1964 3874 Sive
1992 3818 2106 3892 igi-

457 3917 554 3968 tur
599 3910 919 3968 novissima
965 3907 1433 3980 contemplemur
1475 3905 1708 3972 saecula,
1741 3922 1844 3960 seu
1891 3907 2106 3972 media,

456 3999 884 4057 rationabiliter
912 4003 968 4054 et
997 3997 1090 4070 pie
1120 3995 1381 4052 creditur
1408 4011 1612 4051 omnes
1628 3994 1896 4050 homines
1916 3993 2106 4051 salvos

457 4089 582 4145 fieri
613 4089 797 4144 Deum
841 4085 988 4142 velle
1036 4101 1386 4156 semperque
1412 4081 1688 4138 voluisse.
1723 4084 1791 4138 Et
1837 4082 1947 4138 hoc
1991 4100 2105 4139 non

459 4175 654 4231 aliude
684 4177 1066 4240 monstratur,
1089 4189 1266 4243 quam
1297 4172 1369 4227 de
1393 4171 1486 4226 his
1515 4171 1814 4226 beneficiis
1834 4187 1961 4242 qua:
1983 4189 2109 4244 pro-

455 4263 714 4320 videntia
742 4261 843 4317 Dei
875 4259 1162 4316 universis
1200 4257 1672 4331 generationibus
1718 4259 2109 4316 communiter

460 4355 635 4422 atque
664 4347 1062 4403 indifferenter
1085 4345 1392 4417 impendit.
1412 4345 1671 4400 Fuerunt
1697 4345 1855 4401 enim
1881 4363 1946 4402 ac
1967 4353 2108 4403 sunt

459 4435 750 4509 ejusmodi
769 4435 923 4490 dona
942 4434 1056 4491 ista
1075 4431 1387 4508 generalia,
1402 4437 1468 4488 ut
1489 4433 1752 4506 ipsorum
1772 4435 2106 4492 testimonio

459 4525 534 4581 ad
564 4524 949 4598 quaerendum
979 4538 1183 4579 verum
1214 4521 1400 4578 Deum
1431 4526 1672 4594 possent
1700 4522 1969 4579 homines
1997 4525 2106 4579 ad-

2209 639 2502 688 naturam.
2536 634 2696 690 Hane
2727 635 2942 706 quippe
2971 633 3458 690 abundantiorem
3493 631 3744 705 gratiam
3775 631 3848 687 ita

2209 721 2502 778 credimus
2531 726 2706 794 atque
2735 722 3062 794 expetimus
3085 727 3404 796 potentem,
3431 726 3497 777 ut
3517 719 3848 778 nullomodo

2209 811 2563 867 arbitremur
2579 829 2708 868 esse
2723 811 3076 878 violentiam,
3101 827 3218 882 quo
3239 809 3526 884 quidquid
3547 809 3611 866 in
3628 809 3847 866 salvan-

2209 900 2300 955 dis
2312 899 2650 956 hominibus
2661 901 2950 974 agitur,ex
2961 899 3087 956 sola
3097 899 3198 956 Dei
3209 898 3848 972 voluntateperagatur,

2211 1004 2345 1044 cum
2361 989 2536 1044 etiam
2561 988 2706 1061 ipsis
2715 988 2972 1061 parvulis
2987 1004 3088 1060 per
3108 986 3310 1044 aliens;
3323 987 3648 1044 voluntatis
3660 987 3852 1045 subve-

2164 1155 2166 1157 b
2211 1077 2408 1133 niatur
2435 1077 2844 1149 obsequium.»
2874 1078 2945 1132 Et
2974 1077 3115 1132 item
3146 1081 3287 1148 (cap.
3319 1076 3372 1148 9)
3397 1092 3412 1133 :
3440 1076 3685 1150 «Igitur
3705 1077 3852 1132 sicut

2211 1165 2310 1238 qui
2341 1165 2711 1222 crediderunt
2731 1167 3014 1238 juvantur
3035 1170 3100 1221 ut
3127 1165 3186 1220 in
3206 1165 3319 1220 ﬁde
3337 1168 3638 1232 maneant,
3659 1164 3744 1220 sic
3756 1163 3850 1236 qui

2210 1254 2472 1310 nondum
2485 1253 2856 1310 crediderunt
2863 1255 2888 1325 j
2895 1257 3147 1310 uvantur
3157 1253 3570 1309 utcredant.Et
3581 1253 3852 1325 quemad-

2211 1343 2451 1398 modum
2465 1341 2547 1396 illi
2567 1342 2625 1396 in
2639 1341 2976 1398 suahabent
2986 1345 3272 1414 potestate
3284 1341 3622 1398 neveniant.
3651 1340 3850 1412 Fitque

2211 1431 2610 1499 manifestum,
2630 1431 2785 1502 quod
2809 1431 3055 1487 diversis
3095 1435 3270 1503 atque
3302 1429 3630 1486 innumeris
3667 1429 3850 1486 modis

2209 1536 2383 1576 omne
2395 1519 2961 1576 hominesvultDeus
2973 1519 3164 1576 salvos
3175 1519 3321 1586 ﬁeri,
3335 1521 3464 1575 etin
3495 1517 3850 1592 agnitionem

2207 1609 2468 1664 veritatis
2483 1607 2677 1664 venire
2701 1624 2714 1662 :
2741 1609 2840 1664 sed
2867 1609 2966 1680 qui
2980 1609 3220 1664 veniunt
3239 1608 3340 1665 Dei
3361 1607 3574 1665 auxilio
3595 1606 3853 1682 dirigun-

2208 1703 2324 1766 tur,
2345 1696 2445 1769 qui
2467 1713 2582 1752 non
2619 1695 2863 1752 veniunt
2908 1713 3016 1753 sua
3035 1699 3190 1754 196
3215 1696 3535 1770 pertinacia
3563 1696 3852 1752 reluctan-

2209 1790 2362 1841 tur.»
2384 1787 2453 1840 Et
2481 1790 2682 1841 contra
2711 1785 2907 1842 Gallos
2932 1785 3217 1857 (sententia
3243 1785 3298 1857 8)
3324 1801 3338 1840 :
3369 1808 3398 1836 «
3423 1786 3567 1842 Item
3589 1784 3698 1856 qui
3719 1784 3854 1840 dicit

2208 1875 2365 1946 quod
2388 1891 2503 1929 non
2526 1891 2730 1930 omnes
2750 1873 3020 1930 homines
3034 1873 3173 1930 velit
3199 1878 3346 1930 Deus
3367 1873 3560 1931 salvos
3581 1873 3735 1941 fieri,
3758 1873 3854 1930 sed

2208 1967 2432 2019 certum
2454 1979 2766 2018 numerum
2787 1961 3574 2034 praadestinatorumﬂurius
3594 1961 3855 2034 loquitur

2209 2069 2386 2124 quam
2410 2051 2767 2123 loquendum
2789 2056 2879 2107 est
2898 2052 2970 2106 de
2991 2051 3298 2108 altitudine
3317 2049 3723 2108 inscrutabilis
3737 2065 3856 2125 gra-

2208 2140 2301 2196 tia:
2324 2140 2445 2206 Dei,
2464 2139 2642 2212 quiet
2670 2156 2874 2194 omnes
2900 2139 3170 2196 homines
3188 2139 3313 2195 vult
3329 2139 3519 2196 salvos
3541 2139 3692 2208 ﬁeri,
3717 2144 3775 2196 et
3799 2139 3854 2194 in

2209 2227 2566 2300 agnitionem
2582 2225 2844 2281 veritatis
2855 2226 3076 2295 venire;
3096 2230 3154 2282 et
3165 2225 3484 2282 voluntatis
3519 2243 3638 2282 suae
3659 2242 3859 2298 propo-

2209 2316 2388 2371 situm
2400 2315 2458 2370 in
2472 2317 2556 2372 eis
2567 2315 2944 2388 implet,quos
2958 2315 3254 2388 praescitos
3267 2314 3670 2387 praedestinavi
3679 2320 3860 2388 t,prte-

2209 2405 2535 2460 destinatos
2575 2404 2822 2469 vocavit,
2843 2409 3077 2460 vocatos
3117 2403 3860 2474 justiticavit,justificatos

2207 2493 2553 2566 gloriﬁcent.
2572 2514 2600 2542 »
2631 2493 2700 2548 Et
2734 2496 3088 2564 postpauca:
3114 2515 3142 2542 ‹‹
3167 2493 3325 2558 Quod
3351 2497 3548 2548 autem
3589 2492 3862 2565 promisit

2211 2585 2600 2653 Deus,potens
2628 2585 2718 2637 est
2746 2586 2804 2636 et
2829 2582 3017 2636 facere
3041 2597 3054 2636 :
3083 2586 3151 2636 ut
3191 2585 3248 2636 et
3284 2579 3384 2652 qui
3405 2581 3716 2637 salvantur
3737 2581 3862 2638 ideo

2207 2670 2350 2727 salvi
2380 2671 2520 2736 sint,
2553 2669 2693 2741 quia
2720 2667 2853 2725 illos
2875 2668 3058 2724 voluit
3085 2669 3240 2726 Deus
3271 2668 3462 2725 salvos
3492 2668 3638 2735 ﬁeri,
3665 2673 3728 2725 et
3764 2669 3862 2742 qui

2206 2763 2452 2832 pereunt
2478 2758 2606 2813 ideo
2624 2762 2886 2830 pereant,
2905 2757 3045 2828 quia
3063 2756 3250 2829 perire
3280 2761 3685 2812 meruerunt.»
3701 2758 3861 2814 Unde

2206 2852 2264 2905 et
2291 2849 2351 2902 in
2383 2847 2530 2902 libro
2551 2863 2590 2902 ιι
2620 2851 2762 2918 (cap.
2799 2847 2884 2917 10)
2909 2845 2980 2901 de
2999 2845 3312 2901 Vocatione
3333 2845 3598 2918 gentium
3622 2863 3637 2902 :
3669 2846 3860 2902 «Nul-

2205 2936 2437 2992 latenus
2457 2934 2949 2991 murmuraudum
2971 2934 3358 3006 est,quoniam
3371 2935 3574 3006 justus
3593 2940 3651 2990 et
3673 2935 3859 2992 bonas

2207 3025 2445 3094 arbiter,
2476 3040 2584 3080 nec
2612 3021 2932 3080 voluntatis
2961 3022 3176 3095 iniquas
3207 3027 3316 3091 est,
3345 3038 3452 3078 nec
3482 3022 3858 3080 discretionis

2205 3114 2461 3179 incertae,
2487 3117 2554 3168 ut
2582 3113 2692 3168 sub
2739 3111 3040 3168 immensa
3075 3111 3477 3168 misericordia
3521 3113 3652 3184 ejus
3685 3117 3862 3186 atque

2205 3202 2440 3273 justitia
2467 3207 2742 3274 putemus
2771 3200 2927 3274 quod
2958 3199 3270 3273 quisquam
3302 3204 3497 3272 pereat
3537 3201 3638 3272 qui
3671 3201 3866 3273 perire

2214 3308 2332 3347 non
2365 3291 2591 3346 debeat.
2608 3312 2636 3339 »
2667 3290 2737 3344 Et
2757 3290 2828 3345 de
2849 3289 3368 3345 Vincentianorum
3396 3289 3728 3360 objectione
3749 3291 3869 3363 (ob-

2211 3383 2340 3438 Ject.
2374 3380 2458 3452 ιι),
2490 3379 2630 3452 quia
2678 3384 2828 3435 Deus
2883 3377 3030 3434 nolit
3088 3394 3294 3434 omnes
3349 3377 3592 3444 salvere,
3626 3379 3869 3435 etiamsi

2215 3484 2418 3525 omnes
2444 3467 2654 3524 salvari
2683 3467 2864 3524 velint
2895 3483 2910 3522 :
2947 3489 2976 3518 «
3007 3471 3150 3522 Cum
3191 3466 3419 3522 Veritas
3465 3465 3643 3536 dicat,
3661 3467 3730 3523 Si
3759 3484 3871 3535 vos,

2213 3573 2339 3612 cum
2367 3558 2488 3613 sitis
2515 3557 2673 3622 mali,
2705 3557 2890 3612 nostis
2933 3555 3072 3612 bona
3119 3555 3245 3612 data
3291 3554 3424 3611 dare
3466 3555 3605 3626 ﬁliis
3652 3559 3874 3622 vestris,

2215 3655 2415 3719 quanto
2442 3649 2619 3716 magis
2646 3647 2809 3701 Pater
2837 3653 3009 3701 vester
3037 3645 3265 3700 catastis
3293 3643 3446 3700 dabit
3469 3646 3608 3700 bona
3637 3647 3873 3718 petenti-

2217 3737 2317 3791 bus
2342 3751 2400 3791 se
2429 3734 2635 3806 (Matth.
2659 3751 2758 3803 vn,
2789 3733 2918 3800 it)?
2940 3734 3231 3806 quomodo
3256 3733 3379 3789 fieri
3404 3737 3594 3805 potest
3623 3738 3689 3789 ut
3721 3739 3874 3790 Deus

2215 3823 2317 3896 qui
2366 3823 2540 3879 etiam
2574 3821 2706 3878 illos
2737 3821 2940 3890 salvat,
2972 3822 3044 3878 de
3089 3822 3306 3894 quibus
3348 3821 3461 3878 dici
3503 3839 3620 3878 non
3671 3828 3872 3896 potest

2215 3913 2370 3986 quod
2401 3911 2611 3968 salvari
2639 3910 2837 3979 velint,
2874 3911 3022 3966 nolit
3051 3910 3279 3982 aliquos
3299 3909 3523 3966 salvare
3549 3910 3734 3966 etiam
3767 3911 3870 3984 qui

2215 4001 2425 4058 salvari
2451 3999 2654 4070 velint,
2685 3999 2798 4055 nisi
2829 3999 3037 4071 aliquae
3077 4015 3263 4055 causas
3305 3999 3578 4065 existant,
3611 3999 3685 4055 de
3736 3999 3869 4072 qui-

2214 4090 2346 4158 bus,
2361 4089 2628 4162 quamvis
2655 4093 2795 4144 sunt
2824 4089 2992 4144 nobis
3013 4087 3519 4160 incognoseibiles,
3540 4087 3638 4144 ille
3662 4092 3868 4145 tamen

2214 4179 2360 4234 bene
2403 4178 2655 4249 judicat,
2685 4177 2757 4232 de
2805 4193 2920 4249 quo
2973 4175 3142 4232 aliter
3187 4175 3302 4230 dici
3346 4192 3462 4232 non
3504 4180 3698 4248 potest
3728 4194 3870 4234 eum

2214 4268 2538 4340 quidquam
2580 4267 2766 4322 facere
2815 4265 3087 4322 debuisse
3117 4281 3294 4337 quam
3344 4265 3584 4321 fecerit?
3617 4266 3873 4324 Remota

2212 4373 2349 4430 ergo
2379 4357 2489 4412 hac
2518 4354 3067 4427 discretione,quam
3089 4352 3286 4408 divina
3305 4352 3551 4409 scientia
3576 4352 3739 4410 intra
3770 4371 3871 4411 se-

2213 4449 2436 4501 cretum
2457 4443 2701 4516 justitia:
2732 4460 2851 4499 suis
2881 4442 3157 4512 continet,
3181 4441 3578 4498 sincerissime
3620 4443 3873 4500 creden-

2213 4535 2356 4590 dum
2377 4525 2553 4606 atque
2568 4531 3170 4605 profitendum,Deum
3197 4530 3344 4588 velle
3365 4535 3432 4586 ut
3450 4547 3658 4588 omnes
3681 4531 3877 4589 homi-

450 4613 646 4686 juvari
679 4628 692 4668 :
725 4609 940 4684 quibus
961 4609 1130 4665 donis
1155 4613 1451 4666 auctorem
1473 4625 1649 4665 suum
1672 4627 1775 4682 per
1791 4609 1990 4666 omnia
2009 4627 2109 4680 saa-

2215 4639 2318 4678 nes
2351 4621 2492 4678 salvi
2515 4621 2678 4677 ﬁant.
2707 4619 3012 4692 Siquidem
3037 4619 3371 4692 Apostolus,
3394 4621 3566 4692 cujus
3585 4619 3704 4676 ista
3733 4637 3872 4677 sen-

460 4699 594 4758 cula
623 4698 1103 4772 protestantibus,
1130 4696 1400 4771 specialis
1419 4698 1621 4770 gratiae
1640 4697 1881 4771 largitas
1903 4717 2105 4774 super-

2216 4710 2397 4767 tentia
2425 4715 2535 4776 est,
2569 4708 2986 4766 sollicitissime
3012 4707 3294 4781 praecipit,
3327 4710 3483 4781 quod
3505 4709 3565 4765 in
3585 4709 3873 4766 omnibus

460 4791 593 4846 fusa
620 4790 878 4855 θειοουεε
899 4787 1034 4844 licet
1055 4787 1326 4860 copiosus
1347 4803 1503 4842 Πυηο
1525 4803 1704 4858 quam
1721 4793 1854 4844 ante
1876 4793 2103 4861 ρνωεῐθ·
2208 4798 2482 4855 Ecciesiis
2513 4797 2776 4870 piissime
2799 4797 3150 4864 custoditur,
3185 4800 3250 4852 ut
3278 4797 3394 4854 Deo
3443 4813 3548 4870 pro
3585 4797 3874 4854 omnibus

459 4883 578 4947 tur,
591 4895 800 4935 causas
825 4881 1020 4932 tamen
1045 4875 1526 4932 distributionum
1557 4892 1798 4930 suarum
1825 4878 2102 4934 Dominus
2209 4887 2548 4944 hominibus
2577 4885 2957 4958 supplicetur,
2990 4887 3072 4942 Ex
3101 4885 3318 4957 quibus
3347 4885 3503 4958 quod
3537 4885 3706 4941 multi
3740 4903 3872 4958 per.

461 4967 618 5041 apud
647 4965 955 5024 scientiam
987 4981 1154 5020 suam
1183 4964 1390 5030 tenuit,
1422 4966 1479 5018 et
1507 4963 1662 5018 intra
1688 4969 1977 5022 secretum
2009 4985 2106 5040 po-

2210 4973 2751 5047 eunt,pereuntium
2772 4979 2862 5031 est
2873 4974 3330 5046 meritum,quod
3344 4973 3516 5030 multi
3539 4972 3870 5042 salvantur,

461 5055 802 5112 teutissimze
822 5053 1139 5110 voluntatis
1159 5051 1432 5108 occuluit.
1451 5053 1585 5117 Qua
1608 5051 1656 5106 si
1679 5053 1952 5110 omnibus
1973 5056 2103 5110 uni-
2213 5062 2494 5120 salvantis
2524 5067 2614 5118 est
2643 5064 2884 5119 donum,
2901 5063 2975 5119 Ut
2997 5063 3151 5118 enim
3188 5080 3322 5119 reus
3344 5063 3657 5120 damnetur
3680 5062 3876 5119 incul-

463 5146 724 5202 formiter
754 5146 1078 5209 attinerent,
1104 5159 1218 5199 non
1251 5141 1518 5206 laterent,
1541 5145 1597 5197 et
1626 5159 1802 5214 quam
1837 5143 1999 5201 nulla
2018 5149 2109 5202 est
2213 5151 2428 5224 pabilis
2449 5151 2549 5206 Dei
2587 5150 2816 5223 justitia
2835 5154 2960 5206 est:
2986 5155 3053 5206 ut
3089 5155 3285 5208 autem
3324 5168 3460 5208 reus
3487 5149 3870 5221 iustificetur,

464 5234 819 5309 ambiguitas
850 5234 920 5289 de
949 5231 1309 5304 benignitate
1337 5229 1616 5303 generali,
1635 5235 1753 5286 tam
1775 5233 1846 5288 de
1871 5235 2107 5305 speciali
2218 5239 2530 5296 ineffabilis
2563 5239 2659 5296 Dei
2693 5239 2880 5313 gratia
2907 5243 3016 5295 est.
3048 5261 3077 5289 »

466 5321 869 5379 misericordia
899 5320 1046 5377 nihil
1077 5321 1232 5393 quod
1264 5319 1622 5392 stupendum
1643 5321 1796 5376 esset
1816 5322 2106 5391 existeret,
2288 5330 2356 5384 Et
2376 5333 2614 5384 sanctus
2627 5327 2971 5384 Coelestinus
2987 5330 3336 5386 sententiam
3354 5329 3794 5402 promulgatam
3808 5334 3878 5386 ut

467 5427 534 5467 ac
565 5410 806 5482 proinde
837 5409 937 5466 illa
964 5413 1120 5466 esset
1145 5408 1352 5482 gratia,
1378 5408 1492 5463 ista
1521 5425 1636 5463 non
1665 5414 1836 5465 esset.
1861 5416 1972 5467 Deo
2005 5429 2108 5467 au-
2217 5417 2403 5492 legem
2425 5415 2698 5474 credendi
2719 5417 2810 5472 lex
2839 5416 3008 5472 nobis
3030 5421 3251 5474 statuat
3271 5416 3880 5491 supplicandi,vide1i-

467 5501 587 5555 tem
632 5497 870 5570 placuit,
903 5503 961 5553 et
1005 5498 1155 5554 hanc
1205 5495 1408 5552 multis
1452 5494 1730 5564 tribuere.
1759 5502 1817 5552 et
1866 5498 2026 5554 illam
2074 5519 2109 5557 a
2217 5512 2306 5563 cet
2323 5507 2462 5580 quia
2491 5523 2594 5578 pro
2615 5505 3245 5562 omnibusacatholica
3281 5506 3646 5580 supplicatur
3667 5504 3874 5563 Eccle-

468 5585 702 5644 nemine
743 5587 1106 5654 ευδωονθτθι
1141 5590 1207 5641 ιιι
1253 5602 1321 5641 εκ
1369 5588 1614 5657 “imque
1661 5591 1956 5658 appareat,
1991 5605 2106 5644 non
2217 5613 2324 5664 sia,
2353 5597 2536 5653 Deum
2567 5594 2757 5652 salvos
2789 5593 2912 5650 ﬁeri
2944 5611 3146 5652 omnes
3177 5595 3446 5652 homines
3486 5592 3633 5651 velle
3661 5596 3877 5652 creda-

469 5679 748 5756 negatum
778 5674 1138 5740 universitati
1170 5675 1326 5753 quod
1355 5672 1632 5737 collatum
1677 5679 1768 5734 est
1803 5675 2057 5752 portioni
2091 5694 2105 5740 :
2217 5703 2370 5762 mus,
2385 5685 2470 5745 sic
2500 5685 2560 5744 in
2583 5682 2955 5746 conclusione
2985 5685 3294 5746 conﬁrmat
3320 5685 3523 5748 dicens
3551 5684 3695 5764 (post
3717 5686 3877 5766 apag
