4020 6492
168 461 280 523 185

882 462 985 523 DE
1027 459 1783 523 PRBDESTINATIONE
1824 459 2347 524 DISSER’I‘ATIO
2390 463 2852 526 POSTERIOR.

3442 466 3562 527 966

175 590 450 666 permisit.
474 610 505 643 η
529 592 672 650 Item
722 593 783 650 in
831 592 979 649 libro
1010 608 1186 650 xxxm
1212 598 1355 666 (cap.
1389 593 1476 666 10)
1500 611 1549 648 ;‹‹
1582 591 1807 665 Ubique
1832 592 1892 661 Α
1922 595 2040 648 tate
2068 597 2126 649 et
2156 595 2460 668 majestate
2488 594 2669 652 visuri
2713 600 2873 664 sunt,
2900 612 3073 668 quem
3130 597 3190 652 in
3229 597 3564 655 humilitate

172 680 329 737 nobis
357 681 616 737 occurrit
644 699 900 754 superna
928 683 1237 751 medicina,
1269 682 1407 755 quia
1435 686 1493 738 et
1524 682 1684 736 dedit
1714 682 1810 736 ho-

174 769 301 826 mini
324 776 633 843 praecepta,
660 787 731 827 ne
762 777 960 842 peccet
984 789 997 826 :
1021 776 1078 827 et
1110 778 1303 827 tamen
1346 772 1607 844 peccanti
1651 769 1809 825 dedit

170 858 437 926 remedia,
469 874 545 916 ne
573 861 1055 933 desperet.rUnde
1084 862 1408 917 cavendum
1437 874 1809 931 summopere

170 952 265 1016 est,
279 964 352 1004 ne
371 948 511 1021 quis
531 948 916 1006 delectatione
937 950 1156 1022 peccati
1182 949 1495 1005 Leviathan
1517 949 1690 1004 istius
1710 960 1807 1004 ore

170 1036 437 1109 rapiatur,
462 1041 522 1093 et
560 1042 757 1093 tamen
791 1038 842 1093 si
874 1042 1078 1111 raptus
1127 1039 1303 1094 fuerit
1350 1055 1466 1094 non
1515 1039 1806 1109 desperet,

170 1125 289 1198 quia
316 1125 369 1182 si
401 1130 714 1198 peccatum
734 1128 987 1200 perfecte
1008 1127 1230 1200 lugeat,
1248 1127 1439 1183 adhuc
1464 1128 1724 1183 foramen
1744 1124 1806 1180 in

170 1214 393 1271 maxilla
420 1215 555 1288 ejus
579 1214 802 1272 invenit
829 1232 932 1288 per
951 1217 1107 1288 quod
1130 1217 1353 1272 evadat.
1372 1216 1506 1272 Jam
1530 1213 1805 1271 dentibus

169 1304 360 1360 teritur
391 1321 406 1360 :
442 1305 547 1361 sed
604 1305 817 1379 adhuc,
850 1304 900 1361 si
949 1304 1229 1361 evadendi
1267 1305 1360 1360 via
1415 1303 1718 1376 quaeritur.
1745 1304 1806 1359 in

168 1392 392 1450 maxilla
412 1394 544 1465 ejus
567 1394 828 1450 foramen
858 1392 1174 1450 invenitur.
1202 1395 1240 1449 ll
1250 1394 1383 1450 abet
1402 1393 1578 1450 etiam
1600 1395 1807 1465 captus

169 1499 269 1554 quo
293 1487 485 1551 exeat,
521 1482 622 1555 qui
671 1482 982 1555 praevidere
1010 1482 1263 1538 noluerit
1307 1499 1380 1538 ne
1427 1485 1750 1553 caperetur.
1776 1503 1805 1533 n

164 1572 227 1626 Et
249 1574 385 1643 post
433 1570 745 1643 paululum
775 1571 914 1643 (cap.
937 1570 1140 1644 eodem)
1168 1589 1220 1627 :«
1241 1570 1612 1627 Misericordia
1658 1571 1807 1626 enim

167 1662 313 1717 dira
354 1659 427 1716 ab
477 1661 598 1717 illo.
632 1660 839 1716 Divina
893 1660 1094 1733 itaque
1150 1659 1459 1716 clementia
1505 1657 1805 1715 maxillam

168 1748 477 1805 Vehemoth
504 1748 683 1804 istius
712 1749 1037 1821 perforans,
1068 1748 1286 1821 ubique
1319 1748 1581 1803 humano
1608 1745 1805 1820 generi

167 1841 216 1893 et
239 1836 699 1894 misericorditer
725 1841 783 1892 et
811 1841 1081 1910 potenter
1108 1838 1390 1906 occurrit;
1429 1836 1569 1910 quia
1597 1853 1703 1892 nec
1734 1835 1803 1891 lia

165 1926 286 1983 bere
333 1924 802 1983 admonitionem
850 1925 1210 1998 praecavendi
1248 1926 1452 1992 tacuit,
1484 1941 1589 1981 nec
1635 1927 1803 1997 capto

165 2015 482 2072 remedium
515 2014 778 2087 fugiendi
810 2014 1154 2071 subtraxit.»
1191 2015 1335 2071 Item
1365 2014 1424 2069 in
1455 2013 1602 2069 libro
1630 2030 1803 2070 xxxm

165 2105 285 2176 (cap.
313 2104 416 2172 20)
441 2119 456 2159 :
482 2127 512 2154 «
543 2103 630 2159 Ad
664 2104 1023 2175 parcendum
1064 2103 1326 2175 reprobis
1376 2102 1537 2159 nulla
1582 2103 1806 2158 ratione

164 2192 493 2266 compellor,
526 2191 667 2264 quia
712 2191 799 2248 eis
856 2192 1085 2248 debitor
1140 2208 1209 2246 ex
1255 2208 1365 2248 sua
1411 2192 1639 2248 actione
1689 2202 1803 2247 non

164 2287 365 2338 teneor.
398 2281 630 2337 Idcirco
679 2280 836 2336 enim
888 2285 1029 2336 tunc
1086 2282 1233 2337 201
1289 2297 1659 2353 nequaquam
1692 2297 1804 2336 car-

163 2369 308 2426 lestis
366 2369 578 2442 patriae
648 2368 889 2441 przemia
962 2372 1179 2423 aeterna
1248 2368 1610 2440 percipiunt,
1669 2367 1805 2440 quia

163 2475 221 2514 ea
244 2475 401 2514 nunc
423 2458 574 2514 dum
604 2457 923 2530 promereri
958 2461 1228 2530 poterant
1255 2474 1324 2513 ex
1353 2456 1535 2514 libero
1564 2456 1804 2513 arbitrio

162 2550 719 2620 contempserunt.»
765 2547 837 2603 Et
877 2546 1020 2602 item
1069 2547 1209 2618 (cap.
1253 2547 1458 2615 eodem)
1489 2564 1503 2603 :
1529 2570 1558 2597 «
1600 2547 1803 2603 Levia-

164 2635 288 2693 than
339 2637 463 2694 iste
518 2635 944 2692 beatitudinem
984 2636 1224 2708 quidem
1281 2652 1474 2692 meam
1527 2637 1801 2709 perdidit,

161 2725 248 2780 sed
277 2723 597 2781 dominum
635 2740 752 2781 non
800 2724 1012 2793 evasit;
1047 2725 1187 2795 quia
1232 2729 1289 2780 et
1334 2724 1474 2796 ipsae
1522 2724 1667 2780 mihi
1701 2742 1802 2797 po-

160 2816 386 2871 testates
447 2811 799 2882 inserviunt,
832 2830 959 2885 qua:
1017 2813 1162 2869 mihi
1222 2814 1413 2886 pravis
1470 2814 1803 2871 actionibus

157 2902 555 2961 adversantur.
592 2923 622 2951 »
654 2901 801 2957 Item
849 2901 909 2956 in
961 2902 1163 2958 eodem
1192 2902 1331 2974 (cap.
1362 2905 1517 2972 xxxv)
1550 2920 1563 2958 :
1592 2925 1621 2954 «
1652 2904 1802 2959 Dum

156 3002 277 3064 ergo
304 2991 394 3048 eis
423 2990 723 3048 Dominus
754 2990 942 3047 vicem
990 2990 1279 3047 malorum
1310 3007 1553 3064 operum
1597 2993 1802 3048 redde-

158 3084 250 3149 ret,
275 3081 447 3138 dedit
476 3079 597 3136 illis
641 3084 873 3136 scutum
908 3080 1101 3136 cordis
1137 3079 1397 3136 laborem
1427 3098 1600 3137 suum
1627 3098 1641 3136 :
1665 3081 1805 3154 quia

156 3173 299 3226 recto
344 3169 586 3243 judicio
636 3168 772 3225 inde
816 3168 950 3224 illos
997 3174 1288 3225 contrase
1319 3170 1568 3241 superbe
1628 3170 1805 3226 obsti-

1919 682 2174 753 positum
2214 685 2415 739 audire
2462 684 2795 751 noluerunt,
2828 689 2893 740 ut
2922 685 3199 741 virtutem
3241 685 3368 757 ejus
3399 691 3562 745 tanto

1916 776 2057 826 tunc
2106 772 2427 828 districtius
2485 775 2760 841 sentiant,
2789 778 3008 847 quanto
3068 790 3224 829 nunc
3281 775 3560 832 cervicem

1910 861 2108 916 cordis
2141 862 2270 933 ejus
2301 862 2645 933 patientiam
2676 862 2982 919 inclinant.
3008 883 3032 916 ι

1987 949 2056 1004 Et
2073 950 2419 1007 venerabilis
2440 952 2744 1024 presbyter
2763 951 2917 1007 Beda
2939 950 2999 1006 in
3024 954 3279 1007 tractatu
3306 953 3559 1009 Actuum

1915 1037 2313 1110 apostolorum
2340 1057 2391 1095 ει(
2417 1040 2544 1112 Ipse
2566 1039 2769 1095 Petrus
2800 1039 2883 1096 sic
2912 1038 3200 1096 intellexit
3229 1055 3432 1096 omnes
3464 1040 3562 1098 ho-

1915 1127 2107 1182 mines
2135 1127 2436 1199 aequaliter
2476 1130 2548 1184 ad
2580 1128 2791 1185 Christi
2822 1128 3201 1202 Evangelium
3238 1129 3558 1201 provocari,

1914 1216 2261 1289 nullumque
2291 1217 2617 1273 secundum
2656 1222 2931 1275 naturam
2970 1234 3098 1275 esse
3133 1217 3471 1290 polutum.»
3492 1216 3564 1275 Et

1914 1304 2057 1361 item
2090 1323 2104 1362 :
2133 1329 2160 1358 «
2192 1307 2559 1364 lncrassatum
2603 1315 2683 1364 est
2725 1309 2875 1364 enim
2919 1322 3012 1364 cor
3053 1308 3247 1380 populi
3295 1307 3479 1380 hujus,
3510 1314 3567 1365 et

1913 1395 2145 1451 auribus
2175 1396 2414 1466 graviter
2440 1395 2737 1452 audierunt
2766 1395 2898 1467 (Act.
2920 1413 3115 1463 xxvm,
3144 1396 3259 1464 27).
3291 1395 3373 1452 Ne
3403 1398 3565 1468 pute-

1915 1499 2050 1539 mus
2089 1483 2539 1539 crassitudinem
2579 1485 2790 1553 cordis,
2824 1489 2882 1540 et
2919 1484 3261 1557 gravitatem
3304 1485 3558 1553 aurium,

1914 1575 2134 1627 naturae
2167 1589 2296 1628 esse
2340 1589 2456 1628 non
2494 1572 2833 1640 voluntatis,
2866 1572 3176 1645 subjungit
3203 1573 3437 1647 culpam
3469 1590 3559 1629 are

1912 1660 2075 1716 bitrii
2104 1665 2162 1716 et
2190 1661 2367 1717 dicit:
2401 1662 2468 1717 Et
2491 1662 2673 1718 oculos
2701 1677 2827 1718 suos
2852 1670 3299 1734 compresserunt,
3326 1678 3398 1718 ne
3424 1660 3563 1734 forte

1912 1748 2133 1805 videant
2185 1750 2379 1806 oculis.
2413 1750 2475 1805 Id
2517 1754 2624 1817 est,
2658 1749 2770 1821 ipsi
2828 1749 3053 1806 meritis
3110 1750 3561 1823 procedentibus

1908 1854 2093 1893 causa
2133 1838 2391 1903 fuerunt,
2425 1842 2490 1894 ut
2532 1838 2688 1895 Deus
2745 1838 2831 1894 eis
2879 1838 3078 1895 oculos
3107 1837 3422 1896 clauderet.
3455 1836 3558 1895 Vel

1913 1926 1986 1983 ad
2035 1927 2339 1999 superiora
2385 1928 2756 2000 jungendum
2785 1931 2894 1994 est,
2928 1927 3155 1983 dicente
3197 1926 3444 1983 Domino
3483 1927 3557 1983 ad

1914 2015 2261 2088 prophetam
2291 2032 2305 2071 :
2339 2015 2498 2071 Vade
2528 2017 2599 2071 ad
2638 2015 2923 2088 populum
2977 2015 3180 2087 istum,
3209 2019 3268 2072 et
3322 2018 3561 2089 peccata

1914 2104 2129 2176 quibus
2181 2104 2497 2160 caecitatem
2557 2109 2898 2161 meruerunt
2954 2103 3071 2161 illis
3126 2105 3477 2177 impropera,
3507 2102 3556 2160 si

1915 2194 2062 2248 torte
2092 2192 2180 2247 vel
2211 2192 2295 2247 sic
2326 2191 2529 2248 audire
2559 2197 2615 2247 et
2645 2193 2716 2247 ad
2760 2209 2854 2247 me
2882 2191 3139 2248 converti
3169 2190 3504 2264 dignentur.
3528 2208 3558 2240 »

1914 2283 1983 2337 Et
2012 2282 2152 2337 item
2182 2282 2336 2336 idem
2371 2281 2429 2335 in
2470 2280 2827 2353 expositione
2870 2279 3164 2352 Evangelii
3194 2278 3560 2352 evangelista

1915 2369 2235 2439 Marci(lib.
2259 2387 2299 2437 1,
2322 2385 2368 2424 c.
2392 2370 2445 2440 3)
2472 2385 2519 2425 ;‹‹
2555 2369 2663 2436 Qui
2703 2386 2840 2440 ergo
2880 2369 3189 2425 manifeste
3226 2367 3560 2441 intelligens

1913 2475 2089 2530 opera
2108 2459 2232 2523 Dei,
2247 2474 2381 2513 cum
2416 2458 2487 2513 de
2508 2457 2718 2513 virtute
2744 2474 2956 2530 negare
2977 2474 3093 2513 non
3124 2456 3330 2530 possit,
3352 2457 3559 2513 eadem

1913 2548 2067 2605 202
2096 2546 2439 2603 stimulatus
2484 2546 2702 2602 invidia
2730 2545 3122 2602 calumniatur
3150 2550 3209 2602 et
3236 2545 3556 2615 Christum,

1911 2636 2132 2708 Deique
2164 2635 2440 2703 Verbum,
2459 2639 2519 2691 et
2547 2651 2723 2707 opera
2751 2635 3006 2707 Spiritus
3042 2635 3229 2691 sancti
3260 2633 3404 2690 dicit
3431 2649 3562 2691 esse

1912 2724 2252 2793 Beelzebub,
2276 2723 2374 2779 isti
2408 2740 2523 2779 non
2545 2723 2873 2779 dimittetur
2892 2740 3080 2795 neque
3105 2724 3166 2779 in
3192 2723 3305 2779 hoc
3323 2721 3557 2789 saeculo,

1911 2830 2099 2885 neque
2130 2812 2189 2867 in
2220 2813 2437 2867 futuro.
2461 2812 2585 2867 Non
2618 2811 2775 2883 quod
2807 2828 3088 2883 negemus
3117 2814 3175 2866 et
3202 2810 3276 2879 ei,
3299 2809 3350 2866 si
3380 2809 3561 2882 pmni-

1909 2901 2156 2958 tentiam
2187 2917 2357 2973 agere
2380 2899 2646 2967 voluerit,
2671 2915 2843 2972 posse
2872 2898 3090 2954 dimitti
3121 2899 3192 2954 ab
3220 2914 3287 2954 eo
3308 2898 3410 2971 qui
3430 2896 3557 2954 vult

1911 3006 2116 3048 omnes
2145 2989 2413 3045 homines
2434 2987 2625 3044 salvos
2646 2987 2791 3055 ﬁeri,
2810 2991 2868 3043 et
2887 2986 2946 3042 in
2974 2987 3333 3060 agnitionem
3353 2985 3560 3042 verita.

1908 3080 1986 3136 tis
2013 3078 2209 3134 venire
2243 3095 2254 3134 :
2288 3078 2390 3133 sed
2422 3076 2578 3147 quod
2618 3075 2730 3148 ipsi
2766 3075 2952 3148 judici
2982 3080 3040 3131 et
3077 3075 3336 3149 largitori
3376 3074 3557 3131 venias

1910 3166 2341 3239 credentes,qui
2355 3170 2412 3222 et
2422 3183 2484 3221 se
2501 3164 2901 3238 paenitentiam
2916 3181 3146 3237 semper
3156 3166 3555 3237 accepturum,

158 3258 296 3314 natis
323 3257 626 3325 exhibuit,
659 3258 817 3315 unde
841 3258 968 3329 ipse
1011 3274 1114 3330 pro
1145 3258 1314 3313 nobis
1354 3257 1415 3313 in
1461 3258 1804 3315 infirmitate
1844 3325 1874 3330 ᾧ
1912 3261 1969 3314 et
1998 3257 2149 3312 hanc
2169 3253 2597 3328 blasphemiam
2620 3271 2925 3326 nunquam
2952 3254 3094 3310 dicit
3110 3270 3242 3311 esse
3260 3254 3561 3310 remitteuh

156 3344 455 3405 laboravit.
487 3325 1098 3419 Repulerun‘t—quip—pe
1126 3364 1161 3402 a
1189 3364 1250 3402 se
1276 3347 1453 3403 verba
1481 3347 1800 3420 praedican-
1832 3325 1876 3392 (ἶ
1913 3348 2070 3411 dam,
2092 3325 2401 3401 credamus
2422 3343 2580 3399 hunc
2601 3325 3032 3415 blasphemum,
3057 3342 3422 3417 exigentibus
3444 3357 3562 3398 me-

158 3434 314 3503 tium,
347 3435 500 3509 quia
530 3434 831 3509 dedignati
862 3439 1002 3492 sunt
1037 3435 1099 3490 in
1128 3434 1374 3492 Domino
1405 3437 1641 3492 inﬁrma
1668 3453 1807 3508 pas‘

154 3523 402 3581 sianum.
432 3548 466 3575 ››
490 3524 638 3580 Item
668 3524 728 3579 in
758 3523 907 3580 libro
936 3541 1106 3580 XXXIV
1128 3525 1268 3597 (cap.
1294 3525 1381 3597 10)
1403 3542 1416 3580 :
1440 3526 1556 3581 Non
1598 3527 1812 3597 fugavit

154 3628 267 3669 eum
292 3616 385 3670 vir
411 3614 764 3685 sagittarius.
788 3612 952 3669 Unde
979 3613 1126 3668 bene
1156 3615 1409 3685 peccatis
1440 3614 1810 3686 prmcedenti‘

154 3700 256 3759 bus
280 3702 561 3760 irascens
590 3701 896 3771 Dominus,
922 3701 993 3757 de
1013 3701 1106 3757 his
1126 3718 1275 3773 quos
1297 3702 1356 3757 in
1380 3719 1557 3759 manu
1580 3702 1808 3776 antiqui

153 3789 331 3849 hostis
350 3790 603 3858 deserit,
621 3807 725 3863 per
744 3789 1091 3863 prophetam
1113 3790 1255 3846 dicit
1272 3807 1320 3846 :«
1346 3791 1637 3848 Immittam
1661 3793 1809 3848 vobis

147 3889 417 3954 serpentes
474 3879 725 3952 regulos,
776 3879 974 3951 quibus
1027 3895 1140 3935 non
1190 3886 1269 3935 est
1324 3881 1622 3937 incantatio
1677 3881 1806 3953 (Jer.

148 3984 269 4037 vm,
300 3970 416 4042 17).
453 3970 539 4024 Ac
579 3967 630 4023 si
677 3965 896 4023 diceret
928 3983 941 4021 :
974 3966 1145 4022 Justo
1185 3967 1411 4037 judicio
1460 3966 1679 4023 talibus
1707 3984 1809 4023 vos

148 4056 480 4114 immundis
543 4055 852 4129 spiritibus
907 4056 1157 4122 tradam,
1182 4055 1284 4132 qui
1324 4073 1359 4112 a
1401 4055 1566 4112 vobis
1619 4055 1810 4112 excuti

148 4144 559 4203 exhortatione
576 4143 1044 4217 prmdieantium,
1060 4144 1229 4215 quasi
1253 4143 1680 4199 incantantium
1699 4162 1815 4201 ser-

152 4251 338 4304 mone,
360 4251 492 4291 non
521 4233 811 4290 valeant.»
837 4234 906 4288 Et
925 4237 1059 4305 post
1078 4231 1387 4305 paululum
1410 4238 1549 4305 (cap.
1572 4233 1808 4308 eodem):

152 4346 175 4373 α
213 4325 327 4381 Sed
389 4324 545 4398 quid
604 4322 824 4378 mirum
880 4320 932 4379 si
988 4322 1282 4377 humanas
1333 4321 1486 4378 vires
1541 4323 1809 4395 despicit,

152 4412 245 4485 qui
302 4413 446 4487 ipsa
491 4411 675 4468 etiam
703 4409 945 4483 superni
977 4410 1035 4465 in
1064 4426 1127 4466 se
1174 4410 1386 4481 judicii
1445 4415 1662 4467 aeterna
1689 4417 1813 4468 tor-

149 4507 345 4559 menta
374 4500 736 4560 contemnit.
760 4520 784 4551 ι
820 4499 965 4555 Item
1007 4499 1068 4554 in
1099 4500 1300 4555 eodem
1331 4499 1478 4556 libro
1510 4504 1648 4573 (cap.
1685 4501 1811 4573 15):

152 4612 177 4640 α
197 4591 601 4665 Omnipotens
629 4589 809 4657 Deus,
829 4588 968 4660 quia
996 4588 1131 4660 pius
1166 4593 1275 4659 est,
1301 4589 1650 4645 miserorum
1682 4607 1811 4646 cru-

1915 3435 2065 3506 ritis,
2103 3435 2258 3491 sicut
2304 3448 2611 3504 nunquam
2659 3432 2731 3488 ad
2780 3431 3207 3500 remissionem,
3236 3432 3320 3488 ita
3349 3447 3454 3489 nec
3485 3430 3558 3488 ad

1914 3524 2076 3597 ipsos
2102 3523 2311 3595 dignos
2342 3521 2692 3593 poenitentiae
2721 3522 2949 3577 fructus
2969 3536 3096 3578 esse
3118 3525 3559 3593 perventurum.

1915 3605 2093 3670 Juxta
2121 3612 2230 3668 hoc
2256 3611 2413 3683 quod
2436 3610 2692 3666 Joannes
2720 3610 3075 3684 evangelista
3104 3611 3176 3667 de
3201 3610 3560 3682 quibusdam

1916 3700 2295 3774 blasphemiae
2326 3717 2444 3756 SINE
2476 3698 2684 3755 merito
2704 3698 3004 3755 excissatis
3023 3698 3395 3755 veracissime
3423 3699 3563 3754 scri-

1917 3791 2079 3865 psit:
2124 3792 2413 3862 Proptcrea
2463 3806 2576 3845 non
2626 3797 2922 3861 patuerunt
2970 3789 3186 3845 credere
3237 3792 3424 3857 (Joan.
3450 3803 3557 3856 ιιι,

1916 3880 2006 3951 39,
2037 3882 2148 3948 40),
2181 3879 2320 3951 quia
2361 3878 2575 3934 iterum
2606 3878 2749 3933 dixit
2786 3877 2966 3933 Isaias
3002 3895 3015 3933 :
3049 3877 3357 3934 Excaecavit
3378 3876 3562 3933 oculos

1916 3986 2125 4035 eorum,
2144 3976 2197 4024 et
2224 3968 2506 4023 induravit
2546 3982 2638 4023 cor
2666 3982 2873 4034 eorum,
2895 3974 2958 4022 ut
2982 3981 3093 4022 non
3120 3966 3341 4022 videant
3365 3966 3562 4036 oculis,

1917 4067 1968 4115 et
1997 4058 2309 4128 intelligant
2344 4056 2522 4125 corde,
2551 4064 2603 4111 et
2645 4063 3027 4112 convertantur
3069 4063 3121 4112 et
3160 4070 3349 4112 eam
3395 4071 3504 4112 eos.
3527 4074 3557 4109 ι

1918 4149 1989 4203 Et
2017 4148 2155 4203 item
2186 4148 2269 4217 (in
2309 4145 2549 4201 Marcum
2588 4144 2684 4200 lib.
2718 4161 2757 4210 ι,
2791 4160 2839 4201 c.
2873 4142 2962 4217 4):
2993 4167 3015 4195 ιι
3052 4144 3120 4199 Hi
3162 4149 3358 4201 autem
3398 4142 3560 4214 sunt,

1919 4236 2022 4309 qui
2049 4236 2202 4292 circa
2225 4235 2377 4290 viam
2410 4234 2510 4289 ubi
2554 4232 2880 4288 seminatur
2903 4234 3168 4303 verbum,
3202 4238 3260 4290 et
3288 4249 3423 4290 cum
3455 4250 3571 4313 ιλιι-ε

1921 4325 2137 4382 dierint
2165 4323 2474 4379 confestim
2511 4321 2668 4377 venit
2705 4322 2972 4391 Satanas,
3005 4327 3064 4378 et
3094 4324 3286 4380 aufert
3321 4324 3565 4380 verbum

1921 4415 2079 4487 quod
2110 4412 2463 4470 seminatum
2495 4416 2585 4467 est
2614 4411 2675 4466 in
2706 4411 2882 4467 corda
2909 4428 3133 4479 eorum,
3163 4417 3222 4469 et
3250 4413 3565 4470 caetera..In

1921 4504 2032 4559 hac
2078 4501 2311 4558 Domini
2357 4499 2720 4573 oppositione
2750 4500 2943 4556 omnis
2970 4516 3175 4557 eorum
3213 4502 3315 4574 qui
3363 4502 3568 4559 audire

1924 4593 2162 4666 quidem
2192 4591 2369 4646 verba
2421 4589 2630 4646 salutis
2662 4594 2998 4661 potuerunt,
3030 4591 3132 4647 sed
3186 4592 3259 4648 ad
3316 4590 3567 4648 salutem

147 4680 298 4737 ciatu
330 4698 460 4737 non
494 4677 787 4752 pascitur;
821 4676 962 4749 quia
990 4681 1188 4734 autem
1222 4678 1425 4749 justus
1454 4681 1563 4749 est,
1596 4680 1669 4734 ab
1701 4679 1810 4734 ini-
1842 4692 1889 4756 Β
1919 4680 2218 4755 pervenire
2239 4682 2556 4752 nequeunt,
2574 4677 2854 4735 distantia
2870 4679 3571 4752 comprehenditur.Sunt

149 4784 405 4842 quorum
440 4768 672 4827 ultione
692 4767 752 4823 in
776 4771 1126 4840 perpetuum
1157 4783 1272 4822 non
1295 4766 1554 4823 sedatur.
1575 4768 1686 4824 Sed
1707 4766 1815 4823 ini-

147 4860 241 4930 qui
252 4876 480 4917 omnes
496 4862 715 4914 esterno
731 4855 1105 4929 supplicio,et
1121 4856 1357 4928 quidem
1377 4873 1485 4912 sua
1507 4856 1817 4929 iniquitate

146 4950 512 5021 puniuntur,
528 4951 589 5005 et
604 4950 803 5003 tamen
825 4946 898 5003 ad
929 4944 1152 5017 aliquid
1173 4948 1639 5015 concrementur,
1667 4945 1818 5002 scili-

147 5043 231 5095 cet
253 5044 321 5095 ut
349 5042 417 5096 et
437 5035 598 5111 justi
630 5050 857 5103 omnes,
884 5039 941 5091 et
968 5034 1029 5089 in
1061 5033 1307 5090 Domino
1338 5034 1575 5090 videant
1603 5034 1819 5108 gaudia

149 5143 271 5200 quae
303 5126 679 5202 percipiunt,
709 5123 1002 5196 etinjusti
1029 5122 1342 5195 respiciant
1371 5122 1660 5196 supplicia
1690 5140 1817 5196 quae

147 5220 507 5274 evaserunt:
528 5218 596 5271 ut
614 5216 777 5269 tanto
798 5212 858 5268 in
878 5216 1163 5268 aeternum
1185 5211 1375 5284 magis
1391 5211 1597 5268 divinae
1618 5212 1818 5285 gratiae

150 5304 461 5363 debitores
493 5320 558 5361 se
586 5318 719 5360 esse
766 5305 1140 5375 cognoscant,
1167 5305 1385 5374 quanto
1424 5300 1485 5356 in
1536 5306 1819 5357 aeternum

149 5394 303 5452 mala
336 5392 566 5469 punire
591 5390 983 5464 conspiciunt,
1000 5400 1128 5462 quae
1161 5391 1287 5462 ejus
1319 5390 1410 5462 adj
1424 5390 1607 5446 utorio
1636 5390 1822 5447 vitare

150 5486 543 5553 potuerunt.»
568 5481 640 5537 Et
667 5480 732 5536 in
780 5479 1024 5538 homilia
1070 5479 1362 5552 Evangelii
1395 5478 1586 5551 prima
1616 5497 1629 5535 :
1655 5504 1682 5531 ‹‹
1715 5481 1822 5536 Do-

149 5573 351 5630 minus
383 5575 450 5629 et
499 5570 856 5642 Redemptor
894 5573 1111 5636 noster,
1143 5572 1379 5641 paratos
1418 5585 1524 5624 nos
1563 5568 1822 5625 invenire

149 5661 534 5729 desiderans,
559 5662 962 5717 senescentem
1009 5658 1299 5714 mundum
1352 5673 1480 5730 quae
1534 5657 1690 5714 mala
1732 5675 1821 5715 se-

148 5754 422 5827 quantur
454 5747 835 5807 denuntiat.»
860 5747 931 5805 Et
957 5747 1098 5806 item
1128 5747 1188 5805 in
1219 5747 1422 5805 eadem
1456 5763 1506 5803 ια
1542 5746 1605 5805 ln
1633 5750 1825 5823 potes-

501 5876 777 5943 PATROL.
824 5874 1050 5941 CXXV.

1929 4786 2204 4842 namque,
2237 4768 2339 4840 qui
2395 4767 2639 4824 verbum
2695 4768 2851 4840 quod
2908 4769 3176 4839 audiunt,
3217 4769 3383 4826 nulla
3430 4770 3567 4839 ﬁde,

1924 4859 2087 4917 nullo
2142 4857 2458 4925 intellectu,
2493 4856 2657 4912 nulla
2687 4857 2897 4913 saltem
2951 4859 3243 4915 tentandis
3300 4856 3571 4915 utilitatis

1925 4948 2229 5006 occasione
2259 4947 2556 5020 percipere
2585 4946 2939 5020 dignantur:
2965 4964 3216 5020 quorum
3245 4944 3569 5019 indisciplis

1926 5038 2082 5095 natis
2103 5054 2168 5093 ac
2181 5037 2345 5092 duris
2357 5035 2630 5092 cordibus
2649 5038 2992 5092 mandatum
3003 5038 3245 5093 verbum
3261 5034 3569 5092 confestim

1927 5125 2218 5182 immundi
2260 5124 2522 5196 spiritus,
2548 5125 2716 5196 quasi
2745 5125 2849 5181 via:
2885 5126 3037 5181 tritae
3068 5124 3330 5181 volucres
3368 5138 3570 5181 semen

1927 5216 2237 5289 eripiunt.»
2261 5215 2331 5269 Et
2352 5214 2490 5269 item
2517 5231 2567 5270 :«
2589 5215 2653 5271 Et
2672 5231 2785 5271 non
2797 5222 3006 5287 poterat
3029 5215 3110 5270 ibi
3127 5216 3381 5271 virtutem
3398 5208 3575 5272 ullam

1926 5305 2124 5375 facere,
2146 5304 2261 5358 nisi
2275 5318 2475 5373 paucos
2505 5304 2750 5373 inﬁrmos
2770 5304 3038 5375 impositis
3056 5302 3313 5359 manibus
3340 5305 3574 5362 curavit.

1928 5393 1993 5448 Et
2014 5392 2325 5447 mirabatur
2339 5398 2559 5462 propter
2583 5390 3016 5446 incredulin
3044 5390 3289 5447 illorum.
3312 5391 3439 5448 Non
3459 5409 3574 5465 quo

1929 5481 2106 5537 etiam
2137 5480 2252 5535 illis
2281 5478 2599 5535 incredulis
2642 5496 2757 5535 non
2794 5479 3049 5550 potuerit
3074 5480 3320 5538 virtutes
3358 5483 3578 5543 multas

1930 5570 2141 5638 facere,
2175 5569 2276 5625 sed
2309 5584 2422 5640 quo
2454 5584 2525 5622 ne
2564 5567 2784 5623 multas
2817 5567 3031 5625 faciens
3062 5569 3216 5627 cives
3245 5569 3578 5629 incredulos

1931 5659 2366 5716 condemnaret.
2388 5678 2417 5706 »
2440 5657 2510 5711 Et
2545 5655 2684 5712 item
2714 5656 2898 5727 (idid,
2931 5658 3029 5715 lib.
3054 5677 3092 5732 ι,
3115 5676 3234 5734 cap.
3267 5662 3355 5735 10)
3380 5679 3394 5718 :
3419 5684 3448 5713 «
3481 5661 3578 5729 Se-

1930 5748 2058 5807 dere
2086 5754 2268 5808 autem
2294 5745 2367 5804 ad
2392 5745 2668 5804 dexteram
2694 5762 2894 5823 meam,
2914 5751 2999 5808 vel
3025 5751 3098 5809 ad
3134 5753 3441 5821 sinistram,
3468 5767 3583 5813 non

3225 5886 3265 5952 9
