4020 6458
489 405 604 465 267

1413 404 1800 466 HINCMARI
1845 401 2291 466 RHEMENSIS
2337 403 2951 466 ARCHIEPISCOPI.

489 544 568 592 est
599 551 778 591 meum
804 534 936 590 dare
970 534 1140 601 vobis,
1169 534 1263 591 sed
1305 535 1500 608 quibus
1544 544 1801 608 paratum
1845 544 1925 594 est
1947 536 2133 605 (Marc.
2168 535 2213 605 Α
2249 535 2452 593 Solum
2483 541 2572 593 est
2611 536 2791 603 enim,
2822 540 2888 592 ut
2932 537 2991 591 in
3039 535 3150 591 hac
3177 534 3299 591 vita
3353 539 3660 608 peccatum
3716 551 3863 592 omne

489 641 544 692 x,
569 624 679 692 40).
705 623 798 678 Sic
829 621 1276 694 intelligendum
1307 628 1414 692 est,
1440 641 1685 698 regnum
1717 625 1991 682 ccelorum
2019 641 2136 680 non

490 716 580 768 est
611 711 826 780 dantis,
863 711 962 768 sed
1007 710 1369 784 accipientis.
1393 711 1519 768 Non
1549 717 1636 769 est
1665 713 1823 770 enim
1855 729 2136 785 persona-

491 817 623 856 rum
655 799 912 870 acceptio
941 800 1097 871 apud
1128 799 1344 856 Deum:
1365 801 1468 856 sed
1503 801 1840 874 quicunque
1867 801 2041 858 talem
2074 817 2138 858 se

490 887 824 962 prmbuerit,
839 892 904 944 ut
925 905 1101 961 regno
1123 887 1401 945 caelorum
1423 889 1640 963 dignus
1664 889 1761 963 sit,
1781 890 1874 947 hic
1895 890 2140 964 accipiet

493 978 650 1050 quod
681 994 796 1032 non
828 993 1108 1048 personae,
1132 977 1232 1033 sed
1258 977 1385 1032 vitae
1418 982 1689 1050 paratum
1718 983 1828 1035 est.
1853 979 1910 1035 Si
1941 978 2139 1052 itaque

491 1066 639 1122 tales
659 1065 801 1122 estis
822 1064 922 1138 qui
944 1065 1383 1137 consequamini
1404 1083 1650 1140 regnum
1671 1066 1966 1134 caelorum,
1981 1067 2136 1140 quod

493 1155 664 1210 Pater
694 1171 862 1210 meus
887 1153 1392 1226 triumphantibus
1419 1159 1476 1211 et
1503 1155 1821 1212 victoribus
1849 1173 2138 1229 praepara-

491 1243 595 1317 vit,
615 1262 718 1301 vos
742 1260 974 1316 quoque
1003 1243 1300 1315 accipietis
1331 1243 1533 1300 illud.»
1557 1245 1621 1301 Et
1654 1245 1794 1302 item
1819 1263 1869 1302 :«
1893 1247 1964 1302 Et
1993 1251 2056 1302 tu
2088 1245 2138 1302 si

494 1351 610 1390 non
636 1333 726 1390 vis
754 1333 956 1389 audire
987 1331 1047 1388 in
1069 1331 1294 1403 judicio
1324 1350 1358 1388 a
1387 1332 1616 1391 Christo
1640 1351 1654 1389 :
1689 1335 1931 1392 Discede
1959 1352 1993 1390 a
2022 1349 2136 1403 me,

494 1421 822 1490 maledicte,
856 1421 916 1476 in
948 1421 1142 1494 ignem
1187 1425 1492 1490 aeternum,
1526 1423 1666 1495 quia
1693 1422 1907 1480 esurivi
1936 1427 1994 1480 et
2022 1439 2138 1480 non

493 1510 707 1568 dedisti
741 1509 885 1567 mihi
916 1510 1291 1579 manducare,
1323 1511 1498 1568 arbor
1537 1528 1667 1568 esse
1695 1511 1908 1569 sterilis
1937 1512 1996 1568 in
2029 1512 2139 1568 hac

493 1601 612 1656 vita
633 1603 829 1656 caveto
855 1615 868 1654 :
895 1598 1034 1671 quin
1057 1598 1251 1672 potius
1271 1599 1513 1672 pauperi
1530 1599 1761 1657 Christo
1781 1604 1836 1656 et
1857 1599 2139 1657 esurienti

494 1690 749 1745 fructum
781 1688 1018 1760 pietatis
1047 1705 1162 1760 quo
1183 1687 1406 1760 indiget
1436 1689 1630 1745 offer.-
1660 1689 1730 1744 Et
1759 1689 1900 1746 item
1925 1707 1974 1746 εκ
1997 1689 2140 1746 Scri-

487 1785 642 1850 ptum
669 1785 748 1834 est
776 1779 905 1850 quia
951 1777 1143 1833 domus
1177 1794 1299 1833 mea
1329 1777 1518 1835 domus
1547 1781 1812 1835 orationis
1860 1779 2142 1836 vocabitur

492 1869 699 1966 cunctis
744 1867 992 1938 gentibus
1039 1866 1313 1976 (literati,
1351 1868 1438 1936 17)
1473 1883 1486 1922 :
1519 1889 1546 1920 »
1581 1867 1889 1940 Omnibus,
1921 1867 2136 1941 inquit,
2167 1909 2215 1976 Β

491 1955 786 2029 gentibus,
811 1973 927 2011 non
959 1954 1058 2010 uni
1091 1955 1247 2028 genti
1279 1955 1511 2025 Judznte,
1540 1973 1647 2012 nec
1677 1956 1735 2011 in
1769 1973 1884 2012 uno
1913 1957 2139 2014 Jeroso-

491 2045 658 2118 lymaa
691 2044 854 2100 urbis
877 2042 1023 2110 loco,
1046 2043 1148 2099 sed
1178 2043 1236 2099 in
1262 2048 1380 2099 toto
1411 2045 1547 2100 orbe
1576 2048 1888 2101 terrarum.
1912 2045 2054 2102 Item
2077 2045 2137 2102 in

493 2135 834 2189 Commenlo
865 2131 1357 2205 Evangelii-Luca:
1383 2150 1396 2189 :
1420 2155 1448 2183 «
1469 2133 1615 2190 Nam
1648 2135 1802 2191 sicut
1831 2135 1890 2191 in
1921 2135 2136 2208 quibus

490 2223 740 2280 venandi
771 2240 867 2278 ars
896 2227 1005 2288 est,
1039 2222 1138 2277 ubi
1170 2223 1342 2291 feras,
1379 2222 1586 2296 pisces,
1621 2228 1678 2280 et
1705 2222 1970 2280 volucres
2003 2223 2135 2296 plus

492 2313 792 2368 abundare
819 2310 1146 2379 didicerint,
1174 2310 1251 2366 ibi
1278 2329 1386 2368 sua
1405 2312 1655 2367 maxime
1676 2312 1820 2368 retia
1842 2313 2130 2368 tendunt:

492 2402 572 2457 ita
602 2401 653 2458 ei
686 2401 972 2456 Dominus
1023 2417 1253 2472 semper
1279 2401 1477 2456 docuit
1525 2401 1582 2456 in
1633 2401 1956 2474 Synagoga,
1988 2407 2045 2457 et
2075 2401 2132 2456 in

488 2488 727 2562 templo,
781 2506 896 2561 quo
955 2506 1161 2544 omnes
1216 2489 1404 2544 Judaei
1465 2489 1905 2560 conveniebant,
1936 2489 2134 2546 volens

487 2595 691 2634 omnes
721 2578 911 2634 salvos
942 2577 1086 2644 ﬁeri,
1113 2581 1170 2632 et
1202 2577 1272 2632 ad
1305 2577 1664 2650 agnitionem
1694 2577 1957 2635 veritatis
1979 2579 2134 2636 208

488 2667 737 2724 venire.»
758 2668 828 2722 Et
860 2667 998 2722 item
1025 2684 1076 2721 ευ
1105 2666 1323 2722 Tulistis
1351 2668 1556 2722 clavem
1583 2669 1850 2724 scientiae.
1884 2669 1999 2723 l-loc
2019 2672 2132 2738 est,

486 2754 882 2812 humilitatem
915 2753 1048 2810 fidei
1077 2753 1312 2824 Christi,
1349 2773 1463 2827 qua
1513 2756 1585 2812 ad
1634 2755 1956 2812 divinitatis
2003 2758 2133 2830 ejus

486 2845 844 2919 agnitionem
872 2843 1170 2916 pervenire
1199 2844 1495 2916 poteratis,
1521 2849 1862 2918 spernentes
1885 2845 2132 2918 abjicere

487 2932 802 2990 maluistis.
829 2955 857 2982 »
888 2934 959 2988 Et
997 2937 1137 2988 item
1169 2933 1349 3006 (ibid.,
1383 2933 1481 2990 lib.
1513 2951 1590 3001 1v,
1624 2951 1740 3006 cap.
1779 2935 1868 3003 11)
1893 2951 1906 2989 ;
1931 2958 1958 2985 ‹‹
1984 2935 2130 2991 Nam

487 3023 536 3079 si
560 3023 780 3096 petenti
802 3023 994 3094 datur,
1019 3025 1075 3077 et
1096 3038 1361 3093 quaerens
1380 3020 1618 3089 invenit,
1643 3026 1701 3078 et
1722 3021 1979 3095 pulsanti
2003 3039 2134 3096 ape-

487 3111 690 3178 rietur,
723 3127 858 3184 ergo
909 3109 1002 3166 cui
1051 3127 1166 3165 non
1214 3111 1405 3179 datur,
1427 3115 1486 3166 et
1517 3111 1616 3184 qui
1649 3127 1762 3167 non
1805 3111 2046 3182 invenit,
2073 3116 2132 3170 et

489 3199 583 3256 cui
615 3216 731 3255 non
763 3198 1038 3270 aperitur,
1065 3203 1304 3270 apparet
1332 3199 1487 3272 quod
1537 3215 1652 3255 non
1700 3199 1846 3256 bene
1875 3199 2127 3274 petierit,

2243 625 2550 686 fateamur.
2579 625 2677 682 ubi
2707 630 2765 681 et
2796 624 3056 681 humana
3085 623 3399 696 fragilitate
3429 621 3862 696 delinquimus.»

2245 713 2314 769 Et
2345 713 2402 768 in
2430 711 2658 786 psalmo
2682 729 2852 768 vam
2879 729 2928 768 :«
2951 712 3229 768 Additum
3251 717 3343 768 est
3370 713 3431 768 in
3461 713 3863 780 retributionem,

2245 801 2386 874 quia
2409 801 2712 858 subtracta
2739 801 2842 876 illa
2873 818 3079 858 mensa
3108 805 3167 858 et
3201 801 3476 874 gentibus
3507 801 3740 867 tradita,
3761 818 3866 858 ma-

2245 889 2436 946 lorum
2464 889 2768 946 retributio
2798 891 2928 946 fuit.
2951 890 3174 964 Quippe
3203 889 3441 963 quando
3471 891 3531 946 in
3559 907 3631 947 ea
3667 890 3866 963 epulari

2245 977 2532 1036 molentes
2580 979 2653 1036 ab
2701 997 2770 1035 ea
2815 979 3022 1036 merito
3070 979 3340 1036 videntur
3385 978 3688 1036 excludi.»
3723 979 3784 1035 Et
3818 979 3867 1035 in

2245 1067 2474 1142 psalmo
2503 1085 2674 1124 Lxxm
2709 1085 2773 1123 :u
2809 1067 2873 1124 In
2902 1067 3172 1140 praesenti
3216 1065 3442 1140 psalmo
3473 1067 3729 1124 civitatis
3774 1067 3866 1124 sub

2243 1157 2432 1214 versio
2449 1157 2805 1232 deploratur,
2820 1161 2888 1214 ut
2903 1157 3259 1214 durissimus
3274 1157 3510 1215 animus
3527 1157 3866 1228 Judaeorum,

2243 1245 2334 1303 vel
2364 1246 2552 1320 ipsius
2591 1247 2841 1303 civitatis
2891 1263 3010 1303 suae
3064 1246 3500 1316 calamitatibus
3555 1250 3866 1302 terreretur.

2247 1336 2460 1392 Totum
2491 1335 2628 1392 fecit
2658 1335 2920 1392 medicus
2963 1336 3172 1402 bonus,
3206 1334 3256 1391 si
3286 1335 3600 1392 sanitatem
3637 1335 3871 1408 recipere

2245 1421 2531 1482 voluisset
2553 1427 2862 1496 aegrotus.»
2885 1424 2956 1479 Et
2975 1423 3034 1480 in
3056 1422 3284 1496 psalmo
3304 1441 3446 1480 LXXV
3469 1441 3519 1480 ;‹‹
3553 1423 3872 1480 Amiserunt

2245 1527 2384 1586 esgo
2403 1517 2460 1568 et
2481 1513 2661 1580 istud,
2676 1511 2778 1584 qui
2800 1513 2915 1584 maj
2924 1512 3092 1568 estati
3116 1511 3245 1584 ejus
3265 1527 3639 1585 nequaquam
3659 1512 3872 1569 credere

2244 1600 2610 1657 voluerunt.»
2633 1602 2700 1656 Et
2729 1601 2788 1656 in
2822 1601 3049 1674 psalmo
3077 1618 3237 1657 LXXXI
3261 1617 3315 1657 ζα
3335 1601 3404 1656 Et
3424 1600 3722 1658 benedixit
3739 1601 3873 1658 sicut

2245 1704 2400 1756 oves,
2435 1706 2551 1746 non
2609 1693 2805 1745 tamen
2860 1706 3014 1758 oves,
3039 1689 3178 1762 quia
3233 1706 3350 1746 non
3406 1689 3699 1746 credendo
3751 1689 3872 1747 facti

2245 1781 2388 1834 sunt
2423 1777 2632 1834 haedi.»
2653 1778 2723 1834 Et
2752 1778 2809 1834 in
2843 1778 3070 1851 psalmo
3101 1795 3285 1834 Lxxvu
3308 1795 3370 1834 εκ
3397 1777 3595 1835 Genus
3621 1794 3871 1851 pravum,

2246 1867 2388 1939 quia
2431 1867 2735 1924 veritatem
2783 1867 3038 1940 recipere
3087 1867 3419 1924 noluerunt.
3456 1888 3485 1918 »
3518 1867 3590 1924 Et
3633 1867 3776 1925 item
3821 1867 3874 1924 in

2245 1955 2450 2012 eodem
2473 1971 2530 2010 :«
2561 1953 2840 2012 Malitiam
2871 1955 3129 2012 hominis
3157 1955 3217 2011 in
3247 1971 3356 2012 sua
3385 1955 3805 2029 indignatione,
3827 1959 3876 2012 et

2245 2043 2354 2110 ira,
2377 2047 2435 2100 et
2464 2043 2842 2100 tribulatione
2871 2043 3202 2117 dereliquit,
3232 2049 3297 2100 ut
3324 2043 3576 2116 propriis
3605 2044 3873 2117 perversi-

2244 2132 2464 2189 tatibus
2496 2133 2854 2205 afﬂigantur,
2887 2133 2987 2206 qui
3016 2131 3228 2189 divinis
3249 2132 3626 2204 jussionibus
3655 2132 3877 2190 obedire

2244 2224 2685 2277 contemnunt.»
2707 2222 2778 2277 Et
2807 2221 2865 2276 in
2898 2221 3125 2294 psalmo
3153 2237 3283 2278 XCIV
3313 2237 3362 2275 τα
3395 2221 3540 2278 Nam
3571 2237 3710 2278 cum
3742 2237 3876 2294 qua-

2243 2309 2514 2382 draginta
2543 2311 2751 2367 diebus
2783 2311 2858 2367 ad
2889 2310 3234 2384 mysterium
3267 2327 3580 2366 numerum
3602 2309 3880 2368 Dominus

2233 2396 2606 2468 jejunaverit,
2641 2416 2776 2455 cum
2816 2398 2962 2456 alios
2993 2398 3385 2472 quadraginta
3413 2398 3538 2456 dies
3573 2415 3715 2456 cum
3753 2415 3878 2472 apo-

2241 2485 2408 2543 stolis
2438 2492 2572 2560 post
2599 2488 3086 2544 resurrectionem
3115 2487 3316 2544 fecerit
3347 2493 3412 2545 ut
3439 2492 3598 2545 totus
3628 2487 3879 2546 mundus

2241 2577 2522 2644 crederet,
2543 2577 2730 2633 Judaei
2753 2577 3031 2634 obstinati
3065 2577 3277 2650 reperti
3307 2581 3465 2634 sunt.
3495 2577 3602 2645 Qui
3628 2579 3880 2650 quadra-

2240 2664 2404 2737 ginta
2431 2682 2719 2721 annorum
2751 2667 2904 2724 204
2939 2665 3236 2724 beneficiis
3275 2667 3644 2738 acquiescere
3688 2666 3882 2724 nolue-

2240 2757 2399 2809 runt.
2427 2753 2650 2820 Quibus
2681 2754 2810 2811 ideo
2840 2758 3081 2828 paratur
3110 2756 3298 2828 major
3323 2754 3512 2823 ruina,
3539 2755 3686 2828 quia
3714 2755 3773 2812 in
3804 2755 3884 2811 eis

2239 2842 2574 2915 grandescit
2602 2842 2881 2900 diuturna
2905 2843 3199 2916 superbia.
3226 2865 3255 2894 »
3275 2843 3346 2899 Et
3375 2843 3516 2900 item
3541 2861 3595 2900 ει(
3619 2844 3735 2912 Qui
3755 2859 3884 2918 ergo

2239 2931 2542 3005 ingressus
2573 2937 2660 2990 est
2688 2933 2748 2988 in
2779 2931 3040 3005 requiem
3071 2933 3220 3004 ejus,
3243 2931 3421 2989 etiam
3451 2933 3578 3006 ipse
3607 2931 3888 3007 requievit

2239 3017 2312 3074 ab
2342 3019 2614 3091 operibus
2644 3019 2789 3086 suis,
2811 3020 2965 3078 sicut
2995 3037 3030 3076 a
3060 3019 3184 3076 suis
3211 3019 3386 3077 Deus.
3408 3019 3716 3094 Signiﬁcat
3733 3020 3886 3078 enim

2238 3107 2621 3164 beatitudinis
2641 3107 2800 3164 illius
2815 3112 2930 3165 tem
2937 3107 3474 3182 pus,quandojusti
3491 3112 3624 3182 post
3635 3124 3887 3183 agonem

2238 3195 2436 3252 saeculi
2452 3196 2624 3253 istius
2639 3201 2854 3254 aeterna
2867 3196 3066 3270 requie
3083 3197 3493 3270 perfruuntur:
3509 3199 3670 3272 quod
3687 3197 3887 3273 impiis

489 3269 1196 3362 quaasierit,ipulsaverit.n
1221 3288 1290 3343 Et
1311 3269 1449 3344 item
1471 3305 1519 3342 ια
1534 3287 1750 3344 Verum
1774 3269 1988 3362 ille—qui
2010 3289 2134 3346 vult
2160 3269 2205 3339 C
2243 3284 2448 3358 utique
2469 3302 2584 3342 non
2603 3269 3480 3360 dabitur,quiasuaindignitate
3495 3269 3887 3345 duruerant.»

488 3392 692 3434 omnes
719 3375 986 3432 homines
1015 3375 1204 3432 salvos
1235 3376 1382 3445 ﬁeri,
1413 3381 1470 3432 et
1497 3375 1570 3432 ad
1595 3376 1955 3450 agnitionem
1985 3379 2131 3434 veri-

487 3465 624 3522 tatis
654 3463 870 3535 venire,
901 3482 1056 3521 nunc
1099 3465 1170 3521 ad
1201 3483 1320 3533 eos,
1354 3482 1510 3522 nunc
1538 3465 1623 3521 eis
1653 3465 2027 3523 audientibus
2057 3468 2129 3524 ad

485 3553 802 3628 discipulos
851 3571 990 3610 suos
1019 3555 1193 3612 verba
1238 3555 1524 3626 faciendo,
1557 3559 1848 3611 consueta:
1897 3556 2130 3628 pietatis

485 3645 637 3700 dona
676 3644 966 3717 benignus
1016 3644 1352 3717 impendere
1405 3661 1522 3699 non
1569 3649 1778 3701 cessat.
1816 3668 1838 3694 υ
1875 3645 1945 3701 Et
1988 3646 2128 3704 item

485 3733 604 3808 (lzb.
629 3751 682 3802 v,
707 3749 753 3788 ε.
781 3731 866 3804 19)
892 3749 904 3786 :
938 3733 1139 3788 «Venit
1163 3733 1313 3786 enim
1348 3731 1500 3803 ﬁlius
1529 3731 1766 3788 hominis
1798 3748 2041 3804 quatere
2081 3741 2133 3790 et

480 3823 694 3879 salvere
713 3821 854 3894 quod
868 3823 1164 3893 perierat.»
1187 3820 1305 3876 Iloc
1325 3824 1416 3876 est
1435 3821 1588 3893 quod
1614 3819 1753 3876 alibi
1775 3821 1919 3878 dicit
1941 3839 1993 3878 :«
2012 3823 2132 3879 Non

481 3913 609 3968 vati
636 3926 826 3968 vocare
850 3911 1047 3982 justas,
1069 3909 1163 3965 sed
1185 3916 1505 3982 peccatores.
1537 3909 1676 3966 Pius
1721 3925 1862 3967 sane
1911 3912 2129 3985 magis-

480 4004 589 4066 ter,
604 3999 706 4072 qui
729 3997 1236 4054 murmurantibus
1257 3997 1448 4054 turbis
1469 4014 1576 4054 sua
1595 3999 1872 4072 mysteria
1894 4017 2010 4056 non
2037 4001 2133 4058 de-

483 4089 761 4161 dignatur
789 4103 1090 4159 exponere,
1111 4087 1253 4143 adeo
1285 4086 1510 4144 scilicet
1539 4092 1909 4159 peccatorum
1939 4089 2130 4162 paeni-

483 4175 726 4232 tentiam
749 4191 864 4230 non
894 4191 1023 4231 esse
1043 4177 1455 4248 respuendum,
1481 4181 1547 4233 ut
1577 4176 1704 4249 ipse
1729 4175 1831 4233 Dei
1853 4176 2035 4234 Filius
2054 4179 2128 4235 ob

483 4264 634 4320 hanc
665 4262 916 4320 maxime
947 4265 1320 4336 quaerendam
1351 4264 1430 4320 sit
1457 4265 1785 4322 destinatus
1815 4266 1888 4322 ad
1920 4270 2125 4324 terras.

481 4352 590 4421 Qui
621 4357 685 4410 ut
714 4351 952 4426 pietatis
984 4369 1102 4408 sua:
1131 4352 1299 4410 nobis
1325 4352 1822 4427 dispensationem
1853 4354 2125 4426 inculcet,

479 4441 804 4514 smpissime
832 4459 894 4498 se
916 4440 1102 4498 ﬁlium
1125 4441 1382 4500 hominis
1411 4442 1686 4516 appellat,
1710 4444 2128 4502 commendans

479 4529 726 4587 sollicite
758 4531 926 4586 nobis
957 4530 1112 4603 quod
1144 4531 1331 4587 factus
1363 4535 1452 4588 est
1479 4531 1731 4607 benigne
1753 4550 1858 4606 pro
1885 4533 2074 4590 nobis.
2095 4557 2125 4585 »

479 4618 551 4674 Et
605 4619 745 4675 item

790 4635 857 4676 :«
910 4619 1276 4711 Impietatem
1331 4621 1690 4711 Judceornm,
1720 4622 1810 4711 vel
1859 4623 2125 4680 omnium
2155 4644 2206 4711 Β

2240 3374 2310 3430 Et
2337 3374 2397 3430 in
2427 3375 2654 3447 psalmo
2681 3392 2788 3432 xcv
2811 3393 2860 3432 ιιι
2887 3375 2989 3433 Hic
3011 3392 3142 3434 vero
3173 3375 3398 3433 dictum
3427 3380 3516 3434 est
3539 3378 3752 3448 patria:
3768 3393 3890 3450 gem

2240 3463 2399 3534 tium,
2421 3468 2486 3520 ut
2509 3462 2710 3521 nullus
2739 3463 3034 3539 indigena,
3063 3463 3262 3521 nullus
3293 3463 3527 3538 hospes,
3551 3464 3761 3522 nullus
3793 3481 3889 3539 pe-

2241 3552 2509 3627 regrinus
2541 3554 2879 3611 redderetur
2907 3559 3238 3626 exceptus.»
3260 3553 3331 3610 Et
3358 3554 3418 3610 in
3449 3553 3682 3626 psalmo
3713 3570 3889 3611 mu:

2243 3663 2272 3694 «
2295 3641 2532 3698 Nullum
2565 3658 2750 3716 genus
2779 3643 3087 3700 hominum
3118 3641 3171 3698 ei
3201 3642 3444 3699 credens
3471 3641 3764 3714 probatur
3791 3659 3893 3699 ex-

2239 3736 2494 3804 ceptum,
2521 3733 2676 3804 quod
2708 3731 2787 3788 sit
2817 3732 2890 3788 ab
2919 3732 3049 3805 ejus
3079 3731 3426 3789 muneribus
3453 3729 3742 3788 alienum.
3770 3753 3801 3782 »
3827 3732 3898 3788 Et

2238 3818 2299 3875 in
2328 3819 2670 3876 Commento
2701 3819 2969 3894 Epistolze
3003 3820 3076 3876 ad
3109 3820 3403 3877 Romanos
3431 3818 3603 3892 plura
3630 3819 3734 3877 his
3764 3837 3900 3877 con-

2239 3908 2494 3966 cinentia
2517 3909 2678 3979 dicit,
2713 3926 2840 3982 qua:
2871 3909 3066 3966 studio
3095 3907 3396 3966 brevitatis
3425 3907 3789 3967 omittimus.

2831 4015 3064 4074 CAPUT
3100 4015 3293 4072 XXVI.

2267 4105 2638 4170 Recapitulatio
2667 4103 2888 4156 reddita
2921 4105 3142 4154 rationis
3160 4113 3279 4170 post
3316 4108 3611 4155 sanctorum
3638 4107 3870 4156 nomine

2650 4177 2924 4242 designata
2954 4176 3018 4228 de
3045 4175 3270 4242 capitulo
3299 4177 3469 4227 tertio.

2307 4267 2452 4324 Ecce
2482 4265 2622 4340 quid
2661 4283 2732 4322 ex
2768 4266 2879 4324 hoc
2917 4266 3172 4340 capitulo
3203 4271 3516 4324 senserunt
3552 4266 3761 4324 divino
3803 4282 3896 4323 re-

2237 4355 2374 4430 pleti
2405 4357 2626 4430 Spiritu
2656 4356 2843 4414 sancti
2871 4357 2973 4414 Dei
3003 4357 3292 4416 homines.
3312 4357 3598 4415 Caeterum
3627 4356 3907 4432 capitula

2236 4460 2272 4502 a
2301 4444 2470 4502 nobis
2500 4461 2570 4501 ex
2599 4449 2937 4503 sanctorum
2960 4445 3196 4502 Patrum
3226 4449 3513 4518 excerpta,
3532 4461 3661 4518 quae
3693 4462 3905 4519 vepre.

2235 4532 2458 4604 hendit,
2483 4533 2736 4592 domnus
2784 4533 3137 4592 Prudentius
3177 4533 3524 4592 venerabilis
3571 4533 3905 4610 episcopus

2235 4623 2544 4680 nobiscum
2573 4623 2880 4680 constituit
2922 4627 3096 4696 atque
3134 4622 3556 4690 firmavit.Quee
3588 4627 3812 4696 postea
3842 4623 3905 4680 in

480 4709 858 4780 reproborum
887 4709 955 4765 ad
981 4708 1278 4766 Christum
1301 4710 1558 4768 converti
1583 4710 1928 4780 nolentium,
1953 4711 2128 4786 signi-
2156 4708 2192 4711 ’
2236 4711 2346 4769 hac
2377 4711 2643 4786 epistola,
2667 4713 2738 4770 de
2768 4729 2884 4785 qua
2929 4711 3248 4786 loquimur,
3281 4711 3364 4769 ita
3391 4712 3658 4770 confudit
3713 4719 3908 4788 atque

480 4797 618 4853 ficat
647 4797 706 4853 in
739 4797 831 4854 die
870 4797 1080 4870 judicii
1130 4798 1512 4872 puniendam.
1535 4822 1564 4852 »
1598 4801 1668 4856 Et
1707 4800 1849 4857 item
1882 4818 1949 4858 :«
1983 4801 2130 4868 Quia
2235 4800 2690 4874 praeposteravit,
2715 4805 2782 4857 ut
2809 4801 3002 4858 verbis
3034 4800 3184 4871 aliis,
3211 4805 3270 4858 et
3290 4817 3468 4858 sensu
3488 4802 3828 4873 contrario,
3850 4807 3912 4860 et

477 4885 830 4944 visitationis
859 4904 977 4944 suae
1025 4891 1258 4960 tempus
1307 4888 1550 4944 minime
1597 4889 1884 4962 cognovit,
1917 4889 2036 4948 illis
2065 4892 2125 4948 in
2234 4889 2436 4946 ordine
2467 4889 2798 4958 immutate,
2821 4889 2922 4946 illa
2950 4895 3240 4964 quantum
3269 4907 3340 4947 ex
3367 4891 3494 4964 ipso
3525 4890 3638 4946 fuit
3660 4891 3911 4966 disper-

479 4981 735 5033 extremo
767 4975 894 5033 vita
921 4975 1178 5032 inimicis
1206 4977 1480 5050 traditur,
1497 4995 1631 5034 cum
1652 4977 1866 5050 quibus
1888 4979 1947 5036 in
1969 4983 2128 5037 aeter-
2235 4979 2414 5036 deret.
2437 4979 2554 5035 Nec
2583 4977 2715 5052 plus
2758 4979 2980 5036 invenit
3007 4997 3125 5052 quo
3153 4979 3254 5036 illa
3291 4979 3683 5052 discerperet:
3715 4982 3912 5040 verba

478 5084 555 5123 no
577 5065 802 5139 judicio
842 5064 1239 5122 damnationis
1272 5085 1390 5123 sua:
1429 5067 1703 5124 societate
1741 5066 2068 5142 colligatur.
2091 5091 2122 5120 ››
2233 5067 2498 5136 mutavit,
2533 5083 2776 5124 sensum
2807 5068 3166 5126 contrarium
3197 5067 3417 5136 intulit,
3440 5069 3710 5126 ordinem
3749 5072 3910 5128 adeo

477 5156 549 5212 Et
575 5156 714 5212 item
739 5174 787 5212 :«
821 5157 1064 5229 Semper
1092 5156 1388 5230 ambigere
1409 5156 1626 5214 dicitur
1649 5157 1822 5228 Deus,
1847 5163 1912 5214 ut
1939 5157 2125 5216 libera
2235 5155 2614 5230 perturbavit,
2645 5161 2710 5214 ut
2756 5159 2828 5215 de
2877 5159 3132 5215 secundo
3181 5157 3460 5230 primum,
3491 5164 3552 5216 et
3588 5159 3660 5215 de
3721 5161 3912 5219 tertio

475 5243 742 5302 voluntas
773 5244 997 5301 homini
1029 5250 1372 5302 reservetur.
1397 5268 1426 5298 ››
2231 5251 2506 5319 quartum
2538 5247 2822 5304 redderet.
2850 5247 2910 5304 Si
2942 5247 3133 5304 adhuc
3155 5252 3433 5321 quartum
3455 5248 3704 5306 modum
3738 5249 3915 5309 inve-

543 5333 614 5388 Et
643 5333 1022 5392 Cassiodorus
1053 5334 1112 5390 in
1147 5335 1372 5408 psalmo
1402 5353 1470 5392 LV
1501 5353 1550 5392 :«
1577 5334 1775 5408 Ipsum
1824 5339 1914 5394 est
1962 5335 2119 5393 enim
2230 5334 2355 5392 nire
2385 5335 2693 5408 potuisset,
2727 5353 2842 5408 quo
2875 5335 2978 5394 illa
3005 5336 3341 5410 dissiparet,
3373 5336 3776 5396 manifestum
3813 5345 3916 5400 est

473 5437 794 5495 quacunque
840 5424 946 5492 die,
981 5425 1122 5497 quia
1166 5423 1452 5482 Dominus
1510 5423 1781 5482 clementi
1838 5425 2123 5498 patientia
2228 5423 2367 5497 quia
2394 5423 2719 5482 voluntarie
2767 5425 3001 5483 faceret.
3035 5427 3256 5483 Tamen
3298 5425 3582 5500 quidquid
3611 5425 3720 5483 ille
3757 5445 3915 5504 ges-

475 5509 778 5584 quodlibet
799 5516 1030 5586 tempus
1063 5518 1272 5570 nostra:
1298 5513 1692 5571 conversionis
1717 5518 2012 5587 exspectat
2051 5514 2122 5571 Et
2227 5514 2390 5582 serit,
2409 5515 2548 5571 ordo
2570 5514 2823 5588 ponendi
2847 5514 3144 5589 legitimus
3166 5515 3276 5572 iste
3298 5515 3578 5586 manebit,
3599 5520 3666 5572 ut
3691 5519 3916 5590 primo

472 5599 601 5657 ideo
623 5599 944 5674 culpabiles
967 5603 1238 5676 sustinet,
1257 5606 1554 5676 exspectat
1572 5607 1858 5676 errantes,
1875 5603 2076 5660 dicens
2099 5620 2114 5660 :
2224 5606 2478 5678 ponatur
2505 5602 2578 5658 ab
2599 5619 2666 5658 eo
2697 5603 2798 5676 qui
2827 5603 3193 5677 capitulatim
3224 5604 3324 5662 illa
3343 5604 3505 5678 cupit
3524 5605 3912 5686 describere,

470 5689 626 5754 Νοιιο
653 5698 880 5750 mortem
914 5695 1232 5770 peccatoris,
1261 5691 1356 5751 sed
1381 5699 1444 5751 ut
1468 5699 1812 5754 convertatur
1855 5699 1909 5751 et
1949 5693 2113 5753 vivat.
2225 5692 2306 5752 De
2352 5691 2718 5772 praescientia
2763 5696 2822 5754 et
2869 5693 3377 5771 praedestinatione
3423 5692 3788 5768 electorum,
3839 5717 3916 5764 ιο
