4020 6478
497 421 610 481 2⁵71

1359 420 1812 484 HINGMARUS
1856 418 2304 481 RHEMENSIS
2345 419 3035 484 ABGHIEPISCOPUS.

3770 419 3866 486 Si!

498 551 611 626 ipsi
640 549 922 620 videlicet,
955 567 1090 606 cum
1123 549 1393 607 similiter
1419 549 1661 608 verbum
1687 549 1817 608 vitae
1847 551 2138 620 audirent,
2169 547 2226 620 Α
2254 556 2518 624 pereunt,
2543 567 2657 609 non
2691 551 2793 609 Dei
2819 552 3138 620 voluntate,
3163 553 3264 610 sed
3293 551 3505 609 debitte
3553 550 3870 625 perditionis

498 639 790 696 noluerint
810 639 1045 695 credere
1067 639 1139 694 ad
1153 637 1470 710 justitiam.
1485 639 1683 712 Neque
1703 639 1858 696 enim
1883 639 2146 712 nequitia

497 728 789 785 malorum
819 745 888 783 ex
918 745 1026 784 sua
1056 727 1246 783 solum
1277 727 1844 796 fortitudine,verum
1876 729 2053 786 etiam
2076 745 2146 786 ex

497 816 932 890 comparatione
963 821 1272 885 rectorum,
1307 834 1484 890 quam
1515 817 1592 874 sit
1619 818 1954 875 damnanda
1977 834 2144 875 mon-

498 911 740 963 stratur.
773 928 802 957 ››
835 907 948 963 Sed
977 911 1036 963 et
1065 911 1306 963 sanctus
1353 907 1724 981 Augustinus
1769 905 1830 963 in
1879 907 2028 965 libro
2073 909 2146 964 de

497 998 696 1071 Agone
725 995 1053 1052 Christiano
1075 995 1210 1070 (cap.
1232 995 1325 1068 27)
1346 995 1416 1052 de
1446 995 1556 1054 hac
1585 995 1879 1070 Evangelii
1904 1000 2144 1053 sentena

499 1087 582 1143 tia
602 1086 778 1142 dicit:
825 1087 988 1156 «Qui
1021 1101 1134 1142 non
1164 1086 1354 1142 credit
1371 1089 1507 1159 jam
1520 1085 1828 1158 judicatus
1853 1094 1958 1140 est.
1992 1085 2147 1140 Prae-

499 1173 746 1231 scientia
795 1174 998 1246 utique
1044 1172 1165 1242 Dei,
1200 1171 1300 1245 qui
1331 1171 1491 1228 novit
1521 1172 1660 1245 quid
1693 1170 2000 1228 immineat
2029 1188 2144 1228 non

500 1264 938 1321 credentibus.»
961 1262 1108 1319 Hinc
1128 1262 1302 1319 etiam
1325 1265 1565 1336 apparet
1585 1261 1818 1318 mentiri
1841 1259 2145 1317 Praedesti-

499 1353 871 1411 hatianorum
903 1351 1164 1408 scholam
1209 1349 1527 1424 dyscolam,
1561 1366 1688 1424 quae
1715 1365 1799 1407 ex-
1819 1348 1929 1406 hac
1959 1349 2150 1406 Evan-

500 1443 631 1518 gelii
655 1441 945 1500 sententia
959 1441 1053 1497 alii
1061 1455 1250 1496 rmare
1261 1439 1519 1496 luctatur
1529 1457 1564 1495 a
1574 1437 1690 1496 Deo
1703 1439 2013 1513 praedestin
2021 1441 2147 1496 atos

501 1534 573 1589 ad
597 1531 920 1589 interitum.
941 1531 1012 1586 Et
1043 1529 1178 1585 item
1209 1527 1558 1586 venerabilis
1580 1528 1734 1585 Beda
1753 1528 2057 1602 presbyter
2086 1525 2146 1586 in

500 1625 840 1681 Commento
869 1617 1162 1691 Evangelii
1195 1619 1382 1686 Lucae,
1405 1617 1560 1673 beati
1585 1617 1898 1691 Augustini
1924 1618 1984 1674 et
2013 1617 2154 1677 alio-

499 1729 630 1770 rum
654 1711 890 1767 Patrum
914 1707 1368 1764 crthodoxorum
1390 1723 1642 1779 sequens
1664 1705 2004 1776 sententias,
2025 1709 2108 1766 ait
2123 1726 2144 1765 :

505 1819 526 1851 Ir
553 1802 696 1860 Dico
727 1806 924 1856 autem
959 1797 1141 1866 vobis,
1162 1797 1296 1870 quia
1325 1797 1485 1852 omni
1505 1797 1746 1852 habenti
1775 1797 2042 1869 dabitur,
2072 1797 2148 1856 ab

497 1907 561 1949 eo
581 1896 776 1948 autem
813 1889 914 1962 qui
931 1903 1045 1944 non
1062 1886 1259 1989 nubet,
1278 1893 1333 1942 et
1361 1885 1512 1989 quod
1541 1885 1714 1989 habet
1743 1887 2050 1956 auferetur
2075 1889 2150 1989 ab
2179 1919 2225 1989 Β

496 1998 563 2036 eo
601 1977 832 2049 (Matth.
879 1994 1000 2045 xm,
1053 1975 1161 2042 ll).
1215 1975 1344 2030 Haec
1395 1975 1468 2030 ad
1507 1973 1810 2048 superiora
1855 1975 2146 2035 sententia

497 2067 981 2140 rcspicit,docens
1003 2069 1060 2120 et
1087 2061 1253 2118 illum
1284 2080 1456 2136 posse
1487 2063 1751 2120 amittere
1780 2081 2002 2122 munus
2024 2066 2142 2136 Dei,

499 2157 600 2231 qui
645 2157 870 2212 habens
917 2171 1032 2209 non
1084 2151 1279 2222 habet,
1313 2152 1371 2208 id
1398 2157 1487 2210 est
1515 2169 1632 2209 non
1665 2153 1868 2222 utitur,
1902 2157 1959 2211 ct
1985 2155 2046 2210 in
2077 2173 2144 2213 eo

499 2245 699 2319 augeri
731 2244 830 2318 qui
863 2243 1087 2300 habens
1115 2242 1310 2309 habet,
1342 2241 1452 2298 hoc
1481 2247 1569 2298 est
1599 2242 1747 2300 bene
1780 2243 1986 2300 utitur.
2016 2268 2044 2295 η
2076 2245 2147 2302 Et

499 2335 671 2410 paulo
699 2333 1007 2408 superius:
1050 2351 1076 2384 α
1097 2331 1268 2387 Recte
1299 2330 1518 2387 amittit
1559 2331 1828 2388 collatam
1868 2333 2142 2406 gratiam,

500 2439 676 2499 quam
700 2421 1068 2496 praedicando
1101 2420 1231 2476 aliis
1263 2419 1696 2476 communicare
1722 2421 2063 2495 neglexit,ut
2091 2423 2142 2480 ei

500 2517 784 2588 augeatur
829 2511 926 2584 qui
981 2510 1116 2566 inde
1173 2508 1474 2578 laboravit,
1519 2510 1691 2582 juxta
1732 2511 1887 2583 quod
1937 2511 2143 2586 angelo

499 2602 710 2677 Ephesi
741 2601 1007 2658 Ecclesiae
1038 2599 1250 2655 dicitur
1283 2616 1296 2654 :
1333 2603 1402 2656 Et
1445 2599 1678 2656 movebo
1723 2601 2144 2658 candelabrum

498 2709 668 2750 suum
697 2693 768 2748 de
801 2690 925 2748 loco
953 2705 1076 2760 suo,
1091 2689 1208 2745 nisi
1225 2689 1632 2761 pamilenliam
1661 2691 1850 2763 egerit
1872 2694 1891 2760 (
1913 2695 2057 2764 4poc
2078 2709 2141 2760 Π,

497 2783 573 2856 5),
602 2787 816 2838 etcum
847 2779 1071 2853 regium
1097 2779 1240 2836 207
1271 2777 1548 2849 chrisma,
1569 2779 1722 2852 quod
1753 2780 2143 2852 superbiendo

499 2870 638 2928 Saul
677 2869 894 2941 amisit,
919 2867 1099 2924 David
1131 2867 1452 2924 obcdiendo
1483 2867 1846 2940 promeruit:
1879 2869 2140 2942 Spiritus,

497 2959 708 3032 inquit,
741 2960 961 3016 Domini
979 2957 1224 3014 discessit
1241 2973 1274 3012 a
1293 2956 1504 3026 Saul,et
1521 2956 1758 3015 directus
1775 2965 1855 3016 est
1883 2961 1944 3016 in
1971 2958 2144 3018 David

498 3065 533 3105 ιι
559 3049 648 3106 die
679 3049 778 3105 illa
807 3057 858 3106 et
883 3049 1152 3120 deinceps.
1189 3069 1218 3098 »

568 3137 875 3194 Proferunt
896 3152 1126 3208 quoque
1150 3135 1650 3193 Prmdestinatiani
1663 3137 1735 3192 ad
1751 3153 1918 3192 suam
1932 3137 2142 3193 conﬁr-

499 3227 775 3284 mandum
809 3224 1180 3293 sententiam,
1217 3225 1493 3298 quoniam
1540 3224 1640 3298 qui
1689 3241 1804 3282 non
1845 3225 2144 3283 salvantur

2255 639 2462 695 merito
2484 640 2901 714 pereunt.Nam
2933 641 3087 698 sicut
3115 641 3382 698 conditor
3403 645 3680 698 naturam
3707 639 3872 698 homio

2251 745 2418 798 num,
2442 729 2500 785 id
2531 733 2622 786 est
2664 729 2923 803 primum
2970 729 3290 797 hominem,
3323 729 3464 803 quia
3489 734 3550 786 et
3573 730 3689 786 Eva
3715 731 3874 790 Adam

2247 821 2360 886 est,
2393 817 2467 873 ad
2503 817 2885 874 aeternitatem
2917 817 3236 875 consistere
3257 817 3461 889 voluit,
3494 817 3636 890 quia
3663 821 3875 876 antema-

2250 904 2383 962 liter
2427 906 2618 964 bonus
2667 911 2774 964 est.
2807 909 2990 974 Quem
3020 908 3091 964 ab
3119 907 3447 986 aeternitate
3496 911 3704 964 contra
3729 923 3874 967 suam

2249 994 2611 1052 voluntatem
2642 996 2945 1052 cadentem
2969 997 3131 1069 juste
3159 995 3480 1065 damnavit,
3495 995 3772 1068 quoniam
3791 997 3877 1069 ju-

2253 1088 2382 1142 stus
2405 1089 2511 1142 est.
2537 1087 2837 1158 Quemque
2853 1085 2926 1142 ad
2947 1085 3199 1142 salutem
3221 1085 3410 1158 gratia
3439 1084 3879 1158 reparavit,qu

2252 1174 2586 1232 misericors
2609 1177 2718 1231 est.
2744 1174 2830 1230 lta
2848 1175 3185 1247 redemptor
3199 1175 3403 1246 justus
3420 1173 3480 1230 in
3502 1173 3775 1231 omnibus
3786 1174 3877 1232 viis

2253 1258 2400 1330 'suis,
2433 1266 2492 1318 et
2521 1266 2762 1319 sanctus
2795 1262 2855 1318 in
2885 1263 3163 1320 omnibus
3212 1263 3489 1336 operibus
3519 1262 3667 1330 suis,
3698 1279 3876 1322 omnes

2255 1367 2323 1408 ex
2352 1349 2606 1424 generali
2655 1367 2854 1408 massa
2900 1352 3245 1425 perditionis
3287 1352 3522 1426 genitos
3555 1351 3686 1408 vult
3711 1351 3878 1409 salvos

2253 1439 2400 1510 ﬁeri,
2419 1440 2559 1514 quia
2579 1441 2767 1497 bonus
2797 1445 2887 1496 est
2911 1458 2924 1498 :
2947 1442 3052 1498 sed
3082 1441 3369 1516 quosdam
3390 1440 3453 1496 in
3468 1443 3675 1500 eadem
3708 1457 3880 1500 massa

2257 1527 2599 1602 perditionis
2611 1529 2838 1603 judicio
2863 1530 3079 1588 deserit
3097 1530 3375 1605 quoniam
3388 1531 3594 1604 justus
3613 1535 3883 1605 est,quoe-

2257 1618 2392 1674 dam
2415 1635 2450 1674 a
2468 1617 2791 1690 perditione
2813 1619 3038 1676 cunctis
3057 1619 3256 1676 debita
3272 1620 3427 1677 dono
3447 1619 3649 1694 gratia:
3672 1619 3878 1692 liberat,

2258 1705 2394 1780 quia
2435 1706 2767 1764 misericors
2812 1711 2921 1764 est.
2953 1709 3024 1765 Et
3071 1725 3143 1766 ne
3185 1707 3365 1766 velint
3409 1708 3580 1766 nobis
3636 1709 3882 1780 illudens,

2256 1796 2518 1853 dicentes
2565 1795 2762 1852 aemuli
2811 1801 2980 1854 metae
3023 1798 3180 1868 ﬁdei,
3212 1797 3492 1872 quoniam
3517 1801 3806 1872 quosdam
3829 1797 3884 1856 in

2257 1899 2454 1941 massa
2484 1884 2826 1958 perditionis
2855 1887 3094 1956 deserit,
3129 1887 3258 1944 ideo
3281 1887 3437 1945 Deus
3457 1889 3663 1960 justus
3680 1886 3884 1956 est,ali-

2253 1978 2345 2030 ter
2370 1975 2527 2030 enim
2550 1975 2753 2046 justus
2782 1991 2912 2032 esse
2941 1993 3057 2032 non
3089 1981 3306 2050 posset,
3337 1977 3536 2051 legant
3577 1977 3883 2046 Paulinum,

2255 2061 2356 2118 ubi
2403 2063 2554 2120 inter
2600 2069 2806 2120 caetera
2855 2065 3202 2122 decantatur
3233 2083 3246 2122 :
3279 2067 3392 2137 Qui
3427 2067 3715 2140 percussit
3743 2077 3886 2140 reges

2253 2169 2307 2208 τη
2314 2167 2518 2225 agnos,
2530 2157 2586 2210 et
2599 2154 2808 2211 occidit
2821 2171 2986 2227 reges
2993 2159 3193 2230 fortes,
3207 2162 3263 2212 et
3276 2156 3448 2214 dedit
3467 2162 3888 2214 terraan

2255 2241 2668 2300 hereditatem
2682 2245 2902 2318 populo
2919 2245 3207 2317 suo.Quia
3237 2245 3298 2302 in
3334 2244 3680 2303 humilitate
3701 2249 3888 2304 nos!"

2251 2333 2602 2407 memor/tsi!
2615 2342 2744 2390 nost
2783 2333 2888 2403 i,et
2903 2335 3155 2391 redemit
3173 2350 3278 2391 nos
3295 2336 3371 2394 ab
3392 2335 3647 2392 inimicis
3659 2336 3886 2393 nostris:

2253 2438 2358 2494 per
2385 2420 2638 2495 singula,
2664 2423 2936 2497 quoniam
2955 2425 3018 2480 in
3035 2427 3318 2482 aeternum
3349 2425 3760 2483 misericordia
3775 2429 3890 2500 ejus

2251 2511 2432 2581 (Psal.
2467 2529 2665 2580 cxxxv,
2696 2515 2807 2583 '17).
2864 2515 3072 2572 Justus
3128 2513 3188 2569 in
3238 2513 3535 2584 omnibus,
3597 2515 3792 2572 bonus
3837 2515 3890 2570 in

2253 2600 2550 2669 omnibus,
2575 2605 2632 2657 et
2661 2618 2796 2658 cum
2825 2601 2997 2675 punit
3023 2601 3260 2675 impios,
3283 2606 3340 2660 et
3369 2619 3504 2660 cum
3537 2602 3751 2661 liberat
3776 2619 3894 2678 peo—

2253 2693 2502 2762 catores,
2533 2695 2591 2745 et
2623 2706 2758 2746 cum
2793 2695 3031 2748 coronat
3057 2693 3250 2766 gratia
3269 2692 3488 2764 justos.

2324 2779 2477 2836 208
2501 2781 2780 2836 Caeterum
2801 2781 2872 2836 de
2892 2780 3082 2853 primo
3103 2781 3261 2854 quod
3298 2786 3526 2854 ponunt
3557 2781 3892 2839 testimonio

2252 2867 2332 2925 ait
2359 2872 2603 2924 sanctus
2631 2867 3000 2942 Augustinus
3033 2869 3097 2926 in
3127 2867 3356 2942 psalmo
3380 2886 3494 2928 exn
3515 2872 3603 2943 (In
3630 2873 3895 2930 eneruat.

2251 2958 2354 3014 sub
2380 2955 2578 3030 ﬁnem.
2609 2957 2792 3028 (Psal.
2823 2974 2980 3026 cxnr,
3015 2959 3139 3029 il):
3189 2961 3339 3016 Deus
3379 2969 3581 3020 autem
3609 2966 3816 3020 noster
3837 2963 3898 3018 ia

2249 3044 2398 3104 caelo
2415 3061 2721 3103 sursumm
2739 3047 2800 3103 In
2819 3045 2983 3118 coelo,
3006 3047 3218 3120 inquit,
3242 3065 3502 3116 sursum,
3528 3051 3687 3122 quod
3711 3055 3898 3108 trans.

2251 3134 2514 3210 greditur
2557 3135 2757 3192 omnia
2797 3151 3041 3208 corpora
3085 3135 3344 3194 cmlestia
3377 3143 3444 3194 et
3477 3140 3810 3209 terrestria,
3840 3138 3898 3195 in

2251 3223 2413 3282 oculis
2433 3223 2570 3282 etin
2591 3227 2746 3282 terra
2767 3225 2968 3283 omnia
2997 3241 3345 3300 quaecunque
3373 3225 3561 3284 uoluit
3581 3228 3752 3302 fecit.
3785 3229 3896 3286 Nec

498 3335 614 3374 non
635 3321 724 3373 est
747 3315 982 3390 penitus
1000 3291 1270 3372 voluntas
1291 3315 1524 3372 Domini
1555 3291 1620 3371 ut
1648 3315 1962 3386 salventur,
1984 3317 2139 3390 psal-
2171 3291 2214 3362 (ἶ
2252 3313 2476 3387 indiget
2505 3311 2781 3388 operibus
2811 3313 2938 3371 suis
2976 3291 3262 3388 tanquam
3287 3315 3347 3371 in
3373 3315 3462 3373 eis
3491 3291 3816 3376 collocetur
3833 3321 3901 3374 ut

497 3421 729 3464 morum
775 3403 1112 3463 testimonia
1141 3423 1155 3462 :
1189 3408 1344 3461 Deus
1390 3413 1590 3462 noster
1645 3405 1708 3462 in
1753 3406 1913 3477 caelo,
1945 3406 2140 3464 omnia

495 3511 840 3572 quaecunque
876 3491 1061 3552 voluit
1096 3495 1241 3566 fecit
1278 3493 1463 3565 (Psal.
1490 3494 1894 3570 cxm,11).Et:
1923 3496 2142 3556 Omnia

493 3599 842 3660 quazcunque
861 3585 1040 3641 voluit
1065 3585 1341 3640 Dominus
1359 3583 1500 3658 fecit
1529 3586 1590 3641 in
1615 3583 1762 3641 caelo
1780 3591 1836 3642 et
1859 3587 1920 3643 in
1949 3591 2138 3658 terra,

493 3677 558 3732 in
579 3676 734 3732 mari
749 3681 806 3730 et
841 3675 902 3730 in
933 3673 1198 3730 omnibus
1235 3675 1458 3745 abyssis
1476 3676 1651 3744 (Psal.
1675 3691 1898 3745 cxxxxv,
1923 3677 1999 3745 8).
2025 3676 2138 3734 Sed

491 3763 662 3838 longe
692 3782 867 3821 sensu
903 3763 1014 3820 alio
1047 3763 1148 3819 illa
1189 3767 1486 3837 exponunt
1527 3764 1794 3820 doctores
1839 3763 2135 3823 catholici.

492 3855 607 3912 Nos
629 3859 844 3923 autem,
871 3858 1185 3926 antequam
1213 3857 1552 3909 sanctorum
1581 3851 1717 3910 hinc
1749 3853 2138 3927 expositiones

491 3961 801 4018 ponamus,
834 3941 966 3999 illos
999 3942 1357 4016 interrogare
1387 3940 1680 4010 volumus,
1712 3947 1912 3999 utrum
1941 3939 2140 4000 volun-

493 4036 610 4090 tate
641 4031 744 4089 Dei
784 4029 974 4103 angeli
1005 4030 1077 4086 de
1099 4030 1263 4100 coelo,
1287 4034 1344 4086 et
1362 4031 1630 4087 homines
1650 4029 1709 4085 in
1742 4030 2013 4104 paradiso
2043 4047 2136 4088 ce-

491 4120 759 4178 ciderint.
779 4120 839 4176 Si
877 4118 1126 4174 dixerint
1156 4118 1294 4190 quia
1321 4119 1620 4175 voluntate
1653 4119 1883 4176 Domini
1914 4120 2136 4177 cecide-

490 4207 820 4281 runt,plebs
842 4207 1110 4262 universa
1128 4205 1414 4280 lapidabit
1435 4225 1533 4264 eos
1557 4225 1570 4265 :
1595 4223 1958 4280 consequens
1979 4209 2135 4266 enim

491 4302 581 4354 est
599 4302 663 4354 ut
683 4297 883 4354 dicant
901 4296 1086 4352 Deum
1111 4313 1284 4354 casus
1305 4295 1539 4353 illorum
1563 4299 1880 4354 auctorem.
1913 4297 1984 4354 Et
2004 4313 2135 4354 om-

491 4403 594 4444 nes
613 4385 810 4444 sciunt
829 4389 1100 4442 sanctum
1124 4386 1468 4460 Gregorium
1488 4387 1770 4444 veraciter
1799 4387 1859 4443 in
1893 4387 2136 4445 homilia

488 4476 558 4532 34
579 4475 796 4533 dicere:
817 4475 1207 4549 «Angelorum
1230 4477 1445 4550 quippe
1465 4475 1838 4533 cthominum
1862 4481 2133 4536 naturam

489 4565 562 4622 ad
593 4565 1062 4638 cognoscendum
1095 4583 1156 4622 se
1189 4565 1469 4622 Dominus
1501 4565 1960 4640 condidit,quam
1989 4568 2131 4624 dum

2248 3403 2501 3472 maneat,
2521 3401 2628 3458 sed
2649 3402 2710 3458 in
2734 3419 2844 3460 sua
2877 3403 3197 3462 aeternitate
3219 3403 3502 3478 persistit,
3537 3405 3597 3462 in
3624 3421 3750 3480 qua
3774 3421 3900 3464 rna-

2247 3508 2394 3550 nens
2443 3490 2642 3549 omnia
2689 3509 3051 3566 quaecunque
3094 3493 3279 3551 voluit
3312 3493 3449 3552 fecit
3473 3493 3534 3550 in
3565 3493 3718 3554 caelo
3750 3501 3812 3553 et
3841 3496 3899 3552 in

2247 3583 2420 3638 terra.
2453 3579 2604 3655 Ergo
2631 3579 2694 3638 in
2737 3581 2952 3655 quibus
2975 3586 3064 3638 est
3092 3581 3218 3656 ipse
3245 3586 3526 3656 tanquam
3559 3584 3897 3659 indigentia

2247 3671 2524 3738 continet,
2557 3687 2674 3727 non
2705 3672 2776 3728 ab
2809 3672 2894 3728 eis
2923 3675 3205 3745 tanquam
3235 3671 3508 3746 indigens
3537 3673 3901 3732 continetur.

2247 3760 2378 3817 Sive
2424 3759 2508 3817 sic
2555 3759 2947 3834 intelligitur:
2983 3761 3046 3818 In
3093 3759 3238 3818 ccelo
3283 3765 3344 3818 et
3393 3761 3453 3818 in
3500 3765 3658 3820 terra
3701 3763 3908 3820 omnia

2246 3864 2608 3922 quaecunque
2636 3849 2818 3906 voluit
2847 3849 3002 3918 fecit,
3049 3849 3138 3906 vel
3167 3848 3226 3906 in
3258 3849 3690 3924 superioribus,
3722 3851 3817 3911 vel
3848 3853 3908 3908 in

2246 3938 2622 3995 inferioribus
2653 3937 2850 4012 populi
2883 3939 2974 3996 sui
3004 3937 3394 3996 voluntariam
3437 3939 3697 4014 gratiam
3727 3956 3908 3999 suam

2245 4025 2570 4096 constituit,
2605 4043 2676 4084 ne
2705 4027 2839 4100 quis
2867 4027 2942 4084 de
2970 4043 3214 4100 operum
3261 4027 3491 4084 meritis
3527 4027 3851 4102 glorietur.
3881 4051 3911 4082 ιο

2245 4115 2316 4172 Et
2331 4119 2574 4172 sanctus
2597 4115 2981 4188 Hieronymus
2997 4133 3016 4172 :
3037 4119 3189 4174 Deus
3207 4126 3405 4175 autem.
3423 4119 3704 4176 noster-in
3731 4117 3912 4189 calo,

2244 4207 2442 4263 omnia
2459 4221 2808 4280 quaecunque
2819 4204 3007 4262 voluit
3027 4206 3194 4282 fecit.
3207 4206 3365 4264 Deus
3384 4205 3444 4262 in
3465 4205 3611 4265 ccelo
3631 4221 3912 4278 sursum,

2244 4295 2454 4351 dicunt
2483 4295 2674 4352 sancti
2703 4296 2777 4352 ad
2809 4294 2944 4352 illos
2989 4294 3256 4353 infideles
3285 4295 3387 4369 qui
3415 4294 3572 4352 idola
3601 4297 3869 4355 adorant
3895 4311 3909 4355 :

2242 4385 2358 4441 Vos
2385 4387 2611 4441 vestros
2643 4385 2797 4442 Deos
2829 4385 2899 4442 de
2927 4401 3107 4442 manu
3139 4384 3466 4459 tangitis,et
3483 4383 3672 4442 oculis
3705 4401 3918 4445 curua.

2241 4473 2399 4530 libus
2425 4473 2661 4532 cernitis
2689 4491 2704 4545 ;
2746 4473 2848 4532 sed
2876 4478 3079 4532 noster
3097 4473 3251 4532 Deus
3274 4473 3336 4530 in
3353 4473 3499 4531 ccelo
3519 4477 3612 4532 est
3631 4489 3912 4546 sursum,

2241 4563 2301 4620 in
2337 4563 2482 4622 cmlo
2513 4567 2569 4622 ct
2598 4563 2659 4620 in
2691 4567 2847 4621 terra
2895 4563 3094 4622 omnia
3131 4581 3495 4638 quaecunque
3525 4564 3717 4622 vol-uit
3743 4567 3914 4625 facit.

488 4651 804 4712 consistere
827 4655 898 4711 ad
930 4655 1310 4711 aeternitatem
1335 4655 1538 4722 voluit,
1562 4673 1689 4712 eam
1721 4655 1922 4732 procul
1953 4657 2130 4713 dubio
2158 4666 2206 4732 D
2240 4653 2303 4710 In
2325 4652 2419 4710 his
2443 4653 2542 4726 qui
2575 4653 2867 4710 caelestem
2899 4653 3078 4711 vitam
3113 4658 3319 4729 agunt,
3350 4658 3413 4711 et
3439 4653 3637 4712 adhuc
3665 4659 3736 4712 te

487 4745 559 4802 ad
591 4761 760 4800 suam
791 4743 1237 4802 similitudinem
1267 4744 1544 4800 creavit.»
1575 4745 1632 4802 Si
1666 4749 1858 4801 autem
1893 4745 2129 4802 veritate

485 4833 733 4892 convicti
784 4851 986 4890 verum
1045 4833 1314 4900 dixerint,
1347 4851 1462 4890 non
1516 4834 1609 4889 Dci
1658 4833 1974 4904 voluntate,
2027 4836 2128 4892 sed

487 4922 720 4999 proprio
769 4923 901 4980 illos
953 4921 1088 4980 vitio
1137 4922 1436 4991 cecidisse,
1468 4922 1845 4980 manifestum
1877 4928 1966 4980 est
1994 4924 2132 4998 quia

486 5031 602 5071 non
625 5031 759 5071 cum
781 5013 886 5084 eis,
911 5012 1013 5070 sed
1049 5017 1252 5069 contra
1281 5029 1378 5070 eos
1400 5011 1625 5085 prolata
1647 5013 1718 5068 ab
1740 5011 1884 5085 ipsis
1907 5013 2131 5073 faciunt

483 5103 837 5161 testimonia.
863 5101 1148 5170 Quoniam
1171 5102 1322 5159 sicut
1346 5103 1462 5160 duo
1484 5101 1658 5175 primi
1689 5101 1977 5174 homines,
2011 5121 2128 5162 non

486 5191 587 5248 Dei
609 5192 923 5262 voluntate,
949 5191 1049 5248 sed
1087 5209 1194 5248 suo
1233 5190 1370 5248 vitio
1401 5191 1755 5264 ceciderunt,
1782 5190 1904 5264 qui,
1928 5197 1996 5249 ut
2015 5209 2132 5250 cre-

485 5281 683 5338 dimus
704 5283 874 5340 beato
895 5281 1218 5356 Augustino
1233 5281 1520 5338 etczstcris
1533 5281 1752 5337 sanctis
1774 5280 2128 5356 dicentibus,

484 5368 585 5425 Dei
628 5372 816 5444 gratia
863 5389 966 5446 per
1012 5370 1415 5446 pwnitentiam
1445 5370 1518 5427 ad
1549 5368 1800 5427 salutem
1827 5370 1884 5426 in
1915 5370 2131 5428 Christi

484 5459 768 5533 sanguine
798 5461 1130 5518 redierunt:
1155 5461 1240 5517 ita
1264 5461 1334 5517 de
1355 5459 1629 5516 omnibus
1650 5459 1709 5516 in
1740 5459 1914 5534 primi
1939 5460 2131 5518 homi-

483 5547 578 5605 nis
599 5554 831 5622 peccato
853 5550 1116 5623 perditis,
1141 5555 1198 5608 et
1217 5549 1276 5606 in
1298 5549 1562 5623 ejusdem
1601 5549 1923 5623 perditione
1957 5565 2130 5624 gene-

483 5635 646 5708 ratis,
679 5639 1015 5713 quicunque
1073 5640 1394 5708 salvantur,
1447 5639 1635 5714 gratia
1681 5638 1805 5708 Dei,
1856 5637 1957 5714 qui
2007 5638 2132 5696 vult

482 5744 686 5787 omnes
717 5729 984 5788 homines
1033 5731 1224 5790 salvos
1264 5728 1412 5804 ﬁeri,
1444 5730 1762 5802 salvantur,
1795 5728 2132 5809 quicunque

2241 4671 2303 4710 1n
2325 4671 2419 4710 ms
2443 4671 2542 4726 qui
2575 4671 2867 4710 caelestem
2899 4671 3078 4711 vuam
3113 4671 3319 4729 agunt,
3350 4671 3413 4711 et.
3439 4671 3637 4712 aanue
3665 4671 3736 4712 te

2235 4760 2410 4801 carne
2431 4742 2770 4812 cluduntur,
2793 4743 3062 4817 implebit
3083 4744 3411 4802 voluntates
3433 4759 3594 4801 suas.
3609 4744 3698 4802 De
3721 4671 3920 4805 53:

2236 4849 2370 4891 vero
2401 4833 2736 4890 testimonio
2780 4850 2848 4890 ex
2868 4832 3097 4908 psalmo
3117 4851 3226 4892 σπι.
3243 4833 3386 4891 item
3418 4839 3660 4892 sanctus
3691 4833 3918 4894 Hiem-

2238 4941 2449 4998 nymus
2463 4923 2630 4979 dicit:
2649 4945 2671 4973 α
2693 4926 2910 4980 Omnia
2938 4939 3285 5000 quacunque
3311 4922 3658 5000 voluit/“cci!
3673 4925 3746 4982 in
3765 4925 3917 4984 calo

2236 5021 2292 5070 et
2315 5013 2377 5070 in
2401 5021 2586 5084 terra,
2633 5014 2698 5070 in
2745 5014 2904 5070 mari
2951 5019 3007 5071 et
3049 5015 3114 5072 in
3149 5014 3413 5072 omnibus
3441 5013 3672 5088 abyssi:
3703 5014 3918 5086 (Paul.

2237 5119 2457 5172 cxxxn,
2490 5103 2570 5172 6).
2606 5101 2712 5159 Pro
2753 5101 3051 5160 voluntate
3109 5103 3392 5160 bonitatis
3431 5101 3655 5176 placuit
3687 5103 3823 5163 Deo
3855 5105 3919 5163 in

2235 5193 2494 5250 excelsas
2508 5191 2825 5263 animas,in
2839 5192 3034 5251 aridas
3047 5193 3360 5264 mentes,in
3375 5193 3575 5250 saeculi
3587 5192 3923 5266 ﬂuctibus,

2237 5281 2297 5338 in
2315 5281 2451 5356 prof
2449 5280 2708 5338 unditate
2725 5281 2962 5339 malitiae
2979 5282 3167 5340 facere
3182 5282 3536 5340 mirabilia.»
3555 5281 3626 5337 Et
3643 5287 3924 5343 sanctus

2237 5371 2604 5444 Augustinus
2628 5369 2708 5427 ita
2739 5387 2844 5444 per
2870 5369 2999 5429 loca
3051 5389 3349 5446 exponens
3406 5370 3548 5428 dicit
3577 5387 3592 5428 :
3625 5393 3656 5422 «
3695 5372 3924 5432 Omnia

2239 5475 2572 5535 quacunque
2623 5460 2797 5517 rotuit
2850 5461 3113 5519 Dominus
3140 5463 3271 5535 fecit
3297 5463 3360 5519 in
3388 5461 3518 5518 creto
3545 5468 3596 5518 et
3627 5461 3696 5518 in
3733 5469 3921 5536 tem,

2239 5552 2296 5608 in
2326 5552 2474 5607 mari
2501 5555 2557 5606 et
2586 5551 2648 5606 in
2677 5551 2930 5607 omnibus
2957 5551 3190 5625 abyssis.
3221 5551 3366 5620 Quis
3395 5554 3588 5608 autem
3618 5565 3925 5630 compre.

2238 5639 2457 5697 hendat
2481 5637 2647 5696 haec?
2675 5639 2735 5697 Si
2768 5641 3261 5714 comprehendere
3299 5637 3498 5700 omnia
3527 5655 3641 5697 non
3679 5655 3926 5715 possu-

2238 5743 2392 5803 mus,
2420 5731 2623 5786 tamen
2671 5729 2905 5788 credere
2954 5730 3154 5790 omnia
3199 5729 3550 5790 inconcusse
3589 5733 3650 5788 et
3695 5733 3930 5796 tenere
