4020 6488
169 471 272 541 $73

879 472 981 536 DE
1024 474 1775 539 PBEDESTINATIONE
1816 475 2334 544 DlSSERTATIO
2376 475 2841 539 POSTERIOR.

3418 468 3562 545 .274

168 606 465 679 debemus,
500 607 644 680 quia
691 607 979 681 quidquid
1024 613 1301 666 creatura:
1348 608 1409 665 in
1459 609 1619 668 caelis
1668 609 1815 666 etin
1842 609 1898 681 Α
1998 607 3565 670 PraesumuntnihilominusPraedestinatianisibibeati

167 702 312 757 terra
337 701 401 753 et
431 697 492 753 in
523 697 803 754 omnibus
833 697 1063 772 abyssis
1089 703 1199 770 est,
1233 715 1267 754 a
1295 698 1542 756 Domino
1590 700 1811 757 factum

167 791 263 845 est.
296 786 429 842 Non
459 786 664 843 omnia
694 803 823 860 qua:
864 787 1001 844 fecit
1045 791 1283 844 coactus
1317 784 1422 844 est
1468 789 1675 856 facere,
1708 789 1813 846 sed

167 890 332 934 causa
343 875 620 949 omnium
632 892 759 948 quae
782 874 918 932 fecit
934 874 1209 932 voluntas
1228 878 1355 948 ejus
1377 876 1815 945 est,necessitas

167 962 342 1037 coegit
386 967 448 1020 te
494 963 684 1020 facere
731 964 996 1033 domum,
1028 969 1272 1032 vestem,
1320 968 1377 1021 et
1425 970 1651 1022 caetera.
1688 988 1717 1015 »
1744 967 1813 1022 Et

166 1050 326 1126 paulo
359 1055 498 1124 post
520 1068 535 1107 :
561 1073 591 1103 «
617 1052 953 1109 Invenimus
981 1052 1202 1126 aliquid
1226 1055 1381 1126 quod
1403 1054 1587 1111 libera
1605 1053 1810 1110 volun-

164 1145 266 1201 tate
295 1140 581 1210 facimus,
605 1157 741 1198 cum
771 1141 968 1214 ipsum
992 1141 1177 1200 Deum
1200 1143 1451 1199 amando
1476 1143 1808 1200 laudamus.

164 1230 276 1291 Non
328 1228 498 1287 enim
548 1246 619 1287 ex
666 1230 1038 1298 necessitate,
1072 1232 1174 1287 sed
1225 1231 1366 1303 quia
1405 1230 1614 1303 placet.
1647 1231 1813 1288 Unde

160 1318 331 1391 justis
361 1322 425 1374 et
454 1319 677 1376 sanctis
707 1319 808 1377 Dei
833 1318 1056 1392 placuit
1087 1320 1256 1389 Deus,
1288 1320 1464 1376 etiam
1508 1319 1811 1393 ﬂagellans

163 1424 267 1466 eos.
303 1429 336 1458 »
368 1408 446 1465 Et
474 1408 619 1464 item
652 1425 665 1464 :
703 1430 730 1459 «
763 1408 918 1466 Deus
970 1413 1166 1465 autem
1214 1409 1273 1464 in
1315 1408 1457 1466 coelo
1487 1413 1545 1465 et
1571 1409 1631 1465 in
1656 1414 1814 1466 terra

165 1496 351 1554 omnia
382 1513 757 1572 quaecunque
769 1496 954 1555 voluit
974 1498 1126 1555 fecit.
1144 1498 1273 1571 Ipse
1293 1498 1399 1554 tibi
1421 1499 1519 1555 det
1538 1499 1808 1572 gratiam,

165 1584 306 1645 utin
338 1589 398 1643 te
434 1586 567 1659 ipso
599 1585 779 1643 facias
807 1587 961 1659 quod
991 1586 1098 1644 vis.
1133 1586 1256 1643 Nisi
1286 1587 1444 1643 enim
1483 1589 1610 1661 ipso
1639 1589 1812 1660 adju-

163 1678 323 1734 vante
354 1691 471 1732 nec
501 1673 567 1731 in
594 1679 654 1733 te
684 1674 859 1734 facies
885 1677 1043 1749 quod
1071 1677 1181 1743 vis,
1203 1675 1342 1749 quia
1357 1693 1489 1733 caro
1511 1677 1811 1750 concupis-

164 1762 231 1823 cit
254 1765 557 1823 adversus
582 1763 880 1838 spiritum,
909 1768 966 1821 et
989 1764 1233 1836 spiritus
1253 1765 1533 1821 adversus
1553 1781 1808 1833 carnem,

162 1857 219 1925 ut
258 1870 387 1911 non
435 1869 806 1926 quaecunque
860 1852 1037 1909 vultis
1084 1852 1187 1910 illa
1231 1852 1477 1910 faciatis.
1513 1878 1536 1908 ι
1565 1854 1635 1911 Et
1681 1859 1814 1927 post

163 1959 339 2017 pauca
368 1959 385 1998 :
419 1964 453 1992 «
486 1941 637 2009 Quia
666 1959 784 1999 non
814 1940 1008 1999 solum
1038 1942 1099 1998 in
1128 1943 1301 1999 domo
1330 1960 1458 2013 sua,
1484 1960 1588 2000 nec
1618 1944 1810 2002 solum

162 2033 214 2089 in
240 2049 386 2107 agro
419 2048 557 2098 suo,
588 2032 691 2088 sed
722 2031 782 2087 in
815 2047 990 2088 carne
1019 2048 1127 2088 sua
1144 2035 1203 2088 et
1226 2030 1286 2086 in
1318 2031 1527 2104 spiritu
1560 2049 1810 2101 suo,non

1918 698 2028 755 Job
2061 697 2193 753 libri
2236 696 2610 767 sententiam,
2643 702 2709 753 ut
2754 697 3069 755 verisimile
3117 718 3291 757 suum
3337 702 3567 775 possint

1919 791 2213 845 ostentare
2236 787 2756 860 mendaeium,qua
2777 786 2991 843 dicitur
3015 806 3027 843 :
3051 789 3249 846 Anima
3267 793 3380 849 eius
3403 791 3564 864 quod-

1918 893 2131 950 cunque
2176 878 2350 933 voluit
2388 877 2485 932 hoc
2513 877 2643 947 fecit
2669 877 2784 949 (Job
2815 894 2977 944 XXIII,
3013 879 3121 947 13).
3155 881 3338 943 Quam
3389 896 3561 952 expo-

1920 983 2067 1023 nens
2098 966 2157 1021 iu
2189 965 2506 1022 Moralibus
2536 966 2743 1026 beatus
2772 966 3086 1039 Gregorius
3132 967 3273 1022 dicit
3297 968 3414 1036 (lib.
3447 986 3559 1038 xvx,

1918 1073 2036 1129 cap.
2073 1056 2160 1128 18)
2196 1071 2209 1113 :
2243 1078 2270 1105 ‹‹
2305 1054 2399 1112 Sic
2424 1054 2622 1127 itaque
2653 1055 2780 1125 ejus
2811 1055 3009 1111 anima
3048 1057 3439 1129 quodcunque
3467 1074 3563 1114 vo-

1919 1144 2032 1201 luit
2060 1144 2170 1200 hoc
2202 1143 2353 1213 fecit,
2378 1147 2443 1199 ut
2463 1143 2598 1199 inde
2620 1160 2851 1216 quoque
2880 1144 3237 1200 voluntatem
3263 1161 3431 1201 suam
3452 1144 3563 1201 im-

1920 1232 2097 1306 pleat,
2130 1233 2286 1289 unde
2313 1231 2600 1288 voluntati
2633 1232 2793 1288 illius
2824 1233 3136 1305 repugnari
3172 1235 3498 1290 videbatur.
3532 1255 3559 1286 »

1920 1322 1991 1377 Et
2020 1321 2160 1377 item
2192 1338 2206 1377 :
2242 1344 2271 1373 «
2301 1321 2627 1394 Aliquando
2659 1322 2846 1376 facere
2876 1321 2978 1377 Dei
3009 1326 3117 1389 est,
3150 1323 3208 1377 id
3241 1324 3397 1395 quod
3439 1323 3562 1379 ﬁeri

1920 1409 2189 1483 prohibet
2218 1411 2522 1467 irascendo
2548 1410 2901 1482 permittere.
2935 1433 2963 1461 δ)
2997 1412 3067 1466 Et
3095 1415 3333 1467 sanctus
3360 1413 3566 1485 Augu—

1920 1499 2113 1556 stinus
2144 1500 2203 1555 in
2235 1499 2384 1554 libro
2414 1500 2484 1555 de
2534 1499 2691 1555 Bono
2738 1500 3177 1572 perseverantiae
3217 1505 3357 1574 (cap.
3390 1500 3444 1575 6)
3473 1502 3557 1557 di-

1919 1588 1999 1647 cit
2032 1605 2046 1646 :
2076 1611 2103 1639 ‹‹
2133 1587 2291 1646 Nihil
2322 1589 2405 1658 ﬁt,
2439 1587 2553 1643 nisi
2579 1589 2730 1660 quod
2765 1592 2867 1643 aut
2902 1588 3056 1644 Deus
3103 1589 3261 1658 facit,
3294 1594 3395 1646 aut
3440 1590 3565 1647 fieri

1919 1676 2045 1750 ipse
2066 1676 2371 1749 permittit.
2390 1699 2417 1726 »
2433 1677 2655 1749 Legant
2668 1676 2860 1732 adhuc
2880 1678 3228 1733 contentiosi
3251 1695 3384 1733 cum
3409 1678 3561 1747 istis,

1921 1766 1972 1824 si
2005 1784 2119 1823 non
2153 1765 2476 1836 sufficiunt,
2509 1765 2912 1821 testimonium
2962 1768 3113 1838 quod
3165 1766 3470 1838 posuimus
3497 1785 3565 1823 ex

1919 1854 2068 1911 libro
2117 1856 2189 1912 de
2237 1853 2456 1927 Spiritu
2503 1858 2561 1911 et
2608 1853 2828 1911 Littera
2874 1855 3057 1910 sancti
3115 1856 3444 1928 Augustini.
3479 1856 3563 1912 Ob

1920 1961 2171 2018 quorum
2190 1942 2364 2000 etiam
2379 1943 2832 1999 controversiam
2845 1942 3212 2015 simplicibus
3223 1960 3481 2017 exponen
3491 1946 3568 2000 da

1921 2040 2011 2091 est
2038 2031 2334 2106 Evangelii
2365 2033 2532 2089 Lucas
2565 2031 2854 2093 sententia
2882 2049 2998 2105 qua
3036 2033 3252 2088 dicitur
3284 2049 3298 2087 z
3332 2034 3564 2092 Conten-

162 2119 423 2196 implevit
448 2121 609 2194 quod
631 2119 878 2189 volebat,
903 2119 1176 2179 clamavit
1193 2122 1265 2179 ad
1288 2121 1471 2181 Deum
1493 2121 1592 2193 qui
1615 2121 1815 2179 omnia
1915 2123 2030 2181 dite
2076 2124 2286 2181 intrare
2330 2138 2429 2196 per
2475 2129 2763 2194 angustam
2805 2128 3039 2194 portam,
3072 2125 3202 2195 quia
3240 2123 3418 2191 multi,
3446 2122 3565 2179 diro

160 2226 529 2283 quascunque
556 2207 741 2266 voluit
770 2208 906 2265 fecit
933 2208 994 2265 in
1024 2208 1166 2265 ccelo
1197 2212 1257 2264 et
1283 2207 1344 2263 in
1366 2211 1605 2277 terra,et
1628 2208 1808 2267 dixit:

162 2300 358 2373 infelix
409 2298 600 2368 homo,
642 2298 766 2371 quis
812 2314 899 2355 me
945 2297 1204 2355 liberabit
1247 2297 1314 2353 de
1359 2313 1579 2370 corpore
1622 2298 1814 2356 mortis

163 2388 363 2463 hujus?
391 2388 577 2459 (Rom.
606 2404 710 2458 vn,
757 2388 875 2456 24.)
912 2387 983 2443 Et
1027 2386 1128 2443 ille
1175 2386 1388 2457 bonus,
1439 2386 1539 2444 ille
1595 2387 1811 2457 suavis,

161 2481 443 2550 tanquam
470 2476 854 2549 responderet
883 2475 936 2533 ei
977 2475 1254 2532 continuo
1298 2476 1550 2549 subjecit
1580 2493 1594 2532 :
1630 2476 1818 2534 Gratia

163 2567 246 2624 Dei
276 2583 390 2640 per
436 2567 629 2624 Iesum
676 2564 953 2623 Christum
996 2566 1291 2623 Dominum
1337 2574 1604 2622 nostrum.
1655 2566 1815 2622 Hanc

164 2672 284 2729 ergo
316 2654 687 2712 suavitatem
716 2658 931 2725 amate,
963 2654 1115 2710 hanc
1164 2654 1510 2711 suavitatem
1560 2655 1813 2712 laudate.

165 2743 481 2818 lntelligite
512 2743 722 2811 Deum,
756 2741 895 2815 quia
923 2742 1121 2798 omnia
1150 2759 1514 2816 quaecunque
1541 2742 1724 2800 voluit
1742 2745 1821 2800 fe-

170 2834 241 2897 cit
264 2835 327 2893 in
363 2832 518 2890 oculo
550 2836 608 2890 et
639 2832 700 2887 in
730 2835 905 2899 terra,
938 2832 1061 2904 ipse
1091 2835 1148 2888 et
1177 2832 1236 2887 in
1267 2831 1432 2888 vobis
1462 2832 1634 2890 faciet
1660 2834 1815 2906 quod

163 2922 529 2996 vultis,-ipso
582 2921 897 2993 adjuvante
946 2919 1305 2978 voluntatem
1363 2921 1516 2978 209
1565 2925 1817 2979 vestram

164 3011 511 3088 implebitis,
542 3011 647 3067 sed
680 3010 943 3066 nondum
986 3009 1252 3083 potestis,
1276 3009 1632 3066 conﬁtemini
1682 3027 1815 3066 cum

162 3099 499 3175 potueritis,
545 3098 768 3173 gratias
817 3097 992 3171 agite,
1034 3099 1300 3170 jacentes
1341 3097 1609 3169 clamate,
1643 3098 1819 3156 erecti

161 3188 469 3265 superbire
498 3187 701 3245 nolite.
736 3209 766 3237 »

218 3281 305 3341 Ad
344 3277 513 3351 quod
539 3275 592 3334 si
621 3279 875 3332 veterem
899 3279 1124 3349 pestem
1155 3276 1518 3332 evomuerint
1554 3276 1819 3332 moderni

161 3350 960 3431 Praedestinatianiﬁieentes
989 3382 1137 3437 quos
1168 3382 1283 3421 non
1311 3364 1436 3421 vult
1455 3365 1611 3423 Deus
1632 3365 1823 3423 salvos
1852 3350 1895 3420 C

160 3457 293 3525 ﬁeri,
312 3454 612 3529 quoniam
645 3470 1009 3526 quaecunque
1032 3453 1216 3511 voluit
1246 3454 1379 3512 fecit
1408 3455 1467 3510 in
1498 3454 1640 3511 coelo
1669 3459 1729 3511 et
1758 3454 1817 3513 in

158 3548 462 3614 terra,non
496 3542 641 3599 facit
670 3559 771 3598 eos
799 3541 1079 3611 volentes,
1099 3560 1216 3598 non
1239 3543 1376 3599 facit
1396 3544 1820 3612 confitentes,et

160 3650 269 3691 non
281 3633 473 3708 erigit
480 3630 919 3706 jacentes,quia
930 3632 1001 3689 ad
1016 3636 1261 3688 mortem
1275 3650 1374 3689 eos
1390 3632 1821 3705 prmdcstinavit

159 3728 441 3781 (sternam
479 3725 587 3778 :et
630 3721 760 3777 ideo
806 3726 1117 3793 postquam
1170 3721 1484 3778 ceciderint
1525 3722 1609 3778 sic
1640 3740 1673 3778 a
1702 3722 1818 3778 Deo

157 3812 687 3886 dispensantur,ut
707 3824 814 3864 nec
836 3809 1067 3882 possint
1087 3826 1190 3866 nec
1209 3809 1390 3867 velint
1411 3827 1514 3882 per
1534 3810 1822 3882 pceniten—

157 3901 295 3961 tiam
325 3898 980 3971 liberariﬂespondeat
1009 3898 1094 3956 eis
1123 3899 1370 3972 Prosper
1400 3899 1554 3971 quod
1584 3916 1653 3955 ex
1672 3897 1821 3955 dele-

158 3992 399 4064 gatione
428 3987 595 4047 sedis
626 3986 961 4060 apostolicae
990 3988 1292 4060 respondit
1327 3986 1555 4044 actione
1586 3990 1652 4044 15
1680 3987 1818 4045 Vin-

156 4077 454 4137 centianis
487 4092 502 4133 :
540 4098 570 4131 (ε
600 4077 730 4133 Non
760 4076 1057 4145 veraciter,
1086 4077 1378 4150 inquiens,
1401 4092 1506 4132 nec
1531 4075 1824 4149 sapienter

160 4186 263 4228 nec
291 4167 544 4227 dicitur.
575 4165 689 4233 Qui
718 4166 879 4223 enim
911 4184 945 4222 a
976 4167 1091 4223 fide
1137 4170 1194 4222 et
1243 4165 1549 4223 sanctitate
1596 4165 1820 4222 excide-

160 4263 314 4327 runt,
328 4257 496 4317 sicut
513 4255 816 4313 voluntate
839 4254 1095 4328 prolapsi
1118 4254 1366 4323 sunt,ita
1384 4254 1685 4311 voluntate
1704 4272 1821 4311 non

158 4342 954 4421 murgunketdominatum
976 4342 1583 4416 concupiscentiarum
1607 4343 1823 4416 quibus

159 4435 615 4493 succubuerunt
635 4436 847 4505 sponte
866 4432 1193 4505 patiuntur.
1222 4432 1280 4489 Si
1304 4431 1403 4505 qui
1429 4435 1627 4488 autem
1649 4432 1824 4504 capti-

156 4523 403 4582 vitatem
433 4539 613 4580 suam
643 4525 908 4596 gemunt,
941 4520 1342 4593 etjudicantes
1374 4520 1722 4593 semetipsos
1751 4521 1823 4577 ad

162 4611 510 4671 misericord
520 4610 640 4667 iam
652 4608 755 4666 Dei
768 4612 993 4666 mutato
1011 4610 1183 4667 corde
1199 4608 1688 4683 confugiunt,ncn
1701 4609 1827 4666 sine

1920 2212 2093 2281 vobis,
2147 2219 2394 2285 quaram
2442 2213 2651 2267 intrare
2695 2218 2747 2267 et
2790 2227 2899 2267 non
2949 2218 3203 2283 poterunt
3245 2212 3396 2281 (Luc.
3440 2229 3563 2281 xm,

1920 2302 2034 2373 24).
2079 2300 2226 2357 Hinc
2281 2301 2437 2357 Beda
2482 2299 2563 2372 (in
2624 2301 2822 2355 Ducam
2875 2316 2993 2371 cap.
3036 2301 3172 2369 13):
3207 2323 3235 2349 «
3268 2301 3564 2368 Quaerunt,

1923 2390 2135 2463 inquit,
2184 2389 2404 2446 intrare
2461 2388 2671 2446 salutis
2727 2405 2925 2444 amore
2980 2388 3294 2460 provocati,
3342 2393 3402 2444 et
3450 2406 3565 2445 non

1922 2482 2197 2553 poterunt
2226 2478 2456 2535 itineris
2486 2476 2799 2550 asperitate
2837 2477 3118 2534 deterriti.
3152 2480 3429 2545 Qumrunt
3456 2477 3567 2534 hoc

1923 2567 2242 2629 ambitione
2271 2565 2667 2640 praemiorum,
2692 2583 2728 2622 a
2756 2582 2871 2638 quo
2901 2583 3033 2621 mox
3063 2565 3329 2621 laborum
3359 2566 3569 2623 timore

1924 2655 2240 2730 refugiunt,
2266 2672 2382 2710 non
2404 2654 2543 2727 quia
2555 2654 2769 2727 jugum
2794 2654 3025 2712 Domini
3047 2670 3319 2726 asperum
3343 2660 3399 2710 et
3418 2672 3569 2712 onus

1925 2749 2014 2803 est
2041 2761 2234 2819 grave,
2269 2745 2368 2801 sed
2400 2743 2541 2816 quia
2571 2741 2780 2798 nolunt
2807 2742 3027 2799 discere
3055 2743 3127 2798 ab
3173 2760 3239 2799 eo
3287 2744 3566 2816 quoniam

1926 2833 2086 2892 mitis
2115 2837 2204 2890 est
2234 2836 2292 2889 et
2338 2830 2584 2888 humilis
2624 2831 2814 2898 corde,
2850 2835 2914 2886 ut
2960 2831 3257 2887 inveniant
3303 2831 3567 2905 requiem

1927 2921 2238 2979 animabus
2260 2921 2407 2992 suis,
2427 2937 2613 2992 eoque
2633 2920 2700 2975 fit
2720 2924 2973 2993 angusta
2994 2924 3160 2992 porta
3181 2938 3297 2993 qua
3318 2920 3569 2976 intratur

1926 3012 2080 3070 210
2110 3011 2183 3067 ad
2212 3009 2412 3069 vitam.
2448 3031 2476 3059 »
2506 3010 2576 3065 Et
2608 3012 2740 3081 post
2778 3007 3086 3081 paululum
3121 3025 3133 3063 :
3169 3032 3196 3059 «
3230 3009 3375 3065 Nam
3424 3009 3568 3066 foris

1926 3104 2146 3160 stantes
2171 3098 2386 3157 ostium
2416 3098 2650 3171 pulsare
2681 3100 2792 3164 est,
2816 3115 2850 3152 a
2870 3098 3172 3153 beatorum
3203 3102 3360 3153 sorte
3388 3113 3571 3154 secre-

1928 3194 2018 3248 tos
2048 3187 2509 3246 misericordiam
2544 3203 2719 3260 quam
2744 3185 3116 3259 neglexerant
3144 3203 3178 3241 a
3206 3186 3321 3241 Deo
3352 3184 3571 3242 frustra

1927 3278 2207 3352 ﬂagitare.
2246 3278 2319 3335 Et
2365 3276 2725 3350 respondens
2776 3275 2931 3332 dicet
2975 3274 3139 3330 vobis
3172 3291 3184 3328 :
3216 3273 3420 3331 Nescio
3467 3291 3570 3332 vos

1927 3369 2085 3425 unde
2115 3366 2244 3424 sitis
2268 3384 2282 3423 :
2306 3366 2447 3439 quia
2468 3371 2608 3422 tunc
2628 3364 2784 3422 velut
2806 3363 3134 3437 incognitos
3154 3363 3309 3419 Deus
3329 3363 3565 3432 deserit,

1927 3473 2077 3529 quos
2105 3455 2276 3512 modo
2307 3471 2445 3513 suos
2478 3470 2581 3527 per
2603 3454 2731 3508 vitae
2763 3453 3039 3509 meritum
3071 3469 3187 3507 non
3221 3450 3504 3525 agnoscit.
3538 3473 3566 3501 η

1925 3547 1997 3603 Et
2025 3545 2336 3618 Gregorius
2387 3544 2551 3617 (hom.
2588 3544 2655 3597 13
2684 3544 2744 3599 in
2786 3541 3013 3613 Evang.)
3050 3558 3063 3597 :
3097 3564 3123 3590 «
3158 3539 3305 3596 llinc
3352 3540 3569 3596 etenim

1928 3634 2144 3691 Paulus
2191 3633 2377 3689 dicit:
2411 3633 2633 3703 Ignoras
2683 3632 2943 3703 quoniam
2998 3630 3301 3700 benignitas
3350 3630 3455 3684 Dei
3501 3627 3570 3683 ad

1923 3725 2297 3797 paenitentiam
2343 3730 2393 3779 te
2437 3721 2699 3777 adducit?
2733 3719 3032 3776 secundum
3081 3719 3341 3775 duritiam
3392 3726 3572 3773 autem

1928 3820 2081 3869 tuam
2108 3819 2160 3867 et
2186 3827 2278 3867 cor
2304 3811 2663 3882 impaenitens,
2697 3809 3038 3864 thesaurizas
3067 3807 3166 3862 tibi
3204 3808 3349 3862 iram
3394 3808 3455 3862 in
3483 3805 3572 3861 die

1928 3904 2034 3959 irae
2063 3908 2115 3956 et
2138 3900 2484 3957 reuelationis
2501 3899 2644 3971 justi
2660 3897 2868 3969 judicii
2894 3897 2990 3951 Dei
3018 3895 3189 3967 (Rom.
3223 3912 3286 3961 ιι,
3318 3894 3391 3965 4).
3424 3893 3572 3949 Hinc

1930 3988 2242 4048 Psalmista
2269 3987 2350 4044 ait
2382 4005 2395 4043 :
2429 3988 2588 4053 Deus,
2613 3985 2788 4059 judea:
2819 3986 3024 4057 justus,
3049 3985 3207 4054 fortis
3235 3990 3286 4038 et
3313 3983 3570 4053 longani-

1930 4079 2035 4134 mis
2083 4077 2251 4151 (Psal.
2296 4094 2394 4142 vn,
2424 4077 2532 4145 i2).
2567 4074 2841 4130 Dicturus
2889 4071 3103 4144 quippe
3150 4070 3570 4143 longanimem,

1930 4165 2214 4241 praemisit
2232 4166 2486 4237 justum,
2520 4167 2587 4219 ut
2605 4179 2779 4236 quem
2799 4161 2962 4217 vides
2984 4164 3219 4232 peccata
3236 4158 3575 4231 delinquen-

1930 4256 2078 4313 tium
2097 4255 2197 4310 diu
2214 4254 2500 4326 patienter
2517 4251 2842 4323 ferre,scias
2854 4250 3012 4305 hunc
3028 4248 3378 4321 quandoque
3398 4247 3573 4303 etiam

1933 4344 2194 4401 districto
2216 4342 2504 4415 judicare.
2540 4339 2686 4395 Hinc
2732 4356 2835 4410 per
2884 4337 3199 4409 quemdam
3250 4335 3574 4408 sapientem

1934 4433 2182 4491 dicitur:
2217 4432 2525 4487 Altissimus
2554 4436 2634 4485 est
2671 4430 2820 4484 enim
2863 4427 3072 4499 patiens
3119 4424 3359 4481 redditor
3386 4425 3572 4493 (Eccli.

1932 4541 1987 4594 v,
2020 4523 2096 4592 4).
2130 4520 2362 4578 Patiens
2391 4518 2549 4576 enim
2588 4516 2846 4573 redditor
2891 4514 3122 4583 dicitur,
3155 4513 3293 4585 quia
3342 4516 3580 4585 peccata

1933 4610 2240 4668 hominum
2271 4607 2495 4680 patitur
2520 4609 2580 4662 et
2608 4604 2817 4661 reddit.
2850 4604 2995 4658 Nam
3028 4619 3176 4675 quos
3216 4600 3316 4657 diu
3347 4606 3413 4656 ut
3437 4618 3577 4656 con-

160 4702 375 4775 spiritu
405 4700 625 4759 divinae
652 4696 1004 4757 visitationis
1028 4698 1138 4754 hoc
1160 4697 1538 4786 faciunt.Haec
1559 4697 1714 4786 enim
1737 4701 1827 4754 est
1855 4720 1901 4786 ι)
1933 4702 2235 4756 vertantur
2274 4695 2503 4786 tolerat,
2539 4711 2656 4753 non
2681 4709 3012 4786 -conversos
3062 4691 3271 4786 durius
3316 4690 3575 4786 damnat:

160 4789 506 4850 immutatio
527 4789 778 4846 dexterae
800 4786 1155 4859 Excelsi,qui
1178 4785 1504 4843 innumeris
1526 4784 1708 4859 lapsis
1726 4787 1828 4861 dat

160 4878 580 4952 pmnitentiam
612 4880 682 4933 ut
710 4876 1061 4949 resipiscant
1083 4893 1119 4931 a
1141 4875 1356 4933 diaboli
1388 4875 1637 4947 laqueis,
1662 4892 1696 4931 a
1714 4892 1829 4947 quo

162 4966 445 5041 captivati
496 4970 776 5023 tenentur
822 4966 897 5021 ad
946 4963 1134 5038 ipsius
1183 4963 1565 5021 voluntatem.
1597 4963 1827 5020 Nemini

161 5061 367 5119 autem
394 5061 557 5113 Deus
585 5053 966 5111 correctionis
1012 5052 1221 5109 adimit
1261 5052 1437 5120 viam,
1467 5069 1572 5108 nec
1620 5050 1828 5124 quem-

164 5160 346 5218 quam
379 5143 523 5202 boni
555 5141 949 5215 possibilitate
982 5139 1424 5214 dispoliat,quia
1450 5140 1636 5214 quise
1658 5157 1692 5197 a
1712 5141 1828 5197 Deo

163 5234 537 5306 uertitdpse
565 5235 626 5289 et
652 5229 801 5288 velle
832 5232 989 5303 quod
1024 5232 1246 5288 bonum
1285 5233 1393 5299 est,
1428 5233 1486 5286 et
1514 5245 1687 5302 posse
1715 5228 1829 5286 sibi

164 5321 434 5383 sustulit.
471 5321 602 5379 Non
634 5323 728 5377 est
752 5335 890 5393 ergo
911 5334 1300 5391 consequens,
1325 5317 1477 5379 sicut
1496 5321 1708 5389 putant
1729 5316 1830 5390 qui

164 5410 312 5471 talia
342 5410 662 5484 objiciunt,
695 5413 764 5465 ut
793 5409 949 5467 Deus
996 5408 1212 5481 quibus
1262 5406 1663 5480 paenitentiam
1713 5424 1829 5463 non

166 5499 418 5567 dederit,
455 5498 931 5572 resipiscentiam
955 5497 1281 5563 abstulerit,
1305 5499 1361 5552 et
1383 5513 1529 5568 quos
1552 5513 1665 5551 non
1686 5495 1832 5552 leva-

165 5587 319 5644 verit
348 5586 618 5659 alliserit,
650 5603 787 5643 cum
827 5585 987 5642 aliud
1039 5585 1116 5642 sit
1162 5586 1453 5641 insontem
1498 5584 1557 5639 in
1608 5584 1829 5641 crimen

165 5675 389 5750 egisse,
434 5677 595 5751 quod
646 5675 910 5732 alienum
958 5678 1111 5733 esta
1139 5674 1275 5742 Deo,
1310 5674 1466 5730 aliud
1517 5672 1830 5729 criminose

165 5766 403 5825 veniam
427 5784 546 5825 non
571 5764 992 5837 dedisse,quod
1015 5765 1086 5820 de
1108 5762 1426 5836 peccatoris
1447 5765 1538 5819 est
1557 5761 1826 5819 merito.»

1934 4787 2074 4844 Vult
2102 4786 2258 4843 enim
2289 4783 2507 4858 placari
2540 4781 2834 4855 precibus,
2867 4780 2965 4853 qui
3015 4779 3126 4834 scit
3174 4777 3314 4851 quia
3360 4776 3578 4850 portari

1937 4892 2053 4932 non
2082 4873 2269 4947 possit
2300 4874 2523 4930 iratus:
2548 4886 2682 4928 cum
2714 4869 2907 4926 adhuc
2937 4885 3161 4924 moram
3195 4867 3333 4922 facit
3362 4864 3577 4934 venire,

1935 4963 2286 5037 legationem
2317 4960 2479 5035 pacis
2509 4960 2780 5016 sustinet.
2806 4957 3076 5013 Venisset
3097 4957 3222 5028 jam
3254 4969 3509 5023 namque
3529 4951 3580 5007 si

1936 5052 2126 5122 vellet,
2160 5040 2219 5109 et
2245 5054 2486 5108 cunctos
2517 5064 2655 5103 suos
2688 5045 3047 5102 adversarios
3079 5044 3442 5099 trucidasset.
3468 5039 3580 5095 Sed

1937 5146 1997 5199 et
2026 5156 2203 5214 quam
2231 5136 2511 5195 terribilis
2538 5135 2733 5191 veniet
2772 5133 3010 5200 indicat,
3045 5135 3102 5187 et
3148 5134 3343 5184 tamen
3387 5128 3461 5182 ad
3490 5143 3585 5182 ve-

1938 5230 2218 5289 niendum
2240 5227 2434 5283 tardat
2457 5242 2470 5281 :
2499 5224 2639 5297 quia
2656 5240 2771 5279 non
2785 5222 2909 5278 vult
2920 5220 3177 5276 invenire
3190 5233 3337 5288 quos
3350 5215 3578 5288 puniat,

1940 5318 2040 5391 qui
2069 5317 2228 5375 venit
2256 5329 2511 5388 quaerere
2542 5317 2600 5369 et
2633 5310 2856 5367 salvum
2887 5311 3073 5364 facere
3105 5305 3257 5377 quod
3309 5303 3580 5377 perierat,

1938 5408 2039 5481 qui
2068 5406 2195 5463 vult
2223 5421 2427 5461 omnes
2457 5402 2727 5459 homines
2775 5397 2963 5454 salvos
3012 5394 3154 5464 ﬁeri,
3191 5398 3247 5449 et
3284 5392 3580 5449 neminem

1936 5495 2061 5551 vult
2088 5494 2296 5568 perire,
2322 5492 2420 5564 qui
2451 5506 2653 5546 omnes
2685 5488 2757 5543 ad
2788 5485 3037 5541 salutem
3068 5484 3342 5557 dignatus
3374 5487 3465 5539 est
3491 5482 3581 5538 in-

1936 5584 2119 5642 vitare
2151 5601 2164 5638 :
2201 5584 2398 5649 Venite,
2431 5578 2725 5650 inquiens,
2758 5575 2828 5630 ad
2858 5591 2943 5629 me
2972 5590 3154 5630 omnes
3185 5575 3281 5645 qui
3327 5573 3583 5629 laboratis

1937 5681 1990 5730 et
2015 5673 2221 5747 operati
2247 5671 2395 5735 estis,
2427 5675 2479 5724 et
2503 5682 2600 5736 ego
2645 5665 2891 5736 reﬁciam
2934 5679 3024 5719 vos
3072 5662 3276 5736 (Matth.
3312 5680 3374 5733 n,
3405 5660 3516 5732 28).
3551 5681 3580 5711 »

1941 5762 2085 5824 Hinc
2115 5762 2270 5819 Beda
2294 5760 2351 5819 in
2381 5755 2691 5829 Evangelio
2726 5755 2892 5815 Lucae
2927 5770 2939 5808 :
2977 5775 3005 5805 α
3036 5753 3272 5809 Moralis
3301 5750 3585 5807 Dominus
