4020 6470
475 431 597 494 275

1422 434 1810 498 HINCMARI
1860 431 2300 496 RHEMENSIS
2343 433 2937 500 AllCHIEPlSCOPI

3744 442 3842 504 2'76

479 585 684 628 omnes
722 568 946 638 invitat,
979 585 1086 624 nec
1130 568 1388 625 volentes
1434 567 1722 642 repudiat,
1757 585 1863 624 nec
1911 566 2122 623 invitos
2151 567 2207 634 Α
2237 568 2998 643 capitulorum,quibusnos
3019 571 3366 647 respondere
3378 572 3845 648 jussistis,quarto

481 657 704 732 alligat,
741 675 848 714 nec
879 658 1162 713 adeuntes
1192 657 1403 728 rejicit,
1438 673 1545 712 nec
1574 657 1915 730 rogantibus
1945 657 2130 722 deest,

480 747 583 821 qui
612 764 792 820 prope
821 750 912 802 est
941 745 1219 801 omnibus
1248 745 1654 802 invocantibus
1681 763 1745 802 se
1773 745 1834 800 in
1865 745 2125 814 veritate,

479 840 752 894 scrutans
782 835 959 890 corda
995 837 1052 890 et
1099 851 1267 890 renes
1317 835 1492 899 Deus,
1527 834 1620 890 cui
1669 851 1804 890 cum
1855 835 2020 890 Patre
2066 833 2127 889 in

478 923 704 980 unitate
734 923 986 995 Spiritus
1015 923 1203 978 sancti
1235 923 1480 978 debetur
1499 923 1693 979 omnis
1715 923 1902 978 honor
1916 927 1973 980 et
1996 924 2130 979 ado-

478 1013 627 1071 ratio
657 1029 760 1086 per
788 1011 986 1068 omnia
1016 1011 1228 1068 saecula
1256 1011 1624 1068 saeculorum.
1661 1013 1856 1068 Amen.
1893 1033 1920 1061 η

1049 1153 1286 1210 CAPUT
1337 1153 1554 1210 XXVII.

481 1270 626 1321 Ratio
653 1269 922 1320 reddenda
949 1269 1126 1333 quarti
1150 1269 1364 1332 capituli
1410 1269 1606 1333 incipit,
1637 1271 1772 1333 quod
1815 1283 1905 1319 nos
1947 1272 2128 1319 contra

541 1341 1024 1391 Prsdestinalianos
1079 1341 1446 1404 excerpsimus,
1493 1339 1730 1406 quodque
1786 1340 2126 1404 capitulorum

541 1436 654 1486 qua:
679 1419 826 1470 nobis
855 1419 1068 1470 dedistis
1095 1421 1401 1482 compositor
1428 1435 1600 1469 errore
1641 1420 1799 1468 nimio
1845 1419 2124 1480 denotavit,

540 1493 788 1542 devocans
817 1492 867 1540 in
897 1489 1141 1548 medium,
1174 1489 1247 1538 ad
1273 1489 1690 1552 exaggerandam
1720 1490 2129 1554 reprehensionis

541 1565 730 1613 nostra
754 1563 950 1620 notam,
982 1560 1353 1610 Antichristum
1375 1563 1424 1608 et
1453 1561 1636 1624 impias
1663 1561 1715 1610 in
1744 1575 1836 1610 sua
1866 1562 2128 1626 impietate

543 1635 828 1696 tle/unctos,
859 1634 909 1682 et
953 1634 1075 1682 ante
1121 1633 1397 1681 adventum
1447 1631 1645 1682 Christi
1691 1633 1810 1696 igne
1853 1632 2128 1683 damnatos

538 1708 747 1756 eterna.

548 1821 852 1879 Rationem
883 1819 1243 1875 reddendam
1288 1818 1481 1890 quarti
1529 1818 1773 1891 capituli
1819 1820 2123 1888 adeuntes,

476 1911 728 1986 gratiam
759 1908 971 1965 Christi
1004 1907 1236 1964 Domini
1269 1907 1456 1964 nostri
1479 1908 1872 1980 deposcimus,
1898 1913 1962 1964 ut
1981 1927 2124 1967 sano
2153 1935 2202 2001 Β

477 1999 610 2056 fidei
641 1997 960 2062 intellectu,
983 1999 1440 2068 sanctarumque
1463 1996 1897 2069 Scripturarum
1920 2001 2120 2054 aucto-

478 2087 776 2156 ritatibus,
809 2089 868 2142 et
895 2084 1348 2141 orthodoxorum
1395 2083 1769 2152 testimoniis,
1803 2086 1876 2142 ab
1924 2087 2136 2144 obtre-‘

479 2180 768 2233 ctatorum
817 2177 1156 2230 nostrorum
1205 2171 1760 2236 venundationibus,
1791 2173 1891 2246 qui
1919 2176 1990 2231 de
2019 2193 2120 2232 no-

479 2268 604 2323 stra
629 2261 1012 2319 infamatione
1032 2260 1142 2316 sibi
1169 2265 1440 2334 quaerunt
1458 2277 1650 2316 emere
1668 2261 1860 2318 laudis
1879 2263 2117 2332 famam,

479 2353 730 2410 redimat
757 2367 865 2406 nos
895 2349 996 2423 qui
1050 2349 1296 2404 redemit
1345 2349 1519 2404 Israel
1569 2365 1638 2405 ex
1685 2351 1961 2407 omnibus
2010 2352 2119 2408 ini-

479 2441 804 2516 quitatibus
835 2439 980 2504 suis,
1009 2442 1066 2494 et
1115 2437 1192 2494 sit
1239 2437 1409 2493 nobis
1459 2455 1690 2510 semper
1739 2439 1798 2494 in
1846 2441 2120 2498 omnibus

478 2532 626 2589 211
661 2533 719 2585 et
747 2528 964 2600 ubique
993 2526 1053 2581 in
1086 2527 1270 2586 Deum
1302 2530 1706 2598 protectorem,
1740 2532 1798 2584 et
1826 2527 1885 2583 in
1926 2529 2120 2586 locum

479 2619 797 2686 munitum,
830 2620 897 2672 ut
933 2615 1124 2671 salvos
1170 2615 1346 2670 faciat
1393 2631 1499 2670 nos
1548 2615 1622 2670 ab
1671 2616 1952 2673 haereticis
1983 2636 2120 2691 pra-

475 2707 675 2766 vitatis
739 2703 1088 2777 muscipulis
1153 2703 1449 2778 captiosis.
1508 2704 1589 2760 De
1647 2704 1825 2776 hujus
1881 2707 2120 2780 capituli

476 2813 654 2856 sensu
682 2799 906 2852 veteres
937 2792 1432 2850 Przedestinatiani
1472 2793 1763 2863 dixerunt,
1799 2797 1950 2851 sient
1977 2795 2114 2870 Ygi-

477 2903 590 2944 nus
619 2885 844 2951 scribit,
875 2889 932 2940 et
961 2887 1199 2938 sanctus
1231 2882 1476 2954 Prosper
1523 2883 1885 2940 demonstrat
1921 2885 2119 2956 objec-

475 2975 634 3033 tione
657 2975 693 3028 9
721 2972 1040 3038 Gallorum,
1073 2971 1228 3043 quod
1259 2987 1374 3026 non
1407 2987 1510 3042 pro
1561 2970 1744 3027 totius
1791 2973 1996 3028 mundi
2031 2991 2118 3030 re-

474 3062 808 3136 demptione
835 3060 1100 3117 Salvator
1135 3059 1214 3115 sit
1259 3059 1592 3115 crucifixus.
1622 3060 1690 3115 Et
1733 3059 1874 3116 item
1930 3063 2120 3133 prima

470 3150 986 3208 Vincentianorum
1031 3147 1356 3219 objections
1388 3164 1401 3201 :
1436 3148 1583 3213 Quia
1610 3148 1895 3205 Dominus
1924 3154 2122 3206 noster

2236 657 2492 729 capitulo
2531 659 2674 714 dicit
2705 676 2718 714 :
2753 682 2780 710 «
2816 660 2960 716 Item
3011 661 3082 717 de
3130 662 3530 734 redemptione
3575 665 3845 737 sanguinis

2237 745 2472 814 Christi,
2505 751 2742 820 propter
2772 748 3019 804 nimium
3052 765 3305 806 errorem
3338 750 3438 824 qui
3469 751 3672 809 de‘hac
3699 770 3850 810 causa

2235 839 2470 890 exortus
2501 841 2608 904 est,
2641 837 2722 892 ita
2752 843 2817 892 ut
2846 838 3106 910 quidam,
3141 839 3296 895 sicut
3324 856 3526 896 eorum
3558 841 3759 914 scripta
3774 843 3846 898 in-

2237 923 2454 991 dicant,
2491 925 2667 980 etiam
2699 943 2804 998 pro
2833 925 2951 982 illis
2980 927 3203 998 impiis,
3236 928 3336 1000 qui
3369 946 3402 984 a
3423 930 3626 984 mundi
3647 931 3848 986 exordio

2236 1029 2424 1084 usque
2454 1013 2524 1068 ad
2557 1013 2890 1085 passionem
2923 1015 3158 1072 Domini
3187 1016 3247 1072 in
3279 1034 3386 1073 sua
3417 1017 3707 1090 impietate
3725 1035 3850 1074 mor-

2235 1101 2321 1157 tui
2337 1105 2552 1158 aeterna
2567 1103 2944 1160 damnatione
2969 1105 3156 1176 puniti
3183 1107 3600 1173 sunt,eﬂ‘usum
3620 1124 3744 1163 eum
3763 1107 3848 1162 dif-

2236 1190 2464 1258 ﬁniant,
2499 1198 2701 1247 contra
2726 1191 2872 1248 illud
2923 1193 3330 1266 propheticum
3356 1210 3369 1248 :
3395 1197 3500 1252 Ero
3528 1212 3672 1252 mors
3701 1203 3797 1264 tua,
3823 1213 3849 1253 0

2233 1296 2403 1347 mors,
2433 1296 2524 1336 ero
2551 1297 2766 1337 morsus
2797 1289 2943 1347 tuus,
2977 1283 3194 1354 inferne
3221 1283 3364 1352 (Ose.
3397 1301 3519 1354 xm,
3554 1285 3660 1358 14).
3689 1307 3715 1334 ››

2307 1368 2590 1424 Miramur
2637 1385 2743 1424 cur
2788 1369 3035 1426 istorum
3087 1373 3446 1444 compositor
3491 1373 3848 1446 capitulorum

2234 1457 2433 1513 omisit
2463 1459 2616 1529 quod
2651 1457 2912 1532 quidam,
2948 1460 3019 1515 ad
3052 1461 3439 1519 confutandos
3473 1461 3737 1536 nos,quia
3755 1479 3849 1518 non

2235 1551 2386 1602 recte
2417 1546 2734 1603 dixerimus
2766 1547 3064 1604 Christum
3097 1567 3201 1622 pro
3232 1551 3511 1609 omnibus
3541 1551 3850 1625 passum,li-

2234 1641 2324 1692 cet
2352 1652 2468 1692 non
2501 1653 2704 1692 omnes
2734 1636 3026 1709 passionis
3056 1639 3184 1710 ejus
3215 1639 3495 1711 mysterio
3517 1639 3640 1696 sint
3657 1640 3852 1696 redem-

2234 1725 2341 1798 pti,
2365 1724 2564 1798 impiis
2593 1730 2653 1781 et
2681 1725 3104 1798 peccatoribus,
3120 1727 3192 1782 ab
3215 1727 3384 1784 initio
3407 1729 3615 1785 mundi
3637 1745 3733 1802 pro
3753 1728 3856 1784 suis

2235 1813 2554 1870 sceleribus
2597 1815 2656 1869 in
2706 1815 3002 1870 infernum
3051 1815 3336 1872 demersis
3385 1819 3444 1873 et
3489 1815 3860 1873 mternitaliter

2234 1902 2586 1970 cruciandis,
2620 1901 2917 1959 diabolum
2950 1918 3084 1958 cum
3129 1902 3254 1960 suis
3303 1905 3529 1977 refugis
3579 1904 3790 1978 angelis
3813 1908 3860 1960 et

2229 1990 2654 2046 Antichristum
2687 1989 2874 2046 solent
2905 2007 3216 2063 apponere.
3239 1993 3395 2058 Quos
3425 2010 3561 2049 cum
3586 1993 3714 2049 aliis
3732 1992 3856 2049 stul-

2229 2079 2360 2134 titia
2389 2079 2632 2151 perditis
2661 2079 2722 2134 in
2757 2079 2906 2134 libro
2922 2080 3011 2136 ~de
3050 2079 3458 2138 Consolatione
3501 2081 3857 2155 philosophias

2233 2168 2409 2241 (parte
2447 2186 2487 2233 1,
2517 2185 2638 2240 cap.
2670 2170 2726 2240 9)
2759 2167 2994 2224 Boetius
3041 2167 3420 2242 complangit,
3453 2170 3658 2227 dicens
3688 2187 3702 2226 :
3732 2170 3859 2226 Eheu

2231 2273 2394 2330 quam
2425 2258 2649 2313 miseros
2686 2258 2902 2313 tramite
2941 2255 3123 2312 devios
3169 2257 3394 2314 abducit
3433 2259 3775 2330 ignorantia!
3801 2259 3860 2314 Et

2229 2351 2472 2403 sanctus
2516 2345 2828 2418 Gregorius
2859 2345 2916 2400 in
2945 2344 3167 2418 Regula
3216 2347 3493 2418 pastorali
3543 2348 3620 2404 de
3663 2347 3859 2404 talibus

2231 2435 2390 2500 dicit,
2424 2435 2563 2508 quia
2611 2435 2766 2506 quod
2817 2433 3032 2507 albugo
3081 2435 3234 2491 212
3263 2435 3324 2490 in
3355 2435 3545 2504 oculo,
3581 2437 3690 2494 hoc
3717 2453 3857 2493 arro-

2228 2523 2428 2596 gantia
2457 2523 2578 2595 agit
2597 2522 2658 2577 in
2682 2527 2876 2578 mente
2900 2540 2913 2577 :
2939 2539 3066 2595 quae
3088 2539 3223 2578 cum
3245 2525 3557 2581 candorem
3580 2525 3694 2582 sibi
3707 2523 3863 2598 justi-

2228 2613 2320 2667 tize
2352 2629 2456 2668 seu
2488 2609 2784 2683 sapientiae
2817 2611 3042 2678 tribuit,
3075 2629 3110 2666 a
3138 2610 3268 2668 luce
3297 2629 3359 2668 se
3390 2630 3657 2686 superna:
3687 2613 3862 2688 cogni-

2229 2700 2407 2757 tionis
2436 2700 2710 2769 excludit,
2741 2705 2884 2756 eteo
2905 2699 3230 2756 claritatem
3249 2702 3368 2758 veri
3392 2701 3638 2760 luminis
3660 2720 3860 2775 nequa~

2229 2807 2408 2864 quam
2439 2793 2722 2862 penetrat,
2757 2806 2872 2862 quo
2905 2806 2966 2844 se
3015 2789 3171 2860 apud
3222 2806 3284 2846 se
3333 2807 3436 2863 per
3479 2791 3859 2866 arrogantiam

2228 2879 2464 2947 exaltat,
2499 2878 2654 2935 sicut
2683 2879 2755 2934 de
2785 2877 3138 2950 quibusdam
3170 2878 3426 2936 dicitur:
3456 2881 3703 2938 Dicente:
3729 2881 3864 2936 enim

2227 2985 2284 3024 se
2313 2985 2426 3025 esse
2451 2970 2740 3040 sapientes,
2771 2969 2929 3024 stulti
2953 2969 3088 3038 facti
3112 2976 3244 3023 sunt
3265 2969 3438 3038 (Rom.
3473 2987 3514 3036 ι,
3542 2973 3659 3038 22).
3680 2967 3862 3040 Scrip-

2229 3057 2306 3114 sit
2321 3058 2477 3112 enim
2495 3057 2735 3129 quidam
2751 3056 3174 3128 delirus,quem
3199 3074 3377 3129 supra
3393 3059 3862 3123 memoravimus,

2228 3152 2430 3202 contra
2461 3163 2565 3201 nos
2597 3145 2798 3200 dicens
2831 3161 2844 3200 :
2879 3169 2905 3195 ‹‹
2941 3145 3021 3202 De
3045 3146 3322 3214 secunda,
3343 3146 3642 3219 inquiens,
3663 3145 3864 3202 diftini-

469 3241 644 3300 Jesus
672 3237 942 3295 Christus
971 3253 1086 3292 non
1109 3253 1211 3308 pro
1233 3235 1496 3292 omnium
1521 3235 1828 3292 hominum
1849 3237 2038 3295 salute
2060 3244 2118 3295 et
2157 3303 2188 3310 _
2225 3235 2406 3302 tione,
2437 3251 2555 3307 qua
2585 3234 2642 3288 in
2674 3234 2792 3290 illis
2817 3233 3090 3307 capitulis
3109 3233 3430 3291 difﬁnitum
3453 3237 3728 3310 est,quod
3753 3234 3866 3292 nul-

473 3326 870 3400 redemptione
898 3325 974 3381 sit
1003 3303 1233 3397 passus.
1265 3325 1335 3378 Et
1365 3323 1782 3382 Gothescalcus
1829 3343 2110 3383 novorum
2147 3303 2188 3370 (ἶ
2228 3323 2322 3380 lus
2351 3303 2526 3380 homo
2557 3328 2666 3390 est,
2695 3322 2804 3378 fuit
2833 3303 2918 3378 vel
2949 3322 3077 3389 erit,
3110 3340 3214 3396 pro
3235 3341 3350 3396 quo
3372 3303 3643 3382 Christus
3665 3342 3865 3398 passus

467 3415 1118 3474 Prmdestinatianorum
1141 3412 1469 3485 signifer,in
1492 3411 1687 3469 libello
1709 3415 1780 3470 ad
1807 3415 2112 3472 Rabanum

465 3505 970 3578 archiepiscopum
1003 3501 1433 3574 Moguntinum,
1467 3501 1549 3557 ita
1579 3502 1720 3558 dicit
1749 3504 1819 3559 ad
1868 3502 2061 3560 locum
2096 3522 2110 3561 :

466 3618 496 3648 ‹‹
530 3595 666 3652 Illos
693 3610 897 3650 omnes
941 3592 1153 3663 impios
1201 3595 1260 3646 et
1303 3593 1652 3662 peccatores,
1685 3609 1832 3664 quos
1881 3595 2113 3666 proprio

464 3685 595 3741 fuso
626 3682 911 3755 sanguine
942 3680 1123 3736 Filius
1154 3678 1264 3735 Dei.
1285 3679 1568 3735 redimere
1598 3681 1777 3748 venit,
1804 3681 1912 3737 hos
1933 3683 2115 3738 omni-

465 3772 718 3847 potentis
751 3771 850 3827 Dei
884 3768 1115 3825 bonitas
1146 3769 1218 3824 ad
1249 3767 1427 3824 vitam
1476 3769 1919 3840 praedestinatos
1967 3771 2112 3826 irrc-

465 3859 846 3919 tractabiliter
875 3857 1082 3916 salvari
1118 3857 1527 3914 tantummodo
1561 3857 1694 3912 velit
1725 3875 1738 3912 :
1763 3863 1822 3914 et
1851 3877 2110 3928 rursum,

464 3949 596 4006 illos
621 3965 826 4005 omnes
855 3947 1068 4020 impios
1092 3951 1150 4002 et
1178 3951 1530 4018 peccatores,
1563 3963 1666 4018 pro
1708 3947 1925 4019 quibus
1955 3949 2111 4004 idem

467 4037 648 4095 Filius
678 4035 780 4092 Dei
810 4053 914 4090 nec
944 4051 1156 4106 corpus
1187 4035 1530 4106 assumpsit,
1556 4051 1660 4090 nec
1685 4035 2006 4092 orationem
2039 4055 2112 4092 ne

466 4123 595 4180 dico
626 4122 973 4195 sanguinem
1005 4121 1175 4187 fudit,
1201 4139 1390 4192 neque
1421 4139 1524 4194 pro
1547 4121 1629 4178 eis
1653 4122 1770 4180 ullo
1794 4125 1966 4180 modo
1987 4143 2114 4182 cru-

465 4212 673 4270 ciﬁxus
705 4213 832 4278 fuit,
859 4211 1074 4284 quippe
1095 4227 1242 4282 quos
1265 4211 1550 4282 pessimos
1573 4213 1804 4269 futuros
1824 4231 1952 4270 esse
1974 4233 2112 4287 prte-

466 4299 653 4367 scivit,
687 4317 949 4373 quosque
971 4297 1305 4370 justissima
1332 4299 1391 4353 in
1423 4303 1637 4356 aeterna
1663 4301 2110 4374 prtecipitandos

464 4393 755 4446 tormenta
785 4386 1110 4460 praelinivit,
1141 4386 1299 4459 ipsos
1329 4388 1566 4444 omnino
1589 4390 1874 4461 perpetim
1897 4391 2106 4448 salvari

464 4477 700 4551 penitus
733 4477 895 4533 nolit.
934 4498 960 4525 »
993 4475 1239 4547 Scripsit
1269 4481 1326 4532 et
1354 4475 1468 4532 alia
1497 4477 1608 4532 sub
1639 4477 1748 4534 hoc
1771 4495 1947 4535 sensu
1969 4480 2112 4536 mul-

463 4564 740 4639 tipliciter
769 4564 1128 4638 replicando,
1155 4581 1281 4637 quae
1306 4564 1401 4620 hic
1436 4566 1800 4637 superﬂuum
1833 4567 2108 4626 duximus

2225 3429 2340 3468 non
2376 3411 2564 3479 fuerit,
2589 3412 2728 3484 quid
2752 3411 2909 3467 aliud
2936 3412 3284 3484 respondere
3305 3429 3646 3485 possumus,
3673 3413 3868 3470 nisiut

2225 3501 2481 3574 primum
2511 3501 2670 3573 ipsos
2696 3501 2793 3573 qui
2820 3501 2927 3556 hoc
2951 3501 3315 3556 dil'linierunt
3337 3502 3538 3558 sedulo
3560 3503 3869 3574 interroge-

2227 3607 2379 3656 mus,
2411 3594 2469 3646 et
2497 3591 2942 3657 admoneamus,
2979 3593 3042 3645 ut
3060 3589 3370 3664 vigilanter
3391 3595 3448 3646 et
3467 3591 3721 3649 fideliter
3739 3609 3865 3665 pen-

2224 3696 2353 3736 sare
2383 3680 2676 3745 studeant,
2710 3697 2781 3734 ne
2804 3680 2949 3734 forte
2993 3679 3190 3736 minus
3244 3679 3669 3737 considerando
3717 3680 3868 3754 quod

2223 3767 2536 3824 dicendum
2569 3771 2712 3832 erat,
2741 3773 2942 3822 contra
2970 3767 3141 3822 (idem
3171 3772 3228 3822 et
3254 3767 3678 3826 conscientiam
3702 3785 3866 3826 suam

2222 3855 2362 3911 talia
2391 3855 2640 3912 dixerint
2657 3861 2716 3911 et
2736 3855 3094 3928 scripserint.
3111 3856 3254 3911 Nam
3279 3861 3345 3912 ut
3365 3861 3667 3916 taceamus
3687 3859 3761 3915 de
3780 3857 3869 3913 his

2222 3943 2322 4016 qui
2353 3962 2511 4000 nunc
2542 3949 2701 4013 sunt,
2734 3944 2820 4000 vel
2844 3944 3036 4000 adhuc
3057 3961 3244 4017 usque
3265 3945 3338 4000 ad
3359 3946 3537 4002 tinem
3563 3947 3766 4004 seaculi
3791 3946 3869 4001 fu-

2223 4034 2338 4090 turi
2371 4038 2530 4101 sunt,
2553 4033 2613 4088 in
2631 4034 2847 4106 quibus
2865 4033 3066 4106 utique
3081 4033 3474 4091 Antichristus
3490 4035 3787 4102 erit,certe
3803 4036 3872 4090 de

2221 4122 2321 4179 illa
2337 4123 2748 4180 innumerabili
2772 4122 3151 4179 multitudine
3167 4121 3612 4196 impiorum,qui
3629 4125 3870 4181 fuerunt

2219 4211 2292 4268 ab
2323 4211 2488 4267 initio
2521 4212 2722 4267 mundi
2755 4229 2938 4284 usque
2967 4212 3040 4267 ad
3073 4211 3382 4268 adventum
3415 4212 3672 4281 Domini,
3708 4219 3768 4270 et
3810 4211 3870 4268 in

2219 4318 2328 4358 sua
2357 4301 2656 4374 impietate
2685 4301 2896 4356 mortui
2927 4305 2986 4356 et
3025 4301 3256 4358 aeternis
3303 4301 3490 4373 pomis
3538 4307 3683 4358 sunt
3731 4319 3867 4358 con-

2221 4390 2498 4457 demnati,
2535 4405 2637 4444 nec
2671 4389 2830 4462 ipsos
2861 4389 2962 4462 qui
2993 4390 3100 4446 hoc
3129 4390 3402 4446 dixerunt
3430 4391 3667 4448 credere
3700 4395 3871 4464 puta-

2219 4495 2374 4545 mus,
2407 4479 2561 4550 quod
2597 4495 2698 4550 pro
2749 4478 2842 4534 his
2886 4478 2945 4534 in
2996 4496 3104 4535 sua
3152 4478 3452 4552 impietate
3503 4481 3783 4548 mortuis,
3816 4483 3872 4534 et

2217 4571 2430 4622 aeterno
2454 4568 2579 4638 jam
2604 4567 2826 4638 judicio
2858 4567 3284 4635 condemnatis,
3321 4565 3606 4624 Dominus
3649 4584 3872 4640 passus

461 4671 696 4728 ponere,
721 4670 854 4710 cum
876 4653 1013 4709 hinc
1036 4653 1283 4726 quisque
1304 4670 1544 4710 sensum
1568 4653 1728 4712 illius
1749 4656 2110 4713 sufﬁcienter
2142 4675 2185 4738 υ
2215 4672 2343 4710 esse
2373 4655 2698 4712 credendus
2726 4655 2823 4711 sit.
2857 4655 2916 4710 Si
2949 4655 3102 4711 enim
3126 4673 3228 4728 pro
3252 4654 3344 4711 his
3366 4671 3579 4728 passus
3597 4673 3735 4712 esse
3755 4673 3876 4712 cre-

461 4743 650 4818 possit
695 4759 1060 4816 cognoscere.
1102 4743 1350 4815 Scripsit
1395 4748 1452 4798 et
1499 4743 1708 4799 domus
1754 4743 2105 4802 Prudentius
2213 4743 2390 4812 ditur,
2426 4761 2531 4799 cur
2557 4743 2735 4799 etiam
2767 4761 2870 4816 pro
2901 4743 3133 4801 diabolo
3163 4749 3220 4800 et
3247 4743 3470 4817 angelis
3497 4745 3628 4817 ejus
3650 4744 3873 4802 simili-

459 4831 522 4890 in
552 4850 704 4906 saepe
734 4836 1054 4888 memorata
1084 4831 1330 4904 epistola
1349 4832 1420 4887 ad
1445 4831 1804 4890 Wenilonem
1827 4833 2107 4907 archiepi-

461 4938 706 4995 scopum
754 4937 950 4987 suum,
1001 4937 1102 4992 pro
1151 4921 1474 4976 ordinando
1523 4921 1700 4977 XEnea
1747 4921 2103 5006 Parisiorum

461 5010 752 5084 episcopo,
787 5008 1044 5082 capitulo
1073 5010 1126 5076 3,
1157 5009 1356 5064 dicens
1391 5025 1403 5065 :
1437 5031 1466 5059 «
1501 5009 1573 5065 Ut
1603 5011 1802 5066 credat
1833 5015 1890 5066 et
1917 5013 2101 5067 conli-

459 5102 652 5156 teatur
679 5115 814 5155 cum
843 5098 1119 5154 omnibus
1149 5097 1470 5165 catholicis,
1497 5099 1844 5170 sanguinem
1869 5099 2100 5156 Domini

2213 4835 2302 4888 ter
2330 4849 2540 4904 passus
2571 4850 2698 4888 esse
2728 4850 2841 4888 non
2867 4833 3166 4889 creditur?
3188 4855 3216 4883 »
3239 4832 3344 4888 Cui
3364 4833 3788 4892 convenienter
3807 4851 3876 4890 ex

2213 4921 2522 4994 Evangelio
2552 4921 2742 4977 verbis
2779 4922 3101 4978 Dominicis
3148 4922 3497 4996 respondere
3543 4923 3825 4981 valemus
3857 4939 3871 4978 :

2213 5001 2383 5066 Erras
2415 5010 2681 5066 nesciens
2703 5009 3058 5083 Scripturas,
3081 5028 3268 5084 neque
3289 5010 3564 5067 virtutem
3593 5012 3878 5069 Dei.Pau-

2210 5097 2302 5154 lus
2332 5099 2632 5171 apostolus
2660 5099 2803 5156 dicit
2827 5117 2839 5156 :
2865 5104 3159 5174 Nusquam
3185 5101 3336 5156 enim
3359 5099 3611 5174 angelos
3639 5118 3876 5174 appre-

461 5189 644 5244 nostri
676 5189 814 5244 Jcsu
847 5186 1060 5243 Christi
1093 5205 1193 5259 pro
1224 5187 1498 5242 omnibus
1530 5187 1868 5243 hominibus
1889 5205 1957 5243 ex
1978 5193 2100 5246 toto
2207 5189 2399 5244 hendit
2429 5189 2620 5257 (Hebr.
2655 5207 2716 5255 ιι,
2742 5189 2852 5260 16),
2881 5189 3022 5262 quin
3058 5190 3352 5255 Deus,sed
3367 5206 3560 5244 semen
3591 5192 3879 5248 Abrahae

461 5277 680 5330 mundo
713 5276 771 5330 in
803 5293 938 5332 eum
970 5275 1343 5332 credentibus
1376 5277 1570 5330 fusum
1606 5291 1618 5329 :
1645 5293 1759 5332 non
1780 5283 1975 5332 autem
2003 5295 2104 5350 pro

459 5361 577 5419 illis
598 5364 695 5434 qui
721 5381 1026 5436 nunquam
1049 5363 1106 5418 in
1130 5379 1264 5418 eum
1288 5364 1794 5431 crediderunt,nec
1817 5365 2104 5438 hodieque

459 5451 724 5518 credunt,
757 5469 1058 5524 nunquam
1087 5469 1192 5507 nec
1233 5452 1454 5507 creditu
1509 5457 1668 5520 sunt,
1701 5452 1928 5508 dicente
1977 5455 2102 5526 ipso

460 5539 706 5598 Domino
729 5557 742 5594 :
769 5541 920 5596 Venit
948 5543 1092 5596 enim
1113 5543 1268 5612 ﬁlius
1289 5541 1526 5596 hominis
1546 5558 1656 5596 non
1675 5543 1788 5596 min
1798 5543 2105 5610 istmri,sed

458 5629 794 5693 ministrare,
825 5637 876 5684 et
903 5629 1033 5684 dare
1064 5633 1311 5685 animam
1353 5645 1513 5683 suam
1561 5629 1977 5700 redemptionem
2000 5649 2103 5704 pro

457 5717 644 5774 multis
698 5717 900 5787 (Matth.
952 5736 1043 5784 xx,
1091 5720 1201 5791 28).
1251 5741 1278 5767 ››
1327 5719 1395 5774 Et
1442 5719 1798 5790 compositor
1852 5719 2100 5776 istorum

2212 5277 2622 5350 apprehendit.
2657 5277 2817 5334 Unde
2845 5278 3102 5335 Joannes
3131 5279 3584 5352 Chrysostomus
3608 5293 3621 5332 :
3649 5301 3682 5328 ‹‹
3721 5279 3879 5346 Quia

2213 5383 2327 5421 non
2360 5383 2714 5438 quemquam
2747 5365 3089 5439 angelorum
3120 5365 3524 5440 apprehendit,
3549 5366 3610 5421 id
3629 5373 3732 5424 est
3756 5386 3878 5424 non

2211 5455 2523 5525 cujuslibet
2579 5455 2766 5528 angeli
2829 5461 3096 5512 naturam
3153 5455 3431 5528 suscepit,
3495 5455 3598 5511 sed
3657 5474 3880 5514 semen

2209 5542 2450 5598 Abrahae
2481 5545 3017 5615 apprehendit.Non
3045 5545 3200 5601 enim
3234 5544 3459 5617 angelis
3481 5549 3644 5600 tanta
3667 5546 3881 5620 digni-

2210 5635 2300 5686 tas
2330 5632 2546 5686 dona'ta
2573 5637 2680 5700 est,
2707 5639 2770 5688 ut
2797 5634 2855 5688 in
2889 5652 3007 5690 una
3035 5652 3283 5707 persona
3309 5635 3409 5690 Dei
3439 5633 3620 5690 Filius
3650 5651 3878 5693 eorum

2212 5725 2430 5775 naturae
2463 5721 2913 5794 conjungeretur
2945 5741 2956 5777 :
2993 5723 3094 5779 sed
3127 5723 3282 5778 hunc
3311 5722 3592 5778 honorem
3616 5726 3678 5776 et
3712 5721 3881 5781 hanc
