4020 6472
169 439 285 504 277

892 445 996 506 DE
1036 445 1796 511 PILEDESTlNATIONE
1837 447 2354 516 DISSER'I‘ATIO
2397 451 2863 522 POSTERIOR.

3455 460 3582 523 278

166 577 514 655 dignitatem
535 577 809 636 humanae
829 581 1050 634 naturae
1066 579 1222 636 Deus
1249 579 1350 637 Dei
1391 579 1568 638 Filius
1586 597 1817 640 conces-
1843 581 1900 650 Α
1929 585 1986 639 et
2015 581 2214 641 volens
2245 601 2448 642 earum
2478 587 2824 645 auctoritate
2859 589 3092 649 firmare
3121 593 3278 666 quod
3325 591 3572 654 dubium

167 670 262 739 sit,
296 673 366 726 ut
392 669 551 725 Deus
581 671 640 724 et
665 667 841 724 homo
871 685 988 724 una
1015 673 1171 725 esset
1199 686 1468 742 persona.
1503 672 1689 737 Quare
1737 671 1820 727 di-

163 761 246 819 xit
262 757 667 834 apprehendit?
685 757 825 831 quia
854 773 961 814 nos
991 757 1162 831 quasi
1201 759 1538 815 recedentes
1567 759 1642 815 ab
1663 777 1728 817 eo
1759 765 1818 817 et

163 850 335 923 longe
363 848 660 922 fugientes
687 845 990 904 insecutus
1019 847 1425 921 apprehendit,
1459 853 1518 906 et
1547 849 1608 906 in
1632 866 1812 906 unam

161 954 478 1014 personam
497 939 721 1004 nostrae
753 935 1087 1009 fragilitatis
1113 940 1384 994 naturam
1415 937 1528 995 sibi
1549 943 1812 996 contem-

161 1024 402 1100 peravit.
421 1024 542 1081 Hoc
564 1039 702 1097 ergo
730 1021 1016 1079 redimere
1045 1023 1250 1080 debuit
1277 1025 1434 1097 quod
1464 1027 1810 1100 assumpsit.

159 1115 230 1174 Ut
256 1115 474 1172 beatus
515 1112 830 1186 Gregorius
863 1111 925 1168 in
962 1111 1110 1169 libro
1135 1130 1188 1168 Ix
1211 1113 1348 1186 (cap.
1379 1115 1469 1185 28)
1503 1115 1812 1172 Moralium

159 1207 302 1264 dicit
337 1221 350 1262 :
385 1202 768 1278 Angelorum,
801 1201 1094 1274 inquiens,
1127 1201 1373 1274 spiritus
1404 1203 1619 1260 idcirco
1671 1204 1812 1261 irre-

157 1293 531 1353 missibiliter
557 1294 962 1365 peccaverunt,
977 1291 1116 1364 q‘uia
1141 1295 1304 1348 tanto
1327 1292 1629 1348 robustius
1658 1299 1812 1350 stare

157 1388 448 1460 poterant,
471 1386 695 1455 quanto
723 1397 822 1438 eos
851 1379 1046 1436 carnis
1075 1379 1348 1437 admistio
1393 1397 1508 1438 non
1555 1383 1808 1440 tenebat.

157 1477 343 1535 Homo
360 1489 499 1530 vero
523 1471 742 1527 idcirco
762 1473 895 1544 post
913 1469 1146 1544 culpam
1169 1470 1400 1527 veniam
1423 1472 1656 1540 meruit,
1674 1473 1812 1545 quia

157 1581 254 1640 per
285 1561 530 1620 carnale
559 1577 774 1634 corpus
821 1559 1043 1633 aliquid
1093 1576 1208 1633 quo
1255 1560 1570 1634 semetipso
1619 1561 1814 1618 minor

156 1657 308 1713 esset
339 1650 588 1724 accepit.
620 1649 784 1706 Unde
812 1653 871 1706 et
899 1648 1054 1722 apud
1085 1654 1416 1722 respectum
1449 1649 1670 1722 judicis
1717 1669 1810 1708 ar-

155 1744 508 1818 gumentum
540 1739 776 1814 pietatis
805 1741 894 1794 est
922 1737 1044 1794 btec
1075 1739 1278 1794 eadem
1324 1739 1636 1796 inﬁrmitas
1683 1757 1808 1797 car-

155 2010 268 2086 fugi
301 2007 577 2083 spiritus,
613 2010 673 2062 et
701 2005 876 2062 homo
905 2003 1095 2077 gratia
1124 2005 1341 2060 meruit
1369 2005 1646 2078 reparari.
1681 2007 1803 2062 Sci-

152 2100 300 2169 licet,
337 2097 485 2171 quia
513 2093 786 2152 diabolus
817 2093 1056 2168 propria
1085 2093 1257 2166 periit
1284 2093 1803 2167 iniquitate,homo

151 2206 276 2246 vom
295 2187 486 2246 etiam
523 2183 814 2241 diabolica
840 2181 1236 2256 persuasione,
1257 2182 1411 2239 sicut
1436 2182 1719 2240 Alcuinus
1742 2183 1803 2240 in

149 2277 291 2336 libro
324 2273 784 2349 responsionum
809 2272 1098 2329 Geneseos
1126 2271 1199 2327 ad
1239 2271 1532 2344 Sigulfum
1562 2273 1802 2330 demon-

151 2371 314 2426 strat.
347 2365 519 2422 Unde
547 2367 608 2420 et
638 2364 879 2419 sanctus
905 2359 1246 2417 Ambrosius
1277 2360 1337 2416 in
1367 2361 1594 2433 psalmo
1631 2379 1802 2420 cxvm

149 2456 284 2514 dicit
318 2473 336 2512 :
372 2476 405 2506 ‹‹
429 2455 704 2512 Fortasse
728 2450 890 2507 dicas
922 2467 936 2504 :
970 2451 1096 2516 Qua
1125 2449 1348 2505 ratione
1381 2451 1532 2506 218
1564 2467 1679 2506 non
1713 2450 1800 2506 di-

148 2550 297 2603 ctum
331 2544 437 2612 sit,
471 2538 877 2600 misericordia
906 2537 1137 2595 Domini
1170 2537 1410 2610 plenum
1448 2542 1539 2595 est
1568 2539 1800 2612 ccelum,

147 2635 276 2708 quia
306 2636 458 2690 sunt
485 2631 666 2688 etiam
695 2627 990 2702 spiritales
1020 2626 1291 2699 nequitia:
1339 2626 1399 2682 in
1440 2627 1798 2684 coelestibus.

151 2725 254 2783 Sed
283 2740 410 2780 non
442 2719 557 2777 illae
589 2719 663 2776 ad
693 2732 1005 2775 commune
1027 2716 1158 2788 ejus
1179 2714 1556 2789 indulgentia:
1579 2717 1800 2774 donum

147 2810 678 2882 remissionemque
698 2805 990 2880 pertinent
1004 2804 1621 2878 peccatorum,quibus
1643 2806 1798 2879 ignis

145 2905 410 2960 servatur
441 2903 718 2956 aeternus.
747 2917 776 2946 »
808 2895 878 2951 Et
907 2897 1146 2952 sanctus
1177 2893 1540 2966 Theophilus
1563 2893 1801 2950 Alexan-

143 2991 346 3050 drinus
364 2989 687 3064 episcopus
705 2984 766 3040 in
789 2983 1046 3040 secunda
1065 2981 1328 3056 synodali
1349 2981 1597 3054 epistola
1615 2981 1757 3039 dicit
1779 3001 1793 3040 :

144 3105 170 3132 ι
194 3081 417 3139 Verum
443 3077 590 3152 quid
616 3075 732 3132 ista
751 3088 1170 3140 memoramus,
1189 3088 1322 3128 cum
1344 3070 1403 3126 in
1425 3074 1650 3127 tantam
1673 3089 1800 3128 eru-

142 3171 283 3245 perit
353 3168 641 3240 Origenes
695 3161 1048 3232 vecordiam,
1106 3159 1224 3216 imo
1301 3159 1676 3228 dementiam,
1733 3164 1800 3218 ut

143 3256 294 3315 aliud
330 3251 625 3313 Salvatori
655 3251 878 3307 crimen
911 3249 1219 3322 impingat,
1243 3246 1442 3303 dicens
1462 3264 1596 3303 cum
1615 3252 1672 3304 et
1693 3265 1796 3320 pro

215 1881 327 1978 list
355 1923 416 1976 et
446 1916 563 1975 alia
585 1933 766 1974 causa
787 1932 904 1990 qua
922 1915 1222 2015 perierunt
1253 1915 1716 2017 inreparabili'ter
1727 1881 1811 2017 re-
1839 1951 1886 2017 Β

1925 675 2036 728 est.
2067 672 2346 746 Origenes
2375 679 2594 744 autem,
2627 677 2850 750 absque
2871 677 2990 736 ullo
3011 681 3218 737 divinze
3237 684 3394 740 vocis
3414 685 3575 741 testi-

1926 760 2144 829 monio,
2171 762 2289 819 vim
2317 764 2503 820 facere
2533 764 2742 822 nititur
2769 767 3015 837 veritati,
3049 774 3106 825 et
3151 771 3434 828 exstincta
3479 773 3568 830 lu-

1925 866 2098 906 cerna
2126 850 2384 909 invenire
2413 869 2562 910 eam.
2597 856 2812 912 Fautor
2847 857 3201 926 daemonum,
3235 864 3292 915 et
3320 878 3435 917 non
3466 861 3568 918 ho-

1924 937 2174 1008 minum,
2213 940 2432 997 crebris
2481 943 2794 1001 calumniis
2835 944 3070 1002 lacessit
3118 947 3328 1003 Filium
3360 949 3480 1017 Dei,
3515 953 3574 1007 et

1922 1029 2113 1084 denuo
2136 1029 2568 1103 cruciﬁgit,non
2591 1031 2924 1106 intelligens
2944 1033 3000 1089 in
3021 1051 3197 1106 quam
3221 1037 3570 1108 profundam

1919 1119 1977 1172 et
1997 1116 2338 1174 horribilem
2357 1119 2675 1192 impietatis
2689 1122 3026 1193 voraginem
3048 1124 3408 1180 detrahatur.
3423 1125 3570 1182 Con-

1921 1221 2174 1278 sequens
2191 1207 2346 1266 enim
2367 1212 2457 1264 est
2477 1213 2541 1264 ut
2562 1209 2664 1282 qui
2701 1211 2896 1282 priora
2924 1213 3266 1284 susceperit,
3291 1215 3574 1288 suscipiat

1919 1297 1978 1350 et
2006 1311 2133 1368 quae
2167 1301 2502 1368 sequentur,
2527 1302 2592 1353 ut
2621 1297 2721 1371 qui
2745 1317 2847 1372 pro
2878 1300 3243 1358 damonibus
3271 1301 3570 1362 Christum

1919 1381 2130 1439 dixerit
2171 1385 2550 1458 cruciﬁgi,ad
2602 1387 2760 1459 ipsos
2817 1405 3049 1462 quoque
3098 1389 3410 1446 dicendum
3443 1409 3572 1450 esse

1919 1472 2206 1544 suscipiat
2239 1491 2250 1528 :
2284 1473 2519 1546 Accipite
2545 1483 2599 1530 et
2623 1475 2780 1545 edite,
2796 1478 2894 1533 hoc
2921 1485 2999 1532 est
3017 1494 3210 1549 corpus
3238 1495 3440 1535 meum.
3458 1483 3564 1538 Et:

1918 1559 2110 1634 Accipe
2135 1569 2186 1618 et
2215 1562 2397 1628 bibite,
2417 1563 2506 1618 hic
2533 1571 2613 1620 est
2637 1567 2864 1636 sanguis
2891 1583 3043 1621 meus
3073 1567 3256 1634 (Marc.
3283 1571 3564 1638 xxv1,26).

1919 1647 1980 1704 Si
2010 1649 2166 1704 enim
2187 1653 2244 1705 et
2269 1667 2372 1723 pro
2400 1652 2765 1710 daemonibus
2786 1653 3176 1726 cruciﬁgetur,
3198 1660 3264 1710 ut
3285 1673 3562 1713 novorum

1919 1738 2260 1810 dogmatum
2291 1744 2546 1796 assertor
2565 1742 3009 1814 affirmat,quod
3040 1743 3150 1799 erit
3170 1745 3562 1819 privilegium,

1918 1830 2022 1882 aut
2051 1843 2177 1900 quae
2199 1826 2444 1895 ratio,ut
2473 1829 2583 1885 soli
2614 1829 2883 1886 homines
2913 1832 3137 1904 corpori
3171 1834 3298 1904 ejus
3328 1834 3566 1908 sangui-

1920 1914 2098 1987 nique
2135 1917 2591 1985 communicent,
2616 1921 2674 1974 et
2694 1935 2810 1975 non
2843 1919 3138 1976 daemones
3176 1937 3428 1994 quoque,
3461 1939 3566 1994 pro

1917 2003 2134 2076 quibus
2170 2003 2232 2059 in
2281 2004 2553 2077 passione
2606 2007 2954 2080 sanguinem
3004 2008 3258 2065 fuderit?
3289 2011 3401 2066 Sed
3459 2029 3565 2066 nec

1915 2091 2207 2148 daemones
2257 2093 2536 2149 audient:
2565 2095 2801 2168 Accipite
2835 2104 2888 2152 et
2930 2097 3094 2164 edite,
3123 2101 3214 2151 et:
3249 2099 3488 2170 Accipite.
3515 2107 3568 2155 et

1915 2181 2100 2246 bibite,
2119 2198 2224 2236 nec
2247 2181 2533 2238 Dominus
2563 2201 2670 2239 sua
2701 2190 2989 2256 praecepta
3017 2185 3311 2254 dissolvet,
3346 2186 3444 2258 qui
3477 2185 3563 2242 di-

1911 2269 2156 2342 scipulis
2187 2269 2268 2326 ait
2299 2287 2312 2326 :
2347 2271 2522 2328 Nolite
2549 2272 2680 2329 dare
2706 2281 2954 2328 sanctum
2983 2275 3228 2344 canibus,
3253 2293 3352 2329 nec
3389 2277 3566 2332 mitta-

1911 2359 1982 2414 tis
2010 2360 2342 2429 margaritas
2374 2367 2577 2416 vestras
2607 2369 2733 2417 ante
2754 2377 2965 2433 porcos,
2983 2379 3054 2418 ne
3080 2365 3218 2434 forte
3247 2363 3570 2421 condutcent

1910 2462 2001 2502 eas
2028 2446 2255 2518 pedibus
2281 2450 2420 2519 suis,
2441 2457 2495 2505 et
2525 2453 2772 2506 conversi
2789 2451 3138 2522 disrumpunt
3161 2469 3250 2508 vos
3279 2453 3481 2520 (Matth.
3505 2471 3560 2523 v,

1909 2535 1988 2604 6).
2019 2535 2167 2590 Nam
2199 2539 2257 2591 et
2285 2537 2598 2608 Apostolus
2627 2537 2893 2594 scribens
2926 2557 2939 2594 :
2975 2539 3107 2594 Nolo
3144 2556 3236 2594 vos
3275 2543 3563 2613 participes

1908 2623 2224 2681 daemonum
2247 2626 2372 2696 ﬁeri
2400 2625 2449 2698 (Ι
2477 2625 2596 2681 Cor.
2631 2644 2685 2691 x,
2709 2631 2786 2694 2).
2819 2628 2937 2683 Non
2981 2631 3199 2699 potestis
3231 2631 3385 2686 214
3433 2631 3565 2687 cali-

1908 2729 2024 2769 cem
2052 2713 2276 2769 Domini
2305 2714 2487 2770 bibere
2515 2723 2566 2770 et
2593 2716 2818 2771 calicem
2849 2717 3264 2786 dtemonorium,
3296 2735 3408 2774 non
3459 2735 3560 2792 po-

1909 2799 2076 2856 testis
2107 2817 2322 2858 mensze
2353 2803 2584 2859 Domini
2632 2804 2965 2876 participari
3015 2811 3072 2861 et
3101 2823 3315 2863 mensa:
3355 2808 3564 2864 daemo-

1909 2888 2164 2957 niorum,
2190 2888 2555 2962 impossibile
2587 2909 2714 2948 esse
2745 2893 3129 2961 demonstrat,
3162 2895 3456 2952 daemones
3487 2897 3560 2951 de

1908 2977 2086 3034 calice
2118 2977 2352 3034 Domini
2383 2979 2603 3047 bibere,
2619 2984 2676 3035 et
2705 2981 2777 3036 de
2808 2997 3013 3038 mensa
3042 2983 3171 3054 ejus
3202 2983 3556 3057 participari.

1905 3065 2084 3124 Cibus
2104 3065 2320 3123 diaboli
2343 3072 2649 3140 negatores
2664 3068 2765 3124 Dei
2790 3071 3224 3138 sunt,Habacuc
3247 3071 3517 3145 loquente
3541 3091 3555 3130 ε

1905 3156 2058 3214 Escae
2082 3157 2198 3230 ejus
2227 3157 2410 3214 electa?
2438 3156 2658 3229 (Hebae;
2694 3175 2732 3224 ι,
2767 3157 2876 3230 16).
2910 3159 3084 3214 Cibus
3117 3164 3312 3216 autem
3349 3161 3559 3234 impio-

1907 3262 2041 3302 rum
2071 3244 2337 3302 omnium
2369 3245 2740 3302 exsecrabilis
2771 3247 2896 3320 ipse
2937 3247 3228 3316 diabolus,
3262 3250 3559 3324 prophetae

145 3343 510 3404 damonibus
540 3357 607 3398 ac
636 3317 1014 3413 spiritalibus
1035 3317 1313 3408 nequitiis
1351 3337 1505 3409 apud
1555 3317 1798 3410 superos
1827 3317 1872 3386 C
1907 3332 2180 3390 vaticinio
2227 3339 2650 3407 concrepante:
2675 3317 2880 3392 Dedisti
2925 3353 3052 3393 eum
3113 3317 3293 3394 escam
3341 3317 3561 3412 populis

145 3433 508 3510 aﬁigendum
531 3428 715 3496 cruci,
739 3443 847 3483 nec
868 3425 1140 3498 intelligit
1161 3425 1218 3480 in
1242 3441 1417 3497 quam
1442 3425 1799 3498 profundum

145 3521 466 3598 impietatis
506 3521 752 3592 corruat
792 3513 1169 3572 barathrum?
1201 3513 1260 3569 Si
1315 3513 1475 3569 enim
1531 3513 1801 3573 Christus

146 3629 241 3687 pro
258 3608 615 3670 hominibus
637 3622 850 3680 passus
879 3604 1055 3660 homo
1085 3603 1275 3660 factus
1296 3607 1405 3670 est,
1439 3607 1505 3658 ut
1535 3603 1799 3676 Scriptu-

146 3717 344 3760 rarum
391 3700 695 3756 testantur
722 3693 973 3766 eloquia,
1005 3708 1370 3764 consequens
1412 3691 1522 3747 erit
1550 3695 1616 3748 ut
1645 3691 1802 3748 dicat

146 3789 460 3864 Origenes:
485 3786 558 3842 Et
587 3801 693 3858 pro
727 3780 1092 3839 daemonibus
1133 3797 1421 3854 passurus
1452 3779 1676 3836 daemon
1707 3779 1800 3836 fu-

143 3883 308 3937 turus
345 3880 458 3934 est.
477 3875 599 3932 Hoc
630 3871 788 3930 enim
819 3869 1166 3928 necessitate
1196 3873 1435 3942 cogetur
1473 3872 1540 3924 ut
1569 3869 1798 3937 inferat,

145 3985 212 4026 ne
239 3969 316 4026 ab
351 3983 419 4023 eo
441 3963 601 4038 quod
633 3961 808 4034 erepit
854 3959 1186 4030 discrepare
1225 3957 1493 4014 videatur
1518 3956 1797 4015 imitator.

142 4057 210 4116 Et
235 4055 328 4113 illi
359 4053 523 4111 enim
553 4050 784 4108 Christo
834 4046 1105 4104 similiter
1139 4045 1565 4118 loquebantur:
1587 4046 1800 4103 Daemo-

143 4147 294 4204 nium
326 4143 495 4200 habes
527 4139 731 4214 (Matth.
759 4155 838 4205 χι,
871 4137 1066 4205 18).Et
1098 4136 1203 4191 :In
1231 4133 1526 4191 Beelzebub
1551 4136 1802 4208 principe

145 4233 547 4294 dae-Inanimum
595 4227 756 4300 ejieis
810 4225 1086 4283 daemonia
1142 4223 1344 4296 (Matth.
1394 4241 1495 4290 xu,
1541 4223 1655 4295 24).
1688 4223 1799 4280 Sed

145 4323 292 4381 absit
323 4325 395 4378 ut
425 4337 531 4394 pro
562 4315 931 4373 daemonibus
960 4311 1227 4369 Christus
1257 4329 1468 4385 passus
1513 4311 1610 4378 sit,
1643 4329 1714 4368 ne
1741 4317 1802 4368 et

143 4411 260 4486 ipse
283 4411 525 4468 daemon
557 4407 680 4462 ﬁat.
695 4405 766 4460 Et
793 4402 894 4476 qui
923 4401 1034 4458 hoc
1064 4402 1330 4469 credunt,
1355 4418 1592 4457 rursum
1612 4399 1798 4457 cruci-

142 4499 329 4574 ﬁgunt
359 4502 419 4556 et
467 4493 730 4552 ostentui
775 4491 993 4548 habent
1023 4489 1236 4546 Filium
1267 4489 1390 4556 Dei,
1424 4489 1524 4562 qui
1575 4506 1800 4562 nequa-

139 4603 308 4661 quam
335 4591 406 4643 ut
438 4599 644 4642 semen
676 4579 920 4636 Abrahte
970 4577 1374 4651 apprehendit,
1407 4577 1489 4634 ita
1538 4580 1801 4634 assumat

139 4682 191 4734 et
217 4677 585 4743 daemonum,
610 4675 678 4726 ut
706 4686 810 4743 pro
842 4667 960 4725 illis
990 4682 1224 4756 quoque
1253 4665 1650 4738 crucifigatur.
1684 4666 1800 4722 Nec
1827 4688 1877 4756 Ι)

143 4765 436 4824 daemones
467 4778 574 4836 pro
609 4758 892 4827 se,Deum
921 4757 982 4812 in
1013 4755 1284 4829 passione
1314 4758 1636 4823 cernentes,
1662 4770 1798 4810 cum

143 4855 428 4929 propheta
457 4849 801 4908 clamabunt
832 4863 844 4902 :
879 4847 977 4901 llic
1000 4853 1216 4918 peccata
1244 4852 1431 4901 nostra
1462 4845 1716 4916 portavit,
1749 4850 1802 4900 et

142 4943 417 5017 pronobis
435 4939 610 5004 dolet;
634 4951 823 5008 neque
851 4950 988 4990 cum
1018 4933 1170 4988 Isaia
1199 4931 1396 4989 dicent
1427 4948 1440 4986 :
1473 4933 1663 4988 Livore
1683 4933 1799 5006 ejus

147 5035 328 5090 sanati
353 5047 551 5089 sumus
581 5027 708 5100 (Isa.
735 5040 852 5094 Lm,
875 5023 960 5093 5);
998 5039 1103 5079 nec
1125 5039 1228 5094 pro
1249 5021 1634 5094 daemonibus,
1647 5021 1802 5078 sicut

149 5137 248 5194 pro
270 5118 589 5178 hominum
610 5130 842 5190 genere,
861 5113 1021 5186 quasi
1043 5113 1157 5168 ovis
1188 5110 1432 5166 Christus
1481 5109 1706 5166 ducetur
1731 5109 1804 5166 ad

151 5211 446 5277 victinam;
491 5222 600 5262 nec
656 5219 762 5276 pro
813 5218 1016 5258 eorum
1077 5198 1265 5256 salute
1297 5199 1544 5263 dicetur,
1580 5200 1803 5271 proprio

153 5299 288 5356 Filio
317 5315 432 5355 non
455 5293 728 5370 pepercit;
760 5290 901 5363 quia
937 5305 1043 5346 nec
1091 5289 1384 5345 dzemones
1413 5287 1754 5343 clamabunt
1785 5303 1800 5343 :

158 5387 406 5444 Traditus
463 5392 547 5442 est
587 5398 690 5456 pro
731 5379 964 5453 peccatis
1008 5379 1230 5443 nostris,
1263 5385 1314 5433 et
1367 5377 1672 5432 resurrexit
1702 5392 1803 5448 pro

147 5478 540 5549 iustiﬁcatione
561 5478 770 5528 nostra.
806 5467 1022 5524 Paulus
1051 5466 1287 5539 quidem
1319 5465 1624 5538 perspicue
1661 5463 1804 5520 scri-

1907 3423 2249 3496 AEthiopibus
2259 3425 2431 3492 (Psal.
2447 3441 2594 3492 LXXI,
2611 3425 2718 3493 14).
2734 3425 2814 3480 Ex
2831 3425 3045 3498 quibus
3063 3427 3340 3484 omnibus
3359 3445 3569 3501 appro-

1908 3511 2100 3579 batur,
2116 3510 2413 3568 Christum
2437 3529 2540 3584 pro
2561 3513 2928 3570 daemonibus
2951 3531 3064 3570 non
3088 3532 3260 3588 posse
3275 3516 3560 3590 cruciﬁgi,

1911 3617 1982 3656 ne
2019 3601 2312 3656 daemones
2353 3601 2613 3674 corporis
2645 3607 2702 3657 et
2731 3602 3038 3674 sanguinis
3071 3604 3202 3674 ejus
3248 3604 3560 3678 participes

1910 3689 2072 3744 ﬁant.
2087 3689 2232 3745 Cum
2253 3707 2390 3762 ergo
2411 3695 2467 3746 et
2481 3691 2794 3762 Apostolus
2825 3692 2895 3746 de
2913 3691 3207 3748 Salvatore
3230 3693 3514 3766 signiﬁcet
3542 3713 3556 3750 :

1909 3778 2017 3834 Hoc
2043 3780 2193 3835 enim
2217 3779 2348 3850 fecit
2377 3781 2542 3834 semel
2585 3781 2824 3851 seipsum
2853 3781 3081 3852 σῇσι-6ης
3109 3782 3291 3850 (Hebr.
3315 3800 3414 3850 vn,
3440 3783 3552 3854 27),

1911 3870 1970 3923 et
1999 3866 2276 3940 Origenes
2297 3871 2416 3922 tam
2438 3867 2738 3922 audaciter
2766 3867 2924 3923 illius
2956 3869 3252 3924 sententiae
3271 3871 3558 3926 contradi-

1911 3960 2272 4028 cat,tempus
2301 3960 2388 4010 est
2417 3954 2562 4010 illud
2587 3955 2798 4011 inferre
2831 3972 2844 4010 :
2884 3958 3064 4026 Terra,
3088 3964 3254 4024 terra,
3273 3965 3554 4023 terra,au-

1907 4044 1968 4101 di
1985 4047 2209 4101 verbum
2237 4045 2474 4110 Domini,
2487 4045 2664 4100 scribe
2681 4046 2862 4099 virum
2889 4046 3055 4101 istum
3079 4045 3390 4102 abdicatum
3417 4051 3553 4116 (Jer.

1908 4137 2068 4199 χχιι).
2091 4132 2198 4200 Qui
2221 4132 2378 4188 enim
2403 4131 2668 4188 infernus
2689 4131 2809 4188 hzec
2833 4133 2989 4188 mala
3007 4135 3302 4206 suscipere
3328 4137 3557 4208 potest?

1909 4221 2011 4294 qui
2059 4223 2340 4278 Tartarus
2389 4222 2459 4277 de
2505 4222 2680 4278 rebus
2732 4221 3060 4278 istiusmodi
3109 4224 3401 4294 cogitare?
3429 4243 3556 4297 quae

1909 4310 2216 4384 gigantum
2238 4309 2468 4366 insania
2489 4316 2609 4366 tam
2633 4309 2865 4366 rebellis
2885 4311 3190 4382 cxstitit,et
3212 4316 3428 4368 turrem
3453 4313 3558 4369 im-

1909 4399 2473 4475 pietatisexstruxit?
2489 4417 2616 4472 qua:
2630 4398 2809 4455 libido
2823 4399 3212 4468 lasciviens,et
3224 4402 3553 4458 daemonum

1910 4505 2108 4546 amore
2137 4487 2460 4560 deperiens,
2487 4487 2570 4544 sic
2605 4488 2872 4544 universo
2917 4489 3174 4560 dogmati
3225 4491 3553 4546 transeunti

1911 4575 2312 4633 divaricaverit
2342 4592 2514 4632 crura
2542 4575 2755 4632 mentis
2788 4577 2946 4632 suae?
2975 4577 3116 4643 Quis
3157 4577 3454 4634 intentum
3487 4579 3558 4635 de

1909 4665 2266 4722 Sodomitica
2291 4666 2461 4722 vinea
2489 4665 2658 4732 bibit,
2690 4670 2757 4722 ut
2801 4666 3124 4724 inebriatus
3167 4667 3302 4724 vino
3345 4667 3558 4724 furoris

1908 4755 2038 4827 ejus
2065 4756 2185 4810 toto
2215 4754 2388 4810 corde
2418 4754 2773 4810 conciderit?
2805 4755 2946 4822 Quis
2993 4756 3442 4829 Babyloniorum
3475 4756 3556 4812 ita

1907 4843 2219 4900 ﬂuminum
2249 4843 2580 4917 gurgitibus
2629 4843 2904 4917 irrigatus
2953 4845 3111 4901 vivos
3161 4845 3336 4901 Israel
3367 4845 3556 4902 fontes

1906 4931 2180 5004 reliquit?
2208 4931 2341 5005 quis
2371 4931 2675 5004 egrediens
2695 4933 2766 4988 de
2802 4933 3126 4989 Jerusalem
3163 4937 3220 4988 et
3245 4934 3552 4988 Jeroboam

1909 5020 2013 5077 filii
2043 5021 2269 5078 Nabath
2306 5020 2568 5078 imitator
2597 5021 2872 5086 existens.
2894 5027 2978 5078 tot
3009 5040 3270 5079 errorum
3302 5021 3550 5076 fabrica-

1907 5114 2007 5166 tus
2035 5109 2243 5166 altaria
2265 5113 2373 5177 est,
2397 5113 2455 5165 et
2485 5127 2718 5166 ararum
2752 5111 2994 5182 profana
3021 5111 3192 5165 thura
3210 5108 3554 5164 succendit?

1911 5199 2029 5255 Cur
2057 5197 2282 5254 Dathan
2313 5201 2368 5254 et
2405 5198 2757 5270 Abiron,qui
2802 5200 3030 5254 minora
3068 5201 3402 5270 pcccarunt,
3437 5215 3552 5253 non

1910 5287 2146 5344 venient
2173 5292 2307 5343 ante
2335 5286 2592 5343 tribunal
2625 5287 2942 5353 Christi,ut
2971 5285 3060 5341 sui
3093 5301 3224 5340 eum
3259 5303 3557 5358 compara-

1908 5376 2067 5432 tione
2109 5375 2631 5447 condemnent,qui
2677 5379 2839 5430 extra
2885 5373 3202 5429 Ecclesium
3236 5375 3552 5433 Salvatoris

1909 5463 2203 5522 variarum
2261 5463 2657 5520 doctrinarum
2715 5461 3016 5516 thuribula
3071 5463 3356 5520 diabolico
3421 5464 3556 5539 igne

156 5564 242 5621 hit
268 5583 284 5621 :
323 5563 549 5622 Tradidi
573 5563 727 5618 enim
747 5559 900 5616 vobis
929 5558 992 5614 in
1016 5557 1216 5629 primis
1265 5554 1404 5628 quod
1445 5555 1642 5626 accepi,
1675 5554 1808 5626 quia
1915 5551 2258 5625 complevit?
2289 5552 2486 5623 Neque
2515 5551 2671 5606 enim
2703 5549 2988 5604 Dominus
3019 5550 3118 5623 qui
3163 5550 3424 5624 loquitur
3451 5569 3555 5624 per

159 5651 400 5708 Christus
430 5658 679 5708 mortuus
726 5653 805 5704 est
845 5661 945 5718 pro
988 5644 1219 5716 peccatis
1259 5642 1460 5698 nostris
1512 5640 1810 5697 secundum
1916 5639 2300 5714 prophetam:
2333 5641 2443 5708 Ego
2498 5639 2732 5693 visitmes
2786 5638 3177 5711 multiplicavi.
3223 5650 3274 5698 et
3329 5644 3388 5697 in
3433 5659 3552 5696 ma-

159 5741 466 5816 Scripturas
491 5743 549 5812 (1
575 5739 697 5796 Cor.
729 5735 846 5807 xv).
877 5733 1014 5791 lllas
1045 5733 1105 5788 in
1137 5730 1541 5788 testimonium
1571 5746 1804 5799 vocans,

1917 5731 2079 5786 nibus
2123 5727 2508 5800 prophetarum
2562 5727 2899 5783 assimilatas
2955 5746 3079 5784 sum
3132 5730 3272 5798 (Ose.
3324 5748 3400 5795 x1,
3442 5732 3555 5800 10),
