4020 6464
455 393 580 461 279

1393 390 1775 456 HINGMARI
1823 383 2272 454 RHEMENSIS
2317 385 2916 450 ARGHIEPISCOPI

457 525 819 589 adulterinas
841 541 977 582 eum
1007 525 1208 584 docuit
1235 527 1494 600 proferre
1523 525 1838 593 doctrinas,
1871 539 1978 579 nec
1999 520 2098 594 qui
2127 519 2189 589 Α,
2213 538 2328 578 non
2359 519 2610 594 perdidit
2634 519 2725 577 vel
2757 521 3039 593 dejectus.
3076 541 3105 572 »
3129 519 3202 576 Et
3227 519 3370 577 item
3397 517 3459 576 in
3485 519 3686 577 Edicto
3716 519 3844 578 civi-

459 632 496 672 a
522 614 810 688 principio
842 615 954 688 ipsi
983 615 1278 683 viderunt,
1311 620 1370 672 et
1401 615 1655 672 ministri
1687 615 1924 670 fuerunt
1952 611 2115 669 verbi

459 703 584 760 Dei.
617 703 732 760 Nec
761 704 1181 777 prophetarum
1211 705 1564 777 cborus,qui
1595 703 1735 761 olim
1757 703 2114 759 vocabantur

455 791 756 861 Videntes,
790 791 911 849 hac
936 809 1072 850 eum
1097 793 1353 850 instituit
1383 809 1396 849 :
1433 793 1534 850 sed
1562 792 1688 866 ipse
1727 809 1846 848 suae
1895 790 2112 847 mentis

456 880 702 945 arbitrio
723 880 905 938 furori
927 881 1260 938 daemonum
1283 879 1564 948 serviens,
1580 883 1637 936 et
1655 879 1870 936 blando
1891 877 2111 951 cogita-

461 968 696 1033 tionum
727 985 922 1026 errore
951 969 1250 1042 deceptus,
1286 986 1543 1043 gregem,
1569 973 1645 1036 et,
1669 973 1737 1024 ut
1780 967 1865 1024 ita
1895 967 2108 1034 dicam,

461 1074 705 1116 examen
738 1059 1078 1131 dogmatum
1109 1075 1514 1130 perversorum
1543 1074 1646 1131 per
1691 1061 1880 1114 totum
1911 1057 2110 1113 orbem

457 1145 709 1204 immisit
738 1147 1036 1204 mentibus
1065 1147 1456 1204 iddoctorum.
1475 1147 1588 1204 Iste
1618 1151 1707 1203 est
1736 1146 1835 1219 qui
1855 1145 2111 1218 Assyriis

457 1234 915 1308 Babyloniisque
945 1235 1289 1292 ﬂuminibus
1321 1237 1549 1309 aperuit
1577 1253 1642 1293 os
1671 1252 1868 1303 suum,
1891 1235 1990 1308 qui
2014 1251 2112 1290 na-

453 1340 585 1385 vem
607 1323 898 1392 Ecclesiae,
914 1325 1205 1382 bonarum
1228 1325 1508 1382 mercium
1533 1324 1766 1398 plenam
1786 1323 1996 1380 salutis
2016 1324 2112 1379 do-

455 1411 943 1479 trinaa,ﬂuctibus
964 1413 1190 1485 operire
1237 1418 1483 1471 conatus
1512 1414 1779 1481 est,dum
1818 1413 2112 1486 imperito-

457 1517 592 1562 rum
608 1499 782 1558 laude
802 1501 1097 1558 sustollitu
1107 1507 1213 1571 r,et
1224 1503 1661 1575 Scripturarum
1681 1519 1922 1559 sensum
1944 1502 2112 1557 aliter

458 1605 639 1662 quam
674 1607 736 1647 se
767 1589 943 1648 habet
965 1591 1177 1648 veritas
1201 1591 1550 1659 cdisserens,
1569 1591 1855 1665 gloriatur
1881 1591 1939 1646 in
1971 1608 2110 1647 con-

455 1677 704 1736 fusione.
721 1677 864 1746 Quis
885 1678 1042 1735 enim
1063 1684 1185 1735 tam
1210 1679 1670 1736 innumerabiles
1686 1685 1744 1736 et
1763 1680 2030 1752 garrulos
2051 1683 2111 1735 et

451 1765 823 1827 verbositatis
855 1771 1032 1840 atque
1065 1767 1368 1840 imperitiae
1401 1767 1605 1841 plenos
1646 1767 1993 1841 conscripsit
2037 1768 2106 1822 1i-

2221 610 2332 666 bus
2365 610 2642 667 Romanis
2691 608 2984 682 proposito
3015 609 3178 682 (libro
3207 625 3284 678 χι,
3315 611 3470 682 epist.
3491 609 3581 680 3):
3605 632 3636 662 «
3661 609 3842 666 Perve-

2221 699 2328 766 nit,
2360 699 2570 771 inquit,
2605 700 2676 754 ad
2720 715 2813 754 me
2861 698 3148 771 quosdam
3196 699 3565 772 presbyteros
3609 699 3844 770 perversi

2221 787 2467 860 spiritus
2495 787 2782 853 homines,
2804 805 2981 860 prava
3009 785 3162 842 inter
3186 803 3288 843 vos
3318 786 3536 860 aliqua,
3569 793 3628 842 et
3647 793 3844 845 sancta)

2220 877 2354 934 ﬁdei
2385 878 2626 934 adversa
2655 877 2998 944 seminasse,
3029 876 3112 933 ita
3139 880 3203 932 ut
3231 876 3326 932 die
3355 876 3594 933 Sabbati
3639 875 3843 950 aliquid

2220 966 2446 1039 operari
2478 966 2872 1038 prohiberent.
2901 967 3056 1031 Quos
3071 964 3214 1038 quid
3236 965 3395 1022 aliud
3429 965 3542 1021 nisi
3573 965 3842 1022 Antichri-

2221 1055 2294 1112 sti
2327 1056 2738 1128 praedicatores
2767 1055 3032 1124 dixerim,
3064 1056 3166 1128 qui
3194 1055 3433 1112 veniens
3464 1055 3619 1112 diem
3650 1055 3846 1111 Sabbaa

2219 1149 2346 1202 tum
2369 1150 2544 1218 atque
2563 1146 2931 1201 Dominicum
2955 1145 3028 1200 ab
3049 1145 3208 1201 omni
3231 1143 3404 1200 faciet
3423 1159 3598 1217 opere
3616 1143 3847 1200 custodi.

2219 1233 2307 1289 ri?
2338 1235 2484 1301 Quia
2505 1233 2662 1290 enim
2697 1234 2846 1290 mori
2886 1251 2948 1290 se
2986 1238 3044 1290 et
3081 1249 3390 1307 resurgere
3409 1232 3729 1300 simulabit,
3759 1233 3844 1290 hei

2219 1323 2340 1380 beri
2372 1323 2430 1378 in
2461 1324 2829 1380 veneratione
2857 1322 2982 1378 vult
3001 1322 3156 1378 diem
3185 1322 3559 1379 Dominicum
3594 1338 3608 1380 :
3640 1327 3696 1379 et
3722 1321 3844 1394 quia

2216 1412 2522 1469 Judaizare
2549 1413 2833 1486 populum
2863 1411 3190 1485 compellet,
3223 1416 3290 1468 ut
3317 1411 3660 1468 exteriorem
3683 1411 3842 1468 ritum

2218 1500 2364 1574 legis
2395 1507 2638 1568 revocet,
2669 1506 2729 1557 et
2757 1501 2868 1558 sibi
2897 1502 3235 1558 Judaorum
3266 1500 3575 1574 perﬁdiam
3621 1501 3842 1568 subdat,

2218 1589 2328 1646 coli
2359 1589 2485 1646 vult
2515 1591 2858 1646 Sabbatum.
2891 1612 2920 1641 »
2951 1591 3021 1646 Et
3071 1590 3226 1646 Beda
3273 1589 3332 1646 in
3377 1589 3668 1648 Chronica
3703 1607 3842 1647 sua:

2219 1702 2248 1730 ‹‹
2281 1680 2353 1735 Et
2378 1679 2517 1746 vidi,
2551 1679 2762 1752 inquit,
2778 1681 2848 1735 de
2880 1679 3027 1735 mari
3061 1679 3308 1736 bestiam
3347 1679 3775 1746 ascendentem,
3797 1683 3848 1737 et

2215 1769 2376 1824 dedit
2404 1767 2488 1823 illi
2516 1768 2690 1824 draco
2719 1769 2992 1825 virtutem
3023 1785 3193 1825 suam
3239 1773 3300 1825 et
3340 1771 3690 1841 potestatem
3737 1785 3846 1825 ma,

451 1855 672 1922 bros,et
692 1855 1041 1929 infatigabili
1063 1857 1260 1914 studio
1281 1857 1406 1914 dies
1437 1861 1752 1930 noctesque
1782 1857 2105 1930 conjunxit,
2138 1891 2194 1959 Β
2220 1875 2418 1930 gnam.
2453 1857 2516 1913 ld
2549 1861 2658 1924 est,
2689 1857 2806 1912 vidi
2839 1857 3137 1958 hominem
3167 1857 3472 1958 saevissimi
3523 1857 3758 1931 ingenii,
3785 1858 3847 1915 de

447 1948 516 2004 ut
533 1960 800 2006 errorum
815 1949 1200 2008 monumenta
1211 1946 1516 2003 dimittens
1529 1951 1850 2003 mereretur
1868 1947 2101 2002 audire:

2219 1947 2584 2003 tumultuosa
2613 1947 2928 2020 impiorum
2958 1945 3140 2019 stirpe
3169 1945 3564 2020 progenitum.
3599 1946 3701 2004 Cui
3732 1963 3848 2004 mox

450 2033 633 2090 Multis
656 2034 947 2091 itineribus
967 2037 1078 2092 tuis
1095 2035 1344 2108 deceptus
1363 2035 1605 2093 es.Usus
1633 2040 1723 2092 est
1757 2036 1915 2092 enim
1957 2037 2106 2092 duce
2213 2040 2371 2102 nato,
2404 2041 2461 2090 et
2489 2052 2593 2108 per
2621 2036 2880 2109 magicas
2903 2040 3059 2092 artes
3089 2053 3125 2092 a
3154 2034 3430 2108 pessimis
3475 2033 3707 2093 imbuto
3745 2051 3847 2092 ma-

452 2121 710 2195 pessimo
732 2139 878 2180 aura
911 2123 1201 2196 pepulari,
1227 2130 1284 2181 et
1332 2124 1604 2196 plurimis
1645 2125 1802 2180 falsae
1850 2125 2104 2182 scientiae
2211 2123 2433 2197 gistris,
2467 2126 2794 2199 adjungens
2824 2141 2888 2180 se
2918 2124 3206 2193 diabolus,
3241 2128 3424 2181 totam
3470 2124 3707 2182 virtutis
3741 2142 3845 2182 sue

451 2209 854 2274 voluminibus
883 2211 1238 2279 exaratis,ac
1255 2212 1454 2270 rebelli
1470 2218 1674 2270 contra
1694 2215 1876 2270 Deum
1908 2219 2104 2271 mente
2212 2214 2550 2284 potentiam,
2578 2231 2679 2286 per
2708 2231 2886 2286 quam
2917 2213 3147 2288 magica
3175 2213 3398 2270 caeteris
3429 2214 3709 2272 omnibus
3736 2231 3846 2271 ma-

451 2315 746 2373 pugnans,
771 2305 1072 2374 unguento
1097 2301 1422 2359 caelestium
1456 2301 1852 2359 doctrinarum
1876 2304 2099 2360 saniem

451 2388 772 2462 quamdam
791 2392 849 2445 et
869 2393 1137 2462 putorem
1159 2390 1252 2447 sui
1285 2390 1483 2447 fetoris
1522 2391 1935 2458 immiscuit,ut
1972 2411 2098 2448 rnr-

451 2495 584 2536 sum
609 2479 680 2534 ad
705 2495 873 2535 suam
895 2478 1156 2534 animam
1169 2479 1488 2536 diceretur:
1505 2481 1774 2537 Immuda
1801 2486 1859 2537 et
1877 2483 2101 2542 famosa

456 2571 517 2624 et
539 2565 725 2622 nimia
744 2567 1174 2640 iniquitatibus.
1198 2569 1397 2642 Neque
1417 2569 1571 2626 enim
1594 2571 1876 2644 propheta
1894 2573 2099 2629 audire

449 2657 602 2716 215
633 2655 816 2714 voluit
841 2663 1313 2714 commonentem
1347 2675 1360 2714 :
1394 2665 1582 2734 Quare
1610 2660 1844 2732 diligitis
1881 2664 2094 2718 vanita-

447 2753 652 2813 τέκωσι
697 2747 950 2820 quaeritis
1003 2747 1384 2804 mendacium?
1410 2749 1581 2818 (Psal.
1631 2767 1709 2815 ιν,
1749 2751 1804 2819 3)
1837 2749 1944 2816 Qui
1991 2768 2095 2822 pro

445 2833 818 2892 daemonibus
864 2833 1165 2892 Christum
1213 2837 1402 2909 afﬁgit
1447 2838 1627 2910 cruci,
1651 2841 1718 2894 ut
1746 2855 1860 2896 non
1903 2837 2092 2895 solum

445 2921 549 2981 Dei
579 2925 637 2978 et
667 2922 996 2990 hominum,
1031 2925 1132 2981 sed
1163 2925 1497 2982 daemonum
1529 2943 1762 3000 quoque
1809 2928 2097 2984 mediator

442 3011 566 3070 fiat.
597 3008 815 3069 Verum
852 3013 1006 3069 absit
1032 3017 1154 3070 tam
1183 3013 1442 3072 immane
1488 3016 1654 3072 nefas
1683 3017 1755 3071 de
1798 3016 2094 3074 Salvatore

441 3100 695 3168 credere,
727 3106 796 3158 ut
823 3101 1109 3174 templum
1141 3103 1401 3176 corporis
1433 3105 1545 3174 sui,
1580 3106 1735 3178 quod
1773 3121 1877 3178 pro
1924 3107 2093 3163 nobis

442 3189 730 3246 suscitare
759 3189 1033 3262 dignatus
1065 3196 1176 3256 est,
1211 3192 1562 3262 amissurus,
1597 3192 1756 3249 aliud
1796 3193 1908 3250 sibi
1938 3199 2090 3250 tem-

2202 2301 2336 2373 jora
2363 2308 2638 2377 patraret,
2672 2303 2952 2359 inviduus
2998 2319 3196 2360 comes
3243 2302 3461 2360 attulit.
3485 2303 3556 2360 Et
3589 2304 3726 2360 data
3768 2307 3848 2360 est

2210 2396 2487 2464 potestas,
2519 2393 2731 2465 inquit,
2765 2393 2848 2448 illi
2884 2393 3069 2449 facere
3115 2409 3352 2449 menses
3391 2394 3481 2464 42,
3512 2391 3575 2448 id
3605 2396 3712 2460 est,
3741 2397 3848 2450 tres

2208 2499 2394 2540 annos
2425 2487 2484 2538 et
2511 2481 2842 2538 dimidium.
2865 2483 3144 2538 Percussa
3166 2485 3364 2538 autem
3391 2479 3493 2538 illo
3508 2480 3852 2554 perditionis.

2207 2571 2480 2634 ﬁlio,sive
2510 2572 2581 2626 ab
2614 2571 2740 2643 ipso
2771 2571 3037 2638 Domino,
3063 2570 3182 2626 sive
3211 2587 3246 2626 a
3275 2569 3558 2627 Michaele
3607 2569 3838 2628 archan~

2205 2656 2438 2732 gelo,ut
2465 2656 2708 2730 quidam
2737 2658 2965 2723 docent,
2980 2661 3036 2712 et
3061 2659 3286 2714 internae
3315 2656 3536 2714 ultione
3555 2658 3840 2724 damnato,

2205 2764 2321 2804 non
2353 2747 2630 2803 continuo
2661 2747 2814 2804 216
2843 2745 2969 2802 dies
2990 2745 3200 2818 judicii
3231 2751 3544 2804 secuturus
3575 2763 3707 2804 esse
3732 2764 3844 2805 cre-

2203 2837 2431 2894 dendus
2474 2839 2584 2892 est.
2631 2835 2862 2908 Alioqui
2917 2837 3066 2892 scire
3114 2840 3355 2907 possent
3395 2835 3673 2894 homines
3699 2835 3845 2893 illius

2203 2925 2305 2982 aevi
2326 2930 2562 2996 tempus
2575 2923 2865 2996 judicii,si
2889 2929 3020 2996 post
3037 2929 3157 2980 tres
3177 2924 3357 2980 semis
3373 2941 3560 2982 annos
3573 2924 3844 2982 inchoatae

2201 3011 2624 3087 persecutionis
2677 3012 3019 3069 Antichristi
3069 3013 3378 3069 confestim
3429 3018 3786 3086 sequeretur.
3817 3035 3843 3062 ››

2200 3104 2269 3160 Et
2299 3106 2542 3159 sanctus
2576 3101 2978 3176 Hieronymus,
3011 3118 3306 3174 exponens
3353 3103 3710 3160 sententiam
3750 3103 3846 3159 Da-

2208 3191 2384 3248 nielis
2414 3209 2427 3248 :
2461 3214 2491 3244 «
2523 3191 2700 3258 Beati,
2745 3191 2958 3264 inquit,
2991 3190 3093 3264 qui
3141 3191 3442 3248 interfecto
3493 3191 3843 3248 Antichristo

446 3275 614 3350 plum
637 3259 968 3334 daemonicae
991 3279 1343 3336 conditionis
1364 3259 1663 3353 afﬁgat,ut
1692 3281 1927 3338 illorum
1957 3300 2094 3356 quo—
2128 3259 2185 3326 (ἶ-
2210 3299 2391 3354 supra
2416 3297 2606 3337 mccxx
2635 3279 2781 3346 dies,
2815 3259 2872 3336 id
2903 3259 3144 3336 est—tres
3163 3279 3346 3336 semis
3373 3297 3560 3338 annos
3609 3281 3734 3338 dies
3762 3281 3843 3343 45,

445 3381 560 3439 que
573 3370 806 3438 recepta
825 3365 1214 3424 similitudine
1233 3385 1335 3440 pro
1357 3369 1506 3441 ipsis
1524 3370 1852 3442 patibulum
1867 3371 2091 3428 subeat.

445 3453 720 3526 Obsecro,
746 3454 954 3511 fratres
1011 3455 1396 3524 dilectissimi,
1427 3461 1495 3513 ut
1543 3457 1862 3531 ignoscatis
1910 3460 2093 3516 dolori

443 3558 572 3598 meo
606 3541 893 3599 doctrinis
923 3543 1121 3616 impiis
1152 3545 1464 3601 resistenti.
1516 3547 1666 3602 Dum
1698 3548 1854 3604 enim
1901 3550 2092 3622 impu-

443 3630 701 3695 dentiam
727 3637 1080 3690 sectatorum
1112 3635 1241 3706 ejus
1271 3641 1632 3707 repercutere
1657 3636 1920 3704 nitimur,
1935 3657 2092 3694 com-

444 3735 658 3794 pagem
689 3719 880 3779 loricas
912 3721 1098 3794 ipsius
1125 3726 1184 3778 et
1209 3723 1474 3780 venenati
1493 3725 1743 3796 pectoris
1764 3725 2095 3784 fraudulen-

441 3807 556 3868 tias
577 3809 637 3866 in
664 3809 925 3867 medium
949 3811 1324 3884 protulimus,
1340 3818 1405 3868 ut
1425 3812 1568 3869 illud
1595 3831 1829 3887 quoque
1848 3815 2096 3888 complc-

440 3901 602 3958 retur
629 3898 690 3958 in
719 3916 786 3960 eo
811 3916 826 3956 :
851 3901 1108 3958 Rcuclabo
1159 3903 1524 3974 ignominiam
1549 3911 1717 3972 tuam,
1730 3912 1783 3960 et
1819 3905 2096 3961 ostendam

439 4003 560 4049 eam
587 3989 923 4047 amatoribus
949 3993 1057 4047 tuis
1086 3991 1298 4060 (Each.
1331 4009 1446 4058 xw,
1477 3993 1590 4061 37).
1625 4015 1654 4042 »

510 4077 592 4134 De
611 4077 968 4134 Antichristo
993 4084 1190 4135 autem
1227 4087 1466 4136 sanctus
1496 4080 1808 4151 Gregorius
1847 4081 1904 4136 in
1944 4082 2092 4139 libro

441 4163 750 4222 Moralium
769 4182 901 4221 xxxi
927 4169 1066 4239 (cap.
1081 4167 1293 4235 2)dicit
1315 4185 1328 4223 :
1354 4167 1544 4236 «Quia
1562 4186 1697 4241 ergo
1724 4187 1826 4241 per
1843 4171 2095 4227 undena-

439 4250 592 4308 rium
608 4269 919 4309 numerum
935 4255 1319 4329 transgressio
1331 4255 1642 4328 exprimitu
1653 4257 1804 4330 r,huj
1817 4277 1885 4314 us
1898 4259 2093 4315 bestiae

438 4357 620 4396 cornu
649 4341 957 4400 undecimo
988 4343 1114 4418 ipse
1142 4349 1348 4402 auctor
1362 4346 1849 4420 transgressionis
1871 4348 2096 4418 judica-

437 4430 722 4501 tur,quod
739 4429 1007 4488 videlicet
1018 4434 1326 4505 parvulum
1349 4434 1700 4508 oritur,quia
1722 4453 1904 4508 purus
1920 4437 2094 4492 homo

437 4522 773 4590 generatur,
791 4521 891 4577 sed
925 4521 1261 4578 immaniter
1279 4523 1508 4594 crescit,
1525 4523 1627 4596 qui
1647 4541 1835 4597 usque
1869 4526 1940 4580 ad
1964 4543 2096 4580 con-

2204 3369 2634 3442 praastolantur,
2669 3369 2890 3440 quibus
2917 3373 3006 3424 est
3051 3367 3338 3424 Dominus
3380 3373 3556 3441 atque
3599 3366 3846 3426 salvator

2201 3459 2262 3514 in
2293 3476 2402 3514 sua
2427 3457 2737 3528 majestate
2769 3461 3068 3513 venturus.
3101 3478 3130 3508 »
3164 3457 3236 3512 Et
3264 3455 3407 3528 item
3437 3457 3752 3529 Gregorius
3790 3456 3844 3512 in

2201 3565 2350 3603 xxxx:
2375 3545 2682 3602 Moralium
2715 3545 2860 3601 libro
2890 3547 3026 3617 (cap.
3064 3547 3152 3615 12)
3185 3562 3200 3601 :
3237 3567 3265 3598 ιι
3297 3545 3460 3612 Quod
3493 3561 3600 3618 per
3641 3544 3843 3602 Danie—

2203 3637 2318 3692 lem
2357 3634 2737 3707 subjungitur
2767 3651 2780 3690 :
2814 3635 2946 3690 Sine
2973 3652 3146 3691 manu
3188 3642 3492 3692 conteretur
3534 3635 3698 3706 (Dan.
3729 3651 3848 3700 vui,

2204 3726 2311 3799 15),
2343 3725 2452 3781 hoc
2498 3741 2602 3796 per
2649 3722 2895 3778 Paulum
2947 3723 3338 3795 exprimitur:
3373 3723 3544 3792 Quem
3585 3725 3848 3782 Dominae

2197 3818 2352 3874 Iesus
2380 3813 2667 3884 interﬁciat
2708 3814 2910 3884 spiritu
2958 3814 3069 3868 oris
3107 3814 3218 3880 sui,
3245 3820 3298 3868 et
3333 3811 3570 3870 destruet
3599 3814 3845 3871 iunctm-

2201 3905 2346 3959 tione
2373 3902 2632 3958 adventus
2659 3902 2751 3957 sui
2779 3901 2850 3970 (Il
2886 3903 3061 3956 Thess.
3085 3918 3124 3969 ι,
3149 3902 3224 3970 8).
3250 3900 3389 3956 Sine
3416 3917 3598 3958 manu
3631 3901 3852 3960 scilicet

2201 3995 2550 4056 conteretur,
2585 3989 2726 4062 quia
2753 4007 2870 4045 non
2901 3989 3242 4062 angelorum
3275 3988 3447 4059 bello,
3481 4006 3599 4046 non
3629 3994 3851 4051 sancto-

2202 4099 2334 4138 rum
2355 4078 2692 4144 certamine,
2727 4079 2826 4134 sed
2859 4094 2962 4150 per
2989 4078 3304 4134 adventum
3330 4077 3556 4150 judicia
3587 4078 3716 4136 solo
3735 4077 3848 4138 oris

2202 4169 2412 4243 spiritu
2444 4171 2660 4223 aeterna
2689 4171 2876 4222 morte
2905 4166 3165 4222 ferietur.
3200 4189 3230 4217 n
3262 4168 3333 4223 Et
3368 4167 3510 4224 item
3537 4167 3682 4240 (cap.
3717 4169 3801 4239 13)
3831 4183 3844 4220 :

2205 4282 2234 4310 «
2259 4259 2371 4315 Sed
2405 4255 2543 4329 quia
2573 4253 2746 4327 quale
2775 4255 2852 4310 sit
2906 4253 3245 4328 iniquorum
3271 4260 3450 4328 caput
3493 4256 3847 4324 audivimus,

2204 4365 2362 4404 nunc
2391 4345 2529 4400 huic
2553 4342 2726 4416 capiti
2758 4360 2886 4416 quae
2917 4344 3184 4400 membra
3213 4344 3548 4402 adhaereant
3567 4361 3847 4418 agnosce-

2205 4454 2358 4493 mus.
2387 4432 2664 4506 Quisquis
2695 4448 2942 4502 namque
2974 4431 3032 4487 in
3063 4431 3338 4505 superbia
3363 4431 3849 4508 extollitur,quis—

2203 4525 2337 4598 quis
2367 4523 2620 4579 avaritiae
2651 4519 2957 4576 desideriis
2985 4521 3300 4587 cruciatur,
3318 4521 3587 4594 quisquis
3608 4522 3850 4582 luxuria

431 4607 853 4697 jun_ctamqsibi
879 4609 996 4666 vim
1048 4612 1322 4682 angelica:
1371 4612 1732 4670 fortitudinis
1781 4615 2029 4686 proﬁcit.
2066 4637 2094 4665 ››
2124 4631 2172 4697 D
2202 4612 2604 4686 voluptatibus
2635 4610 2899 4676 solvitur,
2933 4610 3205 4683 quisquis
3251 4611 3484 4684 injustas
3525 4628 3594 4669 ac
3635 4612 3848 4672 immo-

438 4696 510 4754 Et
537 4695 680 4753 item
711 4695 850 4770 (cap.
888 4700 976 4768 i8)
1010 4715 1023 4754 :
1058 4723 1086 4750 «
1121 4700 1478 4773 Principium
1506 4702 1732 4756 viarum
1774 4703 1873 4758 Dei
1904 4703 2092 4758 Vehe-

439 4784 601 4842 moth
647 4785 863 4844 dicitur
894 4805 906 4844 :
942 4788 1081 4860 quia
1130 4789 1411 4846 nimirum
1441 4807 1576 4846 cum
1628 4797 1841 4848 cuneta
1887 4809 2093 4849 creans

437 4875 818 4948 ageret,hunc
838 4875 1099 4948 primum
1122 4878 1588 4952 condidit,quem
1611 4879 1855 4952 reliquis
1869 4880 2092 4952 angelis

437 4963 888 5024 eminentiorem
921 4965 1080 5023 fecit.
1109 4988 1138 5017 ››
1172 4966 1401 5024 Etitem
1433 4969 1572 5040 (cap.
1599 4968 1684 5040 12)
1718 4985 1731 5023 :
1767 4968 1966 5035 «Quid
1989 4987 2092 5024 au-

437 5054 557 5108 tem
577 5053 766 5110 cauda
783 5053 1108 5111 Vehemoth
1141 5054 1332 5125 istius,
1367 5057 1481 5114 nisi
1513 5056 1616 5112 illa
1639 5056 1867 5129 antiqui
1907 5056 2094 5114 hostis

437 5141 772 5201 extremitas
802 5143 1035 5212 dicitur,
1068 5161 1202 5200 cum
1236 5161 1338 5201 vas
1367 5145 1672 5218 proprium
1701 5145 1868 5200 illum
1901 5147 2092 5218 perdi-

435 5230 564 5284 tum
595 5229 891 5289 hominem
924 5233 1270 5306 ingreditur,
1303 5235 1404 5307 qui
1437 5233 1767 5306 specialiter
1792 5235 2086 5291 Antichri-

439 5317 568 5370 stus
598 5323 1010 5392 nuncupatur?
1041 5345 1068 5372 ››
1101 5324 1169 5378 Et
1199 5323 1337 5380 item
1387 5325 1526 5398 (cap.
1557 5322 1764 5392 eodem)
1796 5341 1808 5378 :
1857 5348 1886 5375 «
1919 5326 2086 5381 Tunc

436 5403 834 5462 Antichristus
855 5411 1058 5466 mundi
1089 5410 1336 5483 gloriam
1364 5411 1764 5484 temporaliter
1791 5411 2082 5479 obtinens,

439 5505 748 5550 mensuras
773 5495 1078 5554 hominum
1096 5506 1151 5555 et
1171 5501 1411 5557 honoris
1431 5499 1686 5556 culmine
1705 5503 1762 5556 et
1782 5501 2084 5573 signorum

438 5583 728 5653 potestate
761 5586 1136 5643 transcendit.
1171 5589 1425 5662 Spiritus
1457 5589 1673 5661 quippe
1725 5588 1784 5643 in
1833 5589 1931 5644 illo
1973 5594 2082 5657 cst,

438 5668 539 5741 qui
569 5668 628 5726 in
659 5671 1016 5730 sublimibus
1046 5678 1336 5743 conditus,
1371 5677 1688 5750 potentiam
1721 5681 1940 5734 natura:
1967 5694 2084 5734 suae

2203 4703 2414 4758 deratee
2446 4701 2543 4756 ira;
2570 4698 2768 4771 flagris
2800 4699 3043 4772 ignitur,
3074 4699 3214 4771 quid
3255 4699 3418 4756 aliud
3469 4717 3647 4772 quam
3681 4701 3848 4759 Anti-

2201 4791 2406 4847 christi
2435 4789 2604 4846 testis
2652 4788 2779 4843 est?
2813 4789 2881 4843 Et
2925 4787 2984 4842 in
3037 4787 3285 4861 epistola
3327 4788 3574 4846 Joannis
3602 4789 3850 4862 apostoli

2202 4879 2485 4951 scriptum
2544 4882 2677 4932 est:
2709 4878 2776 4933 Et
2827 4878 2971 4934 sicut
3021 4877 3253 4934 audistis
3309 4879 3441 4950 quia
3485 4879 3848 4938 Antichristi:

2201 4971 2395 5036 veniet,
2428 4975 2481 5024 et
2522 4983 2672 5022 nunc
2718 4967 3042 5023 Antichristi
3088 4968 3253 5023 multi
3299 4975 3431 5024 sunt
3456 4967 3504 5040 (Ι
3543 4969 3703 5026 Joan.
3745 4985 3846 5035 κη,

2204 5058 2312 5130 18).
2349 5079 2378 5108 »

2273 5145 2419 5202 Hinc
2463 5145 2809 5201 venerabilis
2858 5146 3160 5217 presbyter
3201 5146 3355 5202 Beda
3399 5147 3589 5203 dicit:
3625 5170 3654 5200 «
3683 5146 3846 5204 Anti-

2193 5235 2444 5292 christos
2474 5234 2616 5291 dicit
2645 5233 2972 5301 haereticos,
3003 5235 3106 5290 sed
3132 5238 3189 5291 et
3215 5234 3348 5291 illos
3377 5235 3500 5308 qui,
3537 5236 3716 5293 ﬁdem
3747 5253 3846 5294 ca-

2193 5323 2470 5380 tholicam
2501 5339 2680 5396 quam
2712 5323 3086 5389 conﬁtentur,
3119 5323 3404 5394 perversis
3433 5324 3662 5382 actibus
3709 5326 3846 5382 des-

2193 5418 2416 5468 truunt.
2454 5413 2616 5468 Unde
2645 5415 2876 5467 constat
2907 5411 3047 5482 quia
3074 5412 3474 5469 Antichristus
3518 5414 3846 5470 contrarius

2193 5501 2421 5558 Christo
2453 5507 2713 5558 vocatur.
2734 5500 2952 5556 Omnes
2982 5499 3066 5555 illi
3097 5502 3353 5558 maxime
3393 5502 3753 5560 Antichristo
3783 5502 3842 5558 in

2194 5591 2308 5645 ﬁne
2332 5589 2528 5646 saeculi
2558 5592 2799 5644 venturo
2846 5588 3016 5659 quasi
3065 5605 3170 5658 suo
3215 5589 3390 5662 capiti
3437 5589 3841 5647 testimonium

2194 5679 2465 5733 reddunt.
2486 5676 2648 5734 Sicut
2677 5681 2736 5732 et
2779 5676 2994 5732 Paulus
3023 5677 3167 5732 dicit
3196 5678 3335 5750 quia
3377 5681 3701 5751 mysterium
3720 5679 3840 5750 jam
