4020 6448
159 429 266 496 181

854 438 958 500 DE
998 439 1764 504 PRIEDESTINATIONE
1805 437 2322 509 DISSERTATIO
2365 447 2832 511 POSTERIOR.

3421 439 3547 516 ΞΜ

421 569 735 643 iniquitatis
765 572 840 638 (II
871 572 1053 630 Thess.
1085 591 1148 642 ιι,
1168 577 1248 643 7).
1272 575 1352 631 De
1373 576 1544 647 cujus
1573 591 1786 648 praeco-
1813 573 1873 644 Α
1899 577 2047 633 suis.
2081 580 2140 636 Si
2171 597 2397 652 omnes,
2421 585 2478 638 et
2506 581 2603 639 ille
2633 581 2809 640 homo
2837 582 2908 640 de
2937 573 3052 656 quo
3083 584 3296 658 agitur,
3320 585 3442 660 qui,
3474 589 3551 644 ut

159 657 320 714 uibus
345 658 559 714 iterum
606 661 890 734 scriptum
922 667 1013 719 est
1047 665 1169 720 :Ex
1195 665 1352 721 nobis
1397 667 1670 730 exierunt,
1696 665 1791 722 sed

155 762 255 804 seu
278 755 434 804 erant
458 761 532 804 ea:
559 750 718 806 nobis
747 751 796 822 (Ι
813 756 978 808 Joan.
1001 767 1064 818 ιι,
1090 753 1198 824 19).
1232 755 1358 809 Νοιι
1393 754 1550 809 enim
1580 755 1792 810 exeunt

153 836 294 894 fores
324 835 438 892 nisi
480 837 849 895 Antichristi.
883 840 1049 898 Unde
1091 845 1148 897 et
1185 843 1256 898 de
1293 843 1465 910 Juda,
1499 845 1789 916 prmcipuo

150 925 516 994 Antichristo,
541 927 726 984 totius
746 929 1028 1002 temporis
1051 947 1356 1004 usquequo
1379 931 1476 988 ille
1497 933 1790 990 maximus

151 1012 328 1070 veniat
353 1015 775 1084 Antichristus,
800 1018 1088 1090 scriptum
1117 1023 1207 1075 est
1237 1021 1373 1093 quia
1414 1023 1568 1077 misit
1599 1021 1788 1078 diabo-

151 1103 226 1159 ιω
253 1105 312 1159 in
337 1119 434 1159 cor
471 1104 635 1164 Iuda
661 1112 726 1162 ut
753 1105 985 1164 traderet
1011 1123 1156 1174 eum,
1189 1112 1246 1164 et
1294 1113 1425 1181 post
1471 1109 1785 1178 bucellam,

150 1193 386 1250 iuth
412 1194 475 1249 in
504 1206 630 1250 eum
658 1194 913 1262 Satanas,
933 1203 986 1252 et
1001 1197 1175 1254 exivit
1197 1199 1454 1254 continuo
1471 1201 1622 1267 (Luc.
1647 1216 1784 1267 χχιι,

149 1281 339 1355 3).οιιὶ
395 1281 726 1356 appellatus
785 1289 874 1341 est
929 1285 1090 1344 ﬁlius
1145 1288 1516 1360 perditionis,
1548 1289 1702 1344 sicut
1731 1293 1788 1344 et

149 1371 432 1428 maximus
460 1372 922 1430 Antichristus.»
947 1377 1017 1432 Et
1045 1377 1184 1432 item
1211 1393 1269 1433 :«
1299 1377 1484 1434 Judas
1515 1377 1790 1433 antichrio

149 1463 262 1517 stus
287 1460 538 1516 tradidit
563 1477 700 1518 eum
733 1463 832 1535 qui
862 1465 1144 1520 veraciter
1171 1465 1385 1522 dicitur
1412 1465 1700 1532 Christus,
1731 1470 1790 1522 et

147 1547 342 1606 colitur
385 1549 566 1618 Deus,
591 1550 694 1624 qui
741 1557 832 1608 est
880 1569 1058 1626 super
1102 1553 1302 1610 omnia
1351 1556 1696 1611 benedictus
1726 1555 1786 1610 in

147 1637 363 1695 sucula.
401 1637 510 1695 Ille
535 1644 758 1697 -autem
790 1640 850 1697 in
894 1647 1158 1714 tempore
1215 1660 1321 1700 suo
1377 1645 1704 1700 adversitur
1733 1648 1790 1700 et

145 1725 444 1783 extolletur
471 1743 652 1800 super
679 1746 854 1786 omne
883 1733 1039 1804 quod
1068 1731 1282 1788 dicitur
1308 1734 1482 1804 Deus,
1508 1738 1611 1790 aut
1630 1735 1786 1806 quod

145 1814 362 1888 colitur,
389 1816 478 1872 ita
516 1820 584 1872 ut
613 1817 674 1873 in
702 1819 920 1890 templo
951 1820 1051 1876 Dei
1081 1822 1299 1890 sedeat,
1322 1826 1626 1880 ostentans
1673 1823 1787 1880 sei-

142 1919 300 2010 psum
329 1905 506 1978 quasi
543 1906 672 2010 ipse
718 1908 1057 2010 sitvDeus.»
1093 1910 1174 1966 De
1202 1911 1314 1966 isto
1345 1917 1563 2010 autem,
1594 1913 1652 1968 id
1701 1919 1790 1970 est
1816 1945 1864 2010 Β

142 1993 296 2063 lude,
321 1999 466 2066 post
495 1995 686 2052 multa
715 1996 772 2052 in
806 1996 956 2054 libro
987 1999 1475 2071 Hypomnesticon
1509 2001 1567 2056 S.
1589 2003 1786 2074 Augu-

142 2081 318 2140 stinus
339 2081 495 2139 dicit
517 2099 566 2140 :«
591 2083 753 2142 Talis
770 2090 862 2142 est
883 2087 1278 2158 periturorum
1301 2089 1564 2145 omnium
1587 2107 1784 2159 causa,

147 2169 266 2228 licet
283 2171 470 2244 culpa
487 2171 568 2228 sit
586 2189 622 2228 a
639 2171 814 2246 culpa
832 2174 1158 2232 dissimilis.
1185 2198 1216 2226 ››
1236 2178 1305 2232 Et
1323 2177 1395 2234 de
1425 2177 1522 2234 illo
1543 2179 1788 2252 ejusque

147 2275 373 2334 corpore
406 2261 470 2317 S.
497 2261 814 2335 Gregorius
842 2262 903 2318 in
931 2263 1082 2320 libro
1112 2281 1288 2321 χχχιιι
1317 2267 1455 2338 (cap.
1481 2267 1567 2339 19)
1598 2269 1787 2324 Mora-

144 2347 273 2406 lium
313 2349 505 2408 dicit:
532 2370 560 2400 «
581 2353 650 2408 Et
688 2352 996 2410 videntibus
1051 2362 1276 2412 cunctus
1327 2358 1784 2430 praecipitabitur.

143 2437 370 2496 Cunctis
401 2439 564 2496 enim
596 2439 934 2498 videntibus
964 2441 1442 2516 praecipitabitur,
1471 2447 1608 2518 quia
1631 2450 1790 2503 aeter-

147 2543 212 2584 no
233 2532 375 2584 tunc
393 2527 606 2600 judice
633 2529 976 2586 terribiliter
995 2539 1329 2604 apparente,
1357 2536 1685 2592 astantibus
1706 2535 1787 2592 le-

145 2615 410 2688 gionibus
436 2617 804 2690 angelorum,
829 2619 1140 2676 assistente
1163 2626 1302 2678 tunc
1327 2623 1652 2680 ministerio
1683 2643 1788 2681 coe-

140 2705 358 2763 lestium
397 2711 787 2780 potestatum.
823 2713 999 2780 atque
1029 2710 1229 2768 electis
1269 2713 1545 2770 omnibus
1573 2715 1643 2771 ad
1679 2715 1789 2771 hoc

142 2795 536 2867 spectaculum
557 2795 847 2864 deductis,
864 2797 977 2854 ista
996 2797 1192 2855 bellua
1203 2800 1456 2858 credulis
1473 2807 1527 2857 et
1547 2804 1712 2860 fortis
1726 2803 1786 2860 in

141 2883 388 2941 medium
416 2883 652 2957 captiva
674 2885 1014 2949 deducetur,
1038 2891 1094 2942 et
1126 2904 1260 2944 cum
1291 2905 1398 2946 suo
1429 2907 1695 2964 corpore;
1728 2893 1786 2948 id

140 2977 356 3030 anteum
375 2973 651 3046 reprobis
665 2974 1790 3051 omnibus,zeternisgehennaeincendiis

139 3061 574 3135 mancipabitur
588 3078 724 3118 cum
749 3063 978 3120 dicetur
996 3081 1010 3118 :
1033 3067 1302 3124 Discedite
1319 3084 1352 3123 a
1369 3085 1474 3135 me,
1489 3070 1786 3140 maledicti,

139 3151 384 3222 iniquom
405 3150 507 3207 21
522 3153 561 3206 7
583 3154 979 3226 ωισνπαιηηαί
993 3162 1221 3226 paratus
1239 3163 1319 3212 est
1331 3155 1543 3215 diabolo
1562 3168 1614 3214 et
1630 3175 1790 3236 ange-

139 3237 334 3313 lisejus
355 3237 573 3314 (Matth.
595 3255 728 3305 xxv,
751 3241 896 3312 45)»
917 3241 1082 3299 Unde
1101 3243 1241 3316 quia
1261 3245 1435 3302 homo
1457 3246 1565 3302 erit
1586 3264 1786 3321 repro-

135 3308 309 3385 bus'et
326 3308 520 3400 caput
542 3308 948 3400 reproborum,
972 3308 1175 3387 eorum
1199 3331 1420 3389 scilicet
1447 3338 1504 3390 et
1533 3308 1783 3392 aliorum
1815 3308 1860 3376 δ

139 3415 530 3489 omnium,qul
550 3415 813 3472 abinitio
831 3419 1036 3474 mundi
1054 3436 1240 3492 usque
1257 3422 1326 3476 ad
1347 3423 1662 3480 adventum
1686 3425 1792 3481 Do.

144 3503 462 3578 mini,quos
483 3504 736 3561 istorum
755 3507 1116 3578 compositor
1138 3509 1552 3580 capitulorum,
1569 3512 1629 3566 in
1652 3530 1788 3584 sug-

133 3592 492 3666 gillationem
511 3595 1044 3658 nostram,a2ternis
1065 3597 1254 3668 poenis
1278 3599 1524 3655 traditos
1546 3600 1604 3655 in
1627 3602 1789 3657 testi-

135 3683 388 3740 monium
409 3682 788 3750 deduxit,sed
809 3688 866 3738 et
881 3701 1079 3739 eorum
1097 3684 1198 3757 qui
1215 3692 1346 3758 post
1359 3689 1670 3746 adventum
1684 3691 1792 3747 Do-

135 3771 266 3827 mini
283 3788 486 3845 usque
499 3772 578 3827 ad
595 3772 774 3828 ﬁnem
797 3773 1002 3828 mundi
1024 3773 1083 3828 in
1103 3774 1446 3832 inﬁdelitate
1459 3782 1516 3832 et
1530 3794 1792 3850 perseve-

131 3861 269 3916 ranti
283 3859 614 3934 iniquitate
628 3861 704 3916 ad
719 3861 850 3932 ejus
869 3861 1246 3934 pertinebunt
1267 3866 1786 3935 eonsortium,cum
1840 3934 1848 3942 ο

133 3947 184 4004 in
197 3950 471 4022 proximo
487 3949 564 4006 de
587 3947 811 4005 eisdem
835 3950 1096 4022 reprobis
1116 3951 1216 4024 qui
1233 3953 1501 4010 catholici
1521 3957 1788 4015 doctores

131 4040 381 4096 sentiant
394 4038 754 4109 scribemus,
771 4038 1160 4112 quiscumque
1180 4041 1570 4100 calumniator
1589 4050 1787 4102 noster

132 4143 190 4184 se
203 4133 341 4186 ante
355 4144 429 4185 se
449 4131 718 4201 ponut,et
733 4132 933 4183 utrum
951 4145 1058 4185 nos
1078 4145 1181 4200 per
1193 4131 1618 4189 Antichristum
1638 4135 1785 4191 falsa

131 4217 440 4290 scripsisse
453 4215 650 4289 possit
669 4217 964 4274 revincere
980 4217 1256 4285 videat,et
1271 4219 1320 4276 si
1339 4221 1671 4280 defensores
1689 4227 1780 4280 at-

133 4321 234 4378 que
246 4308 562 4380 adjutores
572 4303 892 4362 catholicos
909 4305 1222 4379 magistros
1235 4313 1437 4364 contra
1450 4309 1616 4366 illum
1632 4311 1784 4369 inve-

131 4394 246 4452 nire
271 4413 394 4454 non
430 4393 824 4468 potuerimus,
849 4411 983 4450 cum
1011 4395 1270 4468 tripudio
1291 4398 1362 4453 de
1383 4399 1552 4454 nobis
1581 4399 1784 4456 trium-

131 4483 278 4554 phet.
302 4483 626 4542 Hominem
656 4481 892 4556 quippe,
922 4487 988 4538 ut
1017 4485 1430 4556 praemisimus,
1455 4491 1512 4542 et
1541 4493 1780 4544 sanctus

131 4569 338 4630 Paulus
353 4575 675 4630 etsanctus
687 4571 1000 4645 Gregorius
1013 4578 1071 4628 et
1085 4574 1272 4629 caeteri
1286 4574 1504 4646 quique
1517 4577 1780 4634 doctores

1898 668 2183 740 scriptum
2205 674 2314 737 est,
2342 671 2402 726 in
2435 688 2540 728 suo
2564 672 2800 729 nomine
2827 673 3020 729 veniet
3036 674 3448 732 Antichristus.
3470 677 3546 734 Et

1899 757 1948 814 si
1981 757 2200 831 aliquid
2251 759 2380 815 aliis
2413 762 2695 834 reprobis,
2729 761 2917 834 ipsius
2963 761 3187 821 scilicet
3237 763 3537 834 membris,

1898 845 2093 919 passio
2121 847 2334 905 Christi
2385 850 2652 919 contulit,
2676 867 2748 906 ne
2799 849 2974 924 capiti
3027 852 3351 926 denegavit,
3391 854 3544 911 sicut

1898 935 2315 994 catholicorum
2348 939 2653 995 sententiis
2682 940 3081 998 ostendemus.
3115 941 3306 998 Primo
3343 945 3540 1000 tamen

1897 1027 2099 1080 contra
2118 1027 2564 1098 compositorem
2587 1026 3074 1099 capitulorum,de
3091 1028 3308 1103 quibus
3326 1031 3538 1104 agitur,

1897 1113 1970 1168 de
1992 1117 2154 1185 parte
2176 1114 2350 1170 istius
2375 1113 2612 1188 capituli
2638 1116 2793 1188 quod
2816 1117 2972 1172 Deus
2992 1117 3217 1174 dederit
3236 1121 3544 1192 responde-

1896 1201 2112 1269 bimus,
2137 1208 2194 1258 et
2215 1208 2355 1258 tunc
2381 1220 2450 1260 ex
2470 1203 2673 1260 ordine
2693 1205 2764 1261 ad
2798 1207 3272 1278 respondendum
3299 1207 3392 1264 his
3414 1225 3541 1282 qua

1897 1295 2246 1362 sequuntur,
2271 1291 2397 1364 ipso
2423 1292 2667 1361 favente,
2693 1294 3154 1367 progrediemur.

1966 1378 2092 1434 Non
2123 1379 2207 1434 ita
2237 1379 2604 1453 scripsimus,
2628 1381 2782 1436 sicut
2805 1382 3152 1456 compilator
3177 1383 3288 1440 iste
3313 1401 3544 1459 compo-

1895 1467 2035 1534 suit,
2060 1472 2116 1522 ct
2134 1484 2316 1539 quare
2337 1469 2592 1541 capitula
2611 1485 2645 1525 a
2665 1470 2836 1526 nobis
2856 1474 3128 1544 excerpta
3154 1489 3368 1545 ponere
3391 1474 3544 1531 sicut

1896 1560 2038 1611 sunt
2067 1556 2285 1629 scripta
2314 1556 2590 1626 noluerit,
2612 1557 2740 1632 ipse
2759 1559 2986 1615 viderit.
3011 1561 3315 1618 Credimus
3343 1566 3539 1620 tamen

1896 1643 2034 1716 quia
2057 1646 2183 1715 jam
2232 1645 2377 1701 vidit
2407 1663 2442 1700 a
2470 1645 2790 1718 pictoribus
2822 1649 3057 1722 nigrum
3105 1649 3357 1707 colorem
3407 1651 3540 1710 albo

1895 1733 2283 1802 substratum,
2299 1738 2366 1790 ut
2385 1735 2541 1806 quod
2563 1740 2688 1791 erat
2708 1735 2971 1792 lucidum
2987 1755 3057 1794 ex
3073 1739 3366 1796 tenebrosi
3389 1758 3542 1798 com-

1895 1822 2194 1894 paratione
2215 1822 2430 1879 clarius
2448 1823 2769 1880 videretur:
2785 1828 2841 1880 et
2861 1825 2992 1882 ideo
3016 1825 3202 1883 noluit
3216 1827 3536 1898 veritatem,

1895 1927 1929 1965 a
1959 1910 2128 1967 nobis
2156 1912 2228 1967 de
2256 1911 2524 1968 veridicis
2563 1911 2900 1970 auctoribus
2939 1919 3258 1988 sumptam,
3281 1917 3538 1974 tenebris

1895 2000 2186 2056 mendacii
2217 2001 2310 2058 sui
2341 2017 2706 2074 componere,
2732 2019 2804 2058 ne
2825 2003 3022 2060 minus
3046 2003 3314 2062 incautos
3342 2005 3540 2064 fallere

1896 2089 2313 2162 praevaleret,et
2329 2089 2557 2146 facilius
2575 2091 2822 2146 mendax
2841 2089 3115 2148 ﬁdelibus
3129 2091 3536 2152 innotesceret.

1895 2177 2256 2250 Scripsimus
2286 2195 2538 2251 namque
2567 2179 2638 2234 de
2667 2178 2932 2252 Prosperi
2951 2179 3164 2249 verbis,
3185 2183 3243 2237 et
3264 2182 3452 2255 ipsius
3473 2201 3540 2240 ac

1895 2267 2144 2322 aliorum
2166 2266 2621 2323 orthodoxorum
2645 2267 2939 2334 sensibus,
2961 2286 3089 2342 cap.
3113 2270 3182 2326 4:
3210 2292 3238 2321 «
3271 2271 3540 2329 Christus

1893 2355 2067 2412 Jesus
2096 2355 2382 2412 Dominus
2412 2360 2611 2412 noster
2643 2356 2798 2412 sicut
2826 2356 3026 2413 nullus
3061 2357 3236 2416 homo
3263 2365 3375 2435 est,
3408 2360 3540 2436 fuit,

1893 2445 1980 2501 vel
2004 2445 2133 2513 erit,
2158 2447 2329 2516 cujus
2351 2449 2560 2500 natura
2580 2445 2639 2500 in
2663 2444 2763 2500 illo
2784 2451 3092 2520 assumpta
3111 2465 3225 2503 non
3249 2449 3439 2518 fuerit,
3458 2449 3542 2508 ita

1895 2535 2094 2590 nullus
2124 2538 2230 2602 est,
2264 2533 2394 2592 fuit.
2417 2533 2503 2589 vel
2534 2533 2645 2590 erit
2673 2534 2868 2602 homo,
2901 2551 3005 2608 pro
3036 2553 3152 2608 quo
3180 2555 3392 2610 passus
3421 2555 3538 2595 non

1895 2623 2090 2690 fuerit,
2115 2622 2248 2677 licet
2269 2639 2384 2676 non
2408 2638 2612 2677 omnes
2635 2621 2926 2694 passionis
2946 2625 3075 2695 ejus
3097 2621 3374 2700 mysterio
3397 2627 3542 2684 redi-

1896 2716 2153 2768 mantur.
2181 2711 2326 2776 Quia
2352 2727 2488 2766 vero
2534 2727 2738 2767 omnes
2767 2711 3057 2784 passionis
3087 2714 3215 2786 ejus
3263 2717 3538 2788 mysterio

1896 2819 2012 2856 non
2045 2799 2432 2868 redimuntur,
2457 2815 2571 2854 non
2611 2799 2849 2872 respicit
2878 2802 2950 2857 ad
2982 2802 3450 2876 magnitudinem
3482 2809 3541 2862 et

1896 2887 2066 2962 pretii
2093 2887 2518 2960 copiositatem,
2541 2888 2642 2942 sed
2665 2888 2736 2942 ad
2768 2887 3094 2945 inﬁdelium
3115 2894 3172 2946 et
3191 2893 3262 2948 ad
3286 2909 3399 2950 non
3421 2909 3539 2950 cre-

1895 2977 2160 3034 dentium
2182 2993 2251 3031 ea
2271 2975 2384 3030 ﬁde
2405 2991 2532 3048 quae
2563 2991 2667 3046 per
2695 2975 3064 3033 dilectionem
3098 2983 3392 3051 operatur,
3417 2998 3538 3039 res-

1896 3067 2038 3140 picit
2065 3069 2313 3138 partem,
2339 3062 2476 3136 quia
2507 3065 2660 3121 218
2701 3064 2979 3137 poculum
3011 3066 3282 3124 humanae
3303 3068 3536 3142 salutis,

1895 3155 2051 3228 quod
2080 3153 2406 3209 confectum
2437 3157 2527 3208 est
2550 3153 2620 3208 de
2649 3152 2992 3211 inﬁrmitate
3013 3159 3216 3212 nostra
3244 3161 3300 3213 et
3327 3155 3540 3216 virtute

1896 3244 2111 3310 divina,
2129 3241 2307 3298 habet
2330 3241 2567 3314 quidem
2590 3241 2648 3297 in
2673 3257 2736 3298 se
2755 3245 2822 3297 ut
2841 3243 3117 3300 omnibus
3139 3245 3345 3318 prosit,
3364 3247 3465 3303 sed
3488 3246 3538 3305 si

1897 3350 2014 3390 non
2046 3331 2270 3388 bibitur
2307 3347 2421 3386 non
2459 3331 2746 3386 medetur.
2771 3352 2800 3382 »
2835 3331 3002 3388 Paret
3031 3332 3171 3406 quia
3207 3333 3361 3390 sicut
3395 3334 3542 3392 dixit

1899 3439 2015 3478 non
2047 3420 2395 3493 scripsimus
2417 3423 2620 3475 contra
2647 3419 2791 3476 illud
2823 3420 3249 3494 propheticum,
3271 3421 3376 3480 Ero
3392 3441 3540 3482 mors

1897 3519 2011 3579 tua,
2043 3527 2072 3567 ο
2093 3525 2275 3575 mors;
2303 3525 2395 3564 ero
2433 3525 2646 3564 morsus
2697 3517 2841 3576 tuus,
2883 3511 3100 3582 inferne
3117 3511 3256 3584 (Ose.
3279 3529 3402 3584 xm,
3427 3513 3534 3586 14),

1897 3599 2176 3663 dicentes,
2203 3595 2342 3670 quia
2369 3614 2502 3651 vero
2541 3613 2744 3653 omnes
2782 3598 3074 3668 passionis
3104 3599 3232 3670 ejus
3261 3602 3538 3675 mysterio

1897 3707 2013 3745 non
2045 3687 2431 3752 redimuntur,
2466 3702 2580 3740 non
2613 3685 2849 3758 respicit
2878 3687 2949 3742 ad
2982 3688 3450 3762 magnitudinem
3479 3695 3540 3748 et

1896 3776 2067 3850 pretii
2087 3773 2510 3848 copiositatem,
2530 3774 2628 3829 sed
2654 3773 2726 3829 ad
2754 3773 3081 3830 inﬁdelium
3103 3779 3161 3831 et
3179 3777 3251 3832 ad
3275 3795 3390 3834 non
3411 3795 3536 3835 cre-

1897 3866 2162 3922 dentium
2193 3880 2262 3919 ea
2291 3863 2404 3917 ﬁde
2435 3879 2562 3934 quae
2592 3879 2696 3934 per
2725 3861 3092 3920 dilectionem
3123 3870 3418 3938 operatur,
3441 3885 3534 3925 re-

1895 3954 2066 4027 spicit
2092 3957 2338 4026 partem.
2363 3951 2560 4022 Neque
2601 3949 2758 4006 enim
2789 3954 3058 4008 sanctum
3097 3953 3441 4028 Gregorium
3472 3955 3533 4014 in

1893 4041 2135 4100 homilia
2151 4045 2241 4108 22,
2267 4039 2499 4112 quando
2521 4039 2642 4094 haec
2663 4038 3030 4112 scripsimus,
3053 4040 3268 4099 dixisse
3289 4043 3532 4100 nescivi-

1893 4149 2026 4188 mus
2045 4147 2095 4186 :«
2119 4131 2223 4186 Per
2244 4127 2394 4184 hanc
2415 4127 2636 4198 eclecti,
2651 4128 2749 4200 qui
2778 4129 3044 4201 quamvis
3065 4130 3126 4187 in
3150 4131 3535 4206 tranquillita-

1889 4221 1966 4278 tis
1989 4220 2144 4285 sinu,
2167 4223 2362 4274 tamen
2384 4216 2537 4290 apud
2561 4217 2771 4273 inferni
2793 4217 3048 4275 claustra
3064 4221 3431 4291 tenebantur,
3459 4224 3533 4280 ad

1889 4307 2147 4382 paradisi
2169 4324 2399 4362 ammna
2418 4305 2641 4362 reducti
2675 4314 2832 4362 sunt.
2855 4308 3025 4373 Quod
3041 4313 3176 4365 ante
3199 4311 3532 4382 passionem

1889 4397 2054 4464 dixit,
2069 4397 2128 4452 in
2153 4394 2577 4452 resurrectione
2597 4412 2705 4465 sua
2719 4395 2988 4452 Christus
3010 4395 3370 4470 implevit,Si
3384 4401 3534 4456 exal-

1888 4493 2029 4543 tatus
2070 4488 2224 4558 fuero
2253 4501 2289 4540 α
2315 4492 2480 4550 terra,
2504 4485 2692 4540 omnia
2738 4484 2953 4540 traham
2997 4485 3068 4540 ad
3111 4501 3199 4542 me
3222 4489 3406 4554 (Joan.
3429 4505 3530 4555 χιι,

1887 4577 1999 4644 32).
2032 4573 2242 4630 Omnia
2267 4571 2482 4628 etenim
2513 4573 2711 4639 traxit,
2737 4572 2837 4645 qui
2869 4573 2940 4629 de
2966 4571 3166 4631 electis
3213 4577 3338 4633 suis
3375 4579 3531 4651 apud

129 4659 288 4720 illum
312 4663 592 4718 futurum
612 4661 819 4717 dicunt
835 4666 898 4718 et
915 4678 1022 4717 nos
1043 4663 1419 4728 credimus,et
1435 4664 1680 4736 quilibet
1701 4684 1783 4722 re-
1810 4679 1858 4744 D
1887 4663 2106 4719 inferos
2135 4661 2362 4717 nullum
2395 4659 2645 4733 reliquit.
2669 4661 2880 4718 Omnia
2903 4662 3168 4732 abstulit,
3193 4666 3397 4738 utique
3425 4665 3535 4723 ele-

129 4749 452 4821 prehensor
469 4753 675 4806 noster
687 4750 973 4823 denegare
991 4766 1106 4806 non
1122 4750 1292 4808 volet.
1307 4753 1376 4808 Et
1396 4752 1443 4808 si
1461 4753 1635 4810 homo
1653 4755 1780 4825 erit,

126 4836 252 4896 licet
271 4839 518 4896 diabolo
539 4838 755 4896 comite
775 4838 1006 4912 plenus,
1020 4839 1080 4895 in
1102 4846 1390 4912 quantum
1414 4842 1587 4899 homo
1604 4861 1787 4916 quan-

127 4941 300 5000 quam
313 4929 614 5002 reprobus
630 4927 1118 4996 morietur.Quem
1138 4929 1785 5004 DominusJesus,sicut

127 5017 412 5090 scriptum
444 5021 558 5085 est,
577 5015 890 5072 interficiat
918 5017 1130 5089 spiritu
1159 5017 1278 5074 oris
1307 5020 1498 5088 sui,et
1523 5021 1784 5078 destruet

125 5101 522 5163 iBustratione
534 5105 822 5162 adventus
837 5105 930 5162 sui
950 5122 964 5160 :
979 5107 1214 5177 quando
1232 5107 1385 5164 sicut
1400 5108 1781 5184 fulgur,quod

125 5193 236 5250 exit
261 5195 342 5252 ab
373 5195 605 5252 oriente
634 5198 693 5251 et
732 5199 897 5266 paret
925 5195 986 5250 in
1017 5195 1335 5262 occidente,
1359 5197 1468 5253 erit
1496 5200 1781 5257 adventus

125 5279 306 5354 ipsius
329 5284 434 5341 Dei
457 5287 519 5340 et
538 5282 796 5340 hominis
815 5283 938 5340 ﬁlii.
954 5285 1024 5340 Et
1041 5284 1182 5357 quia
1197 5286 1478 5343 morietur
1491 5293 1776 5363 resurget,

126 5371 271 5428 sicut
317 5372 468 5429 item
525 5371 812 5444 scriptum
843 5377 935 5428 est
966 5391 980 5428 :
1012 5373 1092 5429 Ad
1121 5381 1171 5430 te
1207 5365 1385 5431 omnis
1435 5391 1559 5433 caro
1604 5381 1784 5434 veniet

128 5458 289 5530 (Paul.
319 5478 472 5527 Lxlv,
495 5462 577 5528 3),
599 5464 659 5516 et
694 5459 900 5516 videbit
925 5463 1102 5518 omnis
1133 5479 1276 5528 caro,
1302 5465 1453 5534 quod
1500 5482 1611 5520 non
1653 5466 1778 5521 sine

125 5549 321 5606 anima
349 5550 413 5606 in
433 5549 864 5607 resurrectione
886 5549 1007 5616 fiet,
1027 5551 1278 5606 salutare
1301 5553 1405 5606 Dei
1423 5553 1574 5620 (Luc.
1597 5571 1681 5620 ιιι,
1697 5554 1774 5624 6).

123 5637 204 5692 Ad
231 5639 412 5710 cujus
447 5639 791 5704 adventum,
825 5638 1148 5694 secundum
1187 5639 1360 5695 ﬁdem
1405 5640 1776 5709 catholicam,

125 5740 328 5784 omnes
360 5727 632 5786 homines
671 5741 976 5798 resurgere
1012 5727 1230 5783 habent
1269 5744 1402 5784 cum
1435 5730 1776 5802 corporibus

1893 4757 2006 4808 cta.
2025 4752 2224 4824 Neque
2243 4750 2457 4806 etenim
2481 4749 2750 4806 inﬁdeles
2761 4767 3046 4824 quosque,
3064 4755 3124 4808 et
3147 4769 3252 4826 pro
3269 4755 3395 4810 suis
3415 4755 3532 4810 ori-

1892 4840 2152 4897 minibus
2173 4839 2402 4895 aiternis
2419 4838 2724 4910 suppliciis
2743 4839 2991 4906 deditos,
3006 4841 3077 4896 ad
3098 4841 3326 4897 veniam
3343 4841 3534 4898 Domi-

1892 4947 2005 4987 nus
2017 4929 2372 5002 resurgendo
2384 4929 2696 5000 reparavit:
2712 4929 2813 4986 sed
2829 4929 2962 4987 illos
2973 4946 3041 4988 ex
3055 4930 3263 4987 inferni
3276 4931 3530 4987 claustro

1890 5019 2104 5092 rapuit,
2127 5035 2274 5090 quos
2306 5033 2445 5073 suos
2473 5015 2533 5072 in
2563 5018 2677 5074 fide
2703 5021 2763 5074 et
2789 5018 3019 5076 actibus
3047 5018 3396 5092 recognovit.
3413 5040 3441 5069 ι)
3461 5019 3533 5076 Et

1889 5107 2028 5164 hinc
2049 5106 2326 5173 diximus,
2346 5108 2476 5179 quia
2495 5108 2592 5180 qui
2615 5123 2728 5164 non.
2757 5108 3122 5175 redimuntur,
3142 5124 3254 5164 non
3273 5107 3343 5164 ad
3368 5111 3534 5174 pretii

1888 5199 2272 5270 copiositatem,
2294 5196 2388 5252 sed
2413 5196 2484 5251 ad
2521 5197 2830 5268 inﬁdelium
2868 5199 3090 5269 respicit
3125 5204 3356 5269 partem.
3384 5197 3532 5254 Sub~

1886 5285 2152 5359 sequitur
2178 5289 2418 5340 sanctus
2449 5284 2762 5357 Gregorius
2784 5301 2834 5339 εκ
2857 5285 3018 5340 Unde
3044 5288 3197 5340 recte
3221 5285 3397 5342 etiam
3428 5303 3534 5361 per

1887 5376 2030 5432 Osee
2059 5374 2234 5431 dicit:
2266 5375 2372 5430 Ero
2399 5390 2547 5430 mors
2576 5382 2690 5439 tua,
2721 5389 2752 5430 0
2780 5391 2945 5431 mors.
2979 5395 2999 5424 ιο
3031 5375 3112 5429 Ac
3144 5374 3194 5430 si
3225 5380 3422 5450 aperte
3450 5377 3533 5433 di-

1885 5468 1980 5521 cat
2013 5480 2026 5518 :
2057 5464 2203 5530 Quia
2233 5464 2290 5518 in
2323 5463 2520 5518 electis
2559 5463 2705 5516 meis
2753 5465 2807 5517 te
2859 5462 3126 5534 funditus
3172 5464 3415 5538 perimo,
3438 5483 3532 5525 ero

1883 5568 2096 5610 morsus
2133 5559 2278 5618 tuus,
2309 5553 2545 5622 inferne,
2577 5550 2716 5622 quia
2757 5550 3008 5608 sublatis
3035 5552 3120 5610 eis
3147 5557 3206 5612 te
3251 5571 3321 5611 ex
3368 5561 3532 5628 parte

1885 5642 2187 5713 transﬁgo.
2208 5641 2275 5696 Et
2297 5639 2436 5695 hinc
2465 5639 2722 5694 diximus
2747 5654 2760 5694 :
2785 5641 2986 5698 Nullus
3012 5643 3168 5700 homo
3194 5652 3274 5702 est
3295 5661 3396 5718 pro
3427 5660 3534 5717 quo

1886 5729 2132 5786 Christus
2157 5745 2354 5802 passus
2380 5744 2491 5784 non
2520 5729 2709 5801 fuerit,
2743 5730 2867 5788 licet
2901 5748 3014 5790 non
3049 5749 3234 5791 manes
3259 5735 3532 5806 passionis
