4020 6446
485 415 606 482 283

483 639 733 714 psimus,
757 656 873 694 non
907 638 1305 712 ignoravimus
1328 643 1601 694 sanctum
1631 636 2052 711 Augustinum,
2079 637 2138 692 in

480 727 758 801 Catalogo
776 727 1070 783 haereseon
1088 727 1158 782 ad
1177 726 1646 794 Quodvultdeum
1668 725 1980 782 diaconum
2001 725 2139 782 scri-

481 821 603 892 pto,
631 814 984 889 octogesimo
1015 813 1140 871 loco
1184 814 1454 871 haeresim
1497 813 1880 888 descripsisse
1917 815 1988 871 de
2019 831 2138 887 qua

483 905 630 963 dicit
651 923 700 961 :«
721 905 826 960 Est
854 903 1115 969 haeresis,
1142 920 1267 976 quae
1298 903 1440 959 dicit
1469 903 1857 960 descendente
1883 903 1952 958 ad
1986 902 2132 959 infe-

481 1010 579 1050 ros
609 992 842 1049 Christo
872 991 1189 1048 credidisse
1227 991 1578 1059 incredulos,
1601 995 1658 1047 et
1687 1008 1891 1048 omnes
1927 990 2132 1047 exinde

478 1080 774 1138 liberatos.
805 1103 832 1130 ››
855 1081 925 1136 Et
953 1078 1342 1135 venerabilem
1387 1080 1794 1153 presbyterum
1823 1081 2039 1136 Bedam
2071 1081 2130 1136 in

478 1169 836 1244 expositione
867 1169 1066 1241 prima:
1099 1168 1370 1242 Epistola:
1405 1169 1554 1224 Petri
1579 1173 1719 1241 (cap.
1743 1171 1797 1240 3)
1823 1169 2130 1241 scripsisse

478 1259 732 1333 legimus
749 1275 798 1313 :«
819 1257 1067 1324 Quidam
1089 1257 1245 1312 hunc
1265 1257 1458 1312 locum
1483 1257 1563 1312 ita
1584 1257 2001 1330 interpretatus
2017 1262 2128 1326 est,

478 1347 634 1420 quod
656 1345 1114 1403 consolationem
1135 1344 1394 1411 illam,de
1414 1362 1530 1418 qua
1549 1345 1692 1400 dicit
1712 1345 1992 1417 apostolis
2015 1347 2124 1402 Do-

477 1437 698 1507 minus,
721 1435 876 1496 Multi
900 1435 1182 1508 prap/ielaz
1208 1442 1260 1490 et
1277 1437 1421 1507 justi
1463 1436 1752 1508 cupierunt
1787 1439 1966 1491 videre
2003 1452 2129 1508 quae

477 1543 568 1584 vos
600 1525 812 1592 videtis,
837 1533 890 1581 et
913 1541 1024 1580 non
1075 1525 1343 1592 viderunt,
1377 1533 1429 1580 et
1463 1525 1660 1581 audire
1690 1541 1815 1598 quae
1841 1525 2046 1582 auditis
2075 1533 2130 1583 et

475 1631 588 1672 non
615 1613 913 1671 audierunt
935 1613 1136 1682 (Matth.
1161 1630 1283 1680 xm,
1311 1613 1420 1686 17),
1445 1614 1515 1668 de
1536 1631 1652 1686 qua
1684 1619 1736 1670 et
1773 1613 2084 1670 Psalmista
2107 1631 2120 1670 :

474 1705 812 1777 Defecerunt‘
844 1701 1054 1776 inquit,
1089 1703 1235 1757 oculi
1261 1704 1371 1758 mei
1417 1704 1473 1757 in
1520 1703 1798 1775 eloquium
1825 1711 2001 1769 tuum,
2031 1703 2123 1760 di-

474 1801 650 1850 centes
709 1791 923 1866 quando
977 1791 1340 1848 consolaberis
1389 1794 1516 1847 me?
1555 1793 1727 1860 (Psal.
1770 1809 1963 1859 cxvm,
2007 1795 2119 1861 82).

1333 415 1796 480 HINCMARUS
1844 412 2288 480 RHEMENSIS
2332 413 3026 478 ARCHIEPISCOPUS.

382 599 390 614 ,
483 551 601 626 ejus
628 549 889 624 mysterio
929 547 1293 606 redimantur.
1321 549 1431 606 Sed
1473 552 1532 606 et
1567 548 1802 622 quando
1833 547 1955 605 haec
1985 547 2132 605 seri-
2159 547 2216 618 Α
2244 548 2482 622 profuit.
2505 548 2659 605 Sicut
2685 545 2863 616 enim,
2903 545 3095 620 inquit
3135 543 3372 614 Paulus,
3395 546 3458 603 in
3493 543 3658 602 Adam
3699 561 3856 603 omnes

3749 411 3850 476 εει

2245 639 2579 705 moriuntur,
2613 639 2690 692 ita
2726 645 2779 694 et
2825 637 2886 692 in
2916 635 3128 692 Christo
3170 651 3353 692 omnes
3401 634 3860 706 viviﬁcabuntur“

2246 726 2366 783 Cor.
2387 744 2480 796 xv,
2507 730 2620 794 22).
2644 727 2788 782 Hinc
2821 729 3060 782 sanctus
3079 724 3424 780 Ambrosius
3454 724 3510 779 in
3543 723 3854 781 Commenta

2242 814 2432 888 ipsius
2463 813 2732 888 Epistola:
2766 831 2815 869 :«
2848 815 2967 871 Hoc
2996 813 3158 883 dicit,
3187 813 3326 887 quia
3351 812 3506 870 sicut
3531 813 3708 869 Adam
3735 829 3853 886 pec-

2242 921 2385 960 cans
2414 908 2661 960 mortem
2703 902 2946 968 invenit,
2978 908 3036 958 et
3072 902 3282 972 tenuit,
3311 906 3378 958 ut
3407 917 3610 958 omnes
3645 918 3711 958 ex
3743 903 3852 974 ejus

2241 993 2465 1066 origine
2485 992 2900 1059 dissolvantur,
2924 991 3006 1048 ita
3024 995 3080 1048 et
3098 991 3366 1047 Christus
3391 1007 3507 1048 non
3535 1006 3788 1064 peccans,
3807 996 3856 1047 et

2239 1098 2344 1154 per
2374 1082 2480 1138 hoc
2509 1081 2748 1136 vincens
2780 1084 3028 1137 mortem
3060 1080 3223 1154 (quia
3251 1080 3349 1154 qui
3381 1097 3498 1136 non
3529 1084 3722 1152 peccat
3743 1079 3849 1135 vin-

2238 1170 2318 1226 cit
2349 1171 2616 1239 mortem,
2650 1169 2790 1243 quia
2819 1185 2980 1226 mors
3025 1187 3093 1226 ex
3143 1171 3422 1242 peccato),
3457 1167 3725 1226 omnibus
3767 1169 3849 1241 qui

2237 1264 2377 1316 sunt
2409 1277 2478 1314 ex
2506 1261 2634 1331 ejus
2657 1275 2896 1332 corpore
2925 1257 3232 1331 acquisivit
3253 1259 3452 1326 vitam,
3477 1257 3534 1313 id
3566 1262 3654 1314 est
3681 1274 3848 1314 resur-

2235 1346 2853 1414 rectionem.Quamvis
2871 1363 3008 1420 ergo
3024 1346 3354 1421 generalem
3371 1347 3648 1404 omnibus
3665 1345 3853 1403 tribue-

2234 1436 2312 1492 rit
2343 1437 2854 1506 resurrectionem,
2880 1440 2947 1492 ut
2992 1435 3146 1492 sicut
3189 1436 3246 1490 in
3277 1435 3464 1491 Adam
3509 1450 3707 1492 omnes
3751 1433 3852 1492 sive

2225 1525 2372 1598 justi
2407 1526 2527 1581 sive
2555 1525 2761 1598 injusti
2786 1525 3140 1592 moriuntur,
3164 1525 3246 1580 ita
3266 1529 3321 1581 et
3341 1523 3399 1580 in
3421 1523 3652 1581 Christo
3673 1540 3851 1582 omnes

2231 1619 2353 1670 tam
2380 1615 2679 1671 credentes
2701 1631 2876 1687 quam
2899 1615 3229 1670 diffidentes
3253 1617 3583 1687 resurgant,
3603 1613 3732 1670 licet
3747 1611 3852 1686 qui-

2231 1704 2368 1759 dam
2390 1704 2460 1760 ad
2486 1719 2746 1777 poenam:
2765 1701 3046 1759 increduli
3068 1707 3264 1760 tamen
3286 1700 3563 1758 viviﬁcari
3585 1699 3848 1772 videntur,

2231 1793 2369 1865 quia
2397 1809 2642 1866 corpora
2671 1809 2781 1849 sua
2809 1792 2920 1848 reci
2928 1791 3250 1865 pient,jam
3295 1808 3412 1848 non
3453 1789 3736 1858 morituri,
3764 1789 3848 1847 sed

473 1881 674 1939 Sancti
711 1881 1082 1954 quiescentes
1138 1879 1199 1935 in
1259 1880 1486 1936 inferno
1517 1881 1930 1950 desidaverint,
1965 1882 2119 1955 quod
2147 1918 2196 1984 Β
2229 1881 2461 1954 passuri
2481 1897 2714 1953 poenam
2742 1879 2803 1936 in
2833 1880 2920 1938 eis
2940 1881 3067 1937 sine
3086 1881 3220 1948 ﬁne,
3244 1880 3399 1954 quod
3421 1880 3656 1937 credere
3674 1878 3848 1936 nolue-

473 1970 596 2027 haac
627 1969 1015 2027 descendente
1044 1969 1102 2024 in
1135 1969 1364 2025 inferna
1396 1969 1658 2037 Domino,
1691 1970 1868 2026 etiam
1899 1970 1991 2027 bis
2019 1971 2117 2044 qui

473 2057 534 2114 in
565 2075 794 2116 carcere
825 2062 1008 2124 erant,
1032 2063 1088 2113 et
1135 2057 1420 2114 increduli
1471 2059 1768 2130 quondam
1801 2060 2032 2116 fuerant
2061 2060 2120 2114 in

477 2145 690 2202 diebus
712 2145 852 2212 Noe,
877 2143 1197 2200 consolatio
1217 2145 1301 2200 vel
1324 2145 1648 2200 exhortatio
1675 2146 1987 2218 praedicata
2009 2147 2127 2203 Γυθ-

474 2232 570 2290 rit.
593 2233 725 2290 Haec
753 2231 851 2288 ille
879 2232 1109 2288 dixerit.
1132 2233 1241 2290 Sed
1269 2232 1554 2289 catholica
1582 2234 1727 2290 ﬁdes
1757 2234 1950 2304 habet,
1984 2236 2122 2309 quia

474 2321 837 2378 descendens
858 2321 930 2376 ad
954 2320 1182 2376 inferna
1202 2321 1506 2391 Dominus,
1530 2339 1645 2378 non
1679 2321 2010 2380 incredulos
2032 2325 2119 2380 in-

475 2410 568 2478 de,
583 2411 682 2466 sed
707 2407 908 2466 ﬁdeles
929 2409 1298 2466 solummodo
1319 2427 1459 2466 suos
1481 2411 1756 2479 educens,
1771 2412 1842 2467 ad
1865 2413 2122 2469 coelestia

474 2515 655 2573 regna
685 2516 885 2555 secum
915 2498 1248 2572 perduxerit
1271 2515 1284 2554 :
1311 2516 1498 2572 neque
1519 2499 1706 2556 exutis
1727 2517 1965 2574 corpore
1988 2501 2118 2558 ani-

474 2587 706 2656 mabus,
725 2591 784 2644 et
811 2587 1130 2644 inferorum
1153 2603 1383 2644 carcere
1405 2587 1688 2645 scelerum
1724 2589 1988 2660 inclusis,
2015 2591 2114 2646 sed

475 2675 535 2732 in
561 2676 671 2732 hac
689 2675 808 2732 vita
827 2674 912 2732 vel
934 2693 1036 2748 per
1055 2675 1337 2748 seipsum,
1351 2675 1438 2734 vel
1463 2694 1566 2750 per
1584 2695 1827 2734 suorum
1855 2679 2121 2752 exempla

474 2765 604 2824 sine
620 2766 796 2823 verba
817 2765 1100 2834 ﬁdelium,
1115 2766 1376 2839 quotidie
1395 2766 1519 2823 vias
1543 2767 1671 2823 vitae
1699 2769 2117 2825 demonstret.»

474 2858 835 2929 Quapropter
849 2855 1106 2911 diximus
1125 2873 1176 2911 τι(
1196 2855 1302 2911 Pro
1326 2855 1601 2912 omnibus
1618 2855 1882 2912 Christus
1907 2874 2118 2930 passus

473 2945 604 3014 fuit,
630 2943 768 3000 licet
796 2961 911 3014 non
942 2961 1146 3001 omnes
1173 2944 1468 3017 passionis
1499 2945 1629 3017 ejus
1661 2945 1934 3019 mysterio
1967 2947 2116 3002 redi-

476 3037 736 3102 mantur,
751 3037 808 3090 et
826 3033 966 3106 quia
981 3051 1098 3090 non
1118 3021 1324 3090 omnes
1345 3033 1737 3103 redimuntur,
1753 3051 1868 3090 non
1891 3035 1963 3090 ad
1987 3052 2116 3108 pre-

471 3121 540 3180 tii
571 3121 1060 3196 magnitudinem,
1095 3122 1196 3179 sed
1227 3123 1300 3178 ad
1341 3139 1456 3178 non
1489 3122 1851 3178 credentium
1883 3123 2118 3197 respicit

474 3211 838 3284 partem.»Et
857 3209 1133 3282 quoniam
1154 3209 1214 3264 in
1233 3211 1386 3267 219
1408 3227 1684 3283 processu
1707 3212 2010 3292 reddendae
2033 3229 2118 3268 ra-

2229 1976 2422 2026 runt.«
2448 1971 2519 2025 Et
2547 1970 2755 2025 beatus
2781 1969 3039 2026 Joannes
3065 1968 3518 2043 Chrysostomus
3542 1968 3606 2025 in
3629 1967 3766 2025 libro
3791 1968 3851 2024 de

2230 2059 2613 2132 Reparatione
2634 2058 2784 2132 lapsi
2809 2075 2861 2113 :«
2893 2059 3214 2132 Scriptura,
3237 2057 3450 2132 inquit,
3478 2058 3625 2116 dicit
3652 2057 3780 2132 quia
3804 2061 3852 2114 et

2228 2152 2560 2220 peccatores
2589 2147 2837 2204 induent
2861 2146 3378 2220 incorruptionem,
3403 2147 3631 2205 scilicet
3655 2164 3762 2204 non
3788 2147 3850 2202 ad

2227 2237 2508 2294 honorem
2535 2237 2686 2307 vitae,
2715 2237 2815 2294 sed
2847 2237 2920 2294 ad
2954 2237 3398 2294 diuturnitatem
3433 2235 3705 2311 supplicii
3737 2253 3848 2310 pro-

2228 2325 2539 2382 futuram.»
2558 2327 2628 2382 Et
2647 2331 2886 2383 sanctus
2908 2325 3165 2384 Hilarius
3186 2327 3244 2382 in
3266 2325 3630 2400 expositione
3659 2323 3848 2400 psalmi

2226 2431 2398 2471 cxvm
2431 2415 2590 2488 (vers.
2622 2418 2712 2485 2‘2)
2737 2433 2751 2472 :
2775 2438 2805 2467 «
2837 2416 3158 2489 Exprobrat
3200 2415 3357 2472 enim
3397 2415 3670 2488 superbis
3697 2419 3851 2488 atque

2228 2504 2557 2561 maledictis
2581 2522 2686 2560 cur
2705 2504 2850 2562 nihil
2881 2505 2940 2560 in
2964 2510 3328 2561 sacramento
3349 2503 3660 2578 sanguinis
3683 2504 3767 2560 sui
3786 2506 3855 2560 at-

2226 2611 2342 2667 que
2371 2594 2577 2650 mortis
2609 2593 2880 2650 utilitatis
2917 2612 3036 2651 sua:
3075 2610 3204 2651 esse
3233 2593 3712 2663 cxistimaverint,
3733 2608 3850 2650 cum

2225 2680 2323 2738 ille
2352 2681 2534 2738 nostri
2574 2699 2753 2738 causa
2801 2685 2858 2738 et
2903 2686 3096 2752 natus,
3129 2685 3186 2738 et
3233 2697 3465 2754 passus,
3497 2685 3556 2738 et
3607 2687 3854 2738 mortuus

2226 2770 2324 2826 sit.
2353 2793 2381 2820 »
2413 2771 2567 2828 220
2595 2772 2665 2826 Et
2693 2771 2833 2827 item
2866 2769 3019 2828 idem
3069 2774 3311 2826 sanctus
3358 2769 3618 2828 Hilarius
3645 2785 3856 2827 concor-

2225 2859 2374 2916 dans
2404 2864 2606 2916 sancto
2634 2859 2942 2917 Ambrosio
2966 2859 3023 2914 in
3057 2858 3283 2933 psalmo
3305 2876 3374 2915 Lv
3397 2859 3557 2932 (vers.
3581 2859 3659 2932 8),
3683 2859 3814 2916 dicit
3839 2875 3852 2914 :

2225 2970 2256 2998 ‹‹
2287 2948 2440 3005 Sicut
2482 2956 2942 3020 exspectaverunt,
2993 2946 3206 3022 inquit,
3254 2949 3501 3004 animm
3549 2965 3746 3014 meum,
3769 2963 3856 3020 pro

2223 3037 2402 3094 nihilo
2431 3037 2610 3094 salvos
2650 3039 2820 3110 facies
2849 3037 2994 3106 ill-ss,
3028 3037 3086 3093 in
3118 3039 3207 3093 ira
3239 3037 3465 3110 populos
3488 3036 3735 3095 deduces.
3765 3036 3858 3094 No-

2222 3143 2332 3182 vus
2361 3124 2456 3182 hic
2486 3125 2778 3199 propheta
2807 3143 2999 3184 sermo
3037 3130 3144 3194 est,
3169 3130 3234 3182 ut
3264 3143 3364 3184 eos
3392 3127 3494 3200 qui
3532 3128 3858 3202 exspectant

2225 3214 2319 3270 ani
2329 3230 2486 3270 mam
2509 3231 2677 3271 suam
2701 3215 2772 3271 ad
2795 3215 3046 3272 nihilum
3069 3216 3222 3272 Deus
3244 3215 3445 3272 salvet.
3463 3215 3694 3274 Etcum
3714 3214 3857 3272 aliud

473 3298 652 3355 tionis
673 3298 744 3354 de
771 3297 882 3354 isto
903 3297 1160 3370 capitulo
1182 3315 1251 3354 ex
1279 3298 1701 3356 catholicorum
1728 3287 1898 3357 dictis
1929 3304 2118 3358 osten-
2146 3287 2188 3354 C
2223 3303 2300 3359 sit
2331 3305 2404 3360 ad
2435 3303 2706 3372 nihilum,
2732 3305 2888 3362 aliud
2913 3304 3146 3378 salvari,
3169 3321 3326 3362 nunc
3347 3303 3508 3363 salus
3529 3323 3662 3378 qua
3692 3306 3748 3362 in
3767 3321 3857 3362 eos

473 3388 610 3444 dere
631 3385 1098 3460 procurahimus,
1113 3387 1269 3460 quod
1290 3386 1573 3444 catholice
1593 3388 1960 3461 scripsimus,
1989 3391 2122 3463 quia

475 3475 721 3534 Christus
744 3491 844 3548 pro
861 3475 1114 3531 omnibus
1127 3491 1323 3548 passus
1351 3477 1480 3548 fuit,
1503 3477 1629 3534 licet
1642 3494 1754 3534 non
1781 3495 1964 3534 omnes
1988 3495 2118 3550 pas-

472 3567 648 3623 sionis
691 3567 809 3638 ejus
843 3565 1102 3638 mysterio
1137 3564 1496 3622 redimantur.
1522 3566 1755 3622 Scilicet
1781 3571 1840 3623 et
1867 3583 1971 3639 pro
2003 3566 2114 3635 his,

473 3654 574 3728 qui
605 3658 739 3711 ante
765 3654 1077 3710 adventum
1100 3653 1282 3710 illlius
1302 3653 1670 3723 exstiterunt,
1695 3656 1794 3711 sed
1825 3662 1882 3712 et
1900 3673 2004 3729 pro
2026 3655 2118 3712 his

471 3760 620 3818 quos
648 3743 846 3818 passio
875 3742 1037 3800 illius
1067 3743 1126 3798 in
1159 3759 1332 3799 carne
1361 3742 1600 3800 invenit.

1039 3868 1273 3926 CAPUT
1310 3869 1556 3926 XXVIII.

470 3958 698 4021 Qualiter
725 3958 790 4008 de
817 3959 990 4022 impiis
1017 3958 1070 4009 in
1109 3971 1204 4007 sua
1243 3958 1507 4023 impietate
1549 3959 1808 4024 defunctis
1851 3962 2119 4010 senserunt

531 4029 788 4089 catholici,
813 4044 907 4094 pro
935 4029 1016 4078 lus
1057 4029 1212 4078 etiam
1249 4043 1461 4094 passum
1489 4031 1651 4094 fuisse
1697 4031 1974 4081 Dominum
2003 4029 2117 4082 licet

530 4113 635 4149 non
662 4098 778 4163 ejus
803 4099 1058 4162 passionis
1075 4100 1318 4162 mysterio
1345 4099 1418 4147 ad
1442 4099 1658 4150 salutem
1683 4103 1982 4166 perpetuam
2011 4103 2118 4151 sint

529 4169 786 4234 redempti
790 4205 804 4219 .

539 4277 756 4334 Verum
787 4281 844 4333 et
873 4294 976 4350 pro
1007 4275 1098 4334 his
1131 4276 1231 4350 qui
1261 4283 1393 4351 post
1416 4279 1747 4351 passionem
1779 4285 1838 4337 et
1865 4297 2117 4337 resurre-

469 4365 721 4423 ctionem
754 4365 962 4438 ipsius,
984 4370 1039 4422 et
1077 4365 1278 4435 exorti,
1302 4371 1361 4423 et
1388 4369 1639 4425 exorturi
1671 4373 1813 4425 sunt
1839 4386 2024 4442 usque
2054 4369 2110 4425 in

469 4457 646 4513 ﬁnem
677 4453 893 4522 seaculi,
921 4461 986 4511 ut
1005 4456 1476 4514 demonstremus
1508 4475 1622 4513 non
1652 4457 1856 4515 timere
1890 4476 1994 4514 nos
2025 4475 2117 4515 ca-

469 4543 726 4602 lumnias
749 4543 919 4601 istius
938 4545 1340 4601 obtrectatoris
1364 4546 1715 4619 nostri,quid
1734 4548 1806 4602 de
1826 4547 2110 4620 reprobis.

2227 3393 2325 3449 ﬁet
2354 3392 2414 3448 in
2446 3392 2698 3450 nihilum
2730 3393 2825 3450 sit.
2856 3395 2959 3450 Est
2985 3411 3122 3469 ergo
3154 3395 3308 3469 quod
3342 3394 3602 3452 salvetur
3630 3396 3689 3452 in
3719 3393 3858 3452 nihi-

2227 3479 2372 3550 lum,
2395 3485 2485 3537 est
2503 3481 2696 3554 plane,
2721 3482 3007 3556 quidquid
3036 3483 3462 3540 resurrectione
3479 3501 3759 3542 concessa
3777 3483 3862 3540 de-

2227 3569 2550 3626 mutatione
2572 3588 2686 3626 non
2709 3571 2953 3646 dignum
2979 3575 3086 3628 est.
3107 3573 3252 3628 Nam
3275 3589 3408 3628 cum
3425 3573 3624 3630 omnis
3639 3590 3769 3630 caro
3788 3588 3862 3629 re-

2227 3659 2461 3732 dempte
2489 3657 2548 3715 in
2579 3659 2810 3716 Christo
2841 3660 2919 3715 sit
2958 3665 3022 3716 ut
3060 3665 3345 3734 resurgat,
3373 3665 3428 3717 et
3455 3679 3695 3720 omnem
3725 3661 3858 3719 assi-

2225 3752 2377 3806 stere
2397 3755 2531 3805 ante
2557 3750 2810 3806 tribunal
2832 3752 2962 3824 ejus
2992 3768 3233 3808 necesse
3261 3751 3359 3823 sit,
3383 3769 3497 3808 non
3519 3757 3722 3810 tamen
3741 3768 3860 3809 om-

2225 3837 2402 3894 nibus
2449 3837 2636 3911 gloria
2665 3845 2722 3894 et
2749 3838 2938 3896 honor
2964 3844 3054 3896 est
3083 3839 3456 3913 promiscuus
3504 3839 3862 3916 resurgendi.

2225 3927 2451 3996 Quibus
2481 3943 2618 4000 ergo
2645 3931 2875 3984 tantum
2919 3928 3285 4000 resurrectio,
3307 3947 3424 3986 non
3454 3930 3634 3986 etiam
3664 3932 3862 3988 demu-

2223 4014 2364 4072 tatio
2409 4021 2499 4072 est
2544 4015 2784 4086 tributa,
2818 4017 2876 4072 hi
2927 4017 3229 4074 salvantur
3273 4017 3332 4074 in
3379 4018 3656 4076 nihilum.
3693 4021 3755 4076 In
3785 4019 3865 4075 ira

2224 4103 2380 4160 enim
2402 4104 2766 4162 deducentur
2783 4105 2845 4161 hi
2866 4105 3065 4180 populi
3089 4107 3305 4180 quibus
3327 4107 3397 4164 ad
3419 4124 3602 4182 pinnae
3626 4124 3860 4166 sensum

2223 4192 2386 4250 salus
2417 4194 2859 4250 resurrectionis
2905 4198 2995 4251 est
3041 4195 3358 4252 constituta
3407 4199 3454 4252 A
3482 4213 3602 4270 qua
3639 4197 3729 4253 ira
3757 4196 3862 4254 eri-

2223 4281 2466 4356 piendos
2498 4299 2602 4338 nos
2631 4282 2946 4355 Apostolus
2973 4282 3282 4356 pollicetur
3309 4285 3510 4342 dicens
3539 4302 3553 4342 :
3587 4288 3863 4360 Quoniam

2219 4372 2273 4428 si
2299 4387 2424 4428 cum
2450 4371 2630 4428 adhuc
2655 4379 2956 4444 peccatores
2985 4389 3243 4442 essemus,
3275 4373 3521 4432 Christus
3563 4391 3668 4448 pro
3715 4375 3864 4432 nobis

2219 4467 2468 4516 mortuus
2496 4468 2592 4527 est,
2620 4462 2792 4518 multo
2833 4463 3009 4533 magis
3046 4463 3339 4535 justiﬁcati
3367 4465 3426 4519 in
3453 4466 3727 4536 sanguine
3752 4465 3864 4537 ejus

2219 4549 2560 4606 satvabimur
2595 4565 2696 4622 per
2721 4566 2846 4606 eum
2883 4549 2952 4607 ab
2989 4552 3094 4607 ira.
3129 4553 3300 4620 (Rom.
3333 4569 3387 4620 v,
3420 4553 3496 4625 8).
3531 4553 3640 4610 Pro
3665 4569 3865 4627 pecca-

469 4651 619 4708 quos
649 4633 708 4688 in
741 4651 846 4690 suo
876 4637 1085 4706 quarto
1115 4633 1370 4708 capitulo
1401 4636 1474 4690 ad
1506 4635 1883 4693 revincendos
1914 4653 2020 4692 nos
2051 4637 2112 4692 in
2142 4656 2189 4723 D
2221 4638 2446 4694 toribus
2475 4637 2658 4712 igitur
2703 4639 2776 4694 ad
2815 4637 3068 4696 salutem
3100 4641 3544 4699 resurrectionis
3582 4647 3676 4699 est
3712 4659 3863 4699 mor-

470 4723 731 4780 medium
762 4721 1077 4792 devocavit,
1106 4727 1416 4780 senserunt
1444 4727 1501 4780 et
1529 4722 1893 4796 scripserunt
1921 4725 2113 4782 catho-

469 4809 586 4880 lici,
609 4815 807 4868 utrum
830 4810 1113 4882 quiddam
1135 4811 1220 4867 eis
1240 4811 1436 4884 passio
1455 4816 1512 4868 et
1533 4811 1874 4869 resurrectio
1897 4812 2112 4870 Christi

468 4899 802 4968 contulerit,
835 4899 944 4956 etsi
990 4898 1136 4954 nihil
1179 4899 1316 4969 illis,
1347 4917 1552 4958 eorum
1591 4901 1958 4974 exigentibus
1987 4900 2110 4957 cul-

469 4989 582 5063 pis,
613 4989 688 5045 ad
736 4987 988 5046 salutem
1037 4989 1338 5060 profuerit,
1390 4989 1791 5045 ostendamus.
1825 4989 2111 5056 Quoniam

469 5082 692 5134 certum
725 5080 834 5142 est,
857 5074 906 5134 si
938 5075 1158 5148 aliquid
1189 5077 1275 5134 eis
1322 5077 1516 5150 passio
1567 5077 1797 5134 Domini
1843 5079 2110 5146 contulit,

470 5182 573 5238 pro
595 5165 678 5222 eis
693 5165 870 5222 ctiam
889 5165 1174 5222 Dominus
1191 5183 1402 5238 passus
1422 5166 1550 5233 fuit,
1566 5167 1736 5238 cujus
1757 5167 1955 5240 passio
1974 5184 2114 5240 quo-

472 5253 630 5309 niam
661 5256 734 5311 ad
765 5255 1015 5312 salutem
1048 5254 1166 5312 illis
1208 5273 1321 5312 non
1373 5254 1610 5328 profuit,
1641 5256 1714 5312 ad
1763 5255 2111 5324 inﬁdelium,

472 5341 625 5398 sicut
652 5349 890 5400 sanctus
920 5344 1165 5417 Prosper
1200 5345 1360 5414 dicit,
1395 5348 1453 5400 et
1480 5362 1588 5400 nos
1617 5361 1686 5400 ex
1712 5345 1904 5402 verbis
1954 5345 2114 5402 illius

473 5429 839 5502 scripsimus,
865 5433 1100 5505 respicit
1116 5438 1359 5506 partem,
1385 5450 1497 5488 non
1531 5434 1602 5488 ad
1630 5435 1976 5491 sacramenti
2007 5435 2115 5490 vir-

470 5524 679 5577 tutem.
711 5520 876 5576 Dicat
905 5527 1099 5578 autem
1139 5522 1354 5578 Paulus
1392 5527 1450 5578 et
1493 5527 1742 5594 exponat
1768 5524 2112 5581 Ambrosius

473 5607 614 5682 quid
647 5609 841 5681 passio
871 5609 1083 5666 Christi
1111 5611 1338 5667 cunctis
1375 5611 1724 5684 generaliter
1757 5612 2028 5669 ﬁdelibus
2056 5618 2112 5670 et

473 5696 810 5757 inﬁdelibus
837 5698 1104 5768 contulit,
1127 5718 1253 5774 quae
1284 5699 1424 5757 solis
1456 5701 1527 5756 ad
1559 5699 1808 5758 salutem
1839 5701 2110 5759 ﬁdelibus

2223 4731 2384 4792 tuus,
2416 4726 2517 4783 sed
2549 4725 2943 4784 sanctiﬁcatos
2971 4727 3032 4784 in
3064 4729 3349 4804 sanguine
3379 4747 3486 4786 suo
3516 4729 3770 4788 salvabit
3795 4729 3866 4787 ab

2220 4814 2364 4871 ira.»
2387 4816 2456 4871 Et
2485 4815 2624 4870 item
2657 4818 2896 4872 sanctus
2923 4817 3269 4876 Ambrosius
3297 4817 3358 4874 in
3379 4819 3642 4893 Epistola
3669 4821 3742 4877 ad
3771 4820 3869 4877 Co-

2221 4902 2470 4958 rinthios
2503 4919 2515 4959 :
2545 4924 2574 4954 «
2604 4903 2753 4970 Quid
2783 4909 2874 4962 est
2901 4908 3096 4962 autem
3147 4923 3274 4963 reos
3317 4923 3465 4976 esse,
3499 4907 3612 4964 nisi
3664 4923 3868 4982 pinnas

2221 4991 2359 5048 dare
2385 4991 2590 5048 mortis
2620 4991 2890 5048 Domini?
2909 4993 3150 5050 Occisus
3190 4999 3280 5052 est
3315 4995 3470 5052 enim
3501 5012 3606 5068 pro
3637 4995 3736 5053 his
3767 4996 3868 5069 qui

2221 5078 2569 5135 beneﬁcium
2590 5080 2718 5152 ejus
2740 5080 2799 5136 in
2821 5080 3056 5137 irritum
3080 5083 3358 5138 ducunt.»
3371 5084 3442 5140 Et
3461 5083 3601 5140 item
3623 5088 3867 5142 sanctus

2220 5165 2476 5224 Hilarius
2521 5167 2581 5223 in
2620 5167 2768 5225 libro
2799 5187 2863 5225 ιιι
2893 5170 2964 5226 de
2994 5170 3131 5226 Fide
3181 5171 3299 5242 (tib.
3342 5189 3404 5228 ιιι
3441 5171 3507 5228 de
3540 5174 3864 5243 Trinitate):

2224 5279 2252 5307 «
2277 5257 2378 5313 Dei
2410 5257 2591 5314 Filius
2621 5258 3001 5332 cruciﬁgitur,
3024 5261 3127 5316 sed
3147 5259 3206 5314 in
3229 5277 3400 5316 cruce
3427 5260 3688 5318 hominis
3718 5277 3868 5319 mor-

2220 5349 2338 5403 tem
2374 5347 2522 5402 Deus
2568 5347 2767 5402 vincit.
2793 5347 3059 5406 Christus
3089 5349 3190 5404 Dei
3231 5349 3414 5406 Filius
3459 5351 3732 5419 moritur,
3765 5351 3868 5408 sed

2221 5435 2414 5490 omnis
2443 5453 2576 5492 caro
2605 5437 2948 5491 viviﬁcatur.
2974 5458 3002 5486 »
3027 5438 3096 5494 Et
3132 5443 3373 5494 sanctus
3409 5439 3781 5512 Augustinus
3809 5439 3868 5495 in

2220 5524 2368 5582 libro
2397 5543 2470 5581 xx
2500 5526 2572 5582 de
2590 5524 2834 5579 Civitate
2862 5525 2984 5592 Dei,
3006 5526 3261 5600 capitulo
3281 5529 3317 5583 6
3341 5529 3414 5584 ad
3444 5527 3637 5584 locum
3662 5544 3720 5584 ζα
3752 5529 3870 5586 Nec

2220 5615 2357 5671 fecit
2385 5614 2482 5670 hic
2513 5613 2692 5670 ullam
2723 5613 3108 5672 differentiam
3143 5616 3430 5674 bonorum
3461 5621 3519 5673 et
3547 5614 3866 5673 malorum.

2219 5703 2506 5762 Omnibus
2533 5701 2689 5758 enim
2719 5702 2937 5759 bonum
2968 5707 3057 5760 est
3084 5704 3286 5762 audire
3305 5722 3502 5763 vocem
3532 5705 3682 5777 ejus,
3707 5709 3768 5762 et
3785 5703 3869 5761 vi-
