4020 6464
192 420 309 485 293

905 421 1008 481 DE
1051 421 1811 483 PR/EDESTINATIONE
1855 421 2373 516 DIJSSEIt'l‘ATIO
2417 426 2876 489 POSTERIOR.

3469 435 3588 496 294

189 550 417 624 Alioqui
436 550 977 609 nonnullihazretici
991 553 1363 626 conﬁtentur,
1378 553 1547 610 multi
1562 554 1841 611 schisma—
1868 555 1921 622 A
1952 554 2398 628 incorporantur
2424 556 2672 614 Christo.
2706 558 3011 632 Responde
3054 562 3242 632 nobis,
3276 564 3327 620 si
3373 564 3586 637 placet,

190 641 308 707 tici,
329 640 503 697 multi
535 640 665 697 falsi
697 640 1210 707 catholici,Jesum
1241 642 1541 698 Christum
1572 642 1630 698 in
1664 660 1836 699 carne

190 730 434 797 venisse,
466 730 569 786 sed
601 729 1028 786 confessionem
1059 748 1230 787 suam
1262 730 1429 787 factis
1461 736 1694 805 negant,
1718 748 1833 787 non

189 818 452 875 habendo
491 817 860 874 charitatem.
894 819 1160 875 Charitas
1209 821 1425 892 quippe
1472 820 1574 876 Dei
1622 819 1832 876 Filium

189 907 427 964 adduxit
477 907 539 963 in
590 924 846 976 carnem,
881 912 938 964 et
968 908 1096 964 ideo
1153 908 1425 982 quisquis
1483 926 1598 965 non
1657 910 1836 966 habet

187 996 554 1065 charitatem,
578 1000 752 1070 negat
782 995 950 1053 illum
980 996 1041 1053 in
1081 1014 1254 1054 carne
1284 997 1533 1055 venisse.
1557 998 1835 1071 Talisque

188 1085 462 1159 spiritum
492 1102 563 1142 ex
591 1086 708 1142 Deo
739 1103 855 1142 non
885 1085 1099 1142 habere
1131 1086 1551 1143 convincitur.»
1571 1088 1641 1142 Et
1669 1086 1830 1156 item,

189 1198 215 1228 (ι
244 1176 372 1232 [ἴδες
392 1182 477 1231 est
501 1176 730 1232 victoria
761 1192 880 1247 quae
906 1177 1078 1232 vincit
1109 1175 1396 1246 mundum,
1418 1176 1550 1248 ﬁdes
1582 1183 1768 1232 nostra
1789 1176 1836 1248 (Ι

182 1268 339 1321 Joan.
359 1282 421 1332 v,
447 1266 524 1334 4).
544 1264 652 1320 Illa
679 1264 961 1320 nimirum
994 1266 1160 1336 ﬁdes,
1183 1282 1311 1338 quae
1341 1283 1444 1338 per
1465 1264 1833 1322 dilectionem

183 1357 476 1427 operatur.
504 1375 534 1403 ››
558 1354 629 1409 Et
656 1353 797 1409 item
828 1353 983 1410 Beda
1012 1355 1096 1423 (In
1124 1355 1404 1426 epistolam
1433 1355 1636 1422 Jacobi,
1665 1371 1711 1410 c.
1733 1357 1789 1423 2)
1814 1370 1829 1409 :

183 1466 207 1492 ι(
231 1443 343 1498 lloc
361 1459 604 1515 quoque
619 1446 898 1515 tempore,
920 1441 969 1499 si
988 1443 1088 1515 qui
1110 1461 1299 1516 nuper
1312 1444 1384 1499 ad
1401 1444 1576 1500 ﬁdem
1592 1443 1832 1500 veniens

179 1530 543 1604 baptismum
573 1531 881 1604 acceperit,
914 1536 972 1587 et
1010 1548 1342 1604 proponens
1372 1536 1492 1589 toto
1532 1532 1702 1588 corde
1733 1532 1829 1588 Dei

179 1636 405 1677 scrvare
463 1624 775 1693 praecepta,
808 1637 942 1676 mox
995 1621 1065 1676 de
1119 1620 1228 1677 hac
1284 1620 1414 1677 luce
1472 1621 1827 1694 migraverit,

171 1709 535 1781 justiﬁcatus
555 1709 761 1782 utique
781 1726 884 1782 per
905 1710 1079 1765 ﬁdem
1097 1709 1223 1766 sine
1241 1710 1514 1783 operibus
1536 1709 1828 1783 migravit,

178 1798 306 1872 quia
329 1803 575 1872 tempus
596 1798 896 1871 operandi,
922 1799 1077 1855 unde
1103 1799 1276 1855 ﬁdem
1299 1800 1590 1872 probaret,
1618 1798 1744 1872 ipso
1767 1798 1826 1855 in

176 1904 343 1961 quem
379 1887 637 1990 credidit
674 1888 789 1944 Deo
822 1887 1167 1990 disponente
1207 1906 1321 1944 non
1351 1888 1590 1990 .habuit.
1623 1889 1695 1943 At
1725 1887 1825 1961 qui
1856 1925 1902 1990 B

174 1976 464 2050 perceptis
494 1975 882 2034 sacramentis
926 1976 1097 2050 longe
1136 1977 1513 2051 supervivunt
1541 1982 1821 2050 tempore,

174 2083 270 2122 nec
299 2065 481 2123 bonis
523 2065 797 2123 insistere
828 2071 1036 2123 curant
1064 2066 1359 2140 operibus,
1387 2067 1482 2123 his
1519 2066 1822 2123 inculcan-

171 2156 304 2211 dum
324 2159 421 2211 est
445 2156 603 2228 quod
630 2155 836 2211 beatus
857 2156 1130 2223 Jacobus,
1159 2155 1454 2229 proposito
1479 2155 1739 2228 exemplo
1764 2155 1825 2210 ﬁ-

172 2244 255 2299 dei
284 2244 474 2300 simul
505 2248 564 2300 et
592 2261 835 2317 operum
852 2244 1116 2312 Abrahae,
1141 2262 1275 2300 mox
1298 2244 1563 2300 subdidit
1581 2245 1781 2300 dicens
1805 2261 1818 2299 :

173 2332 363 2389 Videtis
396 2335 666 2406 quoniam
691 2349 762 2389 ex
789 2333 1039 2405 operibus
1067 2335 1404 2406 justiﬁcatur
1433 2333 1611 2400 homo,
1635 2342 1687 2389 et
1712 2349 1823 2389 non

167 2438 231 2477 ea:
254 2422 366 2493 ﬁde
396 2424 656 2479 tantum?
685 2423 816 2495 (Jac.
846 2439 908 2488 ιι,
930 2424 1042 2491 24).
1067 2423 1228 2489 Quod
1280 2423 1361 2479 ait
1407 2440 1475 2478 ex
1523 2422 1817 2495 operibus,

168 2511 465 2585 signiﬁcat
483 2528 552 2567 ex
572 2510 848 2583 operibus
871 2511 1003 2566 ﬁdei
1029 2528 1042 2566 ε
1069 2511 1207 2583 quia
1228 2510 1481 2583 perfecta
1500 2528 1675 2583 opera
1695 2510 1821 2566 sine

170 2601 273 2656 ﬁde
301 2599 519 2657 nullus
549 2599 765 2655 habere
791 2604 1021 2671 potest:
1045 2600 1221 2655 ﬁdem
1240 2617 1375 2655 vero
1397 2599 1522 2654 sine
1546 2598 1820 2672 eperibus

169 2689 355 2756 multi,
372 2688 425 2745 si
450 2688 567 2745 illis
587 2706 829 2761 operum
854 2692 1086 2761 tempus
1112 2706 1226 2744 non
1248 2688 1420 2744 adsit.
1442 2689 1521 2744 De
1543 2687 1820 2760 qualibus

166 2778 389 2834 dictum
425 2782 518 2834 est
545 2795 559 2834 :
585 2779 786 2850 Raptus
814 2786 891 2834 est
916 2794 984 2833 ne
1001 2778 1218 2833 malitia
1235 2785 1470 2833 mutaret
1489 2778 1819 2833 intellectum

166 2868 337 2936 illius,
351 2874 457 2923 aut
479 2868 628 2939 ﬁctio
646 2866 914 2939 deciperet
933 2868 1178 2923 ani-mam
1210 2867 1365 2922 illius
1390 2866 1538 2938 (Sap.
1562 2883 1638 2934 ιν,
1671 2867 1815 2934 11).»

165 2958 263 3012 Sed
290 2962 355 3013 et
384 2956 450 3011 in
476 2955 701 3012 talibus
722 2956 852 3028 ipsa
873 2956 1020 3012 ﬁdes
1049 2972 1196 3028 opus
1217 2959 1324 3024 est,
1351 2955 1502 3010 sicut
1531 2954 1816 3027 scriptum

162 3051 243 3102 est
268 3046 334 3102 in
366 3044 707 3118 Evangelio,
734 3046 842 3101 Hoc
868 3053 948 3101 est
972 3053 1152 3101 autem
1176 3061 1308 3116 opus
1344 3045 1461 3112 Dei,
1488 3052 1546 3100 ut
1585 3044 1816 3099 credatis

161 3137 212 3190 in
247 3152 384 3192 eum
435 3150 599 3207 quem
641 3134 798 3189 misit
842 3134 938 3189 ille
989 3133 1170 3206 (Joan.
1202 3150 1277 3202 vr,
1307 3133 1420 3201 29).
1454 3132 1616 3200 Quod
1667 3150 1815 3205 opus

158 3226 436 3296 operatur
465 3221 568 3294 qui
608 3220 669 3276 in
714 3237 849 3277 eum
897 3220 1102 3290 credit,
1125 3220 1264 3292 quia
1294 3221 1446 3278 229
1477 3220 1653 3277 etiam
1686 3220 1816 3294 ipsa

1943 644 2058 699 ﬁde
2078 662 2152 700 an
2174 644 2515 703 inﬁdelitate
2537 664 2569 702 a
2599 648 2943 719 parentibus
2969 650 3039 704 ad
3061 651 3365 708 ecclesiam
3387 654 3590 727 deper-

1943 734 2183 789 tantur?
2202 733 2512 791 dilectione
2533 735 2765 804 salutis,
2784 755 2855 792 an
2883 737 3014 794 odio
3035 738 3376 810 perditionis
3395 747 3586 815 patro-

1944 820 2036 877 nis
2067 839 2102 877 a
2131 824 2472 893 parentibus
2521 824 2863 894 offeruntur,
2897 843 2932 882 a
2960 827 3221 899 patronis
3266 832 3586 887 sacerdoti-

1942 909 2053 965 bus
2074 910 2274 966 itidem
2297 912 2630 982 oﬁ‘erentur,
2653 930 2688 969 a
2707 914 3108 971 sacerdotibus
3127 918 3511 975 exsufﬂantur
3529 924 3587 977 et

1942 997 2362 1067 exorcizantur,
2396 1003 2461 1056 ut
2501 1018 2535 1057 a
2576 1005 2858 1074 potestate
2908 1003 3124 1059 diaboli
3167 1008 3490 1064 eruantur?
3520 1010 3602 1065 Ιη-

1942 1090 2128 1143 morte
2157 1087 2372 1144 Christi
2404 1089 2796 1161 baptizantur,
2820 1094 2884 1146 ut
2911 1092 3118 1149 mortis
3149 1094 3279 1166 ejus
3303 1095 3584 1153 similitu-

1941 1174 2065 1230 dini
2096 1176 2473 1248 complautati
2503 1184 2738 1250 peccato
2788 1178 2988 1253 utique
3023 1181 3385 1241 moriantur?
3428 1185 3585 1243 Velis

1941 1263 2092 1320 nolis
2123 1264 2244 1320 haec
2267 1265 2464 1322 omnia
2492 1266 2612 1340 geri
2638 1267 2750 1324 ﬁde
2771 1285 2898 1341 quae
2929 1287 3033 1342 per
3055 1270 3426 1329 dilectionem
3449 1291 3585 1348 ope-

1940 1356 2123 1421 ratur,
2158 1357 2415 1411 arctatus
2446 1356 2775 1413 arctissime
2815 1358 3215 1430 respondebis,
3247 1360 3359 1418 nisi
3388 1361 3584 1436 impu-

1939 1442 2099 1498 denti
2114 1444 2298 1499 fronte
2311 1444 2542 1500 mentiri
2557 1446 2962 1517 praesumendo
2976 1446 3315 1505 decreveris.
3326 1451 3429 1507 »Et
3445 1452 3583 1508 item

1939 1528 2094 1585 idem
2117 1530 2177 1585 in
2197 1535 2356 1588 sexto
2384 1531 2531 1589 libro
2554 1534 2692 1606 (cap.
2715 1534 2767 1607 4)
2793 1552 2807 1591 :
2834 1558 2862 1585 ‹‹
2895 1535 3039 1591 Nam
3064 1538 3355 1609 quomodo
3387 1556 3582 1613 repor-

1937 1621 2024 1674 tat
2044 1619 2265 1675 bonum
2297 1625 2364 1677 ut
2393 1621 2570 1678 intret
2598 1622 2658 1678 in
2689 1640 2933 1696 regnum
2963 1625 3077 1694 Dei,
3102 1626 3152 1681 si
3184 1626 3294 1683 hoc
3325 1632 3585 1701 reportat

1937 1707 2187 1780 quisque
2203 1710 2359 1780 quod
2374 1710 2577 1782 gessit,
2599 1711 2711 1766 nisi
2730 1711 2868 1784 quia
2883 1713 3134 1791 pertinet
3154 1715 3227 1771 ad
3248 1716 3580 1788 parvulum,

1935 1795 2111 1851 etiam
2133 1798 2289 1869 quod
2313 1815 2413 1871 per
2430 1798 2680 1856 alterum
2701 1801 2904 1874 gessit,
2925 1801 2983 1857 id
3003 1806 3092 1859 est
3114 1804 3399 1860 credidit?
3419 1805 3583 1863 Sicut

1934 1883 2132 1956 itaque
2153 1887 2305 1957 quod
2339 1887 2525 1944 credit
2556 1889 2809 1960 pertinet
2841 1890 2913 1945 ad
2946 1907 3081 1947 eum
3114 1896 3180 1948 ut
3201 1896 3457 1966 reportet
3483 1894 3582 1951 bo-

1935 1989 2098 2041 num,
2122 1972 2231 2029 hoc
2262 1978 2353 2031 est
2382 1976 2665 2049 percipiat
2686 1977 2785 2034 Dei
2811 1995 3076 2051 regnum,
3101 1980 3185 2037 sic
3206 1982 3277 2037 ad
3301 1998 3435 2037 eum
3457 1999 3581 2055 per-

1930 2061 2095 2130 tinet,
2120 2062 2349 2119 etiamsi
2382 2081 2496 2120 non
2529 2065 2794 2135 credidit,
2828 2073 2893 2123 ut
2933 2073 3189 2141 reportet
3220 2070 3578 2129 condemna-

1930 2150 2436 2223 tionisjudicium,
2454 2153 2589 2227 quia
2607 2155 2939 2228 evangelica
2955 2162 3046 2213 est
3066 2161 3123 2212 et
3143 2157 3271 2229 ipsa
3293 2158 3581 2217 sententia

1931 2239 2173 2295 dicendo
2208 2258 2221 2296 :
2264 2242 2370 2309 Qui
2415 2259 2527 2297 non
2568 2244 2859 2302 crediderit
2903 2245 3350 2303 condcmnabitur
3389 2246 3575 2316 (Marc.

1928 2345 2042 2394 XVI,
2079 2329 2185 2401 16).
2212 2352 2240 2379 ››
2273 2330 2341 2385 Et
2373 2336 2504 2404 post
2543 2349 2730 2404 pauca
2764 2350 2829 2388 ;‹‹
2862 2333 3131 2390 Alienum
3172 2336 3389 2408 quippe
3429 2353 3578 2409 opus

1929 2420 2017 2471 est
2047 2434 2180 2473 cum
2213 2418 2394 2473 credit
2423 2436 2525 2490 per
2546 2419 2821 2488 alterum,
2843 2421 2997 2477 sicut
3022 2421 3275 2478 alienum
3296 2439 3445 2495 opus
3468 2423 3579 2480 fuit

1928 2522 2064 2561 cum
2111 2508 2372 2578 peccavit
2400 2507 2460 2563 in
2493 2508 2693 2564 altero.
2728 2510 2843 2564 Nec
2892 2526 2998 2567 nos
3046 2511 3388 2569 dubitamus
3436 2512 3576 2586 quia

1927 2594 2280 2665 baptismate
2301 2595 2579 2651 delictum
2602 2614 2775 2653 omne
2796 2599 3130 2668 mundetur,
3150 2601 3251 2656 sed
3273 2617 3576 2658 renascen-

1927 2682 1999 2738 do
2024 2683 2272 2756 quisque
2296 2686 2634 2742 inundatur.
2651 2688 2812 2753 Quod
2836 2704 2971 2761 ergo
2996 2706 3111 2745 non
3133 2691 3470 2749 adimitnisi
3494 2709 3576 2749 re-

1923 2773 2238 2843 generatio,
2261 2792 2374 2829 non
2407 2778 2597 2830 cessat
2617 2774 2843 2832 trahere
2871 2778 3189 2849 generatio.
3207 2802 3235 2829 »
3257 2780 3568 2838 Venerabi-

1924 2858 1997 2914 lis
2020 2876 2253 2932 quoquc
2280 2863 2583 2933 presbyter
2612 2863 2767 2919 Beda
2795 2863 2855 2919 in
2885 2866 3246 2938 expositione
3274 2869 3568 2942 Evangelii

1924 2947 2102 3003 Marci
2122 2964 2172 3003 zu
2194 2950 2546 3006 Intuendum
2565 2968 2704 3007 sane
2720 2956 3005 3024 quantum
3028 2956 3264 3029 prepria
3280 2959 3567 3032 cujusque

1922 3038 2069 3093 ﬁdes
2097 3040 2251 3111 apud
2284 3039 2469 3095 Deum
2495 3040 2729 3108 valebit,
2751 3042 2851 3097 ubi
2882 3047 3111 3101 tantum
3142 3044 3326 3102 valuit
3354 3047 3563 3119 aliena,

1923 3132 1988 3183 ut
2014 3132 2174 3184 totus
2203 3128 2378 3186 homo
2408 3136 2663 3202 repente,
2695 3132 2849 3189 280
2877 3132 2987 3189 hoc
3017 3138 3107 3190 est
3134 3135 3379 3194 interius
3410 3141 3565 3195 exte-

1921 3216 2159 3288 riusque
2173 3218 2300 3289 jam
2321 3218 2579 3275 salvatus
2599 3226 2953 3295 exsurgeret,
2973 3223 3339 3298 aliorumque
3357 3226 3565 3285 merito

156 3290 645 3368 ciedulitasa'era
671 3309 818 3365 ﬁdes
849 3312 957 3376 est,
985 3326 1112 3382 quae
1143 3290 1246 3381 per
1275 3307 1645 3365 dilectionem
1677 3290 1811 3382 ope-
1841 3290 1885 3357 C
1922 3305 2019 3361 alii
2050 3306 2385 3364 laxarentur
2403 3290 2851 3367 errata.Undevet
2870 3290 3041 3384 plura
3060 3311 3120 3369 in
3141 3290 3292 3387 saepe
3308 3332 3564 3374 comme-

156 3406 336 3469 ratur,
372 3399 669 3456 credendo
699 3397 759 3453 in
790 3397 969 3454 illum.
1004 3398 1104 3471 qui
1137 3398 1427 3471 justiﬁcat
1455 3399 1726 3471 impium,
1758 3403 1817 3455 et

156 3491 320 3563 cujus
348 3488 555 3545 omnia
573 3505 751 3561 opera
773 3492 914 3544 sunt
944 3488 1002 3543 in
1029 3488 1162 3557 ﬁde,
1187 3487 1313 3544 sine
1335 3505 1452 3561 qua
1471 3488 1719 3561 quisque
1740 3488 1812 3543 ad

156 3577 536 3652 baptismatis
567 3581 1002 3633 sacramentum
1033 3576 1275 3645 accedit,
1314 3577 1689 3649 baptismatis
1721 3594 1811 3632 sa-

154 3671 455 3724 ammento
488 3667 754 3723 renovari
786 3684 901 3723 non
934 3665 1103 3734 valet,
1119 3665 1259 3738 quia
1277 3665 1529 3737 Spiritus
1551 3670 1810 3736 sanctus,

154 3774 262 3828 quo
282 3758 353 3813 in
377 3756 536 3812 ﬁlios
558 3756 911 3827 adoptamur
934 3753 1277 3827 disciplinas,
1304 3754 1507 3826 eﬁ‘ugit
1527 3754 1815 3822 ﬁelum,et

152 3848 347 3904 aufert
375 3863 439 3902 se
469 3864 507 3903 a
536 3843 994 3918 cogitationibus
1016 3860 1142 3916 quae
1169 3846 1309 3899 sunt
1335 3843 1461 3898 sine
1491 3843 1809 3911 intellectu,

152 3936 312 3994 Unde
350 3940 599 3993 sanctus
629 3934 975 3990 Ambrosius
1005 3933 1066 3988 in
1090 3924 1349 4004 Epistdla
1373 3933 1443 3989 ad
1467 3932 1700 3988 Galatas
1733 3933 1815 3988 di-

149 4025 225 4081 cit
246 4043 298 4082 εκ
330 4025 482 4092 Quia
503 4025 633 4080 sine
655 4022 863 4096 spiritu
885 4038 1004 4079 non
1024 4025 1147 4079 erat
1177 4020 1415 4094 plenum
1437 4039 1649 4079 nomen
1671 4022 1812 4079 ﬁlio-

150 4130 299 4170 rum.
333 4136 364 4164 »
387 4114 457 4169 Et
488 4112 633 4169 item
664 4112 820 4167 idem
850 4111 911 4167 in
940 4110 1087 4167 libro
1118 4111 1189 4166 de
1220 4110 1612 4167 Sacramentis
1643 4128 1656 4167 :
1682 4134 1709 4163 «
1746 4113 1810 4168 In

151 4202 511 4278 baptismate
527 4200 775 4275 spiritus
792 4204 1048 4256 mentem
1066 4203 1478 4272 renovat,aqua
1493 4200 1721 4273 proﬁcit
1737 4201 1809 4256 ad

148 4291 474 4359 lavacrum,
499 4289 746 4362 sanguis
778 4292 1003 4362 spectat
1032 4289 1104 4344 ad
1136 4287 1406 4361 pretium.
1440 4288 1601 4345 Sacri
1631 4289 1810 4345 fontis

150 4383 305 4439 unda
329 4398 445 4439 nos
464 4379 674 4448 abluit,
696 4377 939 4452 sanguis
960 4377 1192 4434 Domini
1225 4394 1331 4433 nos
1356 4377 1607 4447 redimit,
1634 4377 1812 4452 Spiri-

149 4475 242 4527 tus
271 4487 387 4527 nos
417 4486 526 4543 per
555 4466 930 4540 adoptionem
963 4466 1113 4523 ﬁlios
1138 4465 1241 4523 Dei
1272 4466 1465 4522 facit.»
1492 4466 1573 4523 De
1603 4485 1719 4539 qua
1748 4468 1809 4523 in

149 4558 397 4616 homilia
425 4554 729 4630 Evangelii
767 4557 857 4625 30,
883 4555 961 4612 sit
1000 4558 1241 4611 sanctus
1279 4553 1420 4610 dicit
1448 4555 1759 4628 Gregorius
1790 4574 1805 4614 :

1924 3394 2164 3451 moratis
2195 3396 2408 3453 libellis
2435 3402 2636 3454 contra
2665 3400 3079 3458 obtrectatores
3110 3407 3341 3460 nostros
3371 3422 3565 3462 exem~

1923 3483 2020 3557 pla
2050 3485 2377 3556 posuimus,
2410 3504 2537 3558 qua:
2559 3486 2652 3542 hic
2673 3504 2983 3561 congerere
3014 3508 3169 3547 nunc
3200 3493 3564 3564 superﬂuum

1923 3574 2215 3630 ducimus.
2250 3574 2573 3632 Praesertim
2605 3593 2740 3633 cum
2783 3578 2883 3634 illa
2922 3580 3258 3653 quicunque
3290 3581 3564 3654 dignatus

1922 3663 2095 3720 fuerit
2123 3663 2331 3736 legere,
2356 3665 2597 3722 collecta
2627 3667 2793 3739 quasi
2826 3667 2887 3723 in
2918 3669 3212 3726 fasciculis
3237 3673 3346 3727 sub
3373 3671 3568 3728 celeri-

1922 3756 2040 3808 tate
2070 3757 2127 3807 et
2155 3752 2282 3809 sine
2311 3753 2508 3826 aliqua
2537 3754 2879 3811 diﬁlcultate
2908 3756 3121 3812 valebit
3151 3774 3516 3831 cognoscere.
3535 3781 3565 3811 »

2522 3869 2754 3925 CAPUT
2790 3870 2948 3926 XXX.

1923 3955 2351 4036 Quo-I‘ILeacceptis
2396 3958 2477 4006 his
2504 3959 2719 4036 duabus
2763 3961 2916 4036 quasi
2965 3958 3227 4036 syilabicis
3278 3962 3564 4036 sententiis,

1979 4028 2115 4076 nihil
2158 4029 2213 4078 in
2258 4028 2351 4077 hoc
2395 4028 2617 4093 capituld
2659 4031 2940 4093 posuimus,
2985 4032 3086 4080 nisi
3135 4045 3271 4097 quoa
3315 4046 3380 4083 ea:
3426 4032 3564 4084 beati

1981 4099 2223 4164 Prosper-1'
2247 4099 2413 4150 verbis
2440 4101 2745 4165 excepimus.

1990 4198 2158 4254 Modo
2189 4202 2384 4254 autem
2415 4198 2508 4254 his
2533 4198 2763 4256 duabus
2788 4200 3042 4273 exceptis
3072 4202 3562 4275 superadditioni-

1919 4287 2050 4355 bus,
2085 4289 2156 4343 de
2186 4287 2399 4361 quibus
2438 4288 2724 4345 rationem
2767 4289 3157 4359 reddidimus,
3180 4290 3479 4349 videamus
3510 4293 3561 4349 si

1918 4381 2247 4434 transverso
2279 4394 2494 4451 ungue,
2530 4381 2594 4434 ut
2623 4377 2855 4448 dicitur,
2883 4394 2917 4435 a
2945 4379 3219 4437 sensibus
3247 4381 3401 4439 beati
3434 4382 3564 4440 Pro-

1918 4466 2071 4539 speri
2123 4466 2182 4521 in
2231 4466 2617 4538 descriptione
2645 4466 2840 4539 quarti
2876 4462 3130 4541 capituli
3180 4470 3558 4529 deviavimus.

1918 4555 2164 4628 Prosper
2202 4555 2427 4612 actione
2457 4557 2491 4611 8
2527 4556 2895 4629 (responsione
2921 4558 2975 4632 9)
3005 4562 3208 4615 contra
3248 4559 3445 4617 Gallos
3473 4560 3561 4617 di-

150 4671 176 4698 u
209 4649 346 4722 Ipse
375 4663 641 4719 namque
679 4644 932 4718 Spiritus
970 4647 1210 4701 sanctus
1239 4660 1403 4700 amor
1432 4648 1538 4700 est.
1562 4644 1725 4702 Unde
1754 4650 1812 4703 et
1837 4662 1887 4729 D
1918 4645 1997 4702 cit
2028 4663 2042 4702 :
2068 4668 2095 4696 «
2121 4644 2329 4701 Nullus
2360 4645 2599 4701 omnino
2625 4648 2715 4702 est
2757 4663 2826 4703 ex
2875 4647 3150 4704 omnibus
3198 4647 3559 4718 hominibus,

148 4737 408 4795 Joannes
440 4735 589 4792 dicit
622 4751 637 4790 :
667 4735 810 4791 Deus
857 4734 1096 4791 charitas
1133 4742 1214 4790 est
1240 4733 1287 4807 (Ι
1309 4734 1565 4804 Joan.1v,
1588 4733 1663 4807 8).
1698 4735 1806 4801 Qui

147 4844 283 4901 ergo
317 4829 520 4884 mente
568 4826 797 4897 integra
824 4823 1009 4879 Deum
1039 4823 1350 4893 desiderat,
1382 4823 1637 4895 profecto
1679 4825 1808 4896 jam

147 4915 326 4972 habet
374 4931 558 4989 quem
605 4916 784 4969 amat.
817 4912 1015 4985 Neque
1062 4912 1219 4968 enim
1249 4912 1562 4985 quisquam
1611 4917 1810 4986 posset

146 5004 332 5063 Deum
363 5003 636 5078 diligere,
668 5002 720 5059 si
749 5019 884 5058 eum
916 4988 1090 5074 quem
1123 5000 1314 5074 diligit
1344 5019 1460 5058 non
1491 5001 1684 5058 habet.
1707 5025 1735 5053 »

214 5096 364 5151 Ecce
386 5092 687 5167 quomodo
710 5091 888 5147 etiam
913 5090 974 5145 in
997 5091 1348 5164 baptismate
1368 5093 1491 5147 tam
1522 5091 1582 5147 in
1613 5092 1807 5165 parvis

147 5201 330 5257 quam
358 5184 424 5240 in
447 5180 685 5255 magnis
710 5179 831 5254 agit
850 5180 994 5237 ﬁdes
1016 5196 1146 5252 quae
1167 5197 1271 5253 per
1290 5179 1656 5238 dilectionem
1679 5198 1807 5254 ope-

148 5278 334 5342 ratur,
351 5273 510 5330 sicut
530 5275 774 5328 sanctus
804 5268 1166 5342 Augustinus
1186 5269 1245 5326 in
1267 5269 1414 5327 libro
1436 5275 1645 5343 quarto
1666 5288 1803 5327 con-

145 5365 235 5419 tra
262 5362 578 5420 Juliauum
600 5360 744 5417 dicit
767 5377 816 5415 ;‹‹
843 5359 956 5416 Sed
988 5359 1136 5416 forte
1165 5359 1312 5416 dicis
1336 5376 1349 5415 :
1373 5361 1520 5433 Ergo
1548 5360 1803 5417 infantes

147 5452 247 5524 qui
280 5470 397 5509 non
428 5451 703 5519 credunt,
716 5448 807 5505 vel
839 5448 992 5504 sicut
1017 5452 1082 5504 tu
1113 5449 1385 5523 posuisti,
1410 5450 1510 5523 qui
1549 5467 1666 5506 non
1697 5449 1801 5505 ba-

146 5539 290 5597 bent
313 5558 443 5598 eam
463 5541 646 5597 ﬁdem
672 5556 800 5612 quae
829 5554 934 5611 per
963 5537 1331 5595 dilectionem
1359 5543 1653 5613 eperatur,
1684 5555 1801 5594 non

144 5635 541 5687 renascuntur
568 5628 633 5685 in
663 5627 916 5698 Christo,
940 5644 1129 5701 neque
1158 5645 1261 5701 per
1291 5629 1464 5685 ﬁdem
1497 5626 1800 5702 sanguinis

146 5718 362 5780 Christi
392 5719 454 5779 in
485 5716 844 5796 baptismate
884 5721 1235 5778 renovantur
1269 5717 1330 5777 in
1356 5718 1603 5789 Christo,
1626 5720 1801 5795 atque

1917 4735 2086 4806 cujus
2108 4733 2397 4790 naturain
2419 4733 2646 4791 Christo
2663 4734 2910 4791 Domino
2931 4740 3129 4792 nostro
3151 4741 3425 4810 suscepta
3444 4754 3560 4794 non

1916 4822 2110 4880 fuerit.
2135 4845 2163 4875 »
2187 4824 2258 4879 Et
2285 4823 2425 4880 item
2456 4824 2702 4896 Prosper
2730 4828 2932 4881 contra
2961 4824 3194 4883 Gallos:
3225 4847 3255 4877 «
3276 4828 3418 4883 Cum
3451 4826 3560 4882 ita-

1916 4929 2028 4985 que
2050 4912 2374 4994 rectissime
2395 4912 2623 4969 dicatur
2638 4913 2900 4970 Salvator
2919 4931 3022 4987 pro
3043 4915 3224 4971 totius
3241 4914 3457 4971 munde
3480 4930 3563 4970 re-

1915 5002 2250 5074 demptione
2269 5001 2600 5070 cruciﬁxus,
2624 5006 2863 5076 prepter
2880 5020 3074 5060 veram
3102 5003 3371 5060 humanm
3397 5007 3561 5059 natu-

1915 5107 1989 5144 rae
2021 5089 2473 5163 susceptionem,
2506 5095 2563 5145 et
2598 5095 2836 5164 propter
2872 5108 3244 5148 communem
3276 5091 3337 5146 in
3368 5090 3558 5163 primo

1915 5178 2151 5236 homine
2181 5181 2446 5236 omnium
2489 5180 2897 5252 perditionem.
2923 5203 2953 5232 »
2982 5182 3052 5236 Et
3079 5183 3282 5235 contra
3308 5179 3558 5236 Vinceud

1912 5266 2103 5324 tianos
2136 5268 2297 5341 (resp.
2325 5269 2375 5341 1)
2402 5284 2415 5324 :
2442 5291 2470 5319 «
2499 5269 2569 5324 Et
2597 5273 2793 5324 tamen
2823 5285 2938 5323 non
2979 5283 3183 5322 omnes
3222 5266 3493 5324 homines
3525 5284 3559 5325 a

1911 5358 2243 5431 captivitate
2272 5362 2410 5414 sunt
2438 5357 2644 5414 eruti.»
2668 5358 2738 5413 Et
2771 5374 2877 5413 nos
2913 5355 3261 5428 scripsimus
3286 5373 3299 5411 :
3322 5357 3405 5413 Ita
3429 5357 3557 5413 nul-

1911 5448 1997 5504 lus
2026 5455 2103 5504 est
2132 5448 2290 5505 homo
2311 5465 2414 5520 pro
2443 5465 2546 5522 quo
2572 5463 2766 5520 passus
2795 5463 2905 5503 non
2930 5446 3119 5518 fuerit,
3151 5445 3274 5503 licet
3301 5463 3408 5504 non
3441 5463 3556 5504 om-

1906 5555 2003 5594 nes
2026 5540 2306 5611 passionis
2331 5540 2447 5611 ejus
2468 5537 2727 5610 mysterio
2744 5536 3105 5593 redimantur.
3127 5537 3200 5593 Et
3220 5536 3467 5613 Prosper
3495 5537 3554 5593 in

1909 5627 2389 5702 recapitulatione
2419 5628 2472 5697 9,
2513 5630 2715 5682 contra
2744 5625 2941 5683 Gallos
2968 5629 3256 5698 (sententia
3282 5627 3338 5701 9)
3364 5643 3413 5682 :«
3447 5624 3555 5693 Qui

1909 5717 2049 5776 dicit
2072 5718 2225 5795 quod
2249 5734 2364 5774 non
2389 5734 2494 5793 pro
2513 5716 2696 5773 totius
2718 5717 2921 5776 mundi
2947 5718 3344 5796 redemptione
3366 5716 3557 5784 Salva-
