4020 6456
507 364 636 426 ’295

1363 360 1822 422 lllNCMARUS
1871 357 2318 420 llHEMENSIS
2360 354 3051 419 ABGHIEPISCGPUS.

515 501 609 554 tor
634 496 711 552 sit
739 493 1072 564 cruciﬁxus,
1103 510 1221 550 non
1251 495 1324 550 ad
1353 491 1704 550 sacramenti
1733 491 2028 558 virtutem,
2051 491 2153 546 sed
2177 490 2238 559 λ
2264 490 2597 546 dixeramus
2635 487 3037 546 auctoritative
3075 485 3388 544 resisteret.
3419 485 3478 544 Si
3515 490 3694 543 autem
3717 493 3768 544 et
3785 489 3845 546 de

515 585 590 642 ad
621 583 948 640 inﬁdelium
970 581 1210 656 respicit
1239 586 1483 655 partem,
1507 598 1642 638 cum
1665 579 1906 654 sanguis
1927 578 2159 635 Domini

515 673 700 733 nostri
719 673 858 730 Jesu
881 671 1096 730 Christi
1119 671 1372 744 pretium
1392 671 1574 727 totius
1593 670 1670 725 sit
1690 668 1950 725 mundi.»
1965 669 2034 723 Et
2053 685 2160 724 nos

510 763 904 836 scripsimus:
939 761 1079 830 Quia
1106 776 1230 817 vero
1257 776 1441 816 omnes
1466 760 1740 832 passionis
1767 759 1884 830 ejus
1901 759 2161 830 mysterio

511 870 628 910 non
680 851 1048 917 redimuntur,
1077 866 1190 906 non
1233 849 1458 922 respicit
1509 847 1581 904 ad
1633 846 2070 920 magnitudinem
2111 852 2166 902 et

509 943 682 1016 pretii
713 939 1096 1012 bop-iositatem,
1113 936 1206 995 sed
1235 937 1308 994 ad
1336 936 1645 1010 inﬁdelium
1683 937 1904 1008 respicit
1926 942 2157 1008 partem.

511 1031 764 1103 Prosper
792 1027 1016 1084 actione
1047 1027 1238 1100 prima
1253 1031 1458 1083 contra
1475 1025 1891 1082 Vincentianos
1919 1024 2081 1095 (resp.
2104 1023 2161 1091 1)

511 1117 660 1175 dicit
681 1134 732 1174 :«
766 1115 1046 1174 Poculum
1079 1115 1294 1189 quippe
1333 1113 1812 1184 immortalitatis,
1837 1112 1992 1185 quod
2023 1129 2160 1168 con-

513 1208 734 1264 -fectum
763 1209 855 1263 est
885 1206 955 1261 de
995 1203 1339 1261 inﬁrmitate
1367 1208 1568 1260 nostra
1606 1207 1664 1259 et
1699 1203 1913 1258 virtute
1942 1201 2158 1267 divina,

509 1297 694 1353 habet
725 1295 962 1368 quidem
993 1295 1055 1349 in
1085 1311 1148 1350 se
1176 1296 1242 1350 ut
1283 1293 1556 1350 omnibus
1585 1291 1798 1364 prosit;
1831 1291 1933 1346 sed
1963 1289 2010 1346 si
2041 1305 2160 1345 non

440 1391 454 1402 ‘
515 1385 758 1453 bibitur,
783 1400 901 1440 non
926 1383 1256 1439 medetur.»
1279 1383 1350 1438 Et
1368 1399 1478 1438 nos
1495 1380 1842 1454 scripsimus
1866 1397 1880 1434 :
1907 1379 2048 1448 Quia
2072 1394 2164 1450 po-

507 1475 702 1532 culum
728 1474 988 1530 humanae
1033 1472 1228 1528 salutis
1259 1471 1399 1544 quod
1433 1471 1734 1541 confectum
1759 1476 1840 1525 est
1882 1467 1948 1524 de
1996 1467 2161 1538 inﬁr-

511 1566 702 1620 mitate
726 1569 914 1619 nostra
937 1569 994 1617 et
1019 1562 1219 1617 virtute.
1257 1560 1468 1626 divina,
1499 1559 1656 1616 habet
1687 1557 1907 1630 quidem
1929 1558 1991 1612 in
2017 1572 2076 1612 se
2101 1563 2165 1612 ut

511 1652 766 1710 omnibus
785 1652 978 1723 prosit.
999 1648 1094 1706 sed
1111 1651 1292 1705 sinon
1313 1646 1518 1705 bibitur
1535 1663 1647 1704 non
1662 1646 1926 1702 medetur.
1950 1646 2015 1700 In
2037 1643 2162 1716 qui-

511 1742 626 1798 bus
652 1739 845 1796 verbis
863 1737 913 1794 si
943 1737 1204 1810 aliquam
1233 1736 1520 1810 syllabam
1540 1753 1657 1792 non
1686 1739 1885 1791 autem
1916 1749 2158 1790 sensum

505 1828 979 1894 immutavimus,
999 1842 1114 1882 non
1136 1841 1240 1898 per
1254 1825 1540 1893 studium,
1561 1839 1749 1896 neque
1769 1839 1872 1896 per
1890 1839 2161 1895 arrogan-
2185 1862 2235 1930 Β

507 1920 656 1976 tiam
677 1915 902 1986 accidii,
916 1916 1024 1972 sed
1047 1931 1166 1988 qua
1181 1913 1398 1970 librum
1425 1913 1692 1986 ejusdem
1712 1911 1866 1968 beati
1890 1910 2155 1984 Prosperi

508 2023 629 2080 prus
660 2005 936 2065 manibus
963 2011 1082 2060 non
1125 2002 1464 2069 habuimus,
1487 2007 1545 2058 et
1573 2001 1830 2074 spatium
1859 2005 1927 2056 ut
1964 1998 2156 2056 afferri

509 2095 812 2162 valuisset,
831 2090 1112 2149 instantia
1131 2090 1471 2148 Christiana:
1497 2089 1818 2146 devotionis
1838 2093 2039 2146 vestra:
2059 2103 2156 2144 co-

509 2189 705 2258 gente,
734 2181 888 2240 sicut
917 2181 1030 2254 ipsi
1061 2179 1274 2236 melius
1303 2180 1488 2247 scitis,
1509 2177 1858 2235 venerabilis
1887 2177 2156 2250 princeps

507 2277 714 2330 noster
743 2270 946 2328 Karole
998 2285 1099 2325 rex
1151 2267 1424 2342 gloriose,
1445 2268 1709 2323 obtinere
1763 2265 2153 2338 nequivimus,

511 2360 932 2436 conipellentes
964 2375 1070 2415 nos
1113 2357 1502 2414 coarctatione
1548 2357 1917 2429 dignissima,
1949 2357 2155 2410 dantes

509 2449 844 2523 exemplum
873 2465 944 2504 ex
971 2447 1121 2504 libro
1154 2445 1483 2518 Hieronymi
1505 2447 1575 2502 de
1595 2445 1814 2517 optimo
1837 2460 2046 2516 genere
2074 2443 2159 2499 in-

510 2535 892 2612 terpretandi,
925 2535 1065 2609 quia
1110 2550 1228 2590 non
1276 2539 1510 2590 tantum
1557 2532 1907 2606 quaerebatis
1957 2532 2156 2590 alienas

509 2624 957 2700 compositionis
994 2624 1188 2691 verba,
1215 2640 1392 2695 quam
1425 2623 1661 2678 SillCCI‘tB
1707 2628 1765 2679 et
1810 2621 2156 2695 episcopalis

514 2713 880 2772 conscientiae
909 2712 1200 2769 catholica
1228 2713 1601 2767 documenta.

584 2804 732 2862 231
769 2802 905 2860 Post
933 2799 1238 2874 praemissa
1257 2797 1328 2856 de
1359 2799 1576 2873 quibus
1606 2799 1888 2856 rationem
1909 2799 2159 2856 reddidi-

511 2909 668 2961 mus,
689 2889 1006 2948 subuexuit
1034 2907 1103 2946 ex
1131 2889 1334 2945 ordine
1352 2888 1742 2962 capitulorum
1762 2889 2118 2960 compositor
2139 2905 2153 2946 :

513 3006 542 3034 «
567 2983 764 3049 Porro,
793 2980 1005 3052 inquit,
1035 2978 1298 3052 capitula
1323 2994 1570 3034 numero
1610 2978 1810 3034 decem
1839 2983 1899 3033 et
1927 2993 2156 3045 novem,

513 3070 872 3146 syllogismis
899 3067 1268 3142 ineptissime
1287 3073 1346 3124 et
1366 3067 1816 3123 mendacissime
1846 3083 1880 3122 a
1900 3067 2052 3138 quod
2061 3083 2158 3122 am

513 3161 708 3218 Scotto
745 3155 1049 3225 conclusa,
1078 3156 1182 3212 ubi
1231 3173 1348 3212 non
1405 3161 1820 3229 argumentum
1867 3155 2024 3222 ﬁdei,
2055 3155 2157 3210 sed

2265 595 2480 644 errore,
2503 577 2854 634 conscientia
2885 594 2948 632 se
2978 576 3362 643 remordente,
3386 575 3655 648 corrigere
3679 575 3842 646 voluit,

2266 672 2324 723 et
2353 668 2481 722 ideo
2515 669 2584 724 de
2612 666 2804 722 medio
2844 665 2959 721 ista
2991 664 3234 730 abrasit,
3265 669 3323 720 et
3349 663 3712 737 praecedentes
3735 684 3846 724 suos

2264 761 2584 826 errores,et
2601 757 3026 828 subsequentes
3045 758 3277 810 nostras
3296 753 3578 810 indebitae
3596 755 3848 828 reprehen-

2266 845 2481 914 siones,
2515 845 2750 918 penitus
2777 844 3087 901 absumere
3116 841 3339 898 debuit.

2858 1012 3090 1068 CAPUT
3127 1011 3314 1068 XXXI.

2266 1130 2343 1179 De
2370 1129 2540 1179 decem
2569 1131 2618 1178 et
2647 1143 2828 1180 novem
2868 1127 3126 1193 capitulis,
3167 1142 3280 1192 qua:
3319 1125 3612 1193 compilatar
3645 1129 3848 1194 capitulo-

2327 1216 2444 1250 rum
2471 1199 2619 1250 nobis
2645 1214 2678 1249 a
2705 1201 2853 1264 regia
2895 1199 3246 1248 dominatione
3287 1199 3546 1260 datarum,
3571 1199 3621 1250 in
3645 1199 3846 1266 suggilla-

2327 1273 2466 1321 tione
2507 1273 2683 1321 nostra
2716 1271 3099 1329 commorat,
3131 1272 3180 1319 et
3225 1269 3290 1319 de
3333 1269 3468 1332 aliis,
3509 1270 3610 1320 sive
3649 1284 3745 1336 qua
3778 1286 3847 1322 nos

2321 1343 2517 1409 passim
2545 1343 2734 1406 scripta
2762 1341 3064 1402 invenimus,
3086 1341 3192 1389 sive
3211 1354 3322 1406 quae
3340 1356 3371 1390 a
3392 1337 3680 1406 quibusdam
3697 1339 3849 1392 levibus

2329 1413 2606 1480 quaerendo
2633 1413 2913 1463 adinveuta
2944 1412 3256 1463 audivimus.

2337 1559 2419 1615 De
2448 1559 2650 1614 decem
2669 1555 2958 1628 siquidem
2982 1560 3041 1612 et
3059 1572 3268 1612 novem
3291 1556 3578 1630 capitulis,
3597 1573 3715 1630 quae
3731 1573 3851 1614 com-

2265 1651 2570 1715 memorat,
2613 1662 2770 1702 nunc
2815 1645 2888 1701 ad
2947 1645 3062 1701 alia
3117 1645 3594 1718 occupationibus
3637 1646 3849 1704 devocati

2261 1737 2518 1794 scribere
2541 1733 3002 1808 supersedimus.
3026 1735 3096 1790 Et
3115 1734 3255 1806 quia
3275 1734 3603 1791 audivimus
3619 1735 3848 1808 quoniam

2263 1824 2378 1898 ipsi
2415 1824 2517 1897 qui
2565 1823 2666 1879 illa
2722 1823 3212 1895 reprehenderant
3237 1828 3442 1880 contra
3494 1841 3560 1881 ea
3611 1823 3848 1892 scribunt,

2263 1917 2670 1986 exspectamus
2696 1913 2882 1968 donec
2923 1911 3230 1968 videamus
3261 1912 3312 1968 si
3340 1911 3551 1986 aliquis
3597 1913 3750 1969 fuerit
3771 1912 3849 1985 qui

2266 2003 2395 2074 ipsa
2423 2003 2644 2058 nitatur
2673 2001 3000 2067 defendere,
3015 1999 3100 2056 vel
3123 2000 3264 2072 quid
3288 2005 3491 2058 contra
3515 2001 3612 2058 illa
3635 2001 3849 2057 scribens

2266 2091 2486 2146 nitatur
2514 2107 2792 2147 asserere.
2819 2089 2950 2146 Alia
2978 2089 3367 2146 nihilominus
3396 2090 3643 2164 capitula
3665 2093 3726 2145 77
3741 2105 3850 2163 quo.

2266 2181 2399 2236 dam
2449 2182 2721 2236 oll‘erente
2770 2179 3160 2250 suscepimus,
3189 2195 3443 2250 quorum
3490 2178 3848 2253 superscriptio

2263 2269 2398 2324 talis
2417 2273 2508 2324 est
2531 2285 2576 2326 τι
2601 2267 3021 2340 Recapitulatio
3047 2267 3230 2324 totius
3259 2267 3475 2340 operis,
3495 2273 3551 2324 et
3575 2268 3847 2341 capitulum

2264 2359 2418 2416 382
2441 2357 2696 2430 primum
2718 2357 2966 2412 habetur
2983 2356 3325 2428 huiusmodi
3344 2373 3393 2413 :«
3413 2356 3564 2413 Dicis
3581 2355 3850 2430 quadruvio

2263 2447 2598 2520 regularum
2621 2449 2874 2518 quatuor
2890 2445 3071 2502 totius
3098 2444 3482 2518 philosophia:
3499 2462 3716 2502 omnem
3733 2460 3852 2516 qua-

2264 2536 2516 2592 stionem
2544 2533 2710 2590 solvi.
2737 2534 3179 2606 Respondemus
3201 2549 3308 2590 nec
3326 2533 3468 2590 illud
3493 2532 3850 2607 quadruvium,

2265 2641 2371 2680 nec
2393 2623 2513 2679 ulla
2538 2624 2848 2678 mundanae
2879 2622 3179 2694 sapientia;
3210 2623 3550 2694 sententias,
3565 2623 3633 2678 ad
3660 2635 3852 2677 omnem

2265 2714 2647 2786 quaestionem
2677 2711 3015 2768 solvendam
3043 2711 3314 2766 sufﬁcere
3339 2713 3557 2784 absque
3583 2710 3752 2784 gratia
3776 2705 3854 2763 Dei

2264 2807 2322 2860 et
2359 2803 2492 2874 ﬁde,
2525 2819 2654 2874 quae
2713 2817 2816 2873 per
2871 2799 3239 2856 dilectionem
3271 2805 3561 2872 operatur,
3595 2816 3658 2856 ac
3702 2793 3856 2854 veraci

2265 2891 2460 2948 studio
2480 2895 2538 2947 et
2556 2895 2894 2947 sanctarum
2915 2887 3159 2945 scientia
3177 2889 3632 2961 Scripturarum.
3653 2883 3862 2944 Novissio

2266 2997 2431 3037 mum
2449 2997 2602 3036 vero.
2617 2979 2772 3034 Dicis
2794 2977 3289 3034 anathematizare
3303 2981 3366 3034 te
3380 2995 3479 3036 eos
3497 2977 3594 3051 qui
3609 2974 3860 3050 geminam

2265 3068 2836 3144 praedestinationem
2857 3067 3078 3134 dicunt,
3095 3069 3196 3122 aut
3215 3083 3330 3138 prie
3339 3066 3740 3124 destinationes
3763 3060 3862 3134 plu-

2267 3159 2466 3215 raliter
2479 3158 2748 3214 eﬁ'erunt.
2763 3156 3207 3229 Respondemus
3238 3155 3350 3210 tibi
3374 3156 3566 3228 potius
3582 3151 3862 3215 convenire.

515 3248 712 3322 potius
745 3251 1148 3303 commentum
1195 3244 1450 3320 perﬁdiae
1483 3227 1676 3318 patet,
1708 3243 1872 3300 nulla
1917 3245 2158 3300 omnino
2185 3227 2232 3297 C
2268 3248 2368 3321 qui
2398 3247 2700 3304 veritatem
2721 3227 3084 3318 judiciorum
3115 3243 3216 3300 Dei
3259 3227 3546 3321 tantisper
3573 3245 3860 3316 impugu",

517 3335 922 3412 philosophica
941 3339 1084 3404 arte,
1109 3340 1175 3391 ut
1193 3339 1531 3408 arroganter
1549 3351 1582 3390 a
1603 3333 1959 3406 quibusdam
1977 3335 2160 3406 jacta-

515 3432 634 3493 tur,
651 3427 1083 3496 constructum,
1115 3425 1216 3480 sed
1255 3423 1417 3480 inani
1460 3421 1691 3479 fallacia
1729 3427 1786 3478 et
1820 3423 2159 3495 deceptione

517 3513 935 3588 impertissime
976 3513 1312 3580 confusum,
1333 3529 1368 3568 a
1395 3511 1491 3584 pio
1521 3511 1728 3567 auditu
1769 3511 2030 3568 ﬁdelium
2060 3528 2158 3584 pe-

516 3601 677 3660 nitus
705 3600 1094 3674 explodimus.
1119 3601 1190 3657 Et
1229 3605 1295 3656 ut
1326 3601 1467 3656 talia
1493 3605 1551 3656 et
1581 3600 1796 3657 similia
1826 3605 2156 3669 caveantur,

515 3709 621 3766 per
634 3691 834 3748 omnia
852 3691 1196 3747 auctoritate
1213 3690 1465 3763 Spiritus
1487 3689 1674 3746 sancti
1695 3689 2156 3746 interdicimus.»

515 3781 596 3838 De
627 3781 736 3838 hoc
767 3779 1024 3854 capitulo
1054 3781 1320 3853 quaedam
1355 3781 1596 3846 dempta
1632 3778 1961 3835 invenimus
1993 3798 2058 3836 ex
2092 3797 2159 3836 eo

514 3871 670 3943 quod
703 3871 873 3926 nobis
902 3876 1036 3926 ante
1065 3868 1406 3936 triennium,
1435 3867 1590 3924 sicut
1617 3885 1797 3940 supra
1823 3869 2161 3926 memoravi-

513 3973 669 4026 mus,
702 3961 764 4014 in
793 3957 978 4016 Niell‘a
1005 3953 1145 4014 villa
1184 3956 1671 4030 Rhotomagensis
1701 3957 1979 4030 episcopii
2009 3974 2163 4014 com-

516 4049 789 4104 misistis.
824 4047 1042 4103 Ibidem
1101 4047 1258 4103 enim
1289 4048 1572 4118 scriptum
1621 4046 1870 4102 habetur
1918 4063 1932 4102 :
1985 4047 2160 4103 Porro

514 4135 776 4210 capitula
803 4139 1073 4208 quatuor,
1097 4151 1228 4207 quae
1271 4135 1516 4191 consilio
1562 4136 1809 4191 fratrum
1857 4139 2159 4192 nostorum

515 4223 715 4281 minus
731 4228 1036 4296 prospecte
1051 4228 1325 4296 suscepta
1341 4227 1745 4295 sunt,propter
1759 4223 2157 4292 inutilitatem,

512 4310 601 4368 vel
631 4311 810 4367 etiam
842 4311 1212 4378 noxietatem,
1235 4316 1293 4368 et
1339 4328 1594 4368 errorem
1625 4312 1982 4368 contrarium
2010 4312 2159 4368 veri-

513 4401 644 4468 tati,
666 4401 769 4457 sed
799 4404 859 4457 et
887 4399 1004 4456 alia
1047 4399 1305 4474 capitula
1332 4419 1576 4458 numero
1615 4402 1814 4458 decem
1843 4406 1902 4456 et
1930 4418 2158 4472 novem,

514 4489 872 4564 syllogismis
887 4489 1252 4563 ineptissime
1265 4494 1323 4547 et
1338 4491 1790 4548 mendacissime
1805 4490 2165 4560 conclusa,et

2267 3337 2442 3394 ﬁdem
2471 3336 2762 3392 dictorum
2779 3335 3074 3392 veracium
3105 3350 3304 3408 negas,
3339 3352 3514 3392 sensa
3540 3335 3754 3392 Patrum
3781 3343 3863 3402 per

2265 3426 2465 3483 omnia
2505 3425 2953 3480 reverendorum
2996 3422 3340 3479 ﬁdelissima
3399 3425 3689 3498 depravas,
3717 3424 3768 3476 et
3811 3432 3864 3472 ea

2267 3517 2508 3588 insuper
2535 3531 2721 3570 novus
2767 3512 3093 3569 falsitatum
3141 3513 3408 3569 inventor
3454 3511 3730 3578 enunties,
3757 3522 3862 3581 quis

2266 3603 2465 3662 nullus
2493 3603 2742 3660 antehac
2759 3601 2976 3658 dixisse
2998 3601 3082 3658 vel
3103 3601 3414 3673 scripsisse
3433 3601 3713 3658 ullatenus
3739 3610 3867 3669 reps-

2267 3695 2472 3750 ritur.»
2494 3696 2753 3759 Quorum
2782 3695 3070 3757 auctores,
3091 3691 3177 3746 vel
3209 3689 3406 3762 potius
3427 3691 3536 3748 sibi
3558 3699 3867 3761 compugna-

2266 3787 2442 3849 tores,
2465 3786 2522 3838 et
2549 3781 2610 3836 in
2641 3779 2997 3852 quibusdam
3021 3779 3280 3834 veritatis
3309 3775 3866 3852 impugnatores,jac-

2266 3870 2512 3927 titantur
2540 3887 2576 3926 a
2603 3861 2806 3925 multis
2836 3867 3189 3924 Prudentius
3215 3867 3544 3942 episcopus,
3569 3872 3625 3924 et
3649 3866 3868 3922 Joannes

2267 3959 2621 4033 Scottigena.
2645 3958 2754 4014 Sed
2787 3974 2895 4013 nos
2925 3973 3029 4012 nec
3049 3956 3284 4012 credere
3313 3974 3422 4014 nec
3449 3957 3775 4014 conﬁrmem
3791 3966 3869 4005 vo-

2265 4047 2658 4120 lumus,quod
2707 4043 3074 4102 documentis
3119 4045 3466 4103 certioribus
3513 4045 3870 4101 demonstrem

2267 4155 2382 4193 non
2407 4153 2743 4209 possumus.
2764 4133 3001 4190 Interim
3033 4138 3229 4190 tamen
3259 4133 3495 4190 illorum
3525 4124 3870 4190 contentioni-

2267 4227 2374 4282 bus
2401 4243 2507 4281 nos
2536 4225 2866 4280 immiscere
2895 4221 3215 4290 noluimus,
3240 4241 3428 4296 usque
3456 4225 3597 4279 dum
3623 4217 3870 4293 liquidius

2267 4330 2693 4386 cognoscamus
2723 4313 2794 4368 ad
2828 4329 3002 4384 quem
3051 4312 3228 4367 ﬁnem
3257 4312 3683 4368 contentionem
3727 4317 3871 4362 suam

2267 4403 2606 4476 quicunque
2627 4402 2747 4457 sint
2767 4400 2850 4456 illi
2875 4400 3652 4473 perduxerint,recordantes
3671 4393 3867 4468 Sapien-

2265 4492 2343 4548 tis
2374 4509 2477 4565 pro
2503 4490 2684 4547 verbii
2710 4507 2723 4545 :
2745 4491 2901 4546 Sicut
2926 4490 3022 4561 qui
3052 4489 3408 4560 apprehendit
3432 4487 3658 4546 auribus
3692 4496 3872 4544 suum

514 4577 744 4651 reliqua
763 4579 918 4650 sicut
937 4583 996 4636 et
1027 4577 1121 4635 hic
1145 4581 1500 4652 compositor
1521 4580 1632 4636 iste
1651 4581 1824 4636 modo
1846 4579 2158 4653 disposuit.
2189 4599 2236 4664 Β
2265 4583 2345 4638 sic
2370 4589 2424 4638 et
2450 4582 2546 4654 qui
2587 4581 2926 4636 immiscetur
2949 4579 3098 4634 rixae
3123 4579 3353 4634 alterius
3381 4580 3561 4651 (Prov.
3599 4591 3742 4641 sxw,
3781 4569 3872 4664 17).

515 4667 678 4724 Unde
701 4667 1006 4736 miramur,
1031 4667 1080 4724 si
1103 4668 1214 4726 iste
1241 4668 1302 4724 in
1321 4667 1709 4742 compilandis
1730 4669 1847 4727 illis
1869 4669 1980 4725 fuit
2000 4669 2158 4742 capi-

415 4757 424 4762 ’
514 4756 678 4828 talis,
708 4755 819 4813 hoc
847 4758 1004 4830 quod
1047 4761 1189 4814 tunc
1227 4757 1286 4814 in
1318 4757 1403 4815 eis
1433 4763 1554 4814 tam
1586 4757 1848 4815 studiose
1895 4758 2160 4829 inseruit,

438 4890 446 4898 .
514 4863 696 4922 quare
721 4845 793 4903 de
821 4845 936 4903 isto
964 4847 1202 4902 eradere
1223 4845 1450 4903 maluit.
1475 4848 1544 4903 Et
1572 4847 1623 4903 si
1654 4847 1714 4902 in
1743 4846 1860 4904 illis
1888 4845 2163 4920 capitulis

513 4935 872 5009 compositor
892 4935 1004 4991 iste
1023 4951 1139 4992 non
1161 4935 1592 5008 fuit,quomodo
1612 4941 1731 4993 tam
1753 4941 2161 5004 consonanter,

515 5030 581 5083 ut
607 5024 667 5080 in
699 5023 862 5082 nullo
911 5022 1046 5092 alio,
1079 5029 1314 5097 excepto
1355 5025 1466 5081 isto
1495 5023 1642 5093 loco,
1670 5029 1728 5081 et
1775 5025 1846 5081 de
1895 5025 2162 5098 sequenti

515 5113 790 5187 capitulo,
809 5115 880 5171 de
893 5131 1008 5187 quo
1032 5130 1218 5169 unum
1240 5113 1442 5170 elinxit
1457 5113 1862 5186 apostolicum,
1883 5115 2033 5170 sicut
2053 5131 2160 5171 suo

516 5200 642 5258 loco
663 5203 1150 5272 monstrabimus,
1175 5202 1488 5258 deviaverit
1509 5201 1595 5258 vel
1625 5202 2041 5272 immutaverit,
2063 5220 2160 5260 ne-

515 5306 631 5362 que
659 5295 988 5348 transverso
1015 5290 1228 5364 capillo
1257 5309 1293 5347 a
1319 5291 1590 5348 concordi
1623 5290 1912 5347 sententia
1941 5293 2162 5348 exorbi-

515 5377 742 5435 taverit.
760 5379 820 5436 Si
839 5379 996 5436 enim
1019 5381 1298 5453 nosjuste
1319 5385 1378 5436 et
1397 5379 1820 5436 rationabiliter
1848 5381 2158 5454 reprehen-

517 5467 652 5524 dere
672 5483 734 5523 se
763 5485 934 5540 posse
953 5473 1012 5524 et
1039 5471 1250 5526 debere
1272 5469 1530 5536 conﬁdit,
1551 5485 1755 5525 nemor
1773 5469 1913 5542 quia
1943 5470 2159 5527 Paulus

517 5556 684 5615 Petro
740 5555 802 5612 in
859 5557 1067 5614 faciem
1124 5558 1339 5614 restitit
1392 5557 1535 5630 (Gal.
1577 5575 1639 5629 ιι,
1683 5559 1792 5629 il),
1842 5564 2159 5632 apportans

517 5646 872 5724 scriptorum
897 5657 1139 5707 suorum
1169 5646 1616 5725 plenitudinem,
1639 5647 1734 5707 his
1763 5664 1892 5725 quas
1920 5663 2162 5725 perpere

2268 4671 2420 4728 Sunt
2437 4675 2494 4727 et
2509 4669 2626 4726 alia
2640 4687 2767 4742 quis
2779 4683 2987 4729 vocum
3002 4666 3358 4724 novitatibus
3373 4658 3876 4726 delectantcsmnde

2271 4760 2382 4816 sibi
2412 4760 2616 4815 inanes
2644 4739 2982 4830 comparent
3011 4757 3402 4826 rumusculos,
3431 4761 3631 4814 contra
3655 4750 3779 4809 ﬁdei
3803 4763 3875 4804 ca-
3962 4739 3963 4748 “

2269 4849 2496 4906 tholicas
2525 4847 2831 4903 veritatem
2883 4845 3105 4902 dicunt.
3135 4845 3418 4903 Videlicet
3445 4845 3600 4920 quod
3644 4841 3789 4898 trina
3811 4834 3878 4892 sit

2271 4938 2487 5008 Deitas,
2510 4937 2665 5008 quod
2696 4936 3074 4992 Sacramenta
3100 4934 3303 4992 altaris
3322 4952 3439 4992 non
3466 4949 3664 4992 verum
3689 4938 3877 4999 corpus

2269 5031 2326 5084 et
2351 5044 2524 5083 verus
2553 5024 2798 5098 sanguis
2825 5026 2903 5082 sit
2945 5024 3198 5093 Domini,
3219 5025 3322 5081 sed
3358 5028 3590 5081 tantum
3625 5011 3879 5077 memoria

2266 5115 2386 5171 veri
2417 5115 2676 5186 corporis
2705 5119 2761 5170 et
2788 5113 3094 5187 sanguinis
3119 5115 3268 5186 ejus,
3293 5114 3449 5188 quod
3477 5110 3664 5185 angeli
3695 5110 3879 5164 natura

2269 5203 2388 5260 sint
2416 5202 2763 5276 corporales,
2797 5203 2954 5274 quod
3011 5203 3211 5260 anima
3249 5202 3506 5260 hominis
3534 5217 3648 5257 non
3699 5195 3772 5254 sit
3826 5190 3878 5246 in

2269 5309 2526 5365 corpore,
2550 5293 2705 5364 quod
2736 5309 2848 5348 non
2885 5291 3010 5347 aliae
3051 5309 3232 5364 pcenae
3271 5291 3390 5348 sint
3429 5287 3750 5353 infernales,
3779 5277 3878 5338 nisi

2267 5380 2634 5438 tormentalis
2665 5380 2948 5437 memoria
2995 5380 3362 5436 conscientiae
3419 5382 3794 5454 peccatorum.
3821 5367 3882 5424 Et

2268 5471 2413 5526 forte
2444 5471 2544 5543 qui
2575 5486 2690 5526 non
2736 5473 3012 5542 satagunt
3041 5474 3107 5526 ut
3133 5475 3266 5542 post
3313 5470 3546 5526 ﬁnitum
3583 5456 3880 5524 universale

2260 5559 2556 5631 judicium
2587 5558 2902 5615 Dominum
2922 5559 3178 5626 videant,
3201 5558 3452 5632 qualiter
3476 5554 3656 5615 videri
3675 5549 3880 5610 debeat,

2267 5648 2528 5709 mordaci
2548 5647 2917 5709 contentione
2932 5647 3290 5725 disquirunt.
3303 5649 3375 5709 Et
3392 5647 3565 5727 plura
3577 5642 3689 5704 alia
3701 5641 3882 5699 contra
