4020 6510
186 501 277 561 29³1

183 648 284 705 qua:
301 627 623 687 orthodoxos
639 627 910 685 Ecclesiae
931 629 1228 686 catholicae
1250 633 1501 686 rectores
1531 644 1766 684 necesse
1795 627 1850 694 Α

183 719 268 779 erit
289 717 460 775 solerti
485 716 677 772 studio
701 716 964 790 vigilare.

234 809 326 866 Sed
354 810 406 862 et
437 804 492 860 in
540 802 781 878 praefata
824 807 1066 879 synodo,
1099 807 1374 880 capitulis
1423 825 1550 879 qum
1599 807 1768 862 nobis

179 895 394 964 dedistis,
415 893 470 950 in
499 895 981 968 quaternunculis
1003 895 1180 952 unius
1205 895 1634 952 consaeerdotis
1665 911 1768 950 no-

179 987 258 1044 stri
277 988 472 1058 septem
503 983 854 1055 subjunctas
881 985 1232 1052 invenimus,
1248 1002 1364 1040 non
1395 984 1652 1050 veritate,
1668 983 1766 1039 sed

176 1073 369 1131 nomine
395 1071 620 1145 regulas
652 1089 666 1126 :
700 1071 840 1145 quia
869 1090 984 1128 non
1020 1074 1176 1141 ﬁdei,
1201 1073 1356 1129 sicut
1383 1073 1601 1129 ibidem
1633 1071 1770 1128 scri-

175 1169 307 1236 ptum
335 1160 664 1235 reperimus.
697 1161 930 1234 regulae,
960 1163 1059 1220 sed
1089 1164 1162 1218 ad
1195 1161 1599 1218 inﬁdelitatem
1629 1161 1772 1216 sim-

841 497 946 558 DE
987 495 1750 558 PRJEDESTINATIONE
1794 492 2306 554 DISSERTATIO
2351 493 2810 554 POSTERIOR.

3410 481 3530 555 298

2458 625 2690 682 CAPUT
2729 625 2944 682 XXXII.
3484 612 3492 620 ’

1880 714 1954 763 De
1983 712 2210 762 clausula
2239 713 2458 777 capituli
2487 711 2849 777 cempilatoris,
2881 715 2932 762 et
2960 713 3024 762 de
3051 713 3216 762 (ribus
3260 729 3372 780 quae
3411 715 3530 769 huic

1942 787 2166 848 capitulo
2210 785 2504 834 subnectere
2543 781 2963 848 procuravimus;
2990 797 3204 848 quorum
3251 799 3410 835 unum
3457 793 3534 840 est

1942 857 2066 920 quia
2099 854 2262 904 turbae
2292 871 2404 920 quae
2435 857 2758 905 Dominicum
2789 855 3067 904 adventum
3089 859 3468 918 praecesserunt,
3483 858 3532 906 et

1941 940 2056 990 quae
2112 925 2512 990 subsequuntur,
2567 939 2670 976 una
2725 924 3004 990 eademque
3055 925 3159 988 ﬁde
3213 925 3532 976 conclamant

1943 997 2169 1054 Osanna,
2203 998 2450 1060 quoniam
2493 1011 2588 1060 per
2631 999 2862 1062 gratiam
2907 996 3008 1046 Dei
3045 996 3240 1045 salvari
3281 996 3532 1062 credimus

1941 1067 2368 1131 quemadmodum
2397 1071 2449 1116 et
2469 1067 2563 1138 illi.

1949 1165 2211 1220 Tandem
2243 1164 2301 1219 in
2322 1164 2432 1220 hac
2455 1164 2720 1222 clausula
2738 1166 3080 1222 adinventor
3101 1165 3347 1222 istorum
3374 1165 3530 1237 capi-

173 1251 382 1324 plieibus
426 1253 703 1322 protensa
743 1255 882 1308 sunt
931 1251 1212 1307 retiacula
1243 1268 1256 1306 :
1291 1269 1416 1324 quae
1463 1252 1774 1306 verborum
1879 1251 2138 1308 tulorum
2162 1269 2417 1324 prz-esens
2439 1253 2728 1309 conclusit
2758 1253 3084 1326 capitulum
3113 1253 3346 1310 dicens:
3373 1275 3400 1303 «
3425 1254 3532 1308 No-

174 1343 218 1395 et
255 1354 509 1395 sensuum
561 1337 946 1394 consonantia
993 1339 1256 1410 ejusdem
1298 1337 1572 1405 auctoris,
1605 1337 1777 1407 cujus
1878 1358 2084 1397 varum
2127 1341 2305 1398 etiam
2355 1359 2552 1398 rerum
2601 1342 3050 1411 introductores,
3083 1359 3156 1398 ne
3205 1342 3529 1399 districtius

171 1433 214 1484 et
235 1425 463 1500 capitula
489 1429 704 1482 nostrae
738 1425 1058 1482 humilitati
1089 1443 1124 1482 a
1146 1431 1338 1482 vestra
1355 1427 1490 1482 data
1510 1423 1773 1481 sublimi.

172 1520 280 1582 tate,
301 1515 432 1571 forte
461 1515 804 1570 creduntur.
828 1517 1089 1582 Quarum
1125 1514 1355 1571 initium
1378 1519 1466 1571 est
1490 1531 1502 1571 :
1527 1537 1555 1564 «
1582 1513 1773 1570 Primo

171 1603 268 1660 loco
299 1603 646 1676 ponendum,
679 1608 738 1660 et
783 1603 1210 1670 vehementius,
1243 1607 1416 1676 prout
1461 1619 1616 1658 nunc
1667 1619 1773 1674 pu-

171 1692 384 1748 sillitatis
413 1696 626 1748 nostra:
658 1693 954 1748 memoriae
998 1692 1576 1759 occurrit,credimus
1623 1707 1778 1747 com-

169 1781 514 1836 mendandum
549 1786 778 1853 septem
803 1781 1091 1853 quasdam
1123 1797 1253 1838 esse
1283 1780 1517 1854 regulas
1543 1780 1774 1849 ﬁdei,ex

169 1869 446 1925 divinarum
475 1869 889 1942 Sripturarum
932 1869 1279 1926 auctoritate
1307 1869 1622 1935 venientes,
1655 1873 1710 1924 et
1740 1886 1774 1924 a

166 1955 344 2012 sanctis
385 1958 560 2028 atque
613 1954 952 2011 orthodoxis
1001 1955 1275 2011 Patribus
1323 1955 1774 2028 diligentissime

167 2045 562 2101 commendatae
587 2061 602 2100 :
631 2044 703 2100 de
735 2042 1102 2118 praescientia
1143 2043 1367 2100 scilicet
1395 2048 1453 2100 et
1483 2043 1778 2116 praedesti-

165 2131 360 2189 natione
372 2131 570 2190 divina
594 2149 608 2188 :
634 2149 786 2205 quas
806 2135 864 2188 et
882 2132 1209 2189 catholicus
1230 2133 1568 2188 ﬁdelissime
1585 2137 1782 2188 tenere

165 2219 349 2289 debeat,
400 2225 457 2278 et
507 2219 854 2294 quicunque
920 2221 1014 2278 his
1091 2221 1384 2277 contraria
1439 2221 1611 2293 sapit,
1663 2237 1779 2275 non

165 2307 403 2366 catholico
430 2310 654 2366 sentire
683 2310 1120 2381 eomprobctur.
1157 2331 1184 2360 ››
1217 2311 1286 2366 Et
1315 2308 1398 2364 sic
1428 2326 1530 2380 per
1559 2313 1780 2380 septem

163 2395 404 2464 illas,non
424 2415 596 2454 veras
619 2397 874 2472 regulas,
891 2399 996 2454 sed
1029 2399 1198 2454 ﬁctas
1226 2397 1475 2465 reculas,
1509 2398 1660 2454 sicut
1687 2414 1780 2452 so-

162 2483 417 2544 lent238
441 2485 734 2544 sortiar-ite
766 2487 1065 2556 facere,ad
1100 2503 1203 2543 ora
1243 2487 1462 2544 vasculi
1501 2486 1695 2554 mella,
1727 2489 1785 2542 ct

168 2571 213 2628 in
236 2573 599 2632 inferioribus
626 2575 892 2648 partibus
911 2593 1134 2632 venena
1155 2592 1502 2648 supponere,
1517 2575 1784 2631 orthodo-

168 2676 336 2718 xorum
361 2664 536 2720 verba
565 2663 920 2720 detruncata
948 2681 1312 2737 praeponens,
1339 2664 1410 2720 ad
1442 2664 1593 2720 hanc
1625 2681 1784 2720 sum-

165 2764 293 2806 mam
319 2751 652 2808 intellectus
700 2752 792 2808 sui
839 2753 1075 2808 deducit
1119 2753 1494 2821 sententiam,
1529 2756 1594 2808 ut
1631 2753 1784 2808 sicut

166 2836 300 2895 electi
318 2843 385 2897 ad
405 2840 592 2899 vitam
615 2841 699 2896 ita
727 2845 784 2897 et
812 2841 1044 2915 reprobi
1073 2859 1109 2897 a
1140 2842 1256 2897 Deo
1276 2826 1784 2914 'prmdestinentur

164 2926 219 2982 ad
243 2934 475 2986 mortem
508 2948 522 2988 :
558 2933 623 2987 et
642 2931 970 2986 secundum
992 2929 1418 3004 praescientiam
1441 2947 1610 2986 suam
1635 2935 1782 2986 Deus

163 3014 503 3089 damnaverit,
539 3035 697 3093 quos
727 3018 789 3074 in
818 3019 1128 3092 iniquitate
1157 3023 1216 3075 et
1252 3019 1554 3092 impietate
1583 3034 1782 3090 perse-

161 3111 418 3166 veratums
463 3108 849 3182 praesciverit,
884 3108 1238 3180 eosdemque
1297 3107 1588 3180 perituros
1633 3124 1782 3180 prae-

159 3192 515 3254 destinaverit.
550 3201 694 3265 Quae
715 3197 934 3253 imitari
962 3196 1161 3253 volens
1194 3197 1504 3264 lsidorum,
1533 3197 1602 3254 de
1624 3197 1786 3252 Tico-

157 3281 232 3339 nio
249 3290 300 3340 et
327 3285 454 3342 aliis
484 3285 863 3360 sapientibus
891 3289 1116 3358 septem
1144 3285 1204 3340 in
1237 3285 1421 3342 sacris
1465 3285 1783 3358 Scripturis

158 3371 354 3444 regulas
381 3375 982 3448 excerpentem,satis
1011 3374 1229 3430 insulto
1259 3379 1316 3430 et
1346 3373 1780 3430 nonverisimile
1808 3361 1851 3428 C

157 3462 427 3535 laniavit,
447 3464 770 3538 quaerendo
793 3463 934 3536 quid
961 3463 1179 3520 diceret
1199 3463 1301 3536 qui
1331 3463 1490 3536 loqui
1513 3462 1782 3519 nesciens

155 3551 313 3608 tacere
341 3570 457 3610 non
489 3552 714 3628 potuit.
747 3553 829 3609 De
859 3551 1076 3626 quibus
1105 3553 1470 3625 superﬂuum
1503 3552 1781 3608 duximus

155 3637 391 3712 scribere,
425 3643 573 3716 quia
626 3642 900 3714 primam,
933 3645 990 3698 et
1036 3642 1378 3708 secundam,
1413 3657 1479 3697 ac
1525 3638 1794 3708 tertiam,

153 3725 250 3784 sive
300 3737 600 3803 quartam,
627 3748 974 3788 aranearum
1033 3731 1202 3801 telas,
1245 3730 1413 3803 quasi
1471 3729 1784 3802 specialius

154 3822 362 3876 sanctus
387 3819 773 3896 Augustinus
798 3819 859 3875 in
886 3819 1034 3876 libro
1067 3821 1138 3876 de
1168 3819 1542 3892 Correptione
1573 3824 1632 3874 ct
1651 3819 1787 3874 Gra-

151 3903 234 3970 tia,
256 3913 310 3963 et
335 3909 392 3964 in
424 3909 580 3966 libro
621 3909 693 3964 de
740 3910 897 3965 Bono
947 3908 1408 3982 perseverantiae,
1441 3913 1499 3963 et
1546 3913 1784 3963 sanctus

154 3991 367 4070 Prosper
406 4005 624 4056 contra
669 3999 1018 4066 Januenses,
1051 3997 1272 4054 nullius
1320 3997 1599 4053 momenti
1659 4014 1786 4052 esse

150 4081 851 4158 demonstrant.QuiMam
871 4105 1004 4144 vero
1027 4087 1371 4143 memiarum
1396 4091 1454 4143 et
1475 4085 1785 4158 septimam

152 4174 382 4246 regulam
411 4179 634 4236 beatus
663 4177 1051 4251 Augustinus,
1073 4180 1276 4232 contra
1301 4180 1520 4232 veteres
1543 4175 1789 4230 Praedes—

149 4259 460 4335 tinatianos,
493 4268 557 4324 in
591 4266 748 4323 libro
779 4267 850 4323 de
879 4265 1396 4322 Praedestinatione
1427 4267 1784 4331 sanctorum,

150 4351 196 4402 et
239 4358 473 4410 sanctus
535 4353 859 4428 Gregorius
917 4355 977 4409 in
1031 4353 1180 4409 libro
1236 4351 1516 4424 vigesimo
1583 4353 1786 4425 quinto

148 4433 430 4500 Moralium
463 4444 606 4513 Job,
642 4443 704 4498 in
733 4445 924 4499 totum
953 4445 1012 4498 et
1055 4459 1160 4514 per
1197 4446 1386 4498 totum
1432 4441 1784 4497 annihilant.

149 4523 376 4599 Sextum,
402 4537 472 4588 ut
528 4533 776 4600 dicitur,
810 4531 965 4589 sicut
991 4533 1222 4587 fumum
1273 4531 1550 4604 pultium,
1581 4530 1787 4585 beatus

144 4613 485 4690 Augustinus
515 4621 685 4680 inter
711 4624 936 4690 caetera,
969 4621 1030 4676 in
1063 4619 1228 4676 libris
1259 4620 1330 4676 de
1360 4617 1560 4676 Gratia
1601 4622 1658 4674 et
1687 4617 1782 4672 Li-

1882 1430 2182 1498 fcriantur,
2209 1431 2580 1503 castigandos
2610 1447 2737 1486 esse
2763 1447 3093 1487 censemus.
3117 1453 3146 1480 »
3184 1432 3256 1486 Et
3299 1448 3408 1487 nos
3449 1431 3532 1487 ita

1881 1518 2057 1574 etiam
2089 1535 2534 1576 concenscmus.
2567 1519 2802 1576 Veteres
2835 1519 3399 1587 Praedestinatianos,
3423 1537 3527 1576 no-

1882 1623 2088 1662 varum
2122 1596 2344 1662 Scilicet
2365 1625 2558 1664 rerum
2581 1608 3030 1676 introductores,
3047 1612 3285 1664 sanctus
3305 1611 3530 1682 Augus-

1884 1696 2047 1751 tinus
2075 1695 2135 1750 in
2167 1695 2334 1752 libris
2362 1697 2432 1752 de
2454 1696 2825 1768 Correptione
2853 1699 2912 1753 et
2941 1697 3244 1763 Gratia,de
3267 1697 3528 1752 Prmdes-

1885 1783 2168 1839 tinatione
2197 1788 2555 1851 sanctorum,
2585 1801 2652 1840 ac
2680 1784 2837 1840 Bono
2875 1784 3337 1856 perseverantiae,
3371 1786 3526 1842 284

1887 1873 2374 1945 Hypomnesticon
2398 1871 2782 1928 nihilominus
2821 1873 2990 1941 libro,
3011 1877 3067 1928 et
3096 1873 3244 1928 libro
3275 1861 3346 1929 de
3377 1874 3523 1930 Prm-

1885 1959 2272 2016 destina‘tione
2301 1960 2522 2034 gratiae,
2557 1951 3055 2017 sufﬁcientissime
3099 1965 3157 2018 et
3185 1960 3526 2018 ﬁdelissime

1887 2055 2064 2121 atque
2120 2053 2358 2120 paterae
2399 2049 2684 2123 castigare
2739 2051 2978 2106 curavit.
3027 2049 3242 2106 Deinde
3293 2054 3535 2108 sanctus

1888 2138 2238 2194 Coelestinus
2265 2138 2608 2194 auctoritate
2647 2139 2982 2211 apostolica,
3013 2138 3301 2195 instantia
3349 2139 3534 2196 sancti

1891 2223 2242 2300 ProSperi,et
2261 2228 2550 2283 sententia
2570 2226 2855 2300 synodali,
2871 2227 3170 2301 redarguit
3191 2231 3364 2300 atque
3386 2244 3538 2284 com-

1891 2317 2122 2389 pressit.
2139 2319 2208 2373 Et
2224 2334 2380 2372 nunc
2405 2317 2606 2372 itidem
2632 2317 2841 2372 harum
2865 2333 3146 2372 novarum
3171 2333 3376 2372 vocum
3394 2317 3542 2372 rein-

1893 2406 2280 2484 troductores,
2304 2406 2504 2460 eadem
2528 2405 2872 2461 auctoritate
2901 2410 3240 2461 sanctarum
3271 2405 3542 2478 Scriptu-

1890 2507 2114 2559 rarum,
2137 2498 2196 2550 et
2227 2493 2648 2550 catholicorum
2679 2499 2857 2566 atque
2887 2494 3263 2567 antiquorum
3304 2494 3538 2550 Patrum

1891 2582 2135 2656 prolatis
2157 2582 2740 2648 sententiis,neccsse
2766 2587 2854 2638 est
2875 2583 3180 2655 castigare,
3195 2583 3542 2656 redarguere

1891 2675 2066 2744 atque
2089 2658 2664 2744 compriniereﬂnde
2687 2671 2798 2727 tria
2815 2671 2952 2727 huic
2965 2670 3218 2743 capitulo
3241 2671 3543 2727 subnecte-

1891 2777 2046 2815 mus.
2062 2762 2322 2825 Quorum
2342 2776 2528 2814 unum
2545 2759 2800 2831 est,quia
2823 2759 3158 2831 turbm,qum
3172 2759 3541 2815 Dominicum

1882 2851 2202 2904 adventum
2227 2851 2666 2920 praecesserunt,
2679 2851 2744 2902 et
2764 2865 2891 2920 quae
2915 2849 3359 2920 subsequuntur
3374 2851 3539 2918 (hom.

1893 2926 2002 3005 17),
2019 2954 2136 2992 una
2152 2938 2470 3009 eademque
2482 2937 2594 2992 ﬁde
2610 2936 2981 2992 conclamant
2992 2937 3276 2993 dicentes:
3299 2936 3538 3015 Osanna,

1891 3025 1948 3080 id
1981 3029 2088 3093 est,
2123 3028 2189 3080 ut
2233 3026 2294 3080 in
2341 3028 2592 3081 tractatu
2647 3023 2964 3081 Ezechielis
3012 3028 3252 3081 sanctus
3303 3025 3540 3096 exponit

1891 3114 2204 3186 Gregorius
2229 3129 2242 3168 :
2265 3111 2433 3169 Salva.
2451 3129 2548 3170 nos
2568 3114 2628 3169 in
2647 3113 2892 3168 excelsis.
2909 3112 3214 3181 Quoniam,
3238 3117 3304 3168 ut
3333 3101 3538 3170 Petrus

1893 3202 2052 3270 dicit,
2061 3219 2170 3275 per
2193 3203 2458 3276 gratiam
2483 3203 2594 3258 Dei
2611 3201 2834 3258 salvari
2851 3201 3536 3274 crcdimu:,quemadm0—

1889 3292 2121 3347 modum
2147 3300 2204 3347 et
2233 3290 2335 3347 illi
2362 3293 2508 3360 (Act.
2539 3307 2632 3359 xv,
2657 3291 2768 3359 11).
2800 3290 3020 3346 Deinde
3050 3289 3303 3362 qualiter
3331 3291 3540 3347 docent

1890 3385 2228 3437 sanctarum
2262 3379 2701 3452 Scripturarum
2733 3378 3078 3435 auctoritate
3108 3378 3378 3438 catholici
3405 3379 3540 3448 viri,

1888 3467 2236 3542 generaliter
2263 3469 2560 3524 Christum
2590 3467 2772 3524 fuisse
2803 3485 3046 3540 passum
3095 3483 3199 3541 pro
3240 3454 3538 3524 omnibus.

1891 3559 2146 3630 Indeque
2176 3558 2471 3630 quomodo
2493 3549 2797 3613 orthodoXi
2841 3561 2899 3613 et
2927 3557 3153 3629 antiqui
3181 3555 3448 3630 magistri
3473 3573 3542 3612 ex

1891 3647 2208 3718 Scripturis
2258 3645 2618 3702 authenticis
2667 3646 3096 3717 demonstrant,
3129 3633 3378 3702 discreto
3435 3662 3542 3701 nos

1893 3735 2102 3790 debere
2125 3733 2630 3806 intelligere,quia
2667 3733 2805 3789 licet
2826 3734 3089 3790 Christus
3129 3735 3304 3790 fuerit
3332 3751 3543 3806 passus

1893 3840 1995 3896 pro
2018 3823 2438 3889 omnibus,non
2459 3827 2655 3877 tamen
2678 3838 2880 3877 omnes
2897 3823 2970 3877 ad
2993 3827 3267 3877 aeternam
3290 3822 3541 3879 salutem

1892 3911 2095 3967 mundi
2131 3910 2334 3983 pretio,
2366 3909 2425 3964 id
2459 3913 2548 3964 est
2575 3907 2868 3980 passionis
2917 3909 3046 3979 ejus
3091 3907 3388 3982 mysterio,
3422 3909 3543 3988 sint

1893 3999 2196 4072 redempti.
2228 4002 2272 4056 A
2303 4015 2418 4071 quo
2447 3997 2629 4070 pretio
2660 3997 2915 4053 extranei
2953 4000 3114 4063 sunt,
3147 3997 3247 4069 qui
3296 4001 3398 4054 aut
3441 3997 3538 4054 de-

1891 4090 2088 4146 lectati
2139 4088 2472 4160 captivitate
2521 4085 2726 4141 redimi
2779 4086 3112 4154 noluerunt,
3146 4089 3248 4141 aut
3277 4089 3409 4158 post
3445 4101 3539 4142 re-

1893 4177 2287 4252 demptionem
2321 4176 2393 4232 ad
2425 4176 2690 4231 eamdem
2723 4179 2862 4230 sunt
2908 4173 3251 4230 servitutem
3301 4175 3537 4231 reversi.

1851 4295 1870 4301 -
1893 4267 2057 4324 Sicut
2081 4271 2138 4322 et
2168 4265 2261 4322 hic
2293 4264 2678 4338 reprehensor
2709 4267 2924 4331 noster,
2945 4281 3059 4318 non
3090 4263 3318 4337 integro
3365 4263 3556 4322 intel-.

1894 4355 2069 4424 lectu,
2089 4355 2160 4412 de
2187 4353 2282 4410 his
2313 4353 2413 4426 qui
2445 4352 2654 4408 redimi
2686 4352 3002 4408 noluerunt
3041 4352 3100 4407 in
3133 4351 3401 4424 Capitula
3433 4353 3544 4409 isto

1895 4445 2126 4518 posuit:
2148 4445 2246 4501 Sic
2276 4443 2427 4499 enim
2452 4443 2667 4498 dilexit
2696 4447 2846 4498 Deus
2893 4441 3190 4510 mundum,
3223 4451 3286 4499 ut
3334 4442 3549 4498 Filium

1893 4551 2062 4590 suum
2082 4533 2444 4607 unigenitum
2463 4533 2740 4599 daret,ut
2769 4532 2962 4586 omnis
2985 4532 3088 4604 qui
3124 4531 3317 4587 credit
3337 4531 3401 4588 in
3419 4545 3551 4587 eunt

1895 4639 2008 4680 non
2023 4632 2250 4694 pereat,
2267 4621 2367 4676 sed
2383 4621 2600 4677 habent
2622 4622 2810 4676 vitam
2832 4626 3110 4677 aeternam
3129 4623 3319 4690 (Joan.
3339 4637 3424 4688 III,
3440 4620 3550 4690 16).

146 4700 260 4796 itero
288 4710 558 4780 arbitrio,
585 4713 650 4768 et
679 4711 750 4767 de
779 4711 936 4766 Bono
966 4707 1513 4782 perseverantiae,de
1546 4705 1794 4767 Praedes-
1824 4732 1870 4796 D
1901 4712 2046 4778 Quia
2074 4713 2348 4784 profecto,
2385 4714 2450 4766 ut
2477 4704 2826 4766 venerabilis
2855 4709 3160 4782 presbyter
3197 4710 3353 4765 Beda
3379 4725 3552 4781 expo-

147 4790 404 4857 tinatione
431 4799 673 4874 gratim,
707 4803 764 4856 et
793 4800 866 4856 ad
897 4799 1127 4856 Sixtum
1157 4799 1584 4872 presbyterum,
1609 4799 1797 4852 exsul-

147 4879 230 4939 ﬂat
255 4891 311 4942 et
337 4889 482 4946 facit
511 4889 764 4962 penitus
783 4905 901 4945 non
932 4903 1156 4962 parere.
1175 4889 1245 4944 Et
1275 4891 1474 4942 nostra
1498 4885 1798 4942 mediocri-

146 4971 222 5030 tas
243 4973 302 5034 in
325 4977 521 5036 tribus
546 4978 739 5034 istum
760 4977 1222 5050 praecedentibus
1245 4975 1481 5043 libellis,
1497 4979 1555 5030 et
1575 4975 1635 5030 in
1657 4973 1789 5042 isto,

143 5067 614 5124 commemoratis
646 5083 715 5124 ex
745 5071 1086 5123 sanctorum
1137 5066 1378 5121 Patrum
1429 5062 1792 5120 auctoritati-

145 5145 258 5224 bus,
288 5153 410 5214 hac
439 5157 742 5232 ﬁgmenta
791 5155 1111 5213 falsissima
1157 5171 1285 5210 esse
1325 5152 1690 5209 monstravit.
1725 5153 1794 5207 Et

146 5252 254 5309 qua:
297 5261 435 5302 vero.
477 5249 636 5303 sunt
679 5246 752 5302 de
793 5243 1159 5318 prtescientia
1203 5249 1259 5298 et
1288 5241 1794 5314 praedestinatione

146 5323 250 5402 Dei,
263 5337 320 5390 et
348 5333 474 5392 illic
507 5339 572 5392 et
605 5334 738 5390 istic
768 5351 838 5391 ex
865 5335 1106 5390 Patrum
1147 5331 1570 5388 catholicorum
1604 5331 1796 5386 sensi-

147 5414 241 5476 bus
268 5425 654 5482 sulﬁcienter
679 5421 1023 5498 collegimus
1053 5437 1068 5478 ε
1100 5423 1243 5478 adeo
1277 5425 1341 5476 ut
1369 5421 1470 5494 qui
1492 5420 1795 5476 veritatem

148 5503 444 5581 desiderat,
479 5513 539 5569 ei
573 5511 842 5570 collectio
884 5515 1052 5568 tanta
1092 5509 1348 5566 sufﬁciat
1381 5527 1394 5566 :
1429 5509 1644 5582 quibus
1664 5525 1796 5565 vero

147 5609 247 5653 non
273 5599 390 5658 ista
419 5605 720 5676 congesta
748 5599 1070 5668 sufﬁciunt,
1105 5603 1328 5656 certum
1375 5605 1464 5654 est
1509 5598 1650 5670 quia
1694 5615 1798 5653 nec

147 5681 297 5754 Plura
323 5692 688 5764 proderunt,
717 5695 776 5748 et
801 5687 940 5763 plus
966 5688 1130 5746 falsis
1161 5705 1340 5762 quam
1370 5687 1520 5744 veris
1549 5703 1610 5744 se
1641 5703 1796 5744 com-

147 5773 358 5838 mittere
386 5779 688 5856 gestiunt.
1632 5785 1636 5792 '

449 5907 738 5972 Parnm.
785 5907 1020 5972 CXXV.

1907 4801 1994 4858 nit
2028 4819 2040 4857 :
2074 4823 2100 4852 ‹‹
2136 4801 2298 4856 Idem
2345 4799 2626 4855 Dominus
2675 4803 2734 4854 et
2769 4799 3104 4871 redemptor
3131 4801 3346 4866 noster,
3371 4797 3552 4854 Filius

1905 4889 2002 4945 Dei
2033 4894 2166 4946 ante
2196 4886 2409 4944 smcula
2436 4888 2711 4954 existens,
2745 4883 2902 4942 ﬁlius
2929 4885 3186 4942 hominis
3231 4885 3420 4942 factus
3464 4888 3554 4940 est

1901 4979 1960 5034 in
1983 4979 2096 5035 ﬁne
2118 4977 2464 5055 sreculorum
2491 4994 2502 5032 :
2531 4976 2717 5048 utqui
2745 4993 2848 5048 per
2871 4975 3192 5032 divinitatis
3219 4991 3336 5032 suae
3357 4977 3554 5046 poten-

1901 5069 2045 5124 tiam
2070 5085 2180 5124 non
2207 5072 2498 5122 creaverat
2535 5067 2606 5121 ad
2643 5065 3057 5138 perfruendam
3087 5063 3214 5119 vitae
3237 5061 3550 5119 beatitudi-

1903 5173 2058 5225 nem,
2093 5155 2364 5228 perennis
2411 5154 2536 5228 ipse
2587 5171 2688 5226 per
2737 5153 3108 5226 fragilitatem
3168 5150 3552 5206 humanitatis

1903 5249 2112 5302 nostra:
2146 5262 2252 5300 nos
2286 5248 2571 5300 restauret
2607 5244 2677 5299 ad
2710 5242 3103 5315 recipiendam
3135 5256 3312 5312 quam
3360 5238 3552 5312 perdi-

1905 5334 2100 5390 dimus
2129 5334 2328 5389 vitam.
2364 5356 2392 5382 ››

1978 5423 2192 5478 Beatus
2221 5439 2455 5494 quoque
2481 5420 2847 5492 Augustinus
2898 5419 2957 5473 in
3007 5417 3232 5490 psalmo
3259 5417 3556 5476 tricesimo

1907 5513 2070 5565 sexto
2117 5511 2394 5580 (concione
2423 5509 2477 5580 3)
2509 5507 2649 5562 dicit
2681 5524 2694 5562 :
2730 5530 2756 5556 ‹‹
2793 5505 3076 5562 Dominus
3125 5505 3284 5564 enim
3330 5506 3456 5580 ipse
3497 5506 3560 5562 in

1908 5614 2147 5670 corpore
2179 5614 2304 5666 suo,
2336 5595 2492 5668 quod
2523 5598 2608 5650 est
2651 5591 2932 5660 Ecclesia,
2949 5593 3153 5664 junior
3201 5593 3312 5650 fuit
3357 5593 3564 5666 primis

1907 5684 2292 5758 temporibus,
2307 5689 2364 5741 et
2383 5700 2515 5740 ecce
2527 5683 2654 5754 jam
2677 5682 2890 5738 senuit.
2907 5682 3124 5752 Nostis,
3147 5687 3205 5740 et
3224 5681 3560 5757 agnoscitis,

1908 5779 1967 5836 et
1997 5771 2500 5850 intelligitis,quia
2527 5771 2587 5829 in
2617 5769 2728 5830 hoc
2758 5771 2934 5847 positi
2974 5769 3136 5845 estis,
3163 5779 3220 5830 et
3259 5771 3341 5830 ita
3387 5769 3566 5828 credi-

3171 5897 3248 5963 10
