4020 6456
479 407 600 468 299

1399 409 1790 471 HINCMARI
1835 407 2286 470 RHEMENSIS
2331 408 2952 472 ARCHIEPISCOPI.

3759 407 3868 470 300

475 539 664 608 distis,
698 540 836 612 quia
891 547 1068 614 caput
1115 547 1384 599 nostrum
1428 543 1695 600 Christus
1745 547 1855 614 est,
1901 558 2114 614 corpus
2139 541 2197 608 Α
2225 541 2524 613 operarius
2557 541 2686 597 fuit.
2715 563 2744 592 ››
2777 542 2849 597 Et
2868 541 3008 598 item
3041 558 3054 597 :
3093 562 3122 592 «
3153 540 3364 607 Quanti
3391 541 3590 597 Patres
3630 542 3767 595 ante
3791 537 3868 595 le-

468 629 678 701 capitis
703 629 864 685 illius
893 649 1002 686 nos
1034 649 1262 687 sumus.
1295 633 1576 704 Nunquid
1608 631 1714 688 soli
1748 649 1875 698 nos,
1899 636 1957 687 et
2001 647 2115 686 non

465 717 644 773 etiam
675 717 760 773 illi
782 719 880 791 qui
903 705 1298 778 fueruntante
1329 738 1674 790 nos,omnes
1706 720 1806 793 qui
1837 720 1908 776 ab
1950 718 2118 774 initio

462 806 659 862 saeculi
691 807 930 864 fuerunt
953 810 1318 882 justi,caput
1341 810 1638 866 Christum
1670 808 1924 865 habent?
1946 807 2116 864 Illum

459 894 616 950 enim
639 899 958 953 venturum
981 915 1107 955 esse
1131 899 1527 968 crediderunt,
1547 917 1720 972 quem
1750 897 1976 954 venisse
1992 897 2118 968 jam

460 983 780 1066 credimus,
801 985 938 1042 etin
967 989 1098 1058 ejus
1122 989 1234 1043 ﬁde
1256 987 1437 1060 etipsi
1465 989 1652 1064 sanati
1677 990 1832 1056 sunt,
1861 987 1919 1040 in
1949 986 2119 1056 cujus

461 1075 520 1127 et
541 1089 667 1129 nos.
684 1073 758 1130 Ut
780 1080 934 1132 esset
954 1076 1082 1149 ipse
1103 1077 1282 1134 totius
1309 1082 1487 1150 caput
1508 1074 2116 1141 civitatisJerusalem,

464 1162 742 1220 omnibus
776 1165 1213 1222 connumeratis
1237 1165 1508 1222 ﬁdelibus
1539 1166 1610 1221 ab
1633 1164 1798 1220 initio
1829 1180 2016 1235 usque
2047 1163 2118 1217 ad

463 1249 662 1322 ﬁnem,
696 1253 991 1325 adjunctis
1042 1253 1217 1310 etiam
1275 1254 1606 1326 legionibus
1663 1257 1720 1310 et
1773 1252 2120 1308 exercitibus

467 1341 834 1413 angelorum,
856 1346 921 1398 ut
951 1343 1051 1398 ﬁat
1075 1343 1175 1398 illa
1197 1360 1315 1399 una
1347 1343 1550 1398 civitas
1591 1343 1700 1398 sub
1733 1359 1849 1398 uno
1882 1357 2034 1414 rege,
2063 1343 2122 1395 et

468 1446 588 1486 una
611 1431 879 1502 quaedam
903 1431 1201 1504 provincia
1223 1432 1333 1488 sub
1366 1449 1482 1488 uno
1506 1431 1878 1504 imperatore,
1899 1429 2034 1485 felix
2063 1433 2121 1485 et

463 1517 522 1572 in
557 1523 842 1592 perpetua
866 1537 1007 1592 pace
1028 1537 1094 1576 ac
1117 1520 1588 1588 salute,laudans
1614 1522 1792 1576 Deum
1826 1518 1952 1574 sine
1981 1518 2116 1584 fine,

463 1607 636 1664 beata
660 1608 786 1664 sine
810 1609 980 1665 ﬁne.»
997 1610 1066 1664 Et
1079 1609 1427 1666 venerabilis
1449 1610 1748 1683 presbyter
1759 1609 1912 1664 Beda
1933 1607 1991 1663 in
2012 1607 2120 1663 Ex-

458 1697 650 1768 posito
679 1698 972 1771 Evangelii
1007 1700 1334 1755 secundum
1359 1701 1579 1754 Lucam
1605 1703 1746 1771 (cap.
1778 1701 1870 1768 2):
1896 1721 1923 1747 ‹‹
1946 1695 2120 1752 Vides

457 1803 573 1841 non
605 1786 796 1843 solum
826 1787 986 1856 Novi,
1022 1789 1122 1843 sed
1162 1793 1219 1843 et
1263 1787 1488 1844 Veteris
1538 1786 1890 1843 Testamenti
1925 1787 2123 1857 justos

458 1875 610 1932 285
639 1893 742 1949 spe
772 1877 980 1932 futurae
1011 1877 1141 1932 vitze
1175 1875 1534 1932 desiderium
1565 1875 1848 1932 habuisse
1900 1873 2121 1930 absolvi

459 1981 494 2020 a
521 1981 780 2038 corpore.
815 1987 843 2016 »
877 1966 947 2020 Et
966 1964 1140 2038 paulo
1172 1970 1306 2037 post
1339 1983 1352 2020 :
1387 1989 1415 2016 ‹‹
1449 1965 1669 2038 quibus
1689 1964 1912 2036 absque
1939 1963 2120 2019 dubio

463 2053 658 2108 verbis
693 2054 892 2125 aperit,
913 2071 1090 2126 quam
1120 2053 1442 2109 maximum
1465 2071 1527 2110 se
1549 2051 1922 2126 przesentium
1968 2051 2120 2107 cala-

462 2140 736 2196 mitatum
758 2145 1026 2196 acturum
1052 2147 1244 2214 speret
1267 2143 1322 2196 in
1341 2143 1455 2198 ﬁne
1485 2141 1779 2198 solatium.
1795 2142 1975 2208 Quem
1998 2143 2123 2197 tan-

467 2228 652 2304 tisper
682 2229 952 2286 advenire
983 2229 1311 2286 desiderat:
1337 2233 1490 2301 Quia
1511 2231 1788 2286 vidcrunt
1819 2229 1980 2286 oculi
2009 2229 2126 2284 mei

461 2316 742 2376 salutare
772 2323 960 2389 tuum,
984 2319 1140 2392 quod
1156 2318 1394 2390 parasti
1429 2323 1568 2373 ante
1608 2317 1826 2390 facient
1857 2318 2120 2372 omnium

455 2405 813 2478 populorum
845 2408 1000 2481 (Luc.
1027 2426 1088 2475 ιι,
1122 2409 1234 2477 3'2).
1262 2406 1433 2462 Illum
1469 2407 1685 2480 ipsum,
1718 2407 1930 2478 inquit,
1965 2405 2130 2478 quod-

457 2497 734 2553 omnibus
765 2497 1139 2570 postmodum
1173 2497 1466 2569 gentibus,
1503 2495 1737 2568 populis
1788 2499 1846 2550 et
1874 2494 2116 2568 linguis,

457 2589 653 2642 mente
681 2603 747 2641 ac
779 2586 891 2641 ﬁde
915 2584 1395 2657 conspiciendum
1430 2601 1652 2657 parare,
1689 2601 1792 2656 spe
1827 2600 1892 2638 ac
1935 2582 2116 2638 dilec-

457 2673 612 2730 tione
642 2675 1018 2747 quzerendum
1051 2673 1390 2746 prrevidisti,
1425 2673 1549 2746 ipse
1582 2673 1680 2728 diu
1714 2671 2120 2728 desideratum

456 2781 614 2820 nunc
645 2767 702 2819 et
739 2763 932 2820 carnis
955 2767 1011 2818 et
1042 2763 1235 2819 cordis
1264 2761 1451 2818 oculis
1476 2767 1646 2818 tuum
1688 2761 1943 2817 salutare
1977 2778 2116 2817 con-

452 2852 954 2926 templor.Lumen
969 2851 1204 2925 quidem
1229 2851 1463 2924 utrique
1484 2849 1698 2923 populo
1719 2849 1975 2906 salutare
1990 2849 2114 2915 Dei,

453 2941 514 2996 id
546 2945 634 2997 est
683 2941 970 3011 Christus,
1005 2959 1039 2996 a
1087 2941 1205 2996 Deo
1255 2940 1424 2996 Patre
1466 2944 1708 3012 paratur
1739 2957 1752 2995 :
1788 2938 1888 3011 qui
1920 2942 2116 2994 tamen

453 3029 642 3103 gloria
671 3029 861 3101 magis
893 3029 1090 3095 Israel,
1111 3029 1200 3084 cui
1233 3029 1335 3084 diu
1357 3032 1625 3102 speratus
1657 3032 1715 3084 et
1744 3046 1812 3084 ex
1843 3044 1958 3100 quo
1991 3044 2122 3099 pro-

453 3119 762 3174 nuntiatus
794 3117 1046 3174 advenit.
1064 3117 1338 3174 Gentium
1363 3135 1494 3173 vero
1517 3117 1730 3173 dicitur
1758 3133 1886 3173 esse
1909 3115 2121 3172 revela-

458 3208 821 3279 tio,quarum
841 3207 1054 3263 mentis
1076 3206 1596 3278 oculos,prol‘unda
1607 3207 1734 3276 jam
1753 3203 2008 3262 caecitate
2025 3206 2120 3260 de-

2224 643 2378 699 gem,
2409 628 2614 700 quanti
2645 629 2755 683 sub
2786 627 2912 702 lege
2939 627 3215 685 fuerunt?
3245 632 3303 684 et
3349 631 3543 684 tamen
3593 626 3656 684 hi
3687 627 3788 700 qui
3815 627 3869 682 in

2226 716 2456 772 Domini
2481 718 2732 773 adventu
2751 717 2938 774 vocati
2963 723 3122 785 sunt,
3139 717 3212 773 ad
3236 715 3511 774 enatorum
3536 733 3785 790 regnum
3808 716 3876 773 si-

2226 821 2300 861 ne
2329 805 2523 878 aliqua
2553 806 2824 862 tarditate
2849 809 3258 879 pervenerunt.
3291 807 3578 862 Eumdem
3612 821 3754 880 ergo
3782 806 3875 862 de-

2227 893 2458 952 narium
2481 900 2828 968 acceperunt
2840 895 2940 967 qui
2964 895 3376 952 laboraverunt
3395 896 3466 951 ad
3483 894 3874 963 undecimam,

2227 999 2403 1055 quem
2425 987 2903 1056 exspectaverunt
2922 987 3042 1040 toto
3065 984 3356 1041 desiderio
3377 988 3436 1041 et
3452 984 3554 1057 qui
3577 983 3877 1042 laborave-

2227 1075 2367 1126 runt
2385 1072 2459 1127 ad
2478 1071 2728 1144 primam
2745 1091 2758 1128 :
2775 1073 2914 1144 quia
2933 1071 3218 1144 zequalem
3231 1075 3358 1129 vitae
3381 1077 3608 1130 aeternas
3643 1073 3880 1130 retribu-

2228 1157 2446 1214 tionem
2465 1159 2652 1216 sortiti
2685 1165 2842 1227 sunt,
2867 1177 3000 1215 cum
3035 1160 3128 1216 his
3161 1161 3260 1232 qui
3294 1177 3328 1216 a
3358 1161 3563 1216 mundi
3597 1160 3770 1218 initio
3795 1177 3879 1217 vo-

2229 1249 2340 1303 cati
2367 1248 2692 1314 fuerant,hi
2723 1250 2823 1321 qui
2854 1249 2913 1304 in
2945 1249 3152 1304 mundi
3185 1250 3298 1304 ﬁne
3330 1250 3403 1305 ad
3435 1249 3756 1306 Dominum
3787 1266 3876 1306 ve-

2228 1341 2460 1406 nerunt,
2489 1360 2516 1386 »
2548 1338 2778 1393 Etitem
2812 1355 2824 1394 :
2859 1362 2885 1389 ‹‹
2921 1339 3032 1395 Sed
3065 1338 3202 1411 quia
3223 1339 3452 1412 antiqui
3476 1338 3680 1396 Patres
3702 1355 3878 1412 usque

2231 1426 2301 1480 ad
2324 1427 2639 1482 adventum
2664 1427 2917 1494 Domini,
2933 1427 3258 1499 quamlibet
3269 1429 3431 1500 juste
3447 1427 3878 1496 vixerint,ducti

2229 1515 2300 1570 ad
2334 1531 2580 1588 regnum
2606 1533 2722 1572 non
2755 1515 3038 1583 sunt,nisi
3059 1515 3156 1573 ille
3179 1517 3576 1586 descenderet,
3601 1517 3707 1590 qui
3729 1535 3884 1590 para.

2229 1603 2340 1659 disi
2380 1603 2638 1661 claustra
2675 1605 3021 1661 hominibus
3057 1605 3500 1678 interpositione
3529 1623 3654 1664 sum
3684 1606 3882 1664 mortis

2230 1691 2506 1765 aperiret,
2519 1709 2718 1748 eorum
2743 1693 2853 1750 hoc
2876 1694 3068 1766 ipsum
3093 1710 3496 1752 murmurasse
3521 1699 3629 1764 est,
3645 1696 3802 1768 quod
3829 1700 3884 1753 et

2229 1785 2383 1837 recte
2404 1798 2508 1854 pro
2531 1781 2904 1854 percipiendo
2926 1799 3104 1856 regno
3129 1783 3282 1840 286
3301 1783 3590 1852 vixerunt,
3612 1789 3673 1840 et
3693 1789 3881 1841 tamen

2233 1870 2330 1925 diu
2357 1887 2390 1926 a
2412 1870 2786 1944 percipiendo
2815 1888 2993 1944 regno
3015 1871 3178 1928 dilati
3203 1874 3533 1940 sunt.Quos
3567 1873 3728 1929 enim
3757 1879 3885 1948 post

2237 1965 2532 2032 peractam
2559 1960 2854 2031 justitiam
2880 1960 3092 2016 inferni
3115 1959 3241 2017 loca
3270 1961 3539 2034 quamvis
3569 1961 3886 2036 tranquilla

2232 2052 2640 2120 susceperunt,
2657 2048 2741 2104 eis
2758 2050 3106 2122 profecto,et
3143 2049 3441 2106 laborasse
3469 2049 3580 2107 fuit
3606 2051 3668 2106 in
3697 2050 3880 2120 vinea,

2229 2140 2286 2194 et
2301 2153 2399 2193 mu
2410 2154 2725 2194 rmurasse.
2743 2138 2920 2204 Quasi
2944 2154 3080 2210 ergo
3098 2142 3229 2211 post
3249 2140 3780 2196 murmurationem
3795 2141 3882 2196 de-

2231 2225 2462 2282 narium
2485 2225 2799 2298 accipiunt,
2818 2226 2918 2300 qui
2941 2231 3072 2299 post
3088 2226 3264 2300 longa
3285 2227 3499 2284 inferni
3519 2232 3789 2302 tempora
3811 2229 3880 2286 ad

2229 2315 2450 2387 gaudia
2481 2315 2645 2388 regni
2669 2317 3207 2389 perveneruntNos
3238 2321 3437 2373 autem
3467 2317 3568 2390 qui
3597 2318 3673 2374 ad
3704 2320 3881 2376 unde-

2231 2404 2447 2459 cimam
2477 2403 2767 2474 venimus,
2783 2408 2915 2478 post
2933 2404 3195 2462 laborem
3215 2423 3332 2462 non
3355 2412 3884 2476 murmuramus,et

2230 2493 2537 2548 denarium
2571 2492 2894 2566 accipimus
2927 2510 2940 2548 :
2976 2493 3114 2566 quia
3133 2499 3267 2568 post
3297 2495 3639 2552 mediatoris
3673 2497 3884 2553 adven-

2229 2583 2356 2636 tum
2389 2581 2447 2636 in
2482 2581 2591 2637 hoc
2625 2583 2848 2638 mundo
2877 2583 3197 2650 venientes,
3229 2584 3302 2639 ad
3333 2599 3581 2657 regnum
3611 2584 3887 2641 ducimur

2235 2686 2369 2724 mox
2397 2687 2531 2725 cum
2564 2671 2635 2726 de
2685 2687 2924 2743 corpore
2970 2672 3219 2741 eximus,
3252 2677 3310 2729 et
3359 2672 3506 2728 illud
3553 2673 3680 2730 sine
3723 2689 3888 2731 mora

2227 2758 2608 2832 percipimus,
2634 2761 2788 2832 quod
2821 2761 3050 2834 antiqui
3084 2761 3284 2819 Patres
3305 2778 3441 2819 cum
3466 2779 3682 2837 magna
3702 2764 3887 2837 perci-

2227 2864 2362 2920 pere
2394 2847 2672 2904 dilatione
2703 2855 3076 2906 meruerunt.
3111 2873 3139 2901 ››
3747 2847 3751 2850 ’

2297 2937 2368 2992 Et
2389 2941 2630 2994 sanctus
2661 2937 2868 2993 Petrus
2910 2939 2970 2994 in
2998 2940 3156 2996 Actis
3187 2939 3598 3012 Apostolorum
3623 2957 3638 2996 :
3661 2941 3769 2998 Sed
3793 2959 3890 3016 per

2225 3027 2462 3097 gratiam
2486 3027 2710 3082 Domini
2737 3027 2863 3083 Jesu
2885 3027 3160 3084 credimus
3187 3029 3415 3099 salvari,
3438 3029 3890 3102 quemadmodum

2224 3122 2279 3170 et
2308 3115 2400 3170 illi
2422 3115 2556 3187 (Act.
2586 3133 2678 3184 xv,
2715 3116 2822 3188 11).
2860 3117 3004 3172 Hinc
3037 3118 3192 3174 Beda
3224 3134 3237 3172 :
3275 3139 3302 3169 ι(
3334 3119 3393 3174 Si
3433 3135 3569 3193 ergo
3601 3124 3661 3175 et
3687 3119 3797 3188 illi,
3830 3120 3884 3177 id

2225 3207 2314 3258 est
2343 3202 2564 3274 Patres,
2587 3209 2818 3276 portare
2841 3206 3056 3278 jugum
3088 3205 3235 3280 legis
3261 3205 3474 3264 veteris
3524 3223 3641 3264 non
3682 3208 3886 3266 valen-

451 3277 895 3367 mersos,neque
913 3295 1032 3352 ulla
1049 3313 1153 3368 spe
1175 3277 1424 3351 adventu
1441 3295 2121 3366 Dominicoereetos,ipse
2153 3277 2196 3345 C
2231 3295 2458 3364 tes,p'er
2486 3293 2734 3364 gratiam
2753 3277 2995 3350 Domini
3028 3277 3220 3352 salvos
3251 3312 3313 3352 se
3343 3296 3468 3353 ﬁeri
3488 3297 3886 3369 crediderunt,

448 3383 710 3452 visitare,
741 3383 959 3456 pariter
990 3384 1246 3440 revelare
1297 3388 1470 3456 atque
1516 3383 1808 3440 illustrare
1837 3383 2114 3456 dignatus

449 3477 562 3530 est.
603 3495 632 3523 »
651 3473 723 3528 Et
745 3473 884 3528 item
907 3497 934 3524 ‹‹
955 3475 1096 3529 Dico
1127 3473 1309 3539 vobis,
1329 3472 1488 3546 quod
1511 3472 1721 3530 multis
1734 3472 2032 3544 propheta:
2057 3477 2116 3528 et

441 3578 543 3634 reg
559 3577 618 3618 es
649 3559 963 3619 voluerunt
986 3563 1188 3618 videre
1207 3578 1332 3636 qua:
1367 3579 1464 3618 vos
1501 3561 1789 3632 ridetis,et
1813 3578 1928 3617 non
1945 3562 2116 3618 vide-

452 3657 598 3707 runt
623 3667 635 3707 :
661 3661 715 3708 et
738 3652 951 3708 audire
963 3651 1405 3725 quwaudilis,er
1427 3669 1542 3708 non
1565 3652 2112 3718 audimwntuuax,

438 3742 559 3810 24).
591 3740 888 3797 Abraham
930 3741 1240 3798 exsultavit
1281 3745 1345 3796 ut
1382 3740 1780 3796 videretdiem
1806 3739 2117 3802 Christi.et

441 3830 588 3886 vidit
607 3834 664 3886 et
682 3830 920 3903 gavisus
963 3834 1070 3885 est.
1115 3830 1296 3886 Isaias
1317 3846 1549 3902 quoque
1571 3833 1627 3884 et
1650 3829 1922 3895 Micha,et
1943 3828 2114 3888 multi

441 3917 542 3976 alii
586 3919 886 3992 prophetae
907 3919 1181 3975 viderunt
1203 3918 1450 3992 gloriam
1473 3917 1728 3984 Domini,
1759 3922 2117 3990 quapropter

443 4008 727 4064 ridentes
770 4013 910 4064 sunt
959 4006 1253 4080 appellati.
1283 4030 1310 4056 ››
1332 4008 1402 4062 Et
1442 4007 1499 4062 in
1555 4005 1797 4062 homilia
1847 4007 2113 4077 ejusdem

445 4095 824 4167 Evangelistae
851 4113 863 4149 :
893 4119 917 4144 ‹‹
946 4095 1974 4167 Cunctis,inquit,credentibus,sive
1995 4094 2114 4151 illis

448 4183 547 4256 qui
571 4183 990 4238 incarnationis
1023 4183 1150 4254 ejus
1189 4187 1458 4256 tempora
1494 4184 1785 4240 nascendo
1809 4199 2115 4256 praecesse-

447 4272 739 4341 runt,sive
759 4271 850 4327 his
873 4273 971 4344 qui
994 4289 1127 4327 eum
1161 4272 1219 4327 in
1259 4289 1430 4328 carne
1448 4273 1750 4338 viderunt,
1787 4273 1908 4329 sive
1939 4273 2112 4330 nobis

448 4361 548 4434 qui
578 4365 713 4434 post
735 4362 866 4433 ejus
887 4360 1294 4417 ascensionem
1317 4361 1636 4432 credimus,
1653 4361 1992 4418 communis
2025 4365 2115 4418 est

447 4450 821 4507 hilarissima
841 4451 970 4523 ejus
992 4450 1451 4523 promissio,qua
1472 4451 1613 4507 dicit
1638 4468 1650 4507 :
1674 4453 1852 4508 Beati
1897 4452 2114 4507 mundo

453 4540 948 4613 corde,quoniam
981 4541 1098 4610 ipsi
1123 4545 1305 4596 Deum
1332 4541 1638 4597 videbunt.
1669 4540 1910 4613 (Matth.
1934 4557 1974 4609 ι,
1998 4540 2111 4612 8).»

2219 3381 2600 3438 manifestum
2650 3386 2739 3438 est
2787 3384 2944 3455 quod
2985 3382 3106 3440 haec
3147 3384 3338 3457 gratia
3375 3387 3485 3456 est,
3541 3401 3671 3458 qua:
3729 3386 3889 3443 anti-

2223 3487 2371 3544 quos
2395 3471 2589 3542 justos
2620 3471 2808 3528 vivere
2838 3471 3151 3545 fecit,quia
3173 3473 3381 3546 justus
3413 3489 3482 3530 ex
3502 3473 3618 3531 ﬁne
3645 3474 3808 3544 vivit,
3827 3481 3890 3533 et

2223 3561 2353 3616 ideo
2384 3564 2753 3616 sacramenta
2779 3577 2908 3618 esse
2929 3565 3250 3634 potuerunt
3281 3579 3385 3635 pro
3423 3565 3766 3636 temporum
3797 3565 3888 3621 di-

2221 3648 2495 3705 versitate
2524 3649 2772 3718 diversa,
2793 3651 2864 3706 ad
2887 3650 3172 3707 unitatem
3202 3655 3400 3708 tamen
3435 3652 3704 3723 ejusdem
3747 3653 3885 3710 ﬁdei

2224 3737 2680 3794 concordissime
2729 3738 3108 3796 recurrentia.
3145 3763 3173 3790 ››
3217 3740 3289 3796 Et
3333 3739 3395 3796 in
3451 3739 3704 3814 epistola
3733 3742 3890 3800 Petri

2224 3825 2415 3899 prima
2446 3829 2586 3899 (cap.
2618 3829 2670 3898 1)
2706 3844 2719 3882 :
2748 3829 2854 3884 Per
2881 3844 2969 3885 eos
2999 3831 3095 3902 qui
3137 3829 3654 3902 evangelimverunt
3699 3833 3766 3888 in
3795 3849 3892 3890 uo:

2222 3915 2433 3987 Spiritu
2463 3924 2645 3972 sancto
2690 3919 2857 3974 misso
2905 3918 2970 3974 de
2997 3919 3126 3975 creto
3159 3919 3207 3985 (Ι
3232 3925 3379 3976 Petr.
3413 3936 3452 3988 ι,
3485 3920 3598 3989 42).
3627 3943 3659 3971 ‹‹
3691 3921 3890 3996 Supra

2223 4004 2446 4060 dixerat
2511 4005 2826 4077 prophetas
2898 4007 3111 4080 spiritu
3169 4007 3386 4064 Christi
3451 4009 3890 4082 praanuntiasse

2223 4093 2525 4166 passiones
2552 4095 2702 4166 ejus,
2733 4099 2791 4151 et
2821 4095 3173 4168 posteriores
3201 4095 3438 4169 glorias,
3471 4101 3530 4154 et
3553 4115 3714 4154 nunc
3737 4099 3892 4156 dicit

2222 4183 2424 4238 eadem
2457 4185 2753 4255 apostolos
2784 4185 2870 4240 eis
2901 4183 3170 4241 nuntiare
3201 4185 3424 4258 Spiritu
3456 4191 3658 4243 saneto
3695 4189 3888 4246 misso

2223 4269 2294 4325 de
2320 4270 2482 4326 ccnlo.
2515 4271 2676 4328 Unde
2711 4274 2883 4344 ‘patet
2931 4273 3070 4345 quia
3116 4274 3306 4330 isdem
3354 4274 3612 4348 Spiritus
3658 4275 3886 4334 Christi

2221 4363 2346 4414 erat
2376 4359 2434 4414 in
2456 4360 2755 4432 prophetis
2777 4362 2962 4434 prius,
2987 4363 3086 4434 qui
3119 4365 3498 4436 postmodum
3547 4363 3609 4420 in
3641 4370 3886 4438 aposto-

2217 4447 2312 4504 lis.
2346 4447 2596 4521 Ideoque
2635 4451 2902 4507 eamdem
2961 4452 3136 4508 ﬁdem
3186 4451 3480 4526 passionis
3537 4452 3758 4511 Christi
3821 4460 3887 4512 et

2220 4537 2561 4608 posterioris
2617 4538 2814 4611 gloriae
2879 4540 3116 4614 utrique
3170 4541 3404 4616 populis
3452 4543 3884 4616 praedicabant,

518 4629 590 4684 Et
629 4631 874 4719 sanctus
897 4629 1209 4719 Gregorius
1231 4629 1289 4683 in
1307 4629 1550 4686 homilia
1574 4631 1640 4685 18
1662 4647 1674 4684 :
1697 4654 1726 4719 ᾳ
1740 4630 1823 4685 Ad
1847 4630 2108 4719 erudien-
2138 4651 2186 4719 D
2221 4627 2303 4682 illi
2336 4627 2528 4684 adhuc
2558 4634 2888 4719 venturam,
2908 4630 3004 4688 isti
3029 4633 3157 4704 jam
3206 4632 3457 4690 venisse.
3481 4635 3561 4690 Ac
3609 4650 3718 4707 per
3767 4634 3888 4692 hoc

445 4718 582 4774 dam
613 4733 750 4790 ergo
769 4718 1056 4773 Dominus
1072 4717 1302 4790 plebem
1326 4735 1516 4789 suam,
1541 4717 1712 4791 quasi
1735 4719 1807 4774 ad
1837 4718 2106 4775 excolen-
2139 4717 2167 4719 ’“
2215 4734 2392 4774 unam
2425 4733 2552 4774 esse
2580 4717 2918 4790 Ecelesiam,
2942 4721 3112 4792 cujus
3142 4738 3279 4794 pars
3305 4721 3601 4779 carnalem
3630 4722 3886 4780 Domini

446 4807 582 4862 dam
604 4805 834 4861 vineam
858 4822 1048 4873 suam,
1066 4803 1227 4861 nullo
1251 4809 1512 4878 tempore
1550 4805 1776 4862 destitit
1809 4805 2104 4878 operarios

443 4895 674 4951 mittere
704 4911 717 4949 :
743 4895 882 4967 quia
902 4898 956 4950 et
974 4895 1138 4967 prius
1161 4911 1264 4967 per
1285 4895 1501 4962 Patres,
1520 4899 1577 4950 et
1593 4895 1968 4967 postmodum
2000 4911 2105 4967 per

441 4982 586 5057 legis
608 4985 874 5040 doctores
907 4986 963 5038 et
993 4983 1332 5056 prophetas,
1365 4983 1436 5038 ad
1469 4987 1794 5040 extremum
1824 4999 1958 5039 vero
2001 5000 2103 5056 per

445 5073 764 5145 apostolos,
784 5074 924 5128 dum
949 5071 1137 5145 plebis
1164 5089 1280 5128 sua:
1303 5089 1497 5129 mores
1517 5071 1785 5140 excoluit,
1810 5071 1976 5144 quasi
2001 5088 2104 5144 per

443 5162 737 5232 operarios
763 5163 821 5218 in
858 5161 1036 5218 vineae
1077 5160 1311 5217 cultura
1337 5160 1935 5232 laboravit.0perator
1963 5177 2099 5232 ergo

443 5266 616 5307 mane
649 5251 792 5306 hora
823 5250 1013 5319 tertia,
1041 5254 1220 5318 sexta,
1253 5255 1310 5305 et
1360 5267 1534 5320 nona,
1569 5248 1849 5321 antiquus
1900 5248 1998 5304 ille
2044 5253 2102 5304 et

443 5337 766 5394 Hebraicus
798 5340 1052 5412 populus
1079 5339 1439 5411 designatur,
1457 5337 1556 5410 qui
1583 5339 1641 5393 in
1663 5338 1864 5395 electis
1884 5338 2008 5394 suis
2029 5339 2100 5394 ab

441 5426 569 5500 ipso
602 5429 809 5484 mundi
842 5429 1255 5496 exordio,dum
1305 5433 1462 5484 recta
1511 5427 1624 5482 fide
1655 5427 1839 5482 Deum
1872 5428 2102 5484 studuit

441 5515 648 5584 colere,
664 5517 832 5588 quasi
857 5535 972 5573 non
993 5518 1216 5573 destitit
1239 5517 1298 5572 in
1320 5517 1501 5572 vinea:
1523 5514 1754 5572 cultura
1784 5514 2094 5572 laborare:

2214 4807 2526 4862 adventum
2558 4809 2938 4878 praecesserit,
2972 4827 3110 4883 pars
3139 4811 3218 4868 sit
3249 4810 3433 4867 altera
3481 4816 3706 4868 secuta.
3749 4834 3773 4863 ι
3811 4813 3890 4870 Et

2211 4895 2351 4952 item
2385 4895 2522 4968 (cap.
2555 4896 2609 4968 2)
2645 4913 2658 4950 :
2689 4920 2716 4947 ‹‹
2754 4899 2906 4954 Vobis
2934 4899 3108 4956 honor
3134 4899 3878 4970 credentibus,noncreden-

2211 4985 2354 5040 tibus
2400 4992 2600 5053 autem,
2647 4986 2788 5058 lapis
2833 5005 2993 5060 quem
3048 4989 3477 5062 reprobaverunt
3531 4991 3886 5065 aediﬁcante:

2212 5074 2261 5143 (1
2289 5079 2438 5130 Petr.
2472 5091 2538 5141 II,
2566 5075 2642 5146 7).
2663 5075 2734 5130 Ut
2764 5075 2916 5131 sicut
2945 5077 3404 5150 reprobaveruut
3433 5095 3568 5135 cum
3619 5079 3888 5137 aediﬁca-

2212 5165 2343 5215 rent
2374 5164 2542 5216 actus
2569 5177 2728 5233 suos,
2752 5162 3015 5220 nolentes
3031 5180 3168 5220 eum
3191 5165 3251 5220 in
3275 5166 3657 5224 fundamento
3679 5167 3888 5225 cordis

2209 5248 2301 5304 sui
2333 5266 2566 5322 ponere,
2587 5249 2668 5306 ita
2697 5255 2754 5306 et
2784 5250 2881 5308 isti
2904 5253 3294 5325 reprobentur
3322 5255 3394 5311 ab
3417 5272 3484 5312 eo
3521 5255 3580 5311 in
3611 5257 3885 5314 adventu

2209 5337 2725 5410 ejus,nolenteillo
2748 5345 2889 5396 tunc
2918 5341 3158 5414 eos,qui
3205 5361 3268 5400 so
3315 5345 3777 5417 reprobaverunt
3815 5347 3880 5403 in

2207 5427 2650 5484 aediﬁcationem
2670 5429 2932 5502 accipere
2949 5431 3162 5488 domus
3187 5448 3462 5506 suae,qua:
3484 5438 3575 5490 est
3595 5434 3657 5490 in
3681 5435 3882 5494 ccelis.

2204 5516 2275 5572 Et
2303 5515 2425 5572 haec
2447 5515 2744 5573 distinctio
2764 5517 3005 5576 honoris
3041 5520 3426 5590 credentium,
3449 5539 3569 5579 non
3617 5525 3886 5582 creden—

441 5603 709 5678 quamvis
731 5605 789 5660 in
822 5605 1084 5679 quolibet
1114 5605 1351 5662 modulo
1384 5604 1469 5661 vel
1503 5619 1799 5671 mensura,
1825 5605 2094 5678 quisquis
2202 5605 2352 5660 tium
2403 5609 2600 5661 autem
2646 5607 2995 5679 reprobatio,
3027 5609 3144 5666 huc
3183 5626 3373 5683 usque
3401 5610 3703 5686 pertingit.
3743 5636 3776 5664 ››
3808 5614 3890 5670 Et

441 5711 575 5774 cum
607 5694 720 5754 ﬁde
759 5699 916 5752 recta
944 5696 1106 5756 bona:
1137 5695 1385 5760 actionis
1416 5693 1654 5764 exstitit,
1689 5693 1868 5769 hujus
1911 5693 2090 5753 vines:
2199 5695 2339 5753 item
2362 5696 2504 5770 (cap.
2527 5695 2586 5765 5)
2612 5711 2624 5750 :
2654 5718 2681 5747 «
2703 5697 2769 5754 In
2798 5714 2902 5775 quo
2926 5699 3006 5758 eis
3037 5701 3136 5776 qui
3163 5701 3224 5758 in
3252 5715 3420 5758 carne
3443 5701 3695 5762 conclusi
3711 5694 3890 5762 eran‘
