4020 6456
475 405 594 490 303'

1405 427 1789 490 HlNCMAIiI
1833 422 2287 488 BHEMENSIS
2330 423 2946 487 ARCHIEPISCOPI.

3754 420 3861 482 304

471 557 845 627 nascitur,sic
874 575 978 632 per
1003 574 1218 632 aquam
1240 559 1415 616 verbo
1445 559 1547 616 Dei
1572 562 1966 616 consecratam
1986 539 2116 614 vim
2142 556 2202 626 Α
2228 575 2291 616 se
2319 554 2602 630 permisit.
2634 576 2664 609 ››
2699 556 2810 614 Sed
2839 560 2898 613 et
2927 555 3081 613 sicut
3109 555 3308 613 Patres
3353 554 3595 629 quidam
3631 553 3868 612 mandu-

468 646 639 705 nobis
669 665 798 720 quae
827 649 1007 704 ﬁnem
1033 647 1256 704 nesciat
1286 647 1698 705 tribuitur.»Et
1722 648 1860 704 item
1893 648 2112 722 (capit):

469 758 499 787 α
518 736 592 792 Ut
620 736 767 792 bene
796 736 1042 793 dicendo
1071 737 1420 810 pervenistis
1449 738 1521 794 ad
1552 737 1926 794 refectionem
1947 736 2116 810 panis

464 823 579 882 vivi
609 825 709 897 qui
731 825 803 881 de
831 824 974 881 ecelo
1003 825 1305 881 descendit
1327 840 1341 880 :
1366 824 1476 881 hoc
1502 830 1591 882 est
1623 842 1726 900 per
1753 828 2119 882 sacramenta

469 911 786 969 Dominieze
817 912 1480 988 incarnationis,quibus
1508 916 1690 972 renati
1723 905 1866 972 estis
1904 920 1962 972 et
1988 915 2117 989 qui-

470 1003 586 1059 bus
615 1001 844 1072 nutriti,
877 1001 1226 1075 pervcniatis
1247 1003 1318 1059 ad
1340 1003 1889 1077 contemplationem
1911 1005 2118 1060 divinas

473 1090 822 1164 majestatis.
860 1112 888 1142 »
916 1092 1027 1147 Sed
1078 1092 1357 1165 quoniam
1406 1093 1649 1167 quidam
1699 1097 1858 1162 sunt,
1889 1098 1948 1151 et
1988 1098 2122 1168 post

474 1180 788 1238 adventum
818 1180 1053 1237 Domini
1095 1184 1230 1237 ante
1277 1198 1385 1239 nos
1432 1183 1689 1254 fuerunt,
1722 1188 1899 1257 atque
1937 1183 2121 1240 futuri

475 1272 645 1343 gunt,
695 1268 797 1342 qui
847 1269 998 1342 quod
1049 1269 1298 1326 audiunt
1343 1288 1458 1327 non
1509 1272 1817 1344 recipiunt,
1847 1272 1989 1330 item
2038 1272 2120 1330 ibi

476 1357 764 1430 scriptum
794 1362 884 1414 est
911 1374 926 1413 :
958 1358 1055 1414 His
1108 1360 1206 1432 qui
1250 1360 1532 1433 offendunt
1573 1361 1856 1431 verbo,nec
1899 1361 2128 1420 credunt

475 1448 539 1504 in
571 1446 712 1520 quod
740 1454 793 1504 et
816 1449 983 1520 positi
1025 1457 1172 1505 sunt.
1227 1471 1255 1500 «
1301 1449 1618 1509 Offendunt
1660 1451 1855 1518 verbo,
1907 1451 2007 1526 qui
2055 1469 2122 1509 eo

474 1532 608 1609 ipsa
635 1536 791 1610 quod
817 1537 1059 1594 verbum
1089 1537 1189 1594 Dei
1221 1539 1424 1596 audire
1462 1557 1562 1597 eos
1605 1541 1912 1616 contingit,
1944 1541 2124 1599 oii‘cn-

476 1623 628 1681 dunt
668 1625 884 1692 animo,
916 1626 1059 1682 dum
1107 1625 1317 1683 nolunt
1362 1630 1595 1686 credere
1645 1631 1803 1702 quod
1851 1630 2118 1688 audiunt.

476 1715 736 1782 Quorum
768 1713 1078 1772 stultitiam
1109 1719 1510 1790 exaggerando
1550 1719 1820 1791 subjecit,
1871 1735 1972 1776 nec
2015 1735 2126 1777 crc-

475 1802 615 1860 dunt
640 1804 703 1859 in
727 1803 868 1876 quod
894 1811 947 1860 et
969 1806 1138 1876 positi
1163 1814 1295 1862 sunt
1339 1823 1359 1862 :
1391 1807 1530 1880 quia
1580 1806 1641 1863 in
1693 1807 1803 1865 hoc
1835 1807 2031 1883 positi,
2062 1809 2122 1866 id

475 1892 650 1961 est,in
681 1892 793 1950 hoc
820 1908 924 1965 per
952 1899 1226 1951 naturam
1248 1895 1384 1952 facti
1415 1900 1556 1952 sunt
1582 1896 1874 1967 homines,
1906 1902 1973 1954 ut
2001 1914 2124 1955 cre-
2152 1926 2201 1995 Β

473 1978 616 2037 dant
643 1980 782 2048 Deo,
810 1986 868 2038 et
894 1983 1023 2055 ejus
1050 1983 1334 2040 voluntati
1364 1986 1784 2058 obtemperent,
1809 1987 2118 2044 Salomone

476 2072 811 2139 attestante,
842 2087 976 2126 cum
1013 2071 1095 2127 ait
1144 2089 1157 2127 :
1209 2075 1379 2129 Deum
1427 2076 1574 2140 time,
1624 2083 1676 2132 et
1718 2076 1978 2133 mandata
2005 2079 2123 2149 ejus

475 2157 834 2228 observa,hoc
861 2168 940 2216 est
967 2163 1116 2216 enim
1143 2164 1322 2218 omnis
1348 2162 1505 2219 homo
1536 2164 1727 2237 (Eccle.
1758 2182 1860 2233 xu,
1894 2166 1981 2237 13)
2014 2183 2028 2222 :
2060 2165 2120 2222 id

477 2250 588 2314 est,
647 2247 709 2303 in
752 2247 861 2305 hoc
907 2249 1256 2307 naturaliter
1313 2252 1502 2308 factus
1546 2257 1636 2309 est
1683 2253 1876 2312 omnis
1922 2255 2118 2332 homo,

478 2334 634 2395 289
662 2339 731 2392 ut
759 2336 943 2394 Deum
972 2337 1188 2395 timens
1219 2340 1348 2411 ejus
1378 2341 1672 2398 mandatis
1700 2343 2075 2401 obseeundat.
2094 2368 2122 2396 »

479 2425 730 2493 Quidam
761 2430 957 2482 autem
987 2428 1208 2484 donum
1228 2430 1382 2502 quod
1415 2430 1712 2504 accipiunt
1741 2449 1857 2489 non
1889 2450 2120 2490 conser-

476 2516 637 2570 vant.
668 2513 834 2570 Unde
862 2515 922 2570 in
952 2517 1153 2572 eadem
1185 2517 1445 2591 Epistola
1471 2519 1747 2576 admonet
1793 2538 1893 2578 eos
1938 2523 2121 2595 Apos-

475 2598 634 2659 tolus
663 2602 865 2660 dicens
895 2621 910 2659 :
944 2603 1294 2675 Charissimi,
1328 2607 1541 2664 obsecro
1588 2615 1851 2682 tanquam
1889 2611 2125 2669 advenas

478 2698 531 2748 et
550 2694 887 2765 peregrinos,
927 2693 1200 2752 abstinere
1244 2712 1335 2752 vos
1379 2713 1413 2752 a
1452 2697 2120 2769 carnalibus'desideriis,

481 2795 604 2853 qua’
629 2781 876 2838 militant
901 2782 1159 2840 adversus
1187 2787 1434 2841 animum
1463 2787 1509 2853 (1
1530 2787 1673 2844 Pctr.
1708 2805 1768 2856 ii,
1804 2789 1914 2859 11).
1947 2790 2125 2863 (Beda

479 2868 649 2942 ibid.)
679 2892 708 2921 «
741 2870 1057 2945 Hucusquc
1086 2871 1292 2929 beatus
1322 2873 1525 2932 Petrus
1555 2876 1904 2950 generaliter
1929 2878 2124 2936 Eccle-

475 2956 626 3015 siam
655 2958 934 3028 instituit,
967 2959 1264 3033 explicans
1291 2963 1379 3018 vel
1422 2963 1706 3021 beneﬁcia
1747 2967 1963 3040 quibus
1992 2986 2121 3042 nos,

474 3044 672 3104 divina
699 3047 886 3122 pietas
935 3050 1005 3104 ad
1055 3048 1305 3107 salutem
1348 3068 1572 3120 vocare,
1603 3054 1690 3110 vel
1722 3056 1876 3113 dona
1905 3057 2123 3131 quibus

475 3135 790 3209 aliquando
812 3136 1230 3208 Judzeos,nunc
1245 3144 1441 3197 autem
1455 3159 1562 3199 nos
1578 3141 1864 3202 honorare
1883 3147 2125 3220 dignata

474 3227 586 3281 est.
619 3224 765 3281 Hinc
794 3225 1055 3283 diversas
1082 3227 1344 3284 ﬁdelium
1376 3247 1655 3302 personas
1705 3231 1948 3292 solerter
1987 3235 2121 3292 hor-

474 3314 732 3380 tatur,nc
763 3329 826 3370 se
856 3316 1021 3370 tanta
1049 3314 1294 3388 spiritus
1323 3317 1513 3392 gratia
1541 3320 1853 3378 carnaliter
1876 3322 2122 3382 vivendo
2149 3294 2194 3366 Ο

410 3462 417 3469 ,
476 3400 727 3458 reddant
754 3401 1068 3476 indignos:
1101 3421 1175 3462 ne
1207 3406 1306 3477 qui
1339 3407 1517 3481 regali
1548 3426 1616 3466 ac
1645 3412 1989 3470 sacerdotali
2018 3431 2122 3471 vo-

477 3489 687 3547 cabulo
716 3495 857 3548 sunt
886 3491 1451 3567 insigniti,vitiorum
1483 3496 1654 3556 malis
1683 3501 1972 3571 subacti,a
1993 3520 2124 3561 eon-

478 3577 705 3636 donatm
734 3580 822 3637 vel
854 3582 1156 3654 promissa}
1204 3583 1315 3640 sibi
1367 3585 1688 3645 nobilitatis
1729 3588 1916 3664 gloria
1944 3592 2120 3666 dege-

475 3672 699 3727 nerant.
735 3691 764 3719 »
797 3671 867 3726 Et
897 3670 1037 3726 item
1071 3688 1086 3728 :
1120 3695 1148 3724 «
1188 3673 1280 3730 Vos
1312 3676 1368 3730 in
1406 3674 1712 3734 libertatem
1757 3682 1932 3738 vocati
1970 3683 2117 3751 estis,

470 3757 671 3830 fratres
699 3777 719 3814 :
748 3766 959 3816 tantum
986 3777 1057 3817 ne
1108 3761 1408 3819 libertatem
1455 3766 1514 3820 in
1559 3769 1891 3825 occasionem
1935 3773 2120 3828 carnis

450 3847 607 3905 «lctis
661 3848 803 3919 (Gal.
860 3866 918 3922 ν,
982 3851 1090 3920 13).
1148 3851 1337 3908 Liberi
1397 3853 1553 3910 enim
1611 3860 1764 3912 recte
1817 3875 2117 3931 vocamur,

470 3937 569 4009 qui
602 3953 706 4010 per
734 3938 1033 4012 baptisma
1060 3956 1094 3996 a
1112 3945 1483 4013 peccatorum
1516 3960 1726 4002 sumus
1758 3947 2003 4006 nexibus
2023 3951 2121 4007 ab-

470 4024 668 4095 soluti,
700 4027 802 4099 qui
861 4044 896 4084 a
951 4029 1274 4087 diemoniea
1325 4030 1602 4090 servitute
1649 4035 1954 4110 redempti,
2015 4039 2115 4113 qui

469 4112 577 4170 ﬁlii
605 4114 706 4172 Dei
737 4115 922 4171 effecti
958 4131 972 4171 :
1007 4134 1124 4173 non
1152 4122 1352 4175 tamen
1401 4121 1552 4178 dono
1599 4121 1888 4184 libertatis
1926 4112 2116 4200 potio-

469 4217 592 4259 rem
620 4203 898 4275 peccandi
929 4203 1286 4276 facultatem,
1308 4208 1395 4264 vel
1419 4206 1715 4268 licentiam
1746 4215 2073 4289 rccepimus
2097 4236 2112 4277 :

468 4289 615 4364 quin
646 4291 764 4348 imo
796 4293 844 4348 si
875 4295 1330 4366 peccaverimus,
1381 4313 1518 4355 mox
1561 4298 1829 4360 libertate
1866 4307 2115 4378 perdita,

467 4378 619 4437 servi
670 4380 962 4438 efﬁcimur
1005 4385 1246 4456 peccati.
1300 4385 1371 4442 Et
1420 4387 1669 4462 quisque
1699 4407 1762 4448 se
1791 4393 1863 4449 ad
1904 4393 2014 4452 hoc
2044 4395 2113 4453 li-

466 4469 748 4526 bertatem
800 4471 1094 4545 accepisse
1144 4491 1178 4531 a
1224 4473 1471 4533 Domino
1520 4482 1708 4552 putat,
1739 4485 1804 4537 ut
1840 4481 2114 4543 licentius

466 4563 686 4632 peccet,
718 4559 852 4616 talis
893 4578 1062 4618 suam
1093 4562 1422 4622 libertatem
1469 4565 1530 4624 in
1578 4567 1844 4628 velamen
1876 4573 2112 4634 malitiae

465 4651 675 4704 mutat.
709 4669 738 4700 »

534 4737 606 4793 Et
635 4737 773 4794 item
803 4738 863 4795 in
895 4741 1098 4797 eadem
1131 4743 1389 4816 Epistola
1419 4745 1703 4820 scriptum
1725 4754 1847 4807 est:
1884 4752 2021 4822 Quia
2052 4757 2109 4813 in

457 4826 558 4884 hoc
603 4829 776 4884 vocati
820 4832 968 4896 estis,
1018 4839 1081 4886 ut
1124 4831 1545 4892 benedictionem
1591 4837 1902 4899 hereditate
1941 4847 2112 4915 possi-

457 4914 632 4974 dentis
664 4918 713 4992 (Ι
754 4919 901 4975 Pctr.
958 4936 1040 4987 ιιι,
1094 4921 1172 4993 9).
1205 4923 1276 4978 Et
1307 4927 1503 4981 tamen
1536 4926 1606 4982 de
1636 4928 1709 4982 ad
1753 4914 2108 4990 benedictio-

458 5024 592 5064 nem
622 5007 860 5079 vocatis,
910 5008 982 5064 de
1013 5010 1349 5084 redemptis,
1379 5013 1450 5070 de
1473 5013 1815 5085 justiﬁcatis
1847 5021 2109 5091 quotidie

456 5101 720 5169 pereunt.
753 5097 918 5156 Unde
967 5102 1024 5155 et
1068 5099 1283 5158 Paulus
1332 5103 1405 5159 ad
1463 5103 1794 5162 Corinthios
1823 5107 1965 5164 dicit
1998 5128 2012 5168 :
2043 5112 2111 5170 Et

456 5187 655 5258 peribit
677 5190 773 5260 qni
802 5190 1056 5260 inﬁrmus
1083 5196 1163 5246 est
1190 5191 1250 5247 in
1293 5199 1387 5248 tua
1433 5193 1759 5250 conscientia
1785 5196 1977 5269 frater,
2006 5216 2106 5273 pro

456 5290 560 5347 quo
595 5279 625 5332 (
641 5276 848 5334 hristus
879 5287 1124 5335 mortuus
1149 5287 1229 5337 est
1259 5282 1305 5349 (Ι
1331 5281 1452 5338 Cor.
1488 5298 1614 5349 vm,
1647 5284 1757 5351 11).
1789 5285 1936 5343 Hinc
1965 5305 2104 5345 san-

456 5366 589 5419 ctus
614 5365 956 5424 Ambrosius
981 5385 995 5425 :
1029 5392 1056 5419 ‹‹
1091 5368 1308 5426 Pcribit
1345 5369 1639 5439 inﬁrmus,
1666 5370 1712 5427 si
1742 5373 1875 5430 edat
1905 5381 2107 5437 contra

454 5450 633 5508 unius
662 5451 763 5510 Dei
795 5455 969 5513 ﬁdem
1001 5457 1071 5514 de
1101 5458 1465 5528 sacriﬁcatis,
1498 5461 1560 5516 in
1605 5467 1699 5517 tua
1743 5468 2098 5526 conscientia.

2224 649 2501 704 caverunt
2529 644 3131 718 manna,ctaspiritali
3162 647 3347 701 morte
3376 642 3518 702 salvi
3551 643 3691 700 facti
3713 647 3867 716 sunt,

2225 735 2468 809 quidam
2499 719 2696 792 autem
2726 734 3232 791 manducaverunt
3261 736 3319 791 et
3346 732 3561 790 mortui
3592 737 3737 792 sunt
3757 750 3772 790 :
3792 735 3870 792 ita

2225 827 2283 881 et
2312 823 2464 880 sicut
2491 822 2707 880 Paulus
2735 823 2881 880 dicit
2909 823 2982 880 ad
3009 822 3360 892 Corinthios,
3381 827 3513 897 post
3539 823 3869 897 passionem

2226 911 2460 969 Domini
2490 912 2708 969 factum
2738 916 2916 979 est,et
2946 912 3014 968 ﬁt
3043 911 3323 985 quotidie,
3356 912 3747 986 futurumque
3766 918 3867 981 est,

2227 1001 2507 1075 quoniam
2537 1000 2778 1074 quidam
2811 1001 3098 1058 accedunt
3118 1001 3190 1057 ad
3221 1017 3488 1058 mensam
3520 1001 3758 1058 Domini
3785 1003 3869 1060 in-

2228 1089 2423 1163 digne,
2455 1089 2696 1162 quidam
2728 1092 2925 1146 autem
2948 1089 3149 1146 devote
3181 1104 3195 1146 :
3227 1093 3286 1146 et
3315 1088 3556 1163 quidam
3591 1089 3707 1147 sibi
3722 1091 3872 1165 judi-

2228 1178 2384 1237 cium
2405 1179 2769 1236 manducant
2795 1182 2854 1236 et
2882 1179 3362 1252 bibunt,quidam
3392 1183 3588 1236 autem
3620 1196 3791 1237 suam
3810 1179 3868 1237 in

2229 1267 2477 1325 salutem
2512 1266 2938 1340 percipiunt.Et
2966 1267 3038 1324 de
3066 1265 3257 1340 priore
3286 1266 3502 1341 populo
3522 1268 3868 1327 venerabilis

2229 1357 2532 1432 presbyter
2561 1355 2717 1412 Beda
2744 1356 2806 1411 in
2836 1354 3080 1412 homilia
3108 1359 3312 1413 octava
3338 1355 3702 1425 dicitquuia
3718 1357 3868 1416 idem

2231 1444 2544 1503 salutiferae
2575 1444 2897 1502 curationis
2927 1443 3210 1501 auxilium
3241 1444 3610 1504 circumcisio
3652 1447 3717 1503 in
3748 1446 3870 1521 lege

2229 1538 2432 1592 contra
2461 1533 2765 1608 originalis
2794 1534 3014 1607 peccati
3043 1534 3258 1592 vulnus
3286 1535 3514 1610 agebat,
3533 1536 3692 1609 quod
3721 1548 3872 1594 nunc

2231 1624 2564 1698 baptismus
2580 1639 2750 1698 agere
2766 1622 3028 1680 revelata:
3047 1624 3248 1697 gratiae
3266 1627 3529 1697 tempore
3550 1626 3867 1697 consuevit,

2230 1717 2467 1788 excepto
2497 1713 2654 1785 quod
2672 1711 2835 1786 regni
2853 1711 3362 1786 caelestisjanuam
3386 1714 3639 1771 necdum
3658 1714 3870 1773 intrare

2231 1802 2718 1876 poterant,donec
2748 1800 3060 1858 adveniens
3088 1802 3554 1860 benedictionem
3583 1804 3750 1861 daret
3775 1802 3871 1879 qui

2231 1890 2420 1964 legem
2449 1889 2685 1958 delit,ut
2710 1888 2893 1946 videri
2924 1893 3123 1962 posset
3150 1889 3306 1948 Deus
3325 1891 3570 1948 deorum
3610 1891 3674 1949 in
3713 1893 3870 1952 Sion.

2231 1980 2486 2037 Tantum
2518 1978 2578 2034 in
2610 1978 2745 2036 sinu
2775 1977 3017 2034 Abrahae
3047 1982 3180 2051 post
3198 1982 3446 2036 mortem
3477 1980 3651 2038 beata
3676 1982 3872 2056 requie

2231 2065 2513 2126 consolati
2549 2083 2816 2141 supernae
2846 2066 3008 2140 pacis
3037 2066 3370 2140 ingressum
3403 2083 3506 2141 spe
3552 2066 3753 2127 felices
3779 2084 3872 2128 ex-

2232 2156 2590 2232 spectabant.
2622 2178 2652 2208 »
2681 2155 2937 2229 Utraque
2967 2172 3104 2230 ergo
3134 2156 3487 2230 puriﬁcatio,
3519 2158 3579 2214 et
3626 2156 3871 2216 circum-

2231 2245 2469 2304 cisionis
2496 2244 2767 2302 videlicet
2788 2244 2846 2301 in
2877 2244 3088 2319 lege,et
3113 2245 3175 2301 in
3204 2244 3514 2320 Evangelio
3564 2247 3875 2322 baptisma-

2230 2336 2328 2403 tis,
2356 2335 2625 2393 tollendaa
2666 2333 3158 2409 praevaricationis
3202 2334 3404 2407 prima:
3449 2335 3642 2410 gratia
3686 2339 3875 2410 posita

2231 2431 2340 2498 est,
2371 2429 2429 2483 et
2455 2441 2529 2481 ne
2557 2423 2653 2480 cui
2692 2422 2888 2480 saeculi
2936 2421 3187 2480 labentis
3229 2422 3385 2481 aetati
3433 2426 3675 2500 superni
3720 2427 3875 2486 240

2231 2517 2532 2588 respectus
2562 2528 2808 2570 numera
2836 2511 3215 2581 decssent,illi
3236 2528 3471 2586 quoque
3493 2515 3593 2587 qui
3616 2531 3653 2574 a
3671 2517 3877 2574 mundi

2231 2602 2464 2660 exordio
2495 2618 2682 2676 usque
2715 2603 2787 2659 ad
2816 2606 3082 2676 tempora
3110 2602 3260 2659 datm
3289 2601 3873 2676 circumcisionis,vei

2230 2695 2364 2767 post
2391 2692 2588 2748 datam
2619 2690 3225 2760 circumcisionem,de
3249 2688 3382 2750 aliis
3406 2691 3747 2753 nationibus
3766 2700 3876 2754 Deo

2231 2781 2596 2856 placuerimt,
2628 2779 2715 2836 vel
2745 2779 3072 2837 hostiarum
3113 2778 3530 2849 oblationibus,
3576 2782 3670 2839 vel
3724 2786 3878 2843 certe

2230 2869 2356 2928 sola
2383 2871 2518 2926 ﬁdei
2544 2869 2777 2938 virtute,
2802 2885 2941 2926 suos
2972 2882 3334 2942 suorumque
3365 2869 3598 2928 animos
3619 2869 3877 2930 Creatori

2231 2959 2730 3026 commendantes,
2762 2973 2800 3015 a
2825 2957 3003 3031 primi
3040 2961 3238 3014 reatus
3281 2956 3532 3016 vinculis
3580 2958 3879 3020 absolvere

2232 3044 2677 3106 curabant.Sine
2701 3046 2808 3119 ﬁde
2835 3047 2984 3102 enim
3012 3044 3348 3118 impossibile
3391 3053 3473 3103 est
3506 3047 3730 3120 placere
3775 3049 3880 3109 Deo

2231 3138 2413 3210 (Hebr.
2444 3152 2524 3206 x1,
2555 3136 2633 3210 ϐ),
2665 3138 2723 3192 et
2768 3134 2923 3191 sicut
2968 3133 3114 3192 alias
3162 3133 3449 3208 scriptum
3488 3140 3582 3192 est
3631 3151 3646 3192 :
3692 3138 3881 3196 Justus

2230 3235 2412 3285 autem
2437 3243 2508 3284 ex
2527 3225 2633 3298 ﬁde
2658 3226 2795 3282 vivit
2818 3225 2989 3298 (ﬁam.
3023 3238 3067 3292 ι,
3100 3225 3209 3294 17).
3239 3224 3311 3280 Et
3336 3222 3478 3282 item
3517 3224 3579 3281 in
3625 3225 3882 3287 Homilia

2230 3314 2458 3371 decima
2486 3311 2661 3369 tertia
2710 3311 2780 3368 de
2829 3310 3094 3384 sequenti
3125 3309 3340 3384 populo
3377 3316 3514 3386 post
3540 3314 3879 3386 passionem

2230 3401 2462 3460 Domini
2489 3416 2677 3474 usque
2725 3401 2799 3456 ad
2848 3400 3025 3456 ﬁnem
3056 3399 3253 3456 saeculi
3287 3417 3302 3457 :
3331 3423 3360 3452 ‹‹
3396 3401 3503 3472 Qui
3529 3401 3733 3462 ditarit
3754 3418 3877 3475 nos,

2230 3492 2444 3566 inquit,
2458 3499 2512 3548 ct
2539 3491 2673 3547 lavit
2695 3505 2796 3547 nos
2820 3506 2856 3546 a
2876 3490 3110 3562 peccatis
3137 3491 3343 3547 nostris
3365 3492 3428 3547 in
3453 3494 3729 3566 sanguine
3754 3508 3875 3552 suo.

2229 3582 2354 3640 Non
2385 3579 2577 3638 solum
2607 3582 2801 3638 autem
2849 3577 2992 3636 lavit
3037 3595 3145 3636 nos
3194 3596 3228 3636 a
3273 3580 3528 3653 peccatis
3566 3583 3788 3642 nostris
3813 3582 3878 3642 in

2229 3669 2517 3746 sanguine
2559 3686 2688 3737 suo,
2733 3669 2968 3742 quando
3016 3667 3365 3741 sanguinem
3397 3686 3573 3727 suum
3606 3672 3774 3730 dedit
3818 3673 3882 3730 in

2227 3777 2400 3818 cruce
2427 3776 2532 3833 pro
2562 3756 2752 3825 nobis,
2782 3756 2873 3814 vel
2906 3754 3140 3831 quando
3169 3756 3483 3832 quisquam
3515 3764 3787 3818 nostrum
3818 3763 3881 3819 in

2228 3849 2576 3924 mysterium
2616 3850 3002 3904 sacrosanctae
3050 3844 3344 3919 passionis
3388 3846 3552 3905 illius
3594 3848 3882 3924 baptismi

2227 3938 2397 4014 aquis
2427 3936 2666 3994 ablutus
2696 3939 2816 3994 est:
2837 3951 3042 3992 verum
3073 3934 3249 3992 etiam
3278 3936 3543 4010 quotidie
3572 3937 3734 3996 tollit
3752 3954 3886 4014 pec-

2225 4032 2358 4086 cata
2385 4025 2614 4095 mundi,
2642 4024 2917 4098 lavatque
2941 4040 3050 4081 nos
3082 4041 3118 4082 a
3144 4024 3401 4098 peccatis
3431 4027 3652 4085 nostris
3694 4027 3888 4102 quoti-

2225 4116 2420 4174 dianis
2446 4116 2507 4173 in
2541 4113 2828 4189 sanguine
2875 4130 3006 4183 suo,
3055 4129 3192 4170 cum
3238 4114 3505 4187 ejusdem
3537 4115 3722 4173 beate
3753 4132 3888 4192 pas~

2224 4205 2408 4263 sionis
2437 4205 2511 4262 ad
2557 4202 2737 4260 altare
2765 4200 3050 4260 memoria
3078 4201 3414 4276 replicatur,
3446 4220 3583 4262 cum
3609 4205 3788 4279 panis
3825 4210 3887 4266 et

2221 4294 2343 4352 vini
2372 4298 2639 4351 creatura
2665 4291 2724 4348 in
2756 4294 3191 4350 sacramentum
3223 4292 3416 4350 carnis
3464 4297 3523 4350 et
3567 4292 3885 4370 sanguinis

2223 4384 2352 4458 ejus
2379 4382 2660 4440 ineffabili
2684 4381 2940 4455 Spiritus
2966 4380 3429 4439 sanctiﬁcatione
3450 4382 3820 4443 transfertur
3860 4402 3883 4445 :

2221 4473 2424 4547 sicque
2453 4488 2663 4545 corpus
2688 4475 2747 4528 et
2777 4460 3022 4544 sanguis
3051 4469 3234 4542 illius,
3249 4486 3363 4528 non
3392 4468 3726 4531 inﬁdelium
3756 4489 3887 4533 ma.

2221 4562 2396 4620 nibus
2425 4562 2497 4619 ad
2530 4559 2845 4634 perniciem
2876 4577 3046 4617 suam
3074 4558 3344 4618 funditur
3367 4565 3426 4619 et
3452 4561 3881 4633 occiditur,sed

2145 4662 2196 4733 Β
2225 4650 2487 4709 ﬁdelium
2518 4666 2617 4707 ore
2645 4664 2816 4706 suam
2847 4649 3104 4706 sumitur
3129 4647 3190 4705 in
3222 4648 3686 4724 salutem.Cujus
3712 4658 3883 4712 recte

2221 4742 2472 4815 ﬁguram
2501 4752 2690 4812 agnus
2710 4738 2770 4794 in
2795 4736 2920 4812 lege
2951 4737 3246 4812 paschalis
3275 4739 3666 4810 ostendit.Qui
3688 4742 3885 4800 semei

2218 4829 2504 4906 populum
2526 4829 2598 4885 de
2620 4828 2881 4902 Egyptia
2899 4828 3177 4886 servitute
3204 4827 3547 4900 liberans,in
3579 4833 3884 4892 memoria

2218 4920 2484 4994 ejusdem
2513 4917 3006 4991 liberationis,per
3033 4934 3238 4976 omnes
3259 4934 3445 4976 annos
3465 4919 3887 4981 immolatione

2217 5027 2328 5067 sua
2355 5007 2639 5083 populum
2669 5007 2943 5064 eumdem
2975 5006 3341 5066 sanctiﬁcare
3385 5008 3630 5080 solebat,
3684 5011 3887 5071 donec

2213 5099 2438 5156 veniret
2483 5097 2609 5170 ipse
2655 5095 2748 5153 cui
2794 5095 2933 5154 talis
2981 5096 3175 5153 hostia
3202 5097 3611 5156 testimonium
3664 5100 3883 5173 dabat,

2215 5187 2565 5260 oblatusque
2594 5185 2747 5242 Patri
2778 5203 2883 5258 pro
2911 5185 3082 5244 nobis
3117 5185 3177 5243 in
3208 5187 3462 5245 hostiam
3511 5189 3887 5266 odoremque

2213 5276 2541 5344 suavitatis,
2575 5275 2922 5348 mysterium
2953 5292 3072 5332 suis
3116 5275 3430 5349 passionis,
3462 5276 3659 5335 ablato
3688 5292 3884 5354 agno,

2213 5368 2272 5424 in
2306 5370 2635 5424 creaturam
2666 5362 2836 5436 panis
2867 5362 3100 5437 vinique
3118 5364 3771 5451 transferret,sacerdos
3797 5369 3888 5426 fa-

2210 5460 2342 5516 ctus
2371 5455 2433 5512 in
2463 5457 2745 5510 aeternum
2777 5452 3101 5510 secundum
3121 5453 3386 5512 ordinem
3408 5453 3881 5527 Melchisedech,

453 5538 519 5596 Id
550 5544 767 5609 est,tua
794 5544 1005 5615 peritia
1051 5546 1218 5604 illum
1268 5547 1506 5617 occidis,
1539 5552 1774 5623 quando
1805 5570 1841 5610 a
1876 5558 1934 5614 te
1977 5558 2102 5616 ﬁeri
2209 5548 2381 5621 cujus
2412 5540 2654 5617 sanguis
2683 5541 2976 5600 veteribus
3007 5542 3208 5602 electis
3247 5544 3410 5620 regni
3447 5546 3668 5618 jaunas
3697 5550 3881 5621 pate~

449 5628 607 5688 videt
633 5631 789 5704 quod
820 5631 918 5690 ille
947 5633 1116 5693 aliter
1135 5635 1414 5710 intelligit
1443 5653 1457 5692 :
1492 5640 1550 5695 et
1594 5640 1659 5695 tu
1708 5639 1824 5699 eris
1871 5646 2100 5705 occasio
2207 5636 2321 5696 feci
2357 5677 2371 5692 .
2404 5656 2434 5687 ››
3311 5640 3325 5653 ‘

451 5720 662 5781 mortis
691 5721 1090 5799 fratris,quem
1118 5725 1387 5784 Christus
1408 5730 1475 5785 ut
1494 5727 1806 5790 redimeret
1834 5734 2099 5815 cruciﬁgi

2277 5728 2351 5785 Et
2379 5724 2494 5782 Leo
2524 5721 2586 5779 in
2616 5719 2858 5780 homilia
2886 5723 3058 5781 tertia
3086 5723 3156 5781 de
3184 5722 3386 5784 Natale
3408 5723 3644 5784 Domini
3669 5741 3723 5784 tu
3746 5727 3880 5786 Ad-
