4020 6482
207 477 303 543 805

867 476 970 538 DE
1015 477 1779 544 PRIEDESTINATIONE
1822 479 2343 546 DlSSEBTATIO
2387 485 2848 549 POSTERIOR.

3441 489 3560 554 306

197 609 418 687 jicienda
435 610 553 665 erat
577 607 793 665 veritas
822 609 1242 683 redemptionis
1272 611 1620 668 mortalibus
1634 611 1808 668 insti-
1837 611 1895 679 Α
1924 613 2017 670 nis
2035 631 2199 688 papae
2220 619 2359 690 (cap.
2395 619 2428 673 4
2450 619 2509 674 in
2539 619 2685 691 Acta)
2711 637 2724 674 :
2757 609 2786 670 ἑ(
2817 621 2883 677 Et
2908 637 3019 677 non
3047 628 3124 678 est
3147 622 3206 678 in
3235 622 3346 680 alio
3376 623 3562 696 aliqua

202 699 394 766 tntis,et
410 700 736 768 corruptam
769 697 841 753 ab
870 696 1038 753 initio
1069 699 1354 771 originem
1387 700 1552 757 novis
1582 700 1809 756 renasci
1914 704 2087 760 salus.
2103 705 2162 760 Si
2192 705 2253 761 in
2287 705 2446 762 nullo
2475 706 2717 776 alio,sed
2749 709 2807 764 in
2840 709 3064 766 Christo
3093 715 3323 767 tantum
3355 711 3560 768 mundi

199 786 462 864 oportebat
481 784 750 842 exordiis.
765 784 1073 842 Oﬁ'erenda
1093 790 1216 843 erat
1237 805 1340 860 pro
1362 788 1806 845 reconciliandis

199 876 376 941 hostia,
407 891 529 947 quae
559 877 617 930 et
645 873 833 934 nostri
865 875 1096 947 generis
1129 876 1308 942 socia,
1341 881 1398 933 et
1427 881 1638 934 nostrae
1667 895 1804 934 con-

199 963 554 1024 taminationis
595 969 752 1020 esset
781 963 972 1021 aliena
1003 981 1014 1020 :
1046 970 1111 1021 ut
1137 966 1247 1022 hoc
1279 968 1646 1040 prepositum
1678 968 1800 1035 Dei,

195 1071 288 1130 quo
313 1057 601 1128 peccatum
635 1052 843 1109 mundi
880 1053 1022 1110 Jesu
1071 1055 1286 1110 Christi
1332 1055 1553 1128 placuit
1594 1057 1801 1113 nativi-

195 1147 290 1202 tate
310 1147 360 1199 et
384 1141 652 1215 passione
683 1141 893 1212 delere,
927 1143 997 1199 ad
1031 1143 1298 1199 omnium
1357 1145 1801 1217 generationum

190 1229 369 1292 sucula
395 1229 711 1303 pertineret
745 1247 757 1287 :
791 1248 898 1287 nec
931 1231 1236 1288 turbarent
1284 1249 1414 1302 nos,
1453 1234 1554 1290 sed
1602 1235 1800 1307 potius

190 1319 565 1377 conﬁrmarent
606 1318 904 1392 mysteria,
931 1335 1060 1392 quae
1090 1323 1424 1392 temporum
1457 1321 1680 1380 ratione
1708 1341 1802 1380 va-

185 1409 326 1476 riata,
354 1423 480 1464 cum
509 1407 658 1465 ﬁdes
689 1423 806 1482 qua
835 1408 1088 1464 vivimus
1119 1409 1284 1466 nulla
1312 1411 1489 1466 fuerit
1510 1415 1675 1468 aetate
1705 1413 1798 1468 di-

186 1513 338 1555 versa.
367 1495 605 1554 Cessent
653 1497 834 1570 igitur
879 1496 1117 1554 illorum
1167 1499 1436 1570 querelae,
1469 1499 1569 1572 qui
1616 1501 1797 1574 impio

185 1601 444 1644 murmure
474 1583 690 1642 divinis
722 1585 1263 1659 dispensationihus
1293 1587 1698 1660 obloquentes,
1725 1591 1797 1646 de

184 1674 456 1737 Dominice
483 1674 813 1732 nativitatis
844 1675 1118 1734 tarditate
1149 1681 1488 1744 caueantur,
1511 1681 1794 1750 tanquam

181 1763 448 1838 prateritis
495 1764 867 1836 temporibus
915 1782 1032 1822 non
1065 1765 1144 1822 sit
1171 1765 1507 1838 impensum
1547 1769 1702 1840 quod
1733 1767 1793 1823 in

183 1853 353 1912 ultima
377 1853 583 1910 mundi
613 1856 780 1910 aetate
808 1857 899 1910 est
928 1858 1184 1926 gestum.
1217 1854 1392 1910 Verbi
1425 1854 1582 1911 enim
1611 1855 1795 1913 incar-

179 1943 309 2000 natio
327 1943 428 2000 hoc
447 1941 701 1999 contulit
719 1943 988 2000 facienda
1006 1943 1164 2016 quod
1191 1943 1364 2010 facta,
1382 1947 1439 2000 et
1461 1961 1791 2001 sacramen-

177 2035 278 2089 tum
302 2032 498 2090 salutis
527 2031 806 2088 humanae
838 2032 897 2088 in
929 2031 1092 2087 nulla
1122 2049 1384 2105 unquam
1444 2033 1794 2106 antiquitate

175 2121 402 2179 cessavit.
461 2121 630 2188 Quod
689 2119 1154 2194 praedicaverunt
1205 2120 1472 2194 apostoli,
1533 2121 1641 2178 hoc
1697 2139 1794 2178 an-

175 2211 545 2270 nnntiaverant
575 2214 636 2267 et
665 2210 963 2284 prophetae
998 2227 1011 2266 :
1046 2227 1152 2266 nec
1183 2227 1312 2266 sero
1342 2199 1431 2266 est
1460 2209 1788 2282 impletum,

175 2299 297 2373 quod
340 2315 570 2373 semper
620 2303 712 2355 est
761 2297 1071 2356 creditum.
1109 2297 1412 2372 Sapientia
1438 2315 1572 2355 vero
1603 2303 1661 2356 et
1690 2301 1789 2356 be-

174 2387 388 2461 nignitas
442 2388 570 2456 Dei,
633 2405 700 2444 ac
757 2387 1045 2444 salutiferi
1109 2387 1301 2460 operis
1369 2403 1553 2456 mora,
1616 2405 1788 2461 capa-

172 2475 323 2536 ciores
348 2494 448 2536 nos
487 2493 614 2536 sua:
644 2475 966 2534 vocationis
1013 2475 1220 2544 effecit,
1256 2480 1322 2532 ut
1370 2478 1526 2549 quod
1584 2477 1788 2534 multis

171 2563 336 2638 signis,
367 2566 574 2623 multis
605 2565 868 2632 vocibus,
891 2564 1214 2638 multisque
1245 2565 1543 2639 mysteriis
1573 2583 1674 2638 per
1703 2569 1789 2623 tot

173 2653 291 2710 241
315 2655 496 2712 fuerat
529 2653 756 2712 saecula
783 2652 1144 2719 nuntiatum,
1168 2653 1228 2708 in
1253 2653 1460 2710 diebus
1490 2653 1786 2726 Evangelii

172 2756 263 2797 non
288 2745 432 2798 esset
458 2740 838 2814 ambiguum.
880 2741 949 2796 Et
977 2740 1254 2797 nativitas
1287 2740 1624 2810 Salvatoris,
1657 2760 1784 2815 qua;

167 2828 332 2892 omnia
360 2827 653 2887 miracula
683 2845 1038 2902 omnemque
1083 2829 1354 2885 humana:
1386 2829 1783 2903 intelligentiae

167 2923 266 2974 erat
289 2935 595 2978 excessura
625 2934 988 2986 mensuram,
1021 2923 1182 2974 tanto
1237 2919 1691 2974 constantiorem
1722 2919 1782 2976 in

168 3007 303 3068 nobis
314 3009 579 3083 gigneret
603 3008 1022 3080 ﬁdem,quanto
1045 3007 1379 3080 praedicatio
1401 3009 1528 3080 ejus
1549 3012 1607 3063 et
1631 3009 1780 3064 anti-

165 3096 573 3170 quierpraacessi
581 3100 709 3154 sset
719 3100 776 3152 et
789 3097 1064 3154 crebrior.
1079 3097 1205 3152 Non
1223 3096 1419 3170 itaque
1432 3113 1576 3152 novo
1591 3096 1779 3154 consi-

163 3183 367 3242 lioDeus
381 3188 555 3244 rebus
571 3185 876 3254 humanis,
897 3203 1001 3242 nee
1022 3203 1152 3242 sera
1170 3185 1542 3242 miseratione
1563 3203 1780 3242 consu-

161 3271 359 3343 luit,sed
369 3293 404 3333 a
415 3273 841 3332 constitutione
852 3275 1057 3330 mundi
1074 3291 1254 3330 unam
1267 3275 1650 3347 eamdemque
1663 3292 1780 3332 om—

1915 791 2076 848 salus
2099 798 2348 868 est,ergo
2371 801 2426 851 et
2447 797 2645 853 Patres
2675 799 3033 854 Testamenti
3063 800 3273 856 veteris
3297 801 3562 872 ejusdem

1915 881 2318 955 Redemptoris
2348 885 2749 942 incarnatione
2779 891 2835 942 et
2863 887 3136 958 passione
3165 887 3368 943 salvati
3399 893 3558 958 sunt,

1913 987 2030 1043 qua
2049 988 2154 1028 nos
2179 972 2390 1028 salvari
2414 974 2710 1030 credimus
2732 979 2789 1030 et
2812 975 3272 1047 speramus.Etsi
3293 975 3450 1030 enim
3476 994 3564 1032 sa-
3667 973 3677 982 ’

1911 1065 2212 1117 crementa
2241 1079 2342 1134 pro
2371 1065 2705 1134 temporum
2756 1063 2982 1120 ratione
3031 1063 3384 1135 discrepent,
3417 1065 3563 1120 ﬁdes

1910 1149 2106 1204 tamen
2127 1167 2246 1205 una
2264 1151 2582 1224 eademque
2603 1153 2916 1208 concordat
2939 1169 2952 1208 :
2979 1151 3117 1226 quia
3136 1169 3314 1224 quam
3337 1169 3443 1208 nos
3461 1169 3564 1224 per

1909 1237 2205 1308 apostolos
2218 1239 2723 1308 factam,eamdem
2738 1241 2820 1296 illi
2835 1241 3333 1314 dispensationem
3346 1240 3560 1299 Christi

1909 1341 2012 1398 per
2057 1326 2371 1399 prophetas
2423 1329 2750 1385 didicerant
2795 1347 2922 1386 esse
2971 1333 3299 1385 venturam.
3361 1330 3560 1402 Neque

1908 1413 2066 1470 enim
2097 1419 2187 1470 est
2233 1415 2554 1489 redemptio
2617 1417 2968 1490 captivitatis
3027 1418 3320 1490 humanae,
3354 1418 3468 1474 nisi
3499 1417 3560 1474 in

1907 1503 2192 1575 sanguine
2211 1504 2360 1575 ejus,
2385 1505 2487 1577 qui
2509 1506 2670 1561 dedit
2691 1507 2893 1562 scmeti
2901 1524 3075 1578 psum
3098 1507 3558 1580 redemptionem

1905 1607 2010 1662 pro
2031 1591 2326 1648 omnibus.
2358 1614 2386 1643 »
2421 1593 2492 1650 Et
2522 1595 2663 1651 item
2694 1595 3042 1651 venerabilis
3074 1597 3376 1670 presbyter
3405 1596 3560 1654 Beda

1903 1677 1965 1734 in
1985 1679 2248 1752 Epistola
2283 1681 2475 1754 prima
2509 1683 2661 1738 Petri
2685 1683 2767 1755 (In
2789 1701 2905 1756 cap.
2933 1685 3020 1752 1);
3056 1706 3084 1736 ‹‹
3116 1686 3307 1756 Supra
3337 1685 3560 1741 dixerat

1904 1768 2218 1840 prophetas
2273 1771 2482 1842 spiritu
2533 1771 2749 1827 Christi
2802 1773 3223 1844 prcenuntiassc
3253 1773 3556 1844 passiones

1901 1856 2029 1926 ejus
2050 1861 2106 1912 et
2128 1859 2479 1929 posteriores
2500 1859 2716 1932 glorias
2742 1878 2755 1915 :
2781 1864 2837 1916 et
2860 1878 3014 1916 nunc
3035 1861 3178 1916 dicit
3199 1862 3400 1917 eadem
3424 1879 3557 1933 apo-

1902 1943 2082 2000 stolos
2111 1945 2195 2001 eis
2227 1946 2498 2002 nuntiare
2548 1947 2772 2020 Spiritu
2821 1953 3024 2004 sancto
3073 1949 3256 2006 misso
3283 1949 3355 2004 de
3385 1949 3550 2005 coelo.

1903 2031 2065 2088 Unde
2117 2039 2277 2106 patet
2303 2035 2442 2107 quia
2470 2036 2627 2092 idem
2658 2037 2904 2110 spiritus
2931 2037 3146 2093 Christi
3178 2043 3300 2094 erat
3329 2037 3387 2093 in
3419 2056 3550 2110 pro-

1897 2121 2092 2194 phetis
2124 2122 2308 2194 prius,
2343 2124 2444 2196 qui
2477 2127 2851 2198 postmodum
2881 2126 2943 2182 in
2974 2126 3275 2200 apostolis.
3301 2127 3552 2198 Ideoque

1899 2212 2164 2268 eamdem
2187 2213 2362 2268 ﬁdem
2382 2215 2676 2285 passionis
2697 2214 2912 2271 Christi
2935 2213 3340 2287 etposterioris
3355 2213 3550 2287 gloriae

1899 2301 2134 2373 utrique
2165 2301 2398 2374 populis
2429 2305 2828 2375 praedicabant
2853 2321 2865 2359 :
2890 2303 2976 2358 illi
2997 2303 3188 2359 adhuc
3219 2308 3549 2371 venturam,

1896 2389 1994 2446 isti
2017 2391 2144 2463 jam
2176 2391 2442 2448 venisse:
2477 2409 2544 2448 ac
2576 2410 2679 2465 per
2707 2393 2817 2450 hoc
2844 2411 3021 2448 unam
3053 2409 3180 2448 esse
3208 2391 3548 2466 Ecclesiam,

1897 2479 2066 2551 cujus
2093 2496 2229 2551 pars
2251 2481 2545 2536 carnalem
2566 2481 2798 2537 Domini
2821 2483 3135 2538 adventum
3169 2481 3546 2553 praecesserit,

1894 2585 2032 2640 pars
2078 2567 2156 2624 sit
2205 2567 2388 2624 altera
2435 2575 2655 2626 secuta.
2694 2594 2720 2620 ››
2754 2571 2918 2626 Sicut
2965 2574 3020 2626 et
3052 2572 3109 2625 S.
3145 2569 3457 2641 Gregorius
3489 2569 3548 2624 in

1894 2655 2140 2712 homilia
2168 2656 2484 2712 Ezechielis
2516 2659 2744 2714 decima
2775 2659 2983 2730 quinta
3005 2659 3157 2714 2-32
3196 2657 3339 2713 dicit
3371 2674 3383 2713 :
3419 2679 3447 2706 «
3480 2658 3550 2712 Et

1894 2745 2132 2818 quidem
2164 2745 2235 2801 ab
2265 2745 2406 2802 Abel
2455 2747 2740 2819 sanguine
2773 2747 2967 2819 passio
2990 2747 3117 2817 jam
3149 2745 3324 2818 coepit
3353 2744 3546 2802 Eccle-

1893 2834 2016 2902 siae,
2048 2838 2104 2889 et
2131 2851 2253 2890 una
2282 2837 2372 2890 est
2419 2835 2677 2891 Ecclesia
2725 2835 3042 2892 electorum
3093 2835 3544 2907 priscedentium

1891 2927 2068 2994 atque
2091 2923 2522 2995 sequentium.»
2545 2924 2615 2978 Et
2643 2923 2701 2978 in
2733 2923 2978 2979 homilia
3005 2923 3232 2979 decima
3261 2921 3540 2995 septima:

1892 3034 1920 3062 «
1950 3013 2018 3067 Et
2062 3013 2160 3084 qui
2199 3012 2496 3084 praeibam,
2547 3021 2598 3068 et
2653 3014 2748 3084 qui
2793 3013 3174 3085 sequebantur,
3232 3011 3546 3070 clamabant

1891 3100 2438 3157 Osanna.Praecessit
2457 3101 2672 3173 quippe
2692 3101 2974 3157 Judaicus
3001 3099 3274 3172 populus,
3299 3103 3535 3157 secutus

1889 3193 1978 3245 est
1998 3188 2254 3262 gentilis.
2290 3190 2360 3245 Et
2382 3188 2520 3262 quia
2543 3206 2747 3245 omnes
2769 3188 2959 3257 electi,
2987 3189 3108 3244 sive
3130 3187 3231 3260 qui
3255 3187 3313 3242 in
3334 3187 3538 3244 Judaea

1887 3295 2016 3336 esse
2047 3281 2384 3350 potuerunt,
2409 3279 2528 3335 sive
2557 3279 2658 3350 qui
2693 3295 2848 3334 nunc
2879 3279 2938 3334 in
2970 3276 3229 3334 Ecclesia
3257 3275 3533 3343 existunt,
3574 3305 3580 3311 -

161 3362 548 3422 nibuscausam
563 3363 1071 3422 salutisinstituit.
1089 3364 1286 3420 Gratia
1304 3363 1483 3432 enim,
1504 3381 1778 3436 quasem-
1809 3351 1852 3418 C
1889 3365 1948 3420 in
1973 3364 2351 3422 mediatorem
2383 3365 2483 3422 Dei
2517 3370 2572 3421 et
2601 3366 2910 3422 hominum
2943 3364 3316 3421 crediderunt
3338 3368 3536 3420 etcre-
3590 3407 3603 3429 κ

161 3469 240 3524 per
281 3454 633 3512 universitas
671 3451 999 3527 justiﬁcata
1059 3456 1418 3520 sanctorum,
1469 3457 1644 3509 aucta
1691 3457 1780 3510 est

159 3539 348 3601 Christo
367 3548 674 3610 nascente,
699 3559 814 3599 non
839 3546 1045 3614 ccepta.
1068 3543 1139 3597 Et
1157 3541 1266 3597 hoc
1289 3557 1514 3615 magna:
1547 3541 1779 3614 pietatis

158 3639 580 3702 sacramentum,
609 3649 725 3704 quo
746 3633 1048 3705 totusjam
1079 3632 1338 3687 mundus
1365 3630 1646 3703 impletus
1666 3635 1774 3700 est,

154 3719 463 3794 tammtens
504 3720 694 3778 etiam
731 3719 792 3775 in
833 3719 958 3776 suis
989 3718 1520 3792 signiﬁcationibus
1553 3719 1682 3789 fuit,
1716 3723 1781 3775 ut

155 3823 245 3865 non
263 3809 449 3869 minus
470 3827 539 3868 eo
563 3809 768 3882 adepti
791 3809 914 3864 sint
934 3808 1034 3880 qui
1053 3807 1198 3862 illud
1221 3807 1516 3862 credidere
1537 3809 1781 3879 promis-

153 3913 282 3968 sum,
299 3917 470 3973 quam
489 3901 556 3956 hi
592 3899 696 3972 qui
729 3913 1036 3969 suscepere
1067 3897 1402 3953 donatum.»
1439 3896 1509 3952 Et
1539 3900 1778 3952 sanctus

149 3987 478 4062 Augustinus
509 3989 572 4045 in
609 3987 761 4044 libro
795 3987 866 4042 de
895 3986 1116 4042 Natura
1147 3990 1202 4041 et
1232 3984 1432 4042 Gratia
1459 3987 1610 4057 (cap.
1646 3987 1774 4054 43):

151 4075 250 4132 «Ea
263 4077 467 4152 quippe
490 4078 651 4134 ﬁdes
665 4077 864 4148 justos
885 4074 1115 4130 sanavit
1135 4073 1429 4144 antiquos,
1458 4090 1586 4144 quae
1610 4077 1779 4129 sanat

150 4168 194 4219 et
222 4183 337 4238 nos,
370 4168 428 4224 id
461 4171 556 4226 est
590 4163 935 4222 mediatoris
968 4163 1060 4219 Dei
1095 4167 1151 4218 et
1181 4162 1489 4218 hominum
1519 4161 1777 4219 hominis

149 4252 328 4313 Christi
356 4257 520 4326 Jesu,
546 4255 701 4311 ﬁdes
733 4251 1039 4326 sanguinis
1069 4251 1381 4324 ejus,ﬁdes
1413 4251 1604 4307 crucis
1625 4253 1774 4322 ejus,

151 4341 268 4400 fides
318 4347 527 4403 mortis
571 4348 637 4400 et
679 4339 1124 4399 resurrectionis
1178 4339 1326 4410 ejus.
1359 4340 1622 4396 Habentes
1653 4357 1777 4414 ergo

147 4433 357 4490 cuntdem
379 4437 652 4506 spiritum
675 4431 827 4502 ﬁdei,
858 4438 910 4487 et
935 4446 1035 4486 nos
1064 4428 1336 4485 credimus
1390 4436 1610 4500 propter
1639 4429 1778 4502 quod

146 4527 188 4576 at
209 4521 486 4595 loquimur.
521 4545 546 4574 ι
586 4521 662 4577 Et
691 4517 1042 4576 venerabilis
1071 4517 1376 4589 presbyter
1407 4517 1560 4572 Beda
1589 4515 1648 4570 in
1679 4535 1776 4572 ex-

149 4610 403 4682 positione
461 4609 771 4683 Evangelii
830 4609 999 4664 Lucae
1031 4610 1172 4678 (cap.
1211 4605 1259 4677 1)
1297 4623 1309 4659 :
1347 4628 1373 4654 ››
1419 4607 1482 4662 Ut
1509 4613 1778 4662 conveth

148 4699 280 4756 corda
297 4709 520 4774 patrum
551 4703 618 4757 in
645 4698 814 4770 ﬁlios,
847 4705 898 4753 et
929 4695 1275 4785 incredibiles
1323 4693 1392 4749 ad
1426 4693 1780 4785 prudeatiam
1807 4722 1854 4785 Β

140 4786 398 4860 imorum,
445 4803 661 4864 parare
705 4787 934 4844 Domino
977 4784 1189 4857 plebem
1225 4785 1538 4855 perfectam.
1589 4783 1775 4839 Corda

147 4881 346 4946 patrum
370 4879 432 4934 in
465 4878 629 4935 ﬁlios
657 4878 1010 4942 convertere,
1043 4876 1132 4928 est
1174 4869 1501 4944 spiritalem
1545 4873 1774 4928 sancto-

147 4980 254 5024 rum
278 4969 669 5042 antiquorum
701 4964 1008 5022 scientiam
1039 4960 1272 5035 populis
1294 4960 1663 5032 praedicando
1693 4961 1774 5016 in-

147 5052 378 5114 fundere.
403 5055 734 5114 Prudentia
759 5069 894 5110 vero
915 5053 1218 5124 justorum
1249 5053 1356 5117 est,
1383 5065 1498 5104 non
1530 5049 1602 5105 de
1631 5049 1776 5124 legis

147 5145 390 5216 operibus
410 5145 720 5220 justitiam
750 5157 1123 5216 praesumere,
1148 5139 1249 5194 sed
1283 5153 1352 5192 ex
1381 5138 1494 5193 ﬁde
1525 5137 1776 5195 salutem

149 5247 400 5303 querere:
439 5240 509 5292 ut
531 5231 810 5308 quamvis
832 5231 890 5285 in
911 5229 1038 5302 lege
1060 5227 1234 5300 positi
1256 5225 1401 5299 legis
1416 5226 1588 5297 jussa
1605 5229 1778 5300 perﬁ-

149 5319 299 5392 ciant,
327 5326 522 5398 gratia
553 5340 620 5380 se
650 5326 846 5378 tamen
877 5318 1112 5390 Dei’per
1139 5315 1439 5372 Christum
1471 5315 1781 5372 salvandos

150 5407 470 5488 intelligant.
497 5415 692 5470 Justus
721 5411 870 5466 enim
898 5425 968 5465 ea:
995 5406 1101 5478 ﬁde
1131 5406 1282 5462 vivit.
1315 5426 1344 5454 »
1376 5405 1447 5459 Et
1478 5405 1678 5461 Petrus
1707 5407 1779 5462 de

143 5495 263 5573 iugo
288 5501 433 5576 legis
455 5501 542 5558 ait
567 5519 581 5557 :
613 5499 760 5569 Quod
779 5513 953 5570 neque
970 5504 1148 5568 patres
1169 5494 1345 5549 nostri
1362 5509 1534 5564 neque
1551 5510 1648 5550 nos
1654 5511 1776 5567 por-

149 5593 244 5654 tare
277 5594 579 5664 potuimus,
601 5589 695 5646 sed
714 5605 814 5661 per
841 5587 1078 5658 gratiam
1103 5583 1325 5640 Domini
1348 5586 1483 5640 Jesu
1505 5584 1776 5640 credimus

149 5678 346 5747 salvari,
405 5677 866 5754 quemadmodum
919 5683 969 5732 et
1025 5675 1116 5730 illi
1163 5674 1296 5742 (Act.
1331 5689 1422 5738 xv,
1457 5672 1562 5743 10).
1614 5674 1684 5728 Et
1713 5675 1772 5730 in

151 5764 396 5828 Tractatu
409 5773 680 5847 .Actuum
699 5764 1193 5840 apostolorum,ex
1212 5760 1402 5817 verbis
1429 5760 1616 5818 sancti
1639 5763 1774 5820 Leo-

1887 3454 2158 3526 dunt,qui
2181 3458 2509 3526 praeeuntet
2531 3456 2628 3527 qui
2653 3459 2982 3526 sequuntur
3001 3455 3236 3510 Osanna
3256 3452 3532 3509 clamant.

1887 3543 2122 3598 Osanna
2151 3546 2349 3598 autem
2400 3542 2606 3598 Latina
2635 3543 2839 3616 lingua
2867 3545 3021 3599 salva
3050 3559 3149 3599 nos
3179 3542 3417 3597 dicitur.
3447 3541 3532 3597 Ab

1888 3632 2012 3704 ipso
2037 3631 2194 3687 enim
2218 3631 2468 3687 salutem
2489 3636 2546 3687 et
2567 3632 2790 3704 priores
2816 3631 3258 3704 quaesierunt,et
3279 3646 3534 3702 praesen-

1885 3725 1974 3777 tes
1997 3725 2282 3793 quzerunt,
2307 3726 2365 3776 et
2385 3721 2756 3776 benedictum
2779 3721 2880 3794 qui
2903 3721 3058 3776 venit
3078 3720 3138 3774 in
3171 3718 3406 3774 nomine
3427 3719 3534 3773 Do-

1889 3809 2034 3877 mini
2073 3811 2462 3866 conﬁtentur:
2487 3809 2764 3881 quoniam
2796 3826 2915 3866 una
2945 3826 3098 3880 spes,
3123 3823 3242 3862 una
3269 3806 3415 3861 ﬁdes
3445 3808 3534 3860 est

1887 3897 2336 3972 praecedentium
2367 3901 2542 3969 atque
2573 3897 2947 3968 sequentium
2981 3895 3350 3968 populorum.
3383 3893 3557 3963 Nam,

1885 3987 2038 4044 sicut
2057 3985 2142 4042 illi
2164 3990 2494 4058 exspectata
2516 3985 2784 4058 passione
2807 4002 2872 4041 ac
2895 3983 3316 4040 resurrectione
3337 3981 3530 4038 sanati

1887 4079 2046 4142 sunt,
2077 4075 2158 4130 ita
2205 4091 2319 4129 non
2372 4073 2662 4146 praeterita
2710 4072 2981 4145 passione
3019 4071 3178 4127 illius
3207 4087 3273 4126 ac
3299 4087 3529 4143 perma-

1886 4165 2046 4223 nenti
2080 4164 2138 4219 in
2171 4162 2384 4219 saecula
2413 4162 2836 4218 resurrectione
2868 4161 3182 4216 salvantur.
3217 4181 3245 4209 »

1956 4253 2037 4308 De
2084 4252 2176 4308 his
2229 4255 2422 4307 autem
2474 4251 2574 4324 qui
2621 4267 2736 4306 non
2787 4250 3104 4316 salvantur,
3141 4249 3297 4304 idem
3329 4250 3532 4304 auctor

1887 4342 2028 4398 dicit
2050 4340 2108 4395 in
2129 4339 2372 4396 homilia
2407 4356 2560 4394 nona
2585 4356 2597 4393 :
2625 4363 2651 4389 «
2677 4340 3012 4395 Notandum
3037 4355 3168 4394 vero
3192 4337 3345 4410 quod
3370 4341 3530 4408 post-

1886 4447 2064 4504 quam
2087 4429 2242 4486 mala
2261 4432 2569 4502 parentum
2591 4428 2998 4484 defunctorum
3024 4427 3264 4494 dixerat,
3290 4425 3532 4480 mittens
3608 4421 3612 4425 ’

1887 4519 2232 4592 Prophetam
2267 4517 2338 4573 ad
2370 4516 2520 4572 ﬁlios
2577 4516 2852 4574 dicit:Si
2897 4517 3054 4590 forte
3111 4516 3199 4572 vel
3255 4517 3375 4584 ipsi
3431 4531 3532 4570 au-

1886 4610 2080 4680 diant,
2099 4613 2154 4663 et
2181 4607 2231 4662 si
2256 4605 2410 4681 forte
2440 4606 2914 4679 quiescant.Quid
2942 4609 3031 4661 est
3059 4604 3250 4660 dicere
3271 4602 3366 4658 vel
3395 4603 3532 4674 ipsi,

1885 4697 1999 4754 nisi
2021 4697 2160 4769 quia
2179 4712 2378 4752 eorum
2417 4699 2632 4768 patres,
2659 4696 2759 4768 qui
2793 4695 2852 4750 in
2879 4695 3052 4767 culpa
3081 4691 3341 4749 defuncti
3370 4694 3528 4760 sunt,

1885 4787 2086 4844 audire
2112 4784 2428 4841 noluerunt
2447 4783 2475 4838 ‘l
2499 4805 2527 4834 »
2549 4785 2618 4838 Et
2638 4782 2812 4856 paulo
2844 4787 2975 4856 post
3001 4800 3014 4837 :
3055 4805 3082 4832 ‹‹
3105 4783 3175 4837 Et
3205 4797 3311 4836 nos
3342 4777 3534 4834 adhuc

1883 4879 2155 4948 parentes
2177 4877 2408 4929 nostros
2425 4873 2496 4928 ad
2513 4872 2888 4945 iniquitatem
2913 4869 3314 4944 sequimur,ah
3331 4883 3530 4924 eorum

1877 4962 2131 5020 elatione
2152 4977 2330 5034 quam
2347 4961 2602 5016 vidimus
2626 4979 2740 5017 non
2769 4963 3170 5028 mutamur;et
3191 4957 3272 5012 illi
3295 4955 3531 5028 quidem

1885 5053 2035 5108 inter
2063 5050 2304 5125 gaudia,
2337 5067 2443 5105 nos
2471 5065 2626 5118 vero,
2663 5051 2816 5122 quod
2848 5054 2938 5105 est
2968 5045 3222 5122 gravius,
3248 5045 3400 5098 inter
3429 5041 3529 5096 ﬂa-

1885 5142 2038 5216 gella
2071 5156 2402 5214 peccamus.
2436 5138 2568 5209 Sed,
2601 5136 2732 5194 ecce
2785 5137 3154 5209 omnipotens
3213 5133 3368 5188 Deus
3426 5127 3530 5183 ini-

1887 5230 2138 5305 quitates
2187 5227 2464 5300 judicans
2513 5228 2640 5298 jam
2698 5227 2920 5298 priores
2978 5226 3206 5280 nostros
3265 5216 3529 5286 abstulit,

1882 5321 2009 5392 jam
2039 5319 2110 5374 ad
2133 5315 2426 5388 judicium
2473 5314 2698 5370 vocavit
2730 5333 2743 5370 :
2778 5333 2883 5370 nos
2925 5313 3115 5369 adhuc
3145 5310 3216 5365 ad
3249 5306 3531 5382 pmniten-

1886 5407 2030 5464 tiam
2081 5409 2396 5476 exspectat,
2429 5421 2536 5459 nos
2587 5404 2657 5458 ad
2705 5402 3106 5458 revertendum
3156 5397 3445 5465 sustinet;
3477 5397 3536 5450 et

1887 5497 1988 5571 qui
2017 5497 2078 5553 in
2109 5495 2225 5550 illis
2245 5495 2372 5566 jam
2417 5492 2712 5564 judicium
2763 5489 3037 5560 exercuit,
3071 5488 3242 5544 nobis
3287 5503 3405 5542 suae
3433 5501 3534 5557 pa-

1883 5585 2103 5644 tientia:
2153 5581 2664 5656 longanimitatem
2715 5583 3018 5653 praerogat,
3053 5597 3124 5635 ne
3156 5595 3292 5633 cum
3319 5573 3536 5630 nostris

1885 5695 1991 5733 nos
2042 5673 2336 5748 prioribus
2396 5671 2620 5741 perdat,
2657 5669 2858 5726 dicens
2891 5687 2904 5726 :
2935 5669 2996 5726 Si
3024 5671 3162 5742 forte
3190 5668 3273 5724 vel
3303 5665 3409 5737 ipsi
3437 5679 3537 5717 αμα

1881 5765 2054 5833 diant,
2087 5771 2138 5820 et
2181 5763 2231 5817 si
2276 5761 2413 5831 forte
2465 5759 2763 5830 quiescant,
2797 5760 2932 5831 quia
2982 5759 3178 5816 domus
3204 5766 3540 5827 exasperatis
