4020 6450
475 445 592 506 307

1407 425 1812 512 HINCMAM'
1836 450 2286 512 RHEMENSIS
2328 449 2942 512 ARCHIEPISGOPI.

3766 441 3877 506 308

475 586 554 637 est
590 580 799 652 (Ezech.
833 599 892 648 ιι,
925 583 1002 652 5).
1039 604 1065 632 ››
1116 583 1266 655 Ergo
1297 586 1356 638 et
1385 583 1779 656 prazcedentes
1827 587 1886 639 et
1919 584 2124 640 subse-
2156 586 2211 652 Α
2236 583 2395 656 juste
2422 583 2688 651 vivendo,
2719 583 2872 638 unde
2921 580 3126 638 merito
3175 581 3496 638 creduntur
3524 597 3630 655 per
3651 561 3880 637 Domini

476 673 720 742 quentes
742 675 1029 744 quotquot
1049 671 1482 744 salvantur,per
1493 673 1952 745 redemptionem
1969 671 2131 727 illius

479 757 802 826 salvantur,
843 763 902 814 et
940 759 1040 832 qui
1093 777 1206 815 non
1233 762 1538 817 credentes
1572 766 1636 816 ut
1665 762 2032 817 redimantur
2060 761 2130 816 de

485 847 869 918 subscquenti
895 847 1109 920 populo
1133 849 1474 905 inﬁdelitate
1499 855 1764 923 pereunt,
1786 850 1870 907 vel
1887 851 1985 923 qui
2011 867 2135 922 pra-

484 934 572 990 vis
596 935 858 992 moribus
880 941 937 992 et
958 937 1178 1010 iniquis
1209 939 1485 1012 cperibus
1515 944 1647 1012 post
1673 939 2132 1012 redemptionem

479 1028 751 1094 pereunt,
771 1042 879 1080 sua
904 1024 1248 1082 inﬁdelitate
1267 1031 1324 1081 et
1344 1025 1653 1100 iniquitate
1675 1032 1942 1101 pereunt.
1966 1028 2059 1085 Sic
2079 1037 2138 1088 et

477 1111 548 1166 de
573 1111 789 1184 populo
809 1113 987 1170 veteri
1009 1113 1354 1171 inﬁdelitate
1378 1121 1435 1171 et
1459 1116 1770 1189 iniquitate
1799 1116 2137 1190 quicunque

477 1204 620 1256 sunt
651 1202 863 1274 perditi
895 1203 1214 1275 perierunt,
1249 1205 1403 1260 sicut
1433 1222 1609 1261 sacrae
1641 1206 1998 1262 Testamenti
2025 1205 2135 1262 Ve-

479 1289 628 1346 teris
656 1291 911 1364 paginaz,
944 1309 979 1348 a
1006 1293 1147 1348 Cain
1197 1294 1438 1366 reprobo
1487 1311 1674 1367 usque
1722 1295 1793 1350 ad
1823 1297 2051 1351 Annam
2080 1303 2138 1355 et

477 1377 1087 1450 Caipham,evidcnter
1111 1383 1521 1438 demonstrant
1544 1401 1557 1440 :
1581 1388 1640 1439 et
1661 1383 1996 1458 quicunque
2017 1384 2135 1440 sal-

479 1466 597 1521 vati
647 1473 788 1524 sunt
837 1471 1147 1544 credentes
1194 1470 1254 1526 in
1301 1476 1634 1541 venturum,
1669 1473 1822 1529 sicut
1853 1477 1909 1529 et
1940 1491 2046 1530 nos
2077 1473 2136 1529 in

479 1571 618 1611 eum
667 1557 768 1630 qui
810 1559 936 1629 jam
984 1559 1144 1615 venit
1192 1559 1510 1628 credimus,
1542 1577 1647 1634 per
1675 1563 2138 1635 redemptionem

478 1659 604 1715 qua)
626 1651 717 1702 est
737 1647 796 1703 in
821 1649 1109 1721 sanguine
1133 1648 1320 1722 ipsius
1341 1649 1546 1706 salvati
1577 1654 1736 1718 sunt,
1769 1651 1922 1707 sicut
1947 1657 2003 1708 et
2029 1667 2137 1708 nos

479 1735 688 1790 eadem
740 1737 1144 1809 redemptione
1191 1737 1505 1806 salvamur,
1539 1744 1595 1796 et
1628 1757 1832 1796 omnes
1877 1739 2138 1797 salvandi

479 1821 604 1878 sine
630 1823 812 1880 dubio
836 1824 1246 1881 salvabuntur.
1273 1826 1435 1882 Unde
1456 1831 1513 1882 et
1539 1827 1885 1884 venerabilis
1904 1830 2138 1902 presby-

2242 671 2591 745 sanguinem
2616 673 2687 728 ab
2711 675 2966 728 extremo
2983 670 3268 745 supplicio
3290 670 3667 738 liberati,non
3691 674 3882 726 tamen

2240 760 2301 816 in
2334 761 2435 816 illa
2461 761 2580 817 vita
2613 766 2953 818 meruerunt
2991 761 3060 816 ad
3094 760 3428 834 paradisum
3461 759 3724 817 revocari
3760 775 3774 815 :
3808 759 3884 816 sic

2241 854 2299 906 et
2329 867 2461 906 caro
2491 849 2730 922 peccati,
2762 849 2991 906 etiamsi
3039 849 3304 905 remissis
3333 849 3586 921 peccatis
3619 848 3803 904 homo
3833 848 3885 904 in

2243 955 2310 994 ea
2323 939 2483 1010 juste
2503 938 2728 1003 vixerit,
2763 955 2876 994 non
2897 939 3174 994 continuo
3198 943 3455 994 meretur
3474 953 3604 993 eam
3628 940 3883 992 mortem

2245 1043 2359 1083 non
2385 1027 2628 1100 perpeti,
2653 1044 2829 1099 quam
2851 1027 3024 1083 traxit
3045 1027 3114 1082 de
3136 1025 3450 1100 propagine
3471 1025 3723 1098 peccati.
3757 1025 3887 1081 Tale

2245 1115 2468 1188 aliquid
2492 1115 2660 1171 nobis
2682 1116 3046 1171 insinuatum
3069 1119 3159 1171 est
3180 1115 3250 1171 de
3271 1113 3606 1188 patriarcha
3630 1114 3814 1170 David
3833 1114 3885 1170 in

2245 1203 2394 1260 libro
2415 1204 2768 1277 Regnorum.
2791 1205 2876 1259 Ad
2897 1220 3070 1276 quem
3092 1203 3374 1276 propheta
3395 1220 3530 1259 cum
3553 1204 3780 1261 missus
3812 1220 3885 1260 es-

2247 1297 2354 1360 set,
2377 1293 2547 1366 eique
2578 1297 2814 1366 propter
2844 1296 3145 1366 peccatum
3177 1293 3330 1366 quod
3359 1293 3704 1362 admiserat,
3726 1309 3885 1349 even-

2245 1385 2379 1438 tura
2407 1381 2565 1438 mala
2591 1398 2660 1438 ex
2686 1381 2990 1438 iracundia
3017 1381 3117 1438 Dei
3150 1381 3628 1450 comminaretur,
3663 1383 3886 1439 confes-

2247 1470 2410 1527 sione
2442 1470 2663 1543 peccati
2691 1470 2920 1526 veniam
2953 1469 3579 1543 meruit,respondente
3609 1471 3890 1544 propheta

2247 1560 2402 1632 quod
2426 1559 2475 1614 ei
2501 1559 2788 1632 ﬂagitium
2812 1559 3156 1632 facinusque
3182 1559 3496 1615 remissum
3518 1559 3684 1628 sit,et
3699 1565 3889 1616 tamen

2247 1653 2562 1706 consecuta
2580 1652 2720 1704 sunt
2748 1665 2876 1720 quae
2908 1649 3062 1729 Deus
3085 1648 3272 1704 fuerat
3291 1648 3710 1718 comminatus,
3726 1654 3793 1706 ut
3814 1649 3889 1706 sic

2247 1737 2659 1794 humiliaretur
2689 1755 2723 1793 a
2753 1737 2890 1793 ﬁlio.
2923 1739 3110 1804 Quare
3159 1741 3215 1793 et
3263 1737 3358 1794 hic
3410 1755 3524 1794 non
3577 1738 3814 1811 dicitur,
3845 1740 3890 1796 si

2249 1829 2404 1886 Deus
2445 1833 2681 1900 propter
2725 1832 3027 1900 peccatum
3075 1826 3223 1882 illud
3257 1828 3447 1883 fuerat
3475 1829 3889 1895 comminatus,

475 1915 564 1968 ter
581 1913 738 1969 Beda
765 1913 822 1968 in
847 1913 1093 1970 homilia
1115 1915 1399 1988 vigesima
1421 1920 1634 1988 quarta
1650 1916 2100 1990 Evangeliidicit
2123 1933 2134 1970 :
2167 1954 2216 2020 Β
2250 1933 2355 1972 cur
2377 1915 2620 1972 dimisso
2643 1919 2874 1989 peccato
2889 1915 3040 1988 quod
3056 1919 3178 1972 erat
3189 1916 3585 1972 comminatus
3609 1915 3889 1990 implevit,

484 2021 506 2050 ι
536 2007 746 2060 Turba?
773 2009 975 2060 autem
995 2019 1122 2077 qua?
1147 2005 1582 2076 prwccdcbanl,
1599 2009 1656 2060 ct
1682 2021 1812 2076 qum
1829 2006 2140 2079 sequeban-

478 2096 945 2164 tur,clamabant
975 2094 1258 2150 dicentes:
1273 2096 1505 2152 Osanna
1524 2093 1654 2164 ﬁlio
1676 2097 1868 2152 David
1887 2095 2132 2162 (Matth.

476 2200 569 2238 xxx
581 2181 812 2254 ,9).Una
826 2182 1150 2254 eademque
1167 2181 1550 2239 confessionis
1564 2188 1622 2238 et
1634 2182 1989 2240 laudationis
2003 2199 2137 2239 voce

479 2270 797 2328 Dominum
817 2271 916 2343 qui
941 2271 1276 2343 praecedunt
1295 2276 1352 2328 et
1370 2271 1471 2344 qui
1494 2276 1820 2344 sequuntur
1839 2271 2095 2328 exaltant
2117 2285 2130 2324 :

480 2361 625 2435 quia
648 2379 766 2417 una
787 2359 1068 2416 nimirum
1097 2361 1242 2416 ﬁdes
1265 2365 1352 2416 est
1371 2362 1702 2434 eorum,qui
1725 2367 1856 2417 ante
1879 2361 2137 2417 incarna-

478 2453 700 2508 tionem
714 2450 1081 2506 Dominicam
1095 2455 1152 2506 et
1163 2450 1264 2522 qui
1278 2454 1480 2523 postea
1495 2450 1651 2505 fuere
1663 2448 1910 2522 probati,
1928 2467 2133 2522 quam-

478 2541 565 2604 vis
580 2545 948 2597 sacramenta
966 2539 1280 2596 habuerint
1301 2556 1404 2612 pro
1427 2542 1756 2612 temporum
1771 2538 1992 2595 ratione
2013 2539 2132 2594 dis-

481 2630 665 2704 paria,
692 2629 860 2686 Petro
885 2632 1221 2695 attestante,
1245 2629 1344 2701 qui
1369 2627 1451 2684 ait
1475 2645 1486 2682 :
1509 2628 1611 2684 Sed
1637 2645 1733 2701 per
1763 2630 2002 2698 gratiam
2025 2629 2132 2685 -Do-

482 2723 625 2777 mini
679 2721 832 2777 243
875 2720 1002 2776 Iesu
1069 2717 1340 2774 credimus
1413 2718 1621 2773 salva-ri
1685 2717 2132 2791 quemadmodum

479 2818 533 2867 et
568 2810 658 2866 illi
703 2809 842 2878 (Act.
876 2825 968 2876 xv,
1007 2809 1115 2876 11).
1154 2830 1182 2856 ››
1230 2807 1300 2862 Et
1345 2811 1585 2862 sanctus
1635 2806 2024 2878 Hieronymus
2068 2805 2128 2862 in

477 2901 820 2958 Commento
853 2895 1122 2970 Epistolze
1145 2895 1308 2951 Pauli
1332 2896 1403 2952 ad
1427 2895 1699 2952 Galatas:
1741 2919 1770 2945 «
1796 2895 1988 2951 Hamas
2022 2895 2130 2951 iste

477 2987 880 3064 parvulus,qui
913 2985 1054 3042 nibil
1086 2985 1279 3041 differt
1307 3002 1341 3040 a
1367 3001 1531 3040 servo
1564 3001 1698 3040 cum
1735 2983 1813 3040 sit
1845 2984 2129 3040 Dominus

476 3079 762 3147 omnium,
807 3077 907 3133 sed
942 3076 1053 3132 sub
1080 3075 1377 3130 tutoribus
1408 3079 1465 3129 et
1497 3072 1794 3129 actoribus
1823 3076 1911 3128 est
1941 3087 2129 3143 usque

477 3169 548 3226 ad
583 3165 936 3241 praeﬁnitum
984 3169 1218 3236 tempus
1268 3181 1302 3219 a
1345 3169 1528 3235 patre,
1563 3166 1752 3217 totum
1800 3161 2127 3216 humanum

477 3274 665 3332 genus
696 3271 884 3328 usque
921 3255 992 3310 ad
1043 3253 1357 3309 adventum
1397 3251 1634 3317 Christi,
1668 3254 1743 3319 et,
1777 3255 1841 3306 ut
1873 3248 2126 3322 amplius

2247 2005 2360 2061 nisi
2385 2005 2525 2077 quia
2545 2005 2868 2061 rectissime
2899 2005 2983 2060 sic
3009 2003 3230 2060 dictum
3261 2004 3482 2060 fuerit?
3503 2005 3891 2078 Respondebi-

2245 2099 2343 2149 tur
2372 2093 2776 2150 remissionem
2810 2093 2973 2148 illam
3024 2093 3242 2166 peccati
3285 2094 3520 2161 factam,
3551 2111 3625 2151 ne
3655 2093 3834 2151 homo
3864 2111 3895 2151 a

2248 2182 2617 2256 percipienda
2645 2182 2763 2238 vita
2803 2181 3188 2255 impediretur
3233 2186 3468 2238 aeterna.
3497 2183 3890 2239 Subsecutum

2243 2289 2377 2328 vero
2408 2271 2568 2327 illius
2598 2269 3068 2327 comminationis
3095 2270 3462 2340 eﬂ‘ectum,ut
3492 2271 3680 2344 pietas
3713 2271 3893 2328 homi-

2245 2359 2336 2416 nis
2356 2359 2414 2415 in
2436 2359 2538 2416 illa
2567 2359 2901 2415 humilitate
2930 2364 3292 2417 exerceretur
3320 2364 3495 2433 atque
3526 2361 3890 2434 probaretur.

2244 2448 2338 2506 Sic
2368 2453 2424 2506 et
2453 2453 2699 2505 mortem
2741 2448 3021 2522 corporis,
3053 2453 3112 2505 et
3139 2454 3373 2523 propter
3400 2455 3708 2522 peccatum
3741 2451 3891 2508 Deus

2242 2536 2466 2593 homini
2507 2537 2740 2604 inﬂixit,
2773 2543 2830 2593 et
2879 2543 3008 2610 post
3055 2541 3429 2610 peccatorum
3481 2539 3891 2596 remissionem

2241 2630 2475 2698 propter
2503 2627 2881 2682 exercendam
2904 2625 3202 2698 justitiam
3233 2643 3348 2684 non
3380 2626 3618 2684 ademit.
3658 2650 3687 2678 ››
3777 2623 3782 2628 ’

2312 2715 2466 2772 244
2507 2715 2576 2770 Et
2621 2715 2760 2771 hinc
2811 2720 3052 2772 sanctus
3099 2715 3416 2788 Gregorius
3447 2715 3506 2772 in
3538 2716 3793 2790 epistola
3820 2721 3892 2776 ad

2239 2802 2548 2877 Eulogium
2578 2803 3058 2870 Alexandrinum,
3091 2807 3147 2860 et
3175 2805 3246 2860 ad
3278 2804 3655 2862 Anastasium
3697 2808 3894 2866 Antio-

2237 2893 2490 2948 chenum
2513 2893 2816 2965 episcopos
2840 2893 2957 2965 (lib.
2981 2910 3058 2964 v1,
3086 2893 3242 2966 epist.
3266 2894 3357 2962 31)
3383 2910 3397 2950 :
3432 2916 3459 2943 «
3483 2895 3640 2961 Adae,
3674 2896 3889 2970 inquit,

2237 2980 2495 3037 animam
2528 2987 2820 3038 mortuam
2853 2982 2912 3038 in
2945 2986 3180 3056 peccato
3225 2981 3498 3051 dicimus,
3533 2999 3650 3040 non
3680 3002 3716 3041 a
3747 2987 3894 3043 sub-

2237 3070 2452 3126 stantia
2479 3071 2729 3137 vivendi,
2763 3073 2862 3127 scd
2895 3089 2929 3126 a
2959 3071 3237 3144 qualitate
3265 3072 3513 3128 vivendi.
3547 3073 3697 3140 Quia
3731 3077 3892 3132 enim

2235 3158 2394 3215 aliud
2425 3164 2515 3216 est
2543 3160 2875 3216 substantia
2921 3164 3095 3234 atque
3141 3159 3297 3216 aliud
3341 3161 3618 3234 qualitas,
3653 3180 3771 3218 non
3803 3167 3894 3220 est

2241 3247 2439 3304 anima
2468 3249 2550 3305 ita
2580 3253 2810 3306 mortua
2859 3253 2924 3305 ut
2970 3267 3086 3306 non
3117 3254 3290 3318 esset,
3315 3251 3415 3306 sed
3447 3251 3530 3306 ita
3560 3257 3798 3308 mortua
3827 3258 3892 3310 ut

479 3323 890 3416 dicam,usque
906 3343 977 3398 ad
1001 3343 1202 3397 mundi
1227 3340 1793 3397 consummationem
1817 3339 2130 3412 signiﬁcat.
2166 3323 2210 3391 C
2247 3338 2419 3395 beata
2437 3356 2552 3395 non
2574 3342 2762 3396 esset:
2787 3339 2888 3411 qui
2936 3343 3131 3396 tamen
3161 3339 3345 3395 Adam
3379 3341 3758 3412 postmodum
3791 3360 3893 3414 per

481 3434 780 3504 Quomodo
803 3433 958 3489 enim
983 3448 1187 3488 omnes
1205 3430 1262 3485 in
1287 3428 1645 3502 prot0plasto
1669 3428 1852 3484 Adam
1875 3429 2124 3485 necdum

411 3513 417 3518 ’
482 3525 600 3582 nati
626 3522 977 3592 moriuntur,
1004 3520 1086 3576 ita
1106 3535 1310 3576 omnes
1341 3517 1516 3573 etiam
1538 3515 1638 3588 qui
1660 3521 1793 3573 ante
1812 3517 2124 3572 adventum

481 3613 697 3670 Christi
747 3611 866 3666 nati
921 3613 1077 3676 sunt,
1112 3608 1172 3663 in
1203 3607 1460 3662 secundo
1505 3605 1690 3660 Adam
1738 3605 2122 3661 viviﬁcantur.

479 3706 668 3775 Atque
700 3702 780 3757 ita
812 3702 898 3769 ﬁt,
924 3705 989 3755 ut
1019 3715 1126 3753 nos
1175 3697 1288 3770 legi
1338 3694 1712 3751 servierimus
1742 3694 1798 3748 in
1837 3694 2122 3767 patribus,

479 3791 642 3850 etilli
679 3789 869 3865 gratia
905 3788 1204 3845 salventur
1240 3785 1297 3839 in
1339 3783 1495 3838 ﬁliis.
1522 3783 1636 3839 Iste
1665 3783 1996 3839 intellectus
2026 3785 2124 3840 Ec-

479 3881 669 3938 clesiaa
719 3877 1017 3936 catholica
1069 3873 1355 3940 convenit,
1389 3891 1516 3946 quae
1554 3877 1610 3928 et
1639 3872 1865 3928 Veteris
1895 3877 1953 3928 et
1982 3873 2123 3929 Novi

477 3968 832 4027 Testamenti
854 3982 1032 4022 unam
1066 3963 1274 4020 asserit
1304 3963 1750 4035 providentiam,
1776 3979 1880 4018 nec
1913 3963 2122 4018 distin-

478 4059 607 4134 guit
635 4057 696 4112 in
727 4062 988 4127 tempore
1018 4070 1166 4124 quos
1196 4051 1449 4106 conditio
1477 4051 1734 4108 sociavit.
1775 4075 1802 4100 υ

551 4147 644 4203 Sic
691 4149 748 4201 et
794 4147 1035 4200 sanctus
1082 4139 1447 4213 Augustinus
1493 4141 1564 4195 ad
1617 4140 2019 4197 Marcellinum
2063 4142 2121 4198 in

478 4237 628 4293 libro
651 4233 906 4290 secundo
930 4231 998 4285 de
1024 4228 1321 4300 Baptismo
1342 4228 1606 4300 (cap.3li),
1624 4229 1693 4284 de
1724 4230 2124 4303 redemptione

479 4325 805 4398 primorum
845 4319 1176 4383 hominum,
1210 4334 1336 4389 quis
1362 4323 1450 4372 est
1479 4317 1537 4372 in
1570 4317 1854 4390 sanguine
1883 4319 2119 4388 Christi,

479 4415 561 4469 ita
583 4411 759 4468 dicit:
793 4435 820 4460 ‹ι
848 4408 1180 4465 Mirandum
1222 4423 1336 4461 non
1377 4411 1484 4472 est,
1509 4411 1564 4462 et
1594 4411 1838 4463 mortem
1866 4408 2123 4480 corporis

479 4520 598 4559 non
622 4501 801 4556 fuisse
828 4502 1133 4554 venturam
1164 4495 1408 4563 homini,
1436 4495 1546 4552 nisi
1580 4495 1969 4567 praecessisset
1999 4515 2126 4570 pec-

479 4595 699 4657 catum,
729 4588 899 4659 cujus
941 4585 1116 4641 etiam
1166 4583 1303 4640 talis
1351 4601 1521 4655 poena
1562 4590 2032 4656 consequeretur,
2067 4591 2126 4643 et

2237 3427 2638 3498 penitentiam
2671 3429 2741 3483 ad
2774 3429 2952 3484 vitam
2979 3428 3172 3484 rediit.
3205 3451 3234 3479 »
3265 3429 3336 3485 Et
3367 3433 3610 3486 sanctus
3641 3431 3890 3488 Ambro-

2235 3514 2359 3572 sius
2407 3515 2466 3572 in
2517 3515 2664 3573 libro
2713 3518 2784 3572 de
2835 3516 3109 3574 Paradiso
3140 3517 3280 3591 (cap.
3314 3517 3450 3590 10):
3504 3541 3534 3568 «
3567 3518 3786 3575 Verum
3839 3520 3890 3577 si

2233 3604 2588 3674 consideres,
2614 3606 2752 3678 quia
2772 3607 2886 3661 Deo
2909 3606 3308 3663 universitatis
3330 3611 3418 3663 est
3437 3624 3598 3674 cura,
3623 3607 3890 3666 invenies

2231 3694 2365 3766 plus
2396 3693 2622 3765 placere
2645 3695 2891 3751 Domino
2915 3696 3186 3752 debuisse
3218 3695 3276 3752 id
3300 3695 3359 3750 in
3384 3712 3500 3768 quo
3521 3702 3678 3753 esset
3709 3714 3891 3755 causa

2232 3783 2652 3849 universitatis,
2673 3801 2849 3856 quam
2878 3785 3390 3841 condemnandum
3424 3785 3604 3842 fuisse
3635 3784 3806 3854 illud,
3825 3787 3888 3843 in

2232 3889 2346 3945 quo
2378 3877 2528 3928 esset
2569 3889 2748 3928 causa
2796 3874 3038 3945 peccati.
3082 3875 3152 3929 Et
3181 3873 3310 3930 ideo
3341 3874 3479 3946 quia
3506 3890 3576 3931 ex
3602 3875 3728 3932 viro
3761 3876 3888 3933 solo

2232 3979 2346 4017 non
2378 3967 2605 4034 poterat
2652 3962 2894 4018 humani
2935 3979 3063 4018 esse
3093 3963 3323 4036 generis
3353 3965 3718 4037 propagatio,
3751 3981 3888 4038 pro-

2233 4051 2522 4106 nuntiavit
2538 4051 2822 4108 Dominus
2836 4069 2949 4107 non
2965 4069 3092 4108 esse
3109 4053 3328 4108 bonum
3343 4052 3534 4109 solum
3556 4052 3887 4112 hominem.

2232 4139 2436 4195 Maluit
2465 4139 2622 4194 enim
2651 4140 2802 4196 Deus
2835 4140 3031 4212 plures
3075 4157 3224 4208 esse,
3257 4158 3404 4214 quos
3453 4141 3646 4200 salvos
3692 4145 3890 4202 facere

2231 4231 2448 4300 posset,
2480 4233 2538 4283 et
2566 4227 2780 4300 quibus
2823 4231 3066 4285 donaret
3113 4235 3438 4301 peccatum,
3473 4247 3652 4302 quam
3692 4249 3885 4289 unum

2231 4315 2422 4372 solam
2455 4316 2638 4371 Adam
2689 4317 2789 4388 qui
2831 4317 2980 4372 liber
3023 4323 3174 4374 esset
3223 4317 3414 4391 culpa.
3449 4317 3711 4391 Denique
3743 4321 3891 4394 quia

2232 4404 2385 4460 idem
2436 4405 2744 4478 utriusque
2791 4411 2995 4461 auctor
3041 4410 3130 4462 est
3179 4407 3390 4480 cperis,
3425 4407 3582 4462 venit
3629 4407 3690 4464 in
3724 4409 3888 4467 hunc

2231 4493 2520 4548 mundum
2543 4499 2609 4549 ut
2631 4493 2818 4550 salvos
2840 4495 3052 4550 faceret
3072 4500 3426 4568 peccatores.
3453 4495 3756 4554 Postremo
3778 4516 3888 4556 nec

2232 4581 2370 4638 Cain
2403 4582 2697 4655 parricidii
2745 4601 2929 4651 reum,
2964 4583 3306 4656 priusquam
3358 4591 3660 4658 generaret
3703 4587 3885 4658 ﬁlios,

479 4682 611 4752 post
633 4671 2120 4746 remissionempeccatorum,eamﬁdelibusevenirc,
2154 4689 2200 4754 D
2233 4687 2444 4744 passus
2503 4675 2592 4726 est
2645 4671 2900 4726 interire.
2951 4673 3100 4744 Ergo
3149 4677 3386 4745 propter
3440 4675 3884 4746 generationem

479 4771 543 4822 ut
575 4766 629 4819 in
678 4764 806 4836 ejus
853 4762 1060 4817 timore
1113 4760 1392 4816 vincendo
1450 4765 1784 4816 exerceatur
1841 4762 2118 4819 fortitudo

467 4853 734 4928 justitia.
770 4852 915 4907 Caro
963 4850 1120 4906 enim
1153 4866 1278 4921 qua:
1309 4847 1497 4920 primo
1530 4849 1680 4904 facta
1709 4854 1816 4919 est,
1850 4868 1964 4906 non
1996 4856 2120 4907 erat

475 4961 608 5000 caro
650 4939 892 5016 peccati,
925 4939 984 4994 in
1033 4956 1150 5011 qua
1197 4937 1384 4993 noluit
1441 4938 1615 4993 homo
1673 4937 1826 4993 inter
1881 4939 2117 4997 delicias

475 5031 732 5106 paradisi
779 5045 1008 5086 servare
1047 5026 1368 5099 justitiam.
1405 5027 1567 5082 Unde
1606 5027 1816 5083 statuit
1845 5029 2017 5096 Deus,
2053 5035 2119 5085 ut

476 5126 608 5193 post
656 5121 784 5192 ejus
841 5121 1145 5191 peccatum
1203 5120 1525 5188 propagata
1578 5132 1710 5170 caro
1770 5118 2010 5187 peccati,
2044 5119 2113 5174 ad

476 5206 1178 5281 recipiendamjustitiam
1204 5204 1500 5260 laboribus
1521 5209 1575 5258 et
1607 5204 1890 5260 molestiis
1913 5205 2119 5262 nitere-

475 5299 590 5350 tur.
628 5295 866 5366 Propter
889 5294 997 5348 hoc
1017 5293 1190 5348 etiam
1216 5293 1286 5346 de.
1309 5291 1580 5364 paradiso
1601 5290 1882 5348 dimissus
1910 5294 2112 5363 Adam,

475 5387 678 5438 contra
710 5385 864 5439 Eden
901 5381 1202 5448 habitavit,
1227 5383 1283 5436 id
1311 5387 1398 5437 est
1428 5385 1629 5436 contra
1657 5381 1852 5436 sedem
1883 5383 2115 5438 delicia-

476 5488 607 5526 rum
644 5489 656 5524 :
692 5475 756 5525 ut
787 5472 1142 5544 signiﬁcaret
1193 5471 1345 5542 quod
1402 5470 1456 5523 in
1493 5468 1810 5537 laboribus,
1846 5471 1943 5543 qui
1978 5476 2117 5528 sunt

473 5558 698 5614 deliciis
715 5559 1007 5626 contrarii,
1033 5560 1352 5615 erudienda
1381 5563 1534 5612 esset
1563 5575 1694 5612 caro
1727 5560 1966 5631 peccati,
1987 5578 2114 5632 quae

474 5647 534 5702 in
558 5647 783 5703 deliciis
804 5648 1189 5703 obedientiam
1214 5665 1326 5702 non
1351 5646 1594 5702 servavit
1615 5652 1928 5718 antequam
1960 5655 2115 5705 esset

474 5752 608 5791 caro
640 5736 880 5808 peccati.
915 5737 1079 5793 Sicut
1127 5754 1262 5807 ergo
1294 5733 1377 5790 illi
1411 5734 1582 5805 primi
1617 5734 1884 5794 homines
1915 5743 2114 5809 postea

2229 4759 2618 4815 successionis
2647 4758 2917 4815 humana:
2949 4761 3152 4817 debuit
3183 4760 3394 4817 mulier
3421 4762 3594 4834 adjici
3625 4763 3888 4822 viro.D&

2228 4847 2406 4920 nique
2456 4848 2566 4903 hoc
2611 4847 2740 4920 ipsa
2783 4849 2958 4905 verba
2989 4849 3290 4906 declarant
3320 4851 3569 4907 dicentis
3600 4851 3726 4922 Dei,
3763 4872 3882 4910 non

2227 4935 2446 4992 bonum
2471 4936 2659 4992 solum
2685 4937 2978 4994 hominem
3007 4939 3309 4994 esse.Nam
3331 4943 3388 4995 et
3409 4939 3456 4996 si
3481 4939 3696 4996 mulier
3720 4943 3886 5014 prior

2227 5031 2496 5097 peccator
2524 5033 2666 5094 erat,
2701 5032 2893 5082 tamen
2945 5027 3404 5100 redemptionem
3451 5028 3563 5084 sibi
3613 5031 3886 5102 paritura

2227 5131 2342 5168 non
2383 5114 2586 5170 debuit
2630 5115 2703 5170 ab
2753 5133 2864 5170 usu
2921 5115 3127 5171 divina:
3197 5115 3552 5188 operationis
3619 5119 3880 5175 excludi.

2226 5203 2500 5267 Quamvis
2524 5203 2679 5259 enim
2711 5205 2894 5259 Adam
2927 5221 3042 5259 non
3072 5209 3162 5261 est
3191 5205 3492 5272 seductus,
3526 5205 3748 5263 mulier
3775 5227 3882 5265 au-

2225 5294 2340 5345 tem
2357 5293 2597 5348 seducta
2613 5298 2669 5348 et
2687 5292 2743 5348 in
2760 5293 3232 5365 praevaricatione
3253 5293 3446 5364 fuerit,
3470 5293 3632 5350 salva
3653 5300 3880 5365 tamen,

2224 5377 2434 5452 inquit,
2467 5381 2575 5437 erit
2607 5400 2708 5453 per
2754 5382 3007 5437 ﬁliorum
3058 5382 3514 5454 generationem,
3543 5383 3700 5441 inter
3728 5404 3884 5459 quos

2224 5471 2520 5541 generavit
2551 5475 2606 5524 et
2635 5470 2954 5525 Christum.
2991 5495 3017 5520 »
3051 5473 3120 5526 Et
3147 5477 3386 5527 sanctus
3411 5473 3788 5544 Augustinus
3817 5476 3881 5531 in

2224 5560 2459 5630 praifato
2506 5559 2653 5614 libro
2702 5560 2772 5614 ad
2824 5559 3224 5615 Marcellinum
3277 5562 3440 5632 (libro
3481 5578 3540 5628 ιι,
3574 5577 3698 5635 cap.
3732 5567 3828 5633 ὦ)
3864 5584 3877 5621 :

2224 5648 2440 5704 «Talis
2506 5646 2778 5719 populus,
2831 5653 2895 5703 ut
2943 5649 3200 5720 prmdixi,
3250 5650 3517 5706 eruditus
3579 5650 3640 5706 in
3695 5671 3880 5727 regno

2223 5736 2499 5792 cwlorum
2524 5754 2624 5808 per
2639 5736 2753 5792 duo
2773 5738 3167 5803 Testamenta,
3189 5737 3368 5794 Vetus
3391 5744 3447 5795 et
3477 5738 3731 5810 Novum,
3762 5759 3879 5800 non
