4020 6452
195 419 300 484 309

878 422 980 484 DE
1024 423 1783 488 PRIEDESTINATIONE
1824 421 2336 490 DISSERTATIO
2377 427 2837 495 POSTERIOR.

3445 431 3562 497 310

195 551 467 612 declinans
489 552 547 609 in
569 553 865 612 dexteram
887 558 1142 630 superba
1162 559 1616 632 praesumptione
1637 558 1810 632 justi-
1837 558 1894 626 Α
1921 560 2204 618 rationem.
2227 560 2498 620 Similiter
2524 565 2746 621 calicem
2771 573 3051 639 postquam
3077 567 3305 624 ccenavit
3327 566 3514 626 dicens
3543 584 3564 624 :

193 643 291 712 tite,
312 659 488 716 neque
513 643 571 698 in
591 643 894 701 sinistram
922 663 1131 704 secura
1153 647 1464 705 dilectione
1485 647 1726 721 peccati,
1752 646 1812 703 in

193 737 386 790 terram
415 732 885 805 repromissionis
907 735 1126 792 intrat:
1155 737 1250 792 ubi
1267 738 1394 810 jam
1415 741 1652 810 peccata
1673 735 1814 791 ulte-

190 821 293 878 rius
320 838 420 878 nec
453 821 624 878 nobis
655 823 930 880 donanda
965 830 1255 898 Optemus,
1279 843 1385 882 nec
1416 825 1475 881 in
1507 825 1676 882 nobis
1705 842 1810 898 pu-

189 911 376 968 nienda
409 909 751 978 timeamus,
783 912 854 968 ab
885 912 986 970 illo
1019 914 1404 988 Redemptore
1432 912 1682 982 liberati,
1711 916 1813 986 qui

187 1018 284 1058 non
310 999 684 1057 venundatus
705 1001 817 1057 sub
845 1006 1086 1074 peccata
1115 1003 1361 1060 redemit
1391 1002 1566 1059 Israel
1597 1003 1668 1058 ab
1695 1017 1815 1058 om.

191 1089 343 1146 nibus
384 1087 796 1160 iniquitatibus
825 1091 976 1162 ejus,
1009 1091 1128 1147 sive
1177 1091 1412 1164 propria
1459 1091 1810 1164 cujusquam

187 1178 286 1234 vita
335 1177 688 1248 commissis,
744 1177 865 1234 sive
921 1179 1286 1253 originalitcr
1333 1180 1556 1236 tractis.
1589 1202 1617 1229 n
1649 1179 1813 1236 Unde

190 1268 412 1334 constat,
434 1265 590 1322 sicut
620 1271 865 1324 sanctus
899 1268 1245 1326 Ambrosius
1287 1273 1545 1325 tractans
1575 1271 1810 1326 senten-

180 1355 305 1413 tiam
337 1353 596 1428 Apostoli
632 1373 646 1412 :
680 1357 746 1412 Et
787 1357 994 1430 peribit
1039 1360 1136 1430 qui
1180 1359 1436 1431 inﬁrmus
1476 1365 1556 1414 est
1603 1361 1664 1414 in
1715 1365 1813 1414 tua

181 1446 381 1502 scientia
405 1445 598 1516 frater,
629 1462 730 1518 pro
777 1463 881 1520 quo
925 1446 1172 1504 Christus
1219 1455 1466 1504 mortuus
1495 1455 1575 1504 est
1601 1447 1653 1520 (1
1677 1447 1800 1504 Cor.

179 1551 279 1602 vm,
300 1535 384 1604 11)
401 1533 658 1608 exponit,
681 1536 740 1592 id
762 1539 874 1606 est,
901 1558 929 1586 (ι
961 1540 1064 1593 tua
1093 1536 1301 1610 peritia
1346 1535 1516 1592 illum
1565 1535 1798 1604 occidit,

180 1627 228 1680 et
246 1627 303 1678 tu
327 1621 438 1679 eris
479 1623 712 1680 occasio
756 1625 964 1681 mortis
1004 1625 1222 1697 fratris,
1246 1641 1418 1698 quem
1449 1625 1716 1681 Christus
1746 1628 1812 1680 ut

179 1711 456 1769 redimeret
483 1711 756 1788 cruciﬁgi
803 1730 866 1770 se
909 1714 1242 1787 permisit.»
1267 1714 1460 1770 Potest
1489 1713 1678 1786 perire
1708 1723 1806 1786 qui

172 1801 276 1874 jam
294 1801 508 1858 donum
533 1801 960 1874 redemptionis
981 1800 1538 1874 suscepit,videlicet
1557 1801 1696 1874 quia
1716 1802 1812 1856 do-

175 1907 236 1948 no
251 1890 458 1947 abusus
476 1889 656 1964 periit
675 1907 688 1946 :
709 1908 815 1946 cur
835 1908 951 1947 non
967 1891 1200 1946 dicatur
1219 1889 1397 1947 etiam
1410 1890 1676 1946 Christus
1697 1907 1800 1962 pro
1831 1933 1834 1936 ι

173 1979 242 2037 eis
257 1995 457 2053 passus
476 1977 586 2052 qui
607 1978 815 2034 redimi
842 1978 1176 2046 noluerunt,
1193 1979 1292 2051 qui
1316 1978 1364 2035 si
1388 1979 1796 2047 credidissent,

175 2067 350 2142 utique
377 2067 827 2138 redimerentur,
852 2067 1004 2124 sicut
1030 2071 1089 2124 et
1121 2067 1201 2122 illi
1223 2066 1508 2140 redempti
1539 2071 1677 2122 sunt
1697 2067 1798 2140 qui

175 2157 561 2215 crediderunt?
599 2158 765 2225 Quod
795 2162 851 2214 et
880 2158 1126 2230 Prosper
1156 2161 1359 2222 contra
1385 2156 1799 2213 Vincentianos

174 2246 465 2320 objections
507 2247 709 2320 prima
747 2247 1114 2303 demonstrat
1151 2245 1352 2302 dicens
1388 2263 1401 2300 :
1435 2245 1646 2302 Contra
1673 2245 1798 2302 vul-

173 2353 268 2393 nus
294 2335 599 2410 originalis
623 2336 866 2409 peccati,
891 2336 1089 2408 quoin
1109 2337 1294 2392 Adam
1324 2335 1587 2391 omnium
1619 2335 1802 2392 homi-
1845 2411 1848 2414 _

175 2440 293 2480 num
312 2429 589 2498 corrupta
609 2429 667 2480 et
687 2423 1039 2480 mortificata
1057 2428 1271 2480 natura
1289 2429 1399 2490 est,
1415 2428 1472 2479 et
1494 2425 1649 2480 unde
1672 2441 1797 2480 con.

177 2512 652 2585 cupiscentiarum
701 2514 944 2569 morbus
990 2512 1248 2582 inolevit,
1278 2529 1480 2568 verum
1513 2516 1570 2568 et
1596 2515 1802 2584 potens

177 2617 230 2658 ac
254 2602 544 2676 singulare
591 2601 916 2658 remedium
950 2605 1040 2658 est
1069 2618 1228 2657 mors
1260 2601 1384 2656 Filii
1419 2601 1519 2658 Dei
1569 2599 1802 2656 Domini

175 2689 294 2747 Jesu
321 2691 564 2760 Christi,
601 2689 702 2763 qui
760 2689 908 2746 liber
957 2707 990 2745 a
1038 2689 1244 2745 mortis
1295 2691 1444 2746 245
1498 2689 1712 2757 debito,
1749 2691 1806 2743 et

175 2777 312 2837 solus
339 2779 569 2853 absque
600 2782 860 2852 peccato,
884 2796 987 2851 pro
1017 2777 1418 2850 peccatoribus
1441 2783 1500 2834 et
1529 2777 1802 2834 debitori-

174 2867 266 2925 bus
279 2867 481 2926 mortis
496 2871 596 2925 est
610 2869 1070 2934 mortuus.Quod
1090 2883 1225 2940 ergo
1244 2869 1315 2922 ad
1338 2866 1804 2940 magnitudinem

172 2960 220 3013 et
241 2959 556 3031 potentiam
593 2956 784 3030 pretii,
809 2959 867 3012 et
895 2957 1052 3029 quod
1083 2957 1154 3012 ad
1188 2973 1366 3012 unam
1397 2957 1649 3028 pertinet
1668 2971 1804 3010 cau-

171 3062 278 3102 sum
305 3047 536 3122 generis
570 3046 839 3114 humani,
868 3045 1112 3118 sanguis
1135 3044 1347 3101 Christi
1379 3045 1696 3117 redemptio
1717 3047 1808 3099 est

171 3135 326 3192 totius
355 3135 594 3192 mundi.
619 3135 732 3192 Sed
762 3135 865 3208 qui
898 3135 1007 3190 hoc
1039 3133 1319 3190 saeculum
1349 3133 1474 3189 sine
1507 3133 1619 3188 fide
1643 3131 1806 3188 Chri-

168 3219 250 3290 sti,
270 3226 324 3278 et
343 3223 467 3280 sine
489 3221 954 3296 regenerationis
976 3225 1342 3278 sacramento
1370 3224 1804 3292 pertranseunt,

169 3325 198 3365 a
220 3311 616 3385 redemptione
645 3310 817 3366 alieni
846 3315 1005 3366 sunt.

226 3399 287 3456 Et
299 3402 434 3474 quia
449 3417 576 3456 una
594 3400 916 3472 eademque
935 3400 1048 3454 fide
1069 3399 1301 3456 salvatae
1320 3404 1460 3455 sunt
1476 3399 1659 3454 turbae
1677 3416 1804 3472 quasI

169 3494 576 3558 praecesserunt
596 3493 654 3544 et
669 3505 796 3561 quae
819 3489 1523 3560 subsequuntur,constat
1537 3487 1671 3543 licet
1687 3487 1807 3544 sint

168 3578 958 3650 sacramentadisparia,quia
971 3577 1146 3634 simili
1169 3577 1508 3632 inﬁdelitate
1523 3581 1580 3632 et
1596 3577 1805 3649 iniqui-

167 3669 542 3741 tatepereunti
553 3685 658 3724 um
673 3668 859 3723 turbae
875 3684 1001 3740 qua:
1020 3670 1441 3738 praecesserunt
1457 3671 1514 3721 et
1529 3682 1654 3738 quae
1673 3666 1807 3721 sub-

168 3761 476 3830 sequuntur
506 3757 832 3813 intereunt.
867 3757 980 3812 Sed
1012 3759 1069 3810 et
1096 3754 1410 3827 Apostolus
1442 3755 1807 3810 demonstrat

167 3845 286 3917 quia
311 3863 426 3903 uno
457 3846 790 3918 eodemque
819 3845 972 3900 bono
1015 3845 1190 3900 odore
1223 3843 1320 3900 alii
1352 3843 1671 3909 salvantur,
1705 3843 1802 3898 alii

166 3939 405 4006 pereunt,
428 3935 642 3992 dicens
667 3951 681 3990 :
705 3933 921 3989 Christi
952 3935 1142 3989 bonus
1167 3933 1308 3989 odor
1333 3949 1539 3988 sumus
1560 3933 1710 4001 Deo;
1747 3933 1804 3988 in

164 4021 242 4078 his
266 4025 360 4097 qui
388 4025 723 4090 salvantur,
749 4027 806 4079 et
835 4023 893 4079 in
924 4023 1018 4080 his
1041 4022 1140 4095 qui
1173 4027 1438 4095 pereunt.
1462 4022 1534 4076 Et
1561 4021 1804 4077 Ambro-

165 4111 290 4180 sius,
311 4130 616 4186 exponens
648 4129 980 4168 sermonem
1020 4111 1279 4184 Apostoli
1311 4111 1382 4166 de
1414 4127 1578 4166 coma
1609 4111 1805 4166 Domi-

164 4201 294 4270 nica,
321 4202 380 4259 in
412 4203 612 4276 Epist.
639 4203 710 4258 ad
734 4200 1064 4258 Corinthios
1094 4201 1304 4274 prima,
1332 4199 1414 4255 ita
1443 4199 1586 4254 dicit
1613 4199 1682 4255 de
1713 4199 1807 4255 his

165 4291 250 4362 qui
277 4309 344 4347 ex
367 4309 438 4349 ea
468 4292 730 4349 salutem
763 4290 1117 4363 accipiunt.«
1143 4289 1433 4345 Medicina
1458 4289 1614 4344 enim
1644 4289 1809 4362 spiri-

164 4378 280 4437 talis
298 4385 407 4449 est,
423 4398 563 4454 quae
583 4397 720 4436 cum
742 4378 1064 4457 reverentia
1079 4379 1391 4452 degustata
1410 4377 1680 4450 puriﬁeat
1697 4380 1809 4438 sibi

165 4468 435 4526 devotum.
463 4468 758 4526 Memoria
800 4468 957 4524 enim
1005 4467 1423 4538 redemptionis
1455 4471 1668 4523 nostrae
1697 4473 1806 4524 est.

164 4562 222 4615 ut
238 4558 652 4634 Redemptoris
669 4574 960 4614 memores
977 4558 1201 4629 majora
1219 4556 1292 4610 ab
1309 4573 1375 4612 eo
1399 4555 1674 4628 consequi
1697 4574 1812 4630 me-

1919 649 2020 704 Hic
2045 657 2124 705 est
2150 652 2298 706 calia:
2317 668 2518 708 novum
2545 660 2918 710 testamentum
2945 657 3006 710 in
3023 659 3444 728 sanguine-meo,
3469 659 3565 732 qui

1919 753 2018 808 pro
2043 739 2190 794 vobis
2207 739 2468 808 fundatur
2489 741 2638 814 (Luc.
2661 760 2798 809 xxn,
2819 743 2926 809 19).
2946 744 3016 798 Et
3033 743 3112 798 ibi
3137 749 3260 800 erat
3277 745 3308 800 J
3316 745 3460 802 udas
3480 745 3564 801 in-

1919 829 2008 880 ter
2035 827 2347 898 apostolos,
2372 827 2506 884 licet
2525 829 2766 902 quidam
2799 831 2869 886 de
2899 832 3208 904 praecipuis
3229 833 3563 889 doctoribus

1920 915 2220 971 catholicis
2253 915 2424 972 aliter
2455 918 2628 974 dicat.
2671 919 2782 974 Sed
2831 920 3082 975 Joannes
3114 919 3566 993 Chrysostomus

1918 1001 1980 1057 in
2009 1003 2252 1060 homilia
2282 1005 2352 1060 de
2382 1006 2706 1077 proditione
2733 1007 2917 1074 Judae,
2941 1011 2998 1062 et
3027 1013 3268 1064 sanctus
3297 1010 3568 1082 Augusti-

1920 1108 2032 1146 nus
2062 1092 2122 1146 in
2146 1093 2503 1164 expositione
2533 1093 2742 1166 psalmi
2775 1095 3006 1162 decimi,
3031 1100 3088 1152 et
3107 1097 3219 1152 Leo
3241 1097 3300 1152 in
3325 1097 3568 1153 homilia

1924 1181 2094 1237 tertia
2121 1182 2192 1236 de
2224 1181 2494 1238 Passione
2528 1182 2782 1250 Domini,
2807 1185 3077 1240 eumdem
3109 1185 3464 1258 proditorem
3484 1185 3564 1240 ibi

1923 1269 2100 1326 fuisse
2122 1270 2544 1326 demonstrant.
2568 1273 2638 1327 Et
2658 1276 2788 1344 post
2809 1273 3112 1345 praemissa
3132 1273 3427 1348 Evangelii
3447 1291 3566 1331 ver-

1920 1359 1993 1414 ba
2015 1375 2149 1414 mox
2169 1358 2386 1414 ibidem
2409 1360 2820 1432 subsequitur:
2840 1361 3214 1419 Verumtamen
3232 1379 3350 1419 ecce
3366 1379 3566 1419 manus

1919 1447 2179 1503 tradentis
2225 1464 2311 1502 me
2343 1465 2552 1504 mecum
2603 1457 2682 1504 est
2712 1450 2773 1504 in
2809 1466 2997 1506 mensa
3026 1451 3198 1523 (Joan.
3223 1468 3326 1507 xm
3347 1451 3456 1524 11).
3479 1451 3560 1507 De

1919 1553 2033 1608 quo
2065 1536 2346 1608 scriptum
2380 1541 2468 1592 est
2491 1554 2504 1592 :
2528 1539 2594 1593 Et
2612 1554 2766 1594 nemo
2787 1541 2974 1610 periit,
2998 1541 3113 1594 nisi
3130 1541 3282 1611 ﬁlius
3307 1539 3566 1612 perditio-

1915 1627 2006 1680 nis
2027 1643 2046 1679 :
2084 1641 2257 1697 quem
2289 1629 2346 1680 et
2373 1626 2712 1697 prmsciebat
2741 1643 2803 1681 se
2835 1626 3207 1694 traditurum,
3231 1627 3386 1684 sicut
3415 1629 3564 1684 scri-

1919 1717 2085 1786 ptum
2109 1717 2228 1769 est:
2254 1714 2370 1786 Ipse
2395 1717 2542 1770 enim
2559 1715 2762 1771 sciebat
2779 1717 2903 1787 quis
2920 1724 3056 1772 esset
3077 1733 3200 1772 eum
3221 1717 3524 1773 traditurus
3545 1735 3568 1772 :

1910 1809 2196 1873 propterea
2223 1802 2369 1858 dixit
2386 1821 2405 1857 :
2435 1804 2554 1858 Non
2582 1806 2710 1858 estis
2737 1804 2933 1859 mundi
2961 1821 3163 1860 omnes.
3190 1807 3258 1861 Et
3287 1805 3382 1862 hic
3411 1823 3567 1862 vera-

1918 1889 2064 1946 citer
2093 1891 2381 1963 scriptum
2419 1896 2511 1947 est
2545 1909 2556 1948 :
2591 1893 2696 1948 Hoc
2725 1901 2804 1948 est
2828 1909 3020 1965 corpus
3057 1911 3258 1960 meum,
3291 1895 3430 1967 quod
3462 1895 3564 1967 pro

1905 1979 2054 2034 vobis
2085 1979 2266 2036 datur.
2291 1981 2396 2036 Et:
2420 1982 2520 2036 llic
2547 1989 2624 2037 est
2669 1982 2818 2037 calix
2840 1978 3058 2038 novum
3099 1970 3472 2039 testamentum
3501 1985 3564 2039 in

1904 2070 2172 2140 sanguine
2198 2085 2338 2135 meo,
2372 2086 2467 2142 qui
2504 2086 2604 2141 pro
2639 2071 2795 2126 vobis
2833 2071 3113 2142 fundetur.
3138 2071 3282 2128 Hinc
3312 2072 3562 2144 quisque

1907 2157 2300 2212 contradictor
2328 2159 2695 2230 respondeat,
2729 2162 2929 2214 utrum
2977 2177 3080 2232 pro
3113 2159 3229 2215 illis
3263 2160 3422 2228 solis,
3460 2165 3563 2232 qui

1908 2246 1978 2302 de
2007 2263 2185 2301 manu
2213 2245 2372 2302 illius
2390 2245 2490 2302 illa
2511 2263 2678 2302 sacra
2697 2252 3060 2319 acceperant,
3081 2248 3166 2303 vel
3191 2249 3291 2321 qui
3317 2249 3398 2304 ibi
3430 2251 3566 2306 ade-

1907 2341 2061 2403 rant,
2095 2354 2168 2392 an
2209 2341 2265 2392 et
2312 2355 2415 2410 pro
2465 2335 2616 2405 aliis,
2650 2338 2818 2393 nobis
2869 2337 3109 2408 scilicet,
3145 2339 3244 2411 qui
3305 2339 3366 2394 in
3425 2357 3558 2396 cum

1909 2425 2182 2480 credituri
2206 2442 2462 2482 eramus.
2482 2426 2714 2482 Scimus
2735 2427 2872 2498 quia
2897 2427 3061 2482 facile
3087 2429 3480 2499 respondebit,
3505 2433 3563 2486 et

1910 2531 2014 2587 pro
2037 2515 2314 2570 omnibus
2346 2515 2403 2568 in
2428 2531 2562 2570 eum
2586 2515 2978 2586 credentibus,
3007 2517 3144 2588 quia
3168 2517 3245 2572 ibi
3275 2517 3560 2590 scriptum

1911 2608 2045 2658 est:
2086 2605 2194 2660 Hoc
2247 2606 2410 2675 facite
2467 2605 2529 2658 in
2581 2622 2760 2660 meam
2790 2608 3379 2683 _cmnmemorationcm
3407 2608 3558 2676 (Luc.

1911 2710 2048 2759 xxn,
2075 2693 2180 2764 19).
2196 2693 2344 2764 Ergo
2366 2693 2505 2765 quia
2524 2694 2729 2761 turbae,
2747 2711 2875 2766 qua:
2897 2695 3304 2766 praecedebant
3324 2699 3382 2750 et
3409 2697 3561 2753 246

1913 2797 2040 2853 quae
2069 2781 2484 2852 sequebantur,
2519 2781 2856 2838 clamabant
2885 2782 3146 2838 dicentes
3175 2783 3410 2840 Osanna
3442 2783 3560 2840 ﬁlio

1913 2869 2115 2938 David,
2141 2869 2292 2926 sicut
2322 2887 2426 2942 pro
2472 2871 2992 2942 subsequentibus,
3023 2871 3103 2926 ita
3131 2875 3188 2927 et
3216 2889 3318 2944 pro
3349 2890 3562 2945 praece-

1915 2958 2208 3026 dentibus,
2236 2964 2300 3013 ut
2347 2959 2548 3015 Petrus
2577 2959 2736 3026 dicit,
2765 2977 2864 3032 per
2900 2962 3136 3031 gratiam
3165 2962 3264 3016 Dei
3289 2961 3562 3018 credimus

1912 3047 2138 3114 salvari,
2164 3047 2613 3119 quemadmodum
2641 3055 2692 3104 et
2723 3050 2812 3102 illi
2843 3048 2974 3119 (Act.
2998 3066 3091 3116 xv,
3116 3049 3224 3122 10).

1983 3137 2068 3191 Ad
2100 3135 2348 3192 alterum
2391 3137 2563 3192 modo
2593 3153 2728 3192 eum
2777 3139 3128 3210 respondere
3176 3155 3292 3193 non
3343 3139 3558 3213 pigeat,

1915 3225 2150 3298 quando
2181 3225 2327 3281 dixit
2358 3243 2370 3281 :
2405 3226 2511 3281 Hoc
2555 3233 2634 3282 est
2660 3242 2854 3298 corpus
2885 3232 3062 3281 meum
3096 3227 3236 3300 quod
3261 3245 3362 3300 pro
3410 3229 3562 3286 vobis

1829 3295 1871 3362 α
1911 3295 2105 3382 datur;
2137 3319 2194 3400 et
2217 3332 2230 3370 :
2253 3316 2352 3370 Hic
2379 3322 2458 3371 est
2483 3315 2633 3370 calix:
2657 3295 2765 3387 qui
2786 3332 2886 3387 pro
2916 3317 3066 3371 vobis
3103 3295 3395 3388 tundatur,
3421 3318 3562 3391 quia

1911 3403 2126 3460 Judam
2159 3420 2272 3458 non
2305 3403 2548 3476 excepit,
2573 3409 2770 3458 utrum
2802 3402 2969 3459 illum
2995 3405 3256 3478 excipere
3283 3407 3561 3463 audebit?

1914 3491 2145 3548 Scimus
2167 3491 2305 3563 quia
2325 3492 2638 3547 Dominum
2663 3493 2974 3547 mentitum
3000 3493 3201 3562 fuisse,
3218 3494 3354 3551 licet
3373 3495 3562 3551 multa

1911 3585 2248 3652 praesumat,
2273 3581 2463 3636 dicere
2495 3599 2608 3636 non
2642 3581 2899 3637 audebit.
2929 3583 2998 3636 Et
3023 3581 3070 3637 si
3099 3583 3382 3640 Dominus
3415 3601 3449 3640 a
3477 3601 3561 3640 rc-

1913 3669 2248 3741 demptione
2277 3669 2444 3725 illum
2486 3688 2601 3726 non
2653 3671 2896 3743 excepit,
2931 3672 3030 3726 sed
3063 3672 3188 3743 ipse
3215 3671 3352 3728 licet
3396 3672 3558 3728 illam

1913 3759 2192 3832 indignus
2213 3759 2556 3832 susceperit,
2579 3777 2640 3814 se
2663 3759 2918 3813 alienum
2941 3750 3296 3832 etl‘ecit,quid
3318 3765 3562 3832 peccant

1914 3849 2178 3904 doctores
2209 3847 2492 3904 catholoci
2526 3849 2824 3902 dicentes:
2851 3847 2956 3902 Pro
2987 3847 3263 3903 omnibus
3293 3849 3560 3906 Christus

1915 3954 2125 4010 passus
2147 3941 2254 4004 est,
2279 3936 2418 3991 licet.
2435 3953 2550 3990 non
2573 3952 2776 3990 omnes
2807 3935 3096 4006 passionis
3129 3937 3257 4007 ejus
3286 3937 3560 4010 mysterio

1915 4025 2299 4091 redimantur,
2315 4025 2412 4096 qui
2433 4023 2696 4079 omnium
2718 4024 2978 4095 suscepit
3000 4028 3291 4092 naturam,
3309 4033 3363 4082 et
3379 4043 3563 4083 omnes

1915 4115 2032 4170 vult
2059 4115 2234 4170 salvos
2262 4115 2403 4186 ﬁeri,
2437 4121 2492 4168 et
2517 4114 2790 4168 neminem
2810 4113 2926 4167 vult
2951 4115 3152 4185 perire,
3179 4117 3244 4168 ut
3271 4114 3486 4172 Paulus
3506 4120 3564 4172 et

1917 4202 2120 4258 Petrus
2153 4201 2372 4268 dicunt,
2407 4199 2543 4256 licet
2592 4217 2708 4256 non
2739 4216 2942 4256 omnes
2992 4201 3326 4258 salvcntur?
3356 4204 3428 4258 Et
3456 4220 3564 4260 nos

1917 4291 2058 4362 quid
2108 4289 2465 4346 contrarium
2512 4289 2646 4344 ﬁdei
2695 4287 2991 4346 catholicae
3023 4291 3299 4363 diximus,
3331 4293 3563 4364 quando

1918 4379 2153 4435 illorum
2185 4383 2242 4434 et
2272 4396 2512 4435 sensum
2553 4383 2612 4433 et
2640 4379 2816 4434 verba
2854 4383 3135 4450 ponentes
3168 4380 3514 4452 scripsimus
3547 4398 3559 4436 :

1918 4469 2024 4523 Pro
2077 4467 2326 4523 omnibus
2376 4465 2621 4522 Christus
2668 4482 2864 4538 passus
2918 4473 3015 4533 est,
3049 4467 3174 4522 licet
3222 4484 3332 4524 non
3384 4486 3568 4526 omnes

1914 4557 2188 4630 passionis
2218 4556 2334 4628 ejus
2361 4556 2620 4627 mysterio
2649 4555 2994 4610 redimantur
3023 4575 3041 4610 :
3074 4558 3203 4628 quia
3231 4573 3354 4613 vero
3383 4574 3567 4614 omnes

163 4663 396 4705 reamur.
427 4673 456 4698 ››
482 4649 636 4704 Item
668 4647 739 4703 de
769 4646 862 4702 his
889 4647 989 4718 qui
1021 4663 1090 4702 ex
1120 4664 1188 4702 ea
1215 4645 1353 4702 vitio
1385 4662 1492 4702 suo
1517 4644 1809 4718 judicium
1845 4665 1888 4728 ι’)
1917 4645 2190 4718 passionis
2217 4646 2334 4717 ejus
2361 4643 2620 4716 mysterio
2659 4659 2768 4698 non
2804 4643 3166 4713 redimuntur,
3199 4663 3310 4702 non
3349 4649 3570 4719 respicit

159 4735 258 4794 sibi
278 4737 590 4812 accipiunt
611 4753 662 4792 :«
689 4737 976 4792 Futurum
996 4739 1105 4800 est,
1126 4735 1340 4808 inquit,
1362 4739 1425 4790 ut
1443 4735 1816 4808 quemadmo-

163 4825 287 4882 dum
301 4823 947 4897 acciditunusquisque
960 4825 1167 4880 reddat
1181 4841 1390 4880 causas
1406 4823 1464 4878 in
1479 4823 1571 4879 die
1583 4823 1814 4882 Domini

162 4910 285 4970 Jesu
314 4914 537 4972 Christi
573 4913 715 4986 quia
745 4913 872 4970 sine
893 4911 1208 4985 disciplina
1237 4911 1572 4968 traditionis
1601 4916 1657 4967 et
1687 4928 1814 4968 con-

164 5003 496 5060 versationis
529 5001 635 5076 qui
669 5003 976 5069 accedunt,
1003 5001 1086 5057 rei
1135 5005 1276 5057 sunt
1305 5001 1565 5072 corporis
1595 5005 1652 5056 et
1680 5019 1814 5056 san-

164 5089 343 5160 guinis
365 5089 627 5148 Domini.
651 5089 798 5155 Quid
819 5094 910 5146 est
934 5093 1128 5145 autem
1151 5105 1278 5144 reos
1305 5105 1453 5156 esse,
1483 5088 1592 5144 nisi
1615 5105 1815 5160 poenas

167 5176 289 5234 dare
318 5179 534 5235 mortis
554 5177 829 5234 Domini?
849 5177 1090 5234 Occisus
1111 5181 1200 5233 est
1219 5177 1374 5232 enim
1398 5178 1572 5232 etiam
1596 5195 1698 5249 pro
1720 5176 1812 5234 his

166 5264 256 5338 qui
279 5265 639 5323 beneﬁcium
669 5267 798 5338 ejus
828 5265 888 5320 in
926 5265 1158 5321 irritum
1191 5265 1430 5321 ducunt.
1459 5288 1486 5316 ››
1507 5267 1651 5321 Ecce
1699 5283 1802 5338 pro

167 5351 249 5411 his
273 5373 488 5428 passus
522 5353 868 5427 dicitur,qui
890 5371 1007 5410 non
1027 5355 1155 5427 ejus
1185 5353 1455 5427 passione
1485 5355 1804 5410 salvantur.

168 5443 315 5509 Quod
347 5445 406 5501 in
437 5443 760 5516 Evangelio
807 5445 1132 5499 secundum
1174 5444 1390 5498 Lucam
1441 5441 1811 5514 apertissime

168 5531 620 5600 demonstratur,
669 5550 803 5588 cum
837 5533 1053 5588 dicitur
1075 5549 1087 5588 :
1113 5533 1176 5588 Et
1193 5540 1403 5604 accepto
1426 5527 1813 5604 pane,'gratias

169 5624 273 5693 egit
296 5631 348 5679 et
368 5617 562 5696 fr'egit,
586 5630 637 5678 et
661 5622 809 5678 dedit
835 5623 912 5678 eis
933 5621 1116 5678 dieens
1136 5640 1154 5676 :
1179 5623 1285 5678 Hoc
1303 5629 1381 5676 est
1399 5637 1591 5692 corpus
1609 5638 1812 5688 meum,

173 5711 298 5781 quod
319 5729 421 5786 pro
453 5712 611 5768 vobis
648 5710 830 5789 datur,
853 5710 952 5766 hoc
977 5713 1140 5783 facite
1181 5712 1240 5766 in
1278 5727 1458 5766 meam
1495 5726 1816 5767 commemo-

1921 4733 1992 4790 ad
2029 4733 2462 4804 magnitudinem
2501 4734 2688 4805 pretii,
2719 4732 2811 4787 sed
2857 4733 2926 4787 ad
2972 4733 3280 4805 inﬁdelium
3321 4744 3570 4806 partem;

1926 4823 2056 4896 quia
2081 4822 2342 4894 poculum
2371 4821 2626 4878 humanae
2656 4823 2871 4889 salutis,
2905 4822 3043 4894 quod
3073 4825 3374 4895 confectum
3401 4833 3481 4880 est
3504 4824 3571 4880 de

1924 4913 2244 4983 inﬁmitate
2262 4919 2446 4966 nostra
2467 4919 2518 4966 et
2547 4913 2743 4966 virtute
2765 4911 2975 4978 divina,
2997 4911 3154 4967 habet
3181 4912 3398 4984 quidem
3427 4915 3486 4967 in
3514 4927 3572 4968 se

1922 5008 1984 5056 ut
2011 4999 2260 5056 omnibus
2288 5002 2484 5071 prosit,
2513 4999 2605 5056 sed
2633 5002 2686 5054 si
2726 5016 2832 5055 non
2876 5001 3097 5066 bibitur,
3131 5017 3238 5055 non
3284 5001 3571 5058 medetur?

1923 5089 2085 5155 Quod
2107 5087 2491 5161 spiritualiter
2511 5088 2784 5143 biberunt
2804 5093 2860 5144 et
2883 5089 3064 5144 sancti
3087 5088 3145 5142 in
3162 5087 3350 5142 Veteri
3375 5090 3569 5145 Testa-

1922 5181 2118 5233 mento
2150 5194 2216 5232 ac
2247 5176 2452 5233 salvati
2499 5181 2662 5242 sunt,
2699 5181 2948 5232 testante
2985 5175 3278 5247 Apostolo,
3309 5176 3574 5242 Bibebant

1915 5267 1979 5324 de
2007 5267 2255 5338 spiritali
2276 5267 2324 5335 (Ι
2351 5266 2472 5322 Cor.
2497 5284 2550 5334 x,
2581 5267 2632 5338 4)
2661 5283 2672 5320 :
2709 5263 2861 5320 sicut
2885 5269 2941 5320 et
2961 5281 3116 5319 nunc
3147 5265 3357 5321 bibunt
3381 5267 3570 5323 devoti

1917 5359 1974 5414 in
1993 5359 2372 5412 Testamento
2393 5357 2548 5412 Novo
2567 5360 2624 5410 et
2640 5354 2781 5411 salvi
2803 5355 2968 5408 ﬁunt.
2986 5355 3262 5410 Biberunt
3283 5355 3564 5412 increduli

1919 5445 1978 5500 in
2009 5447 2382 5500 Testamento
2416 5443 2628 5510 Veteri,
2663 5441 2800 5498 licet
2842 5441 3053 5515 impari
3093 5443 3228 5499 ﬁdei
3271 5445 3569 5502 devotione

1921 5552 2055 5590 cum
2092 5533 2332 5600 sanctis,
2359 5536 2415 5588 et
2445 5531 2706 5586 damnati
2741 5535 2897 5599 sunt,
2925 5533 3079 5587 sicut
3105 5538 3160 5588 et
3190 5536 3572 5590 manducave-

1924 5629 2061 5679 runt
2081 5639 2298 5677 manna
2319 5626 2374 5676 et
2390 5621 2605 5675 mortui
2629 5623 2784 5675 sunt.
2801 5623 3100 5686 Quomodo
3120 5625 3491 5680 manducavit
3512 5629 3570 5679 et

1926 5712 2075 5768 bibit
2095 5711 2298 5779 Judas,
2324 5715 2381 5765 et
2410 5727 2522 5766 non
2558 5709 2746 5765 solum
2775 5712 3190 5784 temporaliter,
3217 5715 3316 5770 sed
3340 5718 3395 5770 et
3415 5717 3570 5769 ceter-
