4020 6464
412 417 526 484 3H

1355 415 1743 480 HINCMAllI
1789 413 2238 477 BHEMENSIS
2282 414 2880 478 AllCllIEPlSCOPI

3699 409 3818 476 319

410 549 620 608 naliter
635 553 906 608 mortuus
923 551 1114 607 est.Et
1129 547 1602 621 sicutApostolus
1619 549 1689 603 de
1703 547 2054 620 quibusdam
2083 546 2140 614 Α
2167 548 2542 616 studuerunt,
2574 546 2688 622 ipsi
2717 564 2801 614 se,
2835 547 2988 604 sicut
3015 547 3075 604 in
3122 547 3394 622 passione
3423 563 3532 605 sua
3579 551 3640 604 et
3689 549 3824 620 post

409 640 790 696 irreverenter
806 638 1304 695 manducantibus
1319 643 1374 693 et
1395 638 1732 694 bibentibus
1752 636 1924 692 dicit:
1945 636 2064 692 Ideo

403 731 570 786 multi
599 731 660 786 in
689 729 840 786 vobis
875 728 1128 792 invalidi,
1161 735 1211 783 ct
1241 728 1464 800 aegroti,
1496 734 1546 782 ct
1581 727 1862 782 dormiunt
1901 725 2066 780 multi

409 819 452 890 (Ι
481 820 604 874 Cor.
627 835 706 886 x1,
737 801 848 889 30).
875 817 1022 883 Quia
1049 833 1182 872 vero
1215 817 1284 870 de
1316 833 1534 870 manna
1563 832 1628 869 ex
1658 815 1849 870 verbis
1878 809 2065 868 sancti

404 905 718 980 Augustini
745 923 925 976 supra
945 905 1334 975 ostendimus,
1358 905 1430 959 de
1454 908 1590 976 potu
1618 901 1888 974 spiritali,
1911 902 2066 956 unde

406 993 722 1066 Apostolus
743 993 924 1049 dixit:
949 994 1015 1048 Et
1040 1009 1222 1048 omnes
1259 993 1508 1048 eumdem
1543 1000 1728 1064 potum
1763 991 2068 1063 spiritalem

411 1084 665 1140 biberunt
683 1083 731 1153 (Ι
751 1082 872 1138 Cor.
897 1101 950 1150 x,
977 1083 1052 1150 4),
1075 1081 1267 1136 verbis
1298 1080 1482 1137 sancti
1506 1080 1797 1136 Ambrosii
1824 1097 1892 1135 ex
1917 1079 2066 1134 libro

411 1173 484 1228 de
532 1171 928 1227 Sacramentis
972 1170 1238 1226 dicamus
1279 1173 1422 1241 (cap.
1457 1169 1508 1242 1)
1563 1186 1576 1223 :
1637 1191 1665 1220 ‹‹
1704 1169 1850 1224 Cum
1881 1167 2068 1226 sitiret

412 1259 666 1334 populus
713 1259 1074 1324 Judaaorum,
1109 1263 1166 1314 et
1214 1261 1614 1313 murmuraret
1641 1258 1797 1328 quod
1849 1273 2066 1329 aquam

413 1348 674 1404 invenire
703 1365 820 1404 non
854 1351 1070 1420 posset,
1095 1347 1277 1418 jussit
1305 1347 1461 1402 Deus
1493 1346 1673 1419 Moysi
1707 1351 1772 1400 ut
1799 1349 2067 1418 tangeret

413 1441 642 1511 petram
673 1437 744 1494 de
771 1437 952 1510 virga.
983 1436 1202 1509 Tetigit
1253 1439 1502 1508 petram,
1535 1441 1592 1490 et
1638 1440 1805 1508 petra
1851 1435 2069 1490 undam

414 1527 732 1584 maximam
757 1525 926 1592 fudit,
952 1524 1105 1581 sicut
1123 1523 1437 1596 Apostolus
1459 1524 1541 1579 ait
1563 1541 1576 1578 :
1606 1525 1875 1581 Bibebant
1891 1533 2073 1580 autem

419 1615 486 1672 de
513 1617 862 1687 consequenti
884 1622 1060 1686 petra,
1087 1621 1243 1685 petra
1281 1621 1462 1669 autem
1490 1621 1609 1668 erat
1645 1613 1910 1669 Christus.
1943 1613 2070 1669 Non

418 1703 740 1760 immobilis
770 1706 954 1775 petra,
989 1719 1116 1774 quae
1160 1701 1443 1774 populum
1491 1702 1886 1774 sequebatur:
1922 1706 1979 1758 et
2005 1705 2068 1757 tu

412 1794 568 1859 bibe,
591 1797 658 1848 ut
685 1795 744 1848 te
764 1791 1031 1848 Christus
1062 1796 1401 1863 sequatur.»
1424 1791 1494 1846 Et
1524 1794 1768 1846 sanctus
1799 1790 2072 1864 Augusti-

411 1900 523 1938 nus
545 1883 604 1937 in
625 1880 898 1982 Exposito
919 1879 1213 1952 Evangelii
1235 1879 1501 1982 Joannis,
1526 1878 1703 1952 paulo
1726 1883 1861 1936 ante
1881 1879 2028 1982 dixit
2053 1891 2068 1931 :
2100 1918 2150 1982 Β

411 1971 534 2028 Nisi
557 1968 1020 2026 manducaveritis
1049 1985 1271 2023 carnem
1308 1969 1418 2039 ﬁlii
1446 1967 1705 2035 hominis,
1732 1976 1785 2024 et
1821 1967 2065 2024 biberitis

412 2061 531 2132 ejus
567 2059 918 2129 sanguinem,
947 2073 1059 2112 non
1103 2056 1368 2112 habebitis
1396 2057 1566 2112 vitam
1611 2058 1674 2112 in
1710 2057 1861 2112 vobis
1892 2056 2066 2129 (Joan.

409 2161 492 2220 VI,
514 2149 630 2217 54),
655 2150 713 2202 et
740 2145 916 2200 modo
957 2144 1100 2200 dicit
1133 2161 1146 2198 :
1181 2143 1317 2200 Caro
1355 2159 1468 2200 non
1511 2143 1730 2216 prodest
1775 2145 2071 2218 quidquam

413 2235 598 2310 (ibid.,
621 2234 736 2305 63),
753 2234 812 2289 id
834 2237 944 2299 est,
965 2232 1014 2288 si
1039 2232 1350 2289 carnaliter
1368 2232 1546 2288 vultis
1569 2231 2072 2303 intelligere.Quo-

415 2326 570 2384 circa
597 2323 659 2380 in
680 2321 874 2379 Veteri
899 2323 1276 2377 Testamento
1310 2320 1606 2394 spiritales
1627 2320 1967 2394 spiritaliter
1989 2322 2073 2378 in-

411 2413 746 2486 telligentes
779 2408 1099 2482 spiritalem
1137 2413 1338 2481 potum
1364 2410 1658 2476 biberunt,
1683 2413 1739 2465 et
1763 2427 1797 2464 a
1818 2410 2072 2482 peccatis

415 2521 482 2561 ac
512 2501 699 2576 pcenis
729 2499 937 2556 salvati
969 2503 1126 2564 sunt,
1151 2499 1334 2554 donec
1362 2499 1520 2554 venit
1545 2497 1643 2554 ille
1669 2515 1842 2555 verus
1869 2501 2072 2572 Agnus

417 2593 517 2666 qui
555 2590 705 2647 tollit
725 2594 960 2662 peccata
981 2588 1210 2659 mundi,
1234 2587 1293 2642 in
1315 2589 1486 2660 cujus
1511 2588 1720 2661 ﬁgura,
1745 2605 1848 2660 per
1867 2589 2074 2644 immo-

417 2681 698 2740 lationem
729 2679 865 2751 agni
897 2677 1130 2733 Paschai
1156 2677 1387 2743 veteris,
1411 2678 1480 2732 de
1500 2677 1767 2750 Aigyptia
1797 2679 2073 2735 servitute

419 2767 704 2842 redempti
733 2771 890 2823 sunt.
911 2768 1089 2839 Cujus
1121 2765 1427 2839 sanguine,
1447 2765 1599 2822 sicut
1625 2765 1817 2822 verbis
1838 2771 2075 2823 sancto-

424 2856 892 2932 rum‘Augustini
927 2857 1072 2913 247
1111 2859 1285 2928 atque
1304 2854 1595 2911 Ambrosii
1617 2872 1797 2928 supra
1817 2856 2076 2912 ostendi-

422 2966 580 3017 mus,
604 2951 663 3003 et
693 2945 869 3020 primi
899 2945 1168 3000 homines
1208 2943 1492 3016 redempti
1523 2948 1681 3010 sunt,
1705 2949 1763 3000 et
1799 2945 2076 3001 omnibus

420 3035 841 3095 incarnationis
873 3051 940 3091 ac
972 3032 1262 3106 passionis
1295 3034 1425 3105 ejus
1463 3033 1811 3106 mysterium
1843 3034 2077 3090 creden-

419 3127 581 3186 tibus
599 3125 850 3180 cmleslis
873 3124 1030 3195 regni
1049 3123 1298 3193 januam
1323 3122 1861 3194 patefecit.Credere
1880 3126 2075 3178 autem

421 3213 777 3281 nolentibus,
798 3217 856 3268 et
877 3210 1188 3268 carnaliter
1209 3211 1670 3282 intelligentibus
1695 3214 1791 3282 atq
1801 3226 1872 3265 ue
1890 3211 2080 3266 viven-

2171 637 2503 709 passionem
2535 654 2706 692 suam
2738 637 3019 706 fecerunt,
3051 638 3293 704 faciunt,
3324 642 3384 694 et
3411 635 3624 694 facturi
3657 641 3822 702 sunt,

2172 743 2207 780 a
2237 727 2635 798 redemptione
2666 725 2962 799 proposita
3001 725 3222 782 alienos
3255 728 3533 783 fecerunt.
3567 727 3641 781 Et
3669 725 3829 780 sicut

2173 832 2330 870 nunc
2351 814 2538 886 ipsius
2561 803 2754 887 passio
2777 815 2894 870 illis
2919 833 3031 871 non
3055 816 3309 888 prodest,
3331 816 3430 871 sed
3451 816 3507 870 in
3525 813 3823 886 judicium

2173 903 2303 968 erit,
2337 903 2438 975 qui
2484 903 2542 958 in
2574 902 2917 960 infidelitate
2947 904 3031 960 vel
3080 903 3272 976 pravis
3301 903 3578 976 operibus
3609 903 3683 958 de
3713 903 3825 959 isto

2175 991 2389 1047 saeculo
2409 996 2655 1048 exeunt:
2681 993 2764 1047 sic
2785 997 2842 1048 et
2871 1009 2977 1048 nec
3007 991 3124 1047 illis
3154 991 3391 1064 profuit,
3425 993 3544 1048 imo
3575 991 3638 1047 in
3661 992 3824 1062 judi-

2176 1081 2331 1136 cium
2365 1079 2525 1135 illius
2571 1081 2766 1154 passio
2812 1081 3054 1147 exstitit,
3086 1085 3295 1147 exstat,
3327 1085 3502 1154 atque
3548 1079 3822 1147 exstabit,

2176 1169 2276 1242 qui
2307 1185 2411 1241 per
2439 1169 2598 1224 illam
2631 1169 2836 1225 redimi
2885 1173 3152 1242 poterant
3199 1169 3248 1225 si
3295 1169 3642 1237 voluissent,
3673 1169 3828 1226 sicut

2177 1260 2461 1332 redempti
2491 1264 2631 1316 sunt
2659 1259 2756 1332 qui
2790 1259 2850 1314 in
2881 1258 3047 1314 illum
3078 1263 3390 1314 venturum
3427 1259 3823 1324 crediderunt,

2177 1354 2234 1405 et
2262 1350 2390 1421 ejus
2421 1349 2693 1422 passione
2722 1345 2933 1404 salvari
2977 1351 3336 1404 meruerunt.
3371 1346 3464 1404 Sic
3494 1353 3554 1404 et
3579 1351 3829 1404 sanctus

2174 1437 2561 1510 Augustinus,
2593 1442 2659 1492 ut
2689 1436 3101 1509 praemisimus,
3125 1436 3197 1492 de
3225 1435 3319 1491 his
3349 1435 3450 1508 qui
3480 1449 3704 1492 manna
3733 1451 3828 1492 co-

2179 1528 2480 1582 mederunt
2508 1526 2648 1582 dicit
2679 1542 2694 1581 :
2729 1513 3246 1582 Manducaverunt'
3265 1525 3493 1598 Moyses
3522 1529 3581 1580 et
3609 1527 3826 1591 Aaron,

2177 1619 2235 1672 et
2264 1614 2452 1699 caeteri
2491 1613 2679 1670 sancti
2709 1614 2811 1686 qui
2859 1615 3098 1670 fuerunt
3143 1613 3202 1670 in
3252 1613 3491 1686 populo,
3521 1629 3748 1670 manna
3773 1617 3832 1669 et

2178 1721 2292 1760 non
2324 1711 2462 1760 sunt
2490 1704 2728 1768 mortui,
2761 1703 2901 1776 quia
2929 1702 3274 1775 spirit-aliter
3299 1702 3590 1760 visibilem
3627 1703 3830 1759 cibum

2179 1793 2604 1860 intellexerunt,
2638 1791 2978 1865 spiritaliter
3025 1791 3385 1861 esurierunt;
3427 1791 3526 1848 alii
3573 1793 3831 1848 mandu-

2179 1886 2457 1938 caverunt
2485 1885 2543 1938 et
2585 1885 3035 1953 permanserunt
3063 1880 3122 1936 in
3152 1879 3516 1952 inﬁdelitate,
3547 1897 3618 1936 ac
3666 1897 3830 1938 mor-

2179 1971 2260 2026 tui
2293 1976 2452 2037 sunt,
2486 1988 2598 2026 non
2633 1969 2824 2026 solum
2865 1974 3051 2026 morte
3079 1969 3384 2041 corporali,
3416 1985 3622 2024 verum
3650 1969 3831 2026 etiam

2181 2066 2366 2116 morte
2397 2059 2664 2133 spiritali.
2699 2059 2794 2116 Sic
2842 2064 2900 2115 et
2936 2060 3008 2114 de
3054 2058 3349 2130 baptismo
3379 2074 3496 2131 quo
3547 2059 3834 2131 baptizati

2178 2154 2319 2206 sunt
2372 2153 2602 2206 constat
2659 2149 2867 2204 debere
2923 2147 3193 2221 intelligi,
3253 2151 3313 2202 et
3367 2163 3434 2204 ex
3490 2147 3832 2204 testimonio

2177 2237 2329 2294 beati
2361 2238 2508 2294 Petri
2555 2255 2624 2293 ex
2671 2237 2824 2294 248
2871 2253 3005 2293 arca
3032 2241 3090 2293 et
3135 2236 3352 2292 diluvio
3401 2253 3582 2308 supra
3628 2241 3830 2292 osten-

2177 2327 2394 2382 dimus.
2428 2327 2594 2382 Nunc
2651 2327 2790 2398 quia
2845 2325 3225 2382 manifestum
3280 2329 3386 2392 est,
3435 2325 3609 2381 nobis
3665 2341 3832 2381 men-

2181 2418 2403 2472 daciter
2444 2415 2627 2471 fuisse
2675 2414 3084 2482 calumniatos,
3119 2414 3258 2486 quia
3303 2413 3626 2470 dixerimus
3673 2415 3832 2486 quod

2181 2522 2296 2560 non
2343 2503 2620 2571 diximus,
2655 2521 2757 2576 pro
2805 2503 2923 2560 illis
2968 2502 3169 2576 impiis
3217 2503 3533 2559 Dominum
3581 2519 3832 2575 passum

2183 2593 2382 2660 fuisse,
2415 2594 2515 2665 qui
2547 2607 2582 2648 a
2620 2593 2824 2648 mundi
2875 2591 3108 2648 exordio
3137 2608 3324 2664 usque
3371 2592 3443 2648 ad
3492 2591 3834 2664 passionem

2181 2681 2411 2738 Domini
2435 2682 2494 2737 in
2517 2699 2625 2738 sua
2645 2681 2944 2753 impietate
2964 2680 3203 2752 mortui,
3217 2685 3434 2736 mterna
3454 2679 3839 2737 damnatione

2183 2772 2370 2844 puniti
2395 2775 2553 2838 sunt,
2573 2770 2742 2843 quasi
2765 2769 2847 2825 illi
2869 2767 3152 2842 redempti
3174 2768 3292 2824 sint
3315 2767 3622 2840 sanguinis
3643 2767 3838 2841 ipsius

2183 2859 2482 2916 etl'usione.
2516 2860 2628 2915 Sed
2661 2858 2744 2915 sic
2781 2857 3038 2914 diximus
3069 2857 3342 2914 omnibus
3389 2859 3650 2930 paratam
3699 2873 3838 2913 esse

2185 2947 2454 3012 salutem,
2477 2947 2577 3019 qui
2608 2950 2741 3002 ante
2767 2945 3230 3002 incarnationem
3257 2944 3416 3000 illius
3440 2945 3704 3011 fuerunt,
3728 2945 3838 3002 sie-

2185 3041 2334 3093 utet
2376 3036 2470 3091 his
2499 3035 2600 3108 qui
2645 3039 2778 3108 post
2824 3035 3156 3106 passionem
3203 3033 3362 3090 illius
3411 3034 3534 3089 nati
3582 3039 3747 3103 sunt,
3777 3039 3838 3091 et

2187 3124 2467 3182 nascituri
2497 3129 2636 3180 sunt
2658 3141 2670 3180 :
2692 3128 2922 3179 tantum
2971 3128 3038 3178 ut
3084 3123 3326 3180 credant
3344 3140 3414 3179 ea
3433 3123 3548 3178 fide
3573 3139 3704 3195 quae
3730 3141 3836 3196 per

2187 3215 2556 3270 dilectionem
2577 3218 2870 3286 operatur,
2891 3213 3043 3268 sicut
3061 3211 3435 3268 crediderunt
3454 3211 3541 3266 illi
3565 3211 3668 3284 qui
3689 3211 3838 3268 salvi

417 3303 599 3368 tibus,
622 3305 681 3358 et
711 3299 1054 3356 inﬁdelitate
1085 3305 1260 3372 atque
1302 3300 1612 3372 iniquitate
1651 3300 2072 3372 perseveranti-
2105 3287 2148 3354 C
2181 3303 2315 3358 facti
2348 3307 2504 3368 sunt,
2529 3306 2585 3358 et
2615 3301 2714 3374 qui
2757 3317 2911 3356 nunc
2955 3299 3278 3368 salvantur,
3312 3299 3529 3372 quique
3567 3297 3838 3357 salvandi

419 3393 552 3460 bus,
577 3395 635 3447 et
655 3388 936 3462 spiritalis
959 3389 1055 3444 ille
1077 3390 1246 3445 cibus
1267 3407 1332 3445 ac
1354 3394 1547 3460 potus,
1571 3393 1625 3444 et
1645 3388 1764 3442 veri
1787 3389 1920 3460 agni
1944 3406 2073 3444 san-

419 3481 574 3555 guis,
602 3479 663 3536 in
686 3478 980 3551 judicium
1031 3477 1429 3534 damnationis
1477 3481 1602 3533 est:
1634 3475 1788 3532 sicut
1837 3481 1894 3532 et
1941 3482 2074 3550 post

420 3569 753 3644 passionem
787 3567 946 3623 illius
976 3585 1092 3622 non
1124 3566 1516 3630 credentibus,
1538 3565 1625 3621 vel
1659 3565 1720 3621 in
1751 3566 2070 3636 judicium,

421 3662 485 3715 ut
503 3657 814 3730 Apostolus
837 3656 998 3723 dicit,
1023 3657 1094 3712 ad
1128 3655 1236 3711 hoc
1258 3671 1490 3710 sacrum
1517 3654 1862 3727 mysterium
1883 3657 2070 3712 susci-

418 3746 694 3820 piendum
719 3743 1220 3807 convenientibus,
1245 3743 1491 3799 existere
1514 3743 1792 3799 noscitur.
1819 3745 1890 3800 Et
1919 3744 2073 3802 sicut

419 3840 658 3892 sanctus
693 3834 1007 3907 Gregorius
1054 3833 1125 3888 de
1175 3833 1522 3888 Sanctorum
1577 3833 2068 3904 persecutoribus,

417 3925 574 3998 quod
603 3929 661 3982 et
681 3939 843 3996 aeque
864 3921 923 3977 in
951 3922 1194 3994 reproba
1214 3922 1334 3978 vita
1353 3921 1695 3978 finientibus
1715 3923 1886 3979 debet
1908 3923 2074 3979 intel-

416 4012 540 4086 ligi,
562 4013 624 4068 in
651 4009 895 4067 homilia
923 4009 1228 4082 trigesima
1247 4015 1448 4065 octava
1467 4009 1610 4065 dicit
1631 4026 1680 4064 :«
1705 4009 1852 4075 Quia
1872 4027 1976 4066 nec
1996 4011 2070 4066 ad

417 4100 764 4158 memoriam
799 4102 1056 4154 nostram
1087 4097 1174 4153 vel
1208 4098 1263 4153 in
1300 4103 1664 4154 mortuorum
1698 4114 1941 4154 numero
1969 4116 2069 4156 ve-

419 4188 646 4244 niunt.»
666 4189 751 4244 Ita
767 4191 826 4242 et
846 4185 931 4241 illi
955 4185 1252 4258 spiritales
1272 4184 1376 4241 viri
1400 4184 1461 4240 in
1483 4187 1858 4242 Testamento
1878 4187 2068 4242 Veteri

419 4279 490 4334 de
540 4275 802 4348 reprobis
851 4275 1010 4330 illius
1060 4273 1340 4346 temporis
1399 4273 1652 4330 sensisse
1711 4276 2064 4330 creduntur:

417 4369 637 4438 quanto
655 4364 844 4436 magis
865 4380 968 4418 nos
986 4363 1093 4418 hoc
1111 4363 1328 4418 sentire
1345 4361 1451 4418 iste
1469 4364 1857 4418 contradictor
1873 4368 2070 4420 noster

417 4454 650 4511 credere
671 4452 970 4515 debuerat,
987 4451 1086 4522 qui
1120 4451 1351 4506 Domini
1377 4451 1892 4523 apostolorumque
1915 4453 2063 4523 ejus,

417 4557 484 4598 ac
504 4539 926 4598 catholicorum
947 4538 1360 4612 magistrorum
1381 4540 1647 4595 doctrina
1668 4539 2070 4597 manifestissi-

2181 3396 2341 3446 sunt.
2376 3392 2446 3446 Et
2473 3391 2628 3446 sicut
2665 3389 2871 3446 salvati
2917 3394 3056 3445 sunt
3103 3389 3176 3445 ab
3206 3387 3478 3462 originali
3530 3394 3774 3461 peccato
3803 3407 3840 3446 a

2181 3480 2386 3536 mundi
2409 3479 2640 3536 exordio
2660 3496 2849 3550 usque
2879 3479 2950 3534 ad
2978 3483 3244 3551 tempora
3263 3479 3410 3534 data:
3442 3477 3840 3535 circumcisio-

2181 3569 2293 3632 nis,
2315 3567 2402 3624 vel
2432 3573 2559 3641 post
2589 3569 2783 3626 datam
2818 3566 3344 3632 circumsisionem,
3375 3567 3447 3622 de
3477 3565 3610 3622 aliis
3641 3567 3839 3624 natio-

2181 3659 2356 3714 nibus
2387 3657 2485 3729 qui
2509 3657 2623 3712 Dco
2654 3655 3018 3728 placuerunt,
3042 3655 3129 3712 vel
3159 3653 3486 3712 hostiarum
3517 3655 3838 3712 oblationi-

2179 3748 2312 3815 bus,
2345 3746 2430 3802 vel
2463 3751 2616 3802 certe
2659 3745 2782 3802 sola
2831 3745 2964 3801 ﬁdei
3010 3745 3246 3816 virtute,
3279 3760 3420 3800 suas
3469 3761 3837 3818 suorumque

2178 3836 2406 3892 animas
2427 3835 2681 3890 Creatori
2701 3836 3202 3890 commendantes.
3225 3833 3390 3890 Sicut
3411 3833 3590 3890 etiam
3613 3834 3688 3890 ab
3711 3833 3836 3890 ori-

2178 3924 2392 3997 ginalis
2421 3925 2639 3996 peccati
2669 3923 2926 3989 vulnere,
2953 3928 3083 3996 post
3111 3927 3375 3995 tempora
3395 3923 3545 3978 datae
3577 3923 3836 3980 circum-

2179 4012 2438 4080 cisionis,
2470 4013 2530 4067 hi
2565 4012 2660 4084 qui
2693 4011 3150 4067 circumcideudi
3181 4016 3347 4069 erant
3383 4011 3714 4068 secundum
3745 4011 3837 4069 le-

2177 4119 2334 4175 gem,
2363 4101 2807 4158 circumcisione
2837 4100 3148 4173 purificati,
3181 4105 3238 4157 et
3264 4117 3367 4174 per
3396 4101 3575 4156 fidem
3603 4100 3834 4158 media-

2177 4191 2322 4247 toris
2351 4195 2492 4245 tunc
2535 4188 2781 4254 venturi,
2818 4205 2973 4244 nunc
3005 4191 3129 4259 jam
3162 4206 3197 4244 a
3227 4189 3502 4245 ﬁdelibus
3541 4189 3828 4262 suscepti,

2177 4279 2380 4336 salvati
2413 4283 2570 4334 sunt.
2594 4278 2664 4332 Et
2685 4277 2823 4348 quia
2843 4277 3092 4333 istorum
3115 4276 3507 4349 capitulorum
3529 4278 3832 4350 conjector

2177 4366 2579 4424 testimonium
2620 4365 3006 4438 apostolicum
3057 4365 3271 4438 posuit,
3305 4382 3420 4437 quo
3461 4366 3616 4422 sicut
3657 4367 3830 4423 nobis

2174 4457 2404 4512 videtur
2435 4457 2836 4511 demonstrare
2865 4453 3064 4519 voluit,
3094 4453 3231 4526 quia
3262 4469 3377 4509 non
3410 4470 3514 4526 pro
3547 4455 3830 4513 omnibus

2175 4546 2442 4601 Christus
2472 4561 2682 4616 passus
2705 4543 2800 4611 sit,
2828 4542 2962 4599 licet
2983 4560 3096 4598 non
3117 4559 3342 4608 omnes,
3375 4541 3528 4598 sicut
3549 4555 3658 4600 nos
3677 4543 3826 4599 scri-

417 4645 512 4686 me
537 4627 808 4694 revelata,
832 4627 1244 4699 cognoscimus
1265 4645 1392 4699 qua:
1425 4627 1542 4682 illis
1574 4627 1632 4682 in
1663 4627 1851 4700 ﬁgura
1881 4628 2066 4686 velato
2095 4655 2143 4720 D
2174 4635 2422 4708 psimus,
2458 4633 2750 4705 passionis
2789 4633 2918 4702 ejus
2967 4631 3243 4705 mysterio
3293 4630 3680 4698 redimantur,
3731 4649 3828 4689 re-

416 4717 692 4792 mysterio
725 4720 789 4772 ut
818 4715 960 4772 dicit
988 4715 1322 4788 Apostolus,
1345 4716 1732 4788 contigerunt.

983 4839 1216 4896 CAPUT
1255 4841 1494 4896 ΧΧΧΙΙΙ.

412 4931 490 4982 Ab
519 4931 637 4982 hinc
671 4931 902 4994 sequitur
943 4927 1164 4993 qualiter
1209 4928 1388 4978 docent
1431 4930 1722 4976 sanctarum
1773 4927 2064 4991 Scriptura-

473 5019 592 5054 rum
646 5001 956 5051 auctoritate
999 4998 1241 5048 catholici
1291 5001 1390 5049 viri
1441 4999 1756 5064 generaliter
1800 4999 2058 5048 Christum

476 5077 634 5139 fuisse
657 5088 868 5139 passum
889 5086 988 5136 pro
1018 5070 1272 5119 omnibus.

483 5181 674 5238 Claret
703 5198 771 5236 ex
800 5179 894 5236 his
924 5195 1104 5248 supra
1143 5177 1351 5250 positis
1393 5175 1765 5240 testimoniis,
1799 5175 1938 5247 quia
1967 5192 2060 5230 re-

415 5269 672 5342 demptio
694 5267 1048 5340 captivitatis
1072 5266 1362 5333 humanm,
1378 5263 1647 5319 Christus
1667 5263 1858 5331 Jesus,
1879 5263 2060 5318 omni-

413 5358 524 5415 bus
555 5362 688 5414 ante
719 5355 1176 5412 incarnationem
1202 5360 1257 5410 et
1279 5354 1608 5428 passionem
1635 5351 1792 5407 illius
1816 5357 2060 5407 ventura

412 5451 554 5512 erat,
588 5450 642 5500 et
674 5446 1010 5517 quicunque
1054 5446 1286 5499 credere
1318 5443 1643 5505 voluerunt,
1663 5458 1728 5495 ac
1759 5441 1889 5496 ﬁdei
1922 5458 2044 5495 con~

412 5534 577 5609 gruis
597 5533 871 5605 operibus
891 5532 1077 5586 vivere
1099 5533 1475 5593 studuerunt,
1497 5546 1598 5599 per
1619 5527 1908 5599 passionis
1929 5528 2058 5597 ejus

412 5622 755 5695 mysterium
789 5621 1068 5694 redempti
1095 5626 1269 5692 atque
1294 5617 1494 5673 salvati
1529 5622 1702 5671 sunt:
1728 5616 1826 5688 qui
1859 5621 2056 5671 autem

411 5713 644 5769 credere
665 5709 997 5778 noluerunt,
1019 5727 1205 5781 neque
1228 5708 1338 5762 lidc
1358 5705 1553 5777 dignis
1577 5704 1848 5778 operibus
1870 5703 2057 5760 vivere

2175 4723 2392 4796 dempti
2422 4739 2496 4780 ac.
2519 4721 2840 4778 redimendi
2871 4721 3008 4787 sint,
3031 4719 3293 4777 scribens
3315 4719 3582 4787 Christus,
3609 4720 3828 4794 inquit,

2170 4814 2335 4868 semel
2365 4812 2574 4868 oblat-us
2603 4818 2682 4866 est
2718 4809 2788 4865 ad
2834 4811 3134 4867 multorum
3177 4808 3561 4866 exhauriendo
3604 4820 3830 4881 peccata

2170 4902 2352 4971 (Hebr.
2377 4919 2452 4964 1x,
2477 4901 2598 4970 28);
2631 4905 2688 4954 et
2717 4899 2971 4955 domnus
3011 4897 3362 4955 Prudentius
3391 4915 3460 4953 cx
3487 4899 3826 4972 Evangelio,

2171 4997 2227 5046 et
2257 4991 2388 5046 aliis
2418 4989 2734 5061 Scripturis
2775 4989 3018 5056 sanctis,
3052 4989 3124 5044 ad
3169 4987 3321 5044 hanc
3351 4988 3824 5046 confirmandam

2169 5079 2554 5136 assertionem
2584 5076 2754 5150 plura
2801 5078 2966 5150 ponit
3014 5075 3298 5150 exempla,
3331 5075 3588 5148 dicitque
3619 5077 3680 5132 in
3709 5095 3820 5134 su-

2167 5186 2272 5242 pra
2302 5171 2623 5223 memorata
2657 5166 2903 5238 epistola
2931 5167 3120 5239 capite
3148 5166 3318 5222 tertio
3343 5183 3400 5220 :«
3426 5164 3497 5220 Ut
3526 5166 3732 5222 credat
3759 5175 3819 5224 et

2168 5259 2532 5321 confiteatur,
2566 5254 2785 5311 scilicet
2827 5255 3210 5322 ordinandus,
3244 5272 3379 5310 cum
3409 5254 3690 5311 omnibus
3721 5262 3818 5313 oa-

2169 5345 2418 5410 tholicis,
2444 5344 2790 5416 sanguinem
2821 5343 3053 5399 Domini
3085 5343 3270 5400 nostri
3296 5343 3436 5398 Jesu
3464 5341 3682 5399 Christi
3715 5363 3821 5418 pro

2168 5435 2443 5490 omnibus
2477 5433 2810 5487 hominibus
2842 5449 2909 5487 ex
2930 5438 3048 5487 toto
3072 5432 3291 5488 mundo
3320 5431 3378 5485 in
3411 5446 3547 5484 eum
3574 5433 3820 5489 creden-

2167 5525 2325 5579 tibus
2357 5523 2594 5578 fusum:
2629 5538 2742 5575 non
2774 5525 2968 5576 autem
3003 5538 3104 5592 pro
3135 5520 3253 5576 illis
3283 5518 3384 5591 qui
3416 5536 3727 5590 nunquam
3757 5521 3820 5579 in

2165 5630 2301 5669 eum
2334 5611 2726 5676 crediderunt,
2751 5627 2853 5664 nec
2894 5609 3181 5682 hodieque
3215 5609 3479 5675 credunt,
3505 5609 3820 5680 nunquam

2165 5719 2269 5756 nec
2301 5697 2574 5755 credituri
2599 5702 2755 5762 sunt,
2780 5697 3004 5754 dicente
3035 5698 3160 5771 ipso
3189 5697 3460 5766 Domino,
3485 5697 3636 5754 Venit
3661 5701 3818 5756 enim
