4020 6464
196 473 308 536 317

909 478 1010 538 ns
1053 475 1813 542 PREDESTINATIONE
1855 435 2368 538 DISSERTlATIO
2409 476 2866 540 POSTERIOR.

3467 481 3586 544 318

192 608 447 668 muniter
466 625 672 668 omnes
693 609 1114 683 accedimus,in
1137 627 1252 683 quo
1273 615 1476 685 typum
1499 608 1708 666 salutis
1735 625 1834 665 no-
1863 607 1920 675 Α
1947 609 2105 680 gavit
2126 609 2490 683 ignaros,pro
2513 611 2786 667 omnibus
2816 628 2878 668 se
2907 611 3119 670 obtulit
3145 615 3426 688 passioni.
3457 616 3582 672 Non

193 701 320 756 strae
358 697 470 754 hoc
509 698 761 771 ipsemet
797 716 914 766 ore,
943 716 1058 772 quo
1088 717 1244 755 nunc
1275 704 1328 755 te
1359 700 1652 771 deprecor,
1687 697 1832 752 cele-

190 787 446 844 bramus.
481 788 710 845 Mecum
761 789 1011 844 adhibeo
1043 789 1115 844 ad
1148 787 1537 862 mitigandum
1568 792 1624 842 te
1659 787 1832 842 etiam

190 880 562 933 sacrosancta
598 875 702 932 illa
725 877 1004 950 mysteria
1035 895 1139 949 per
1169 895 1294 950 quae
1325 869 1637 932 virtutibus
1668 875 1834 931 coele-

190 965 381 1022 stibus
411 965 727 1021 sociamur.
762 988 792 1015 ››

255 1054 325 1108 Et
355 1053 614 1110 Sanctus
659 1053 914 1110 Basilius
961 1053 1339 1127 Cappadocus
1376 1055 1435 1110 in
1469 1071 1736 1111 sermone
1768 1054 1837 1109 de

190 1141 416 1214 psalmo
437 1158 563 1198 Lix:
593 1164 620 1192 ‹‹
643 1141 804 1198 Finis
826 1147 1022 1198 autem
1063 1143 1296 1210 dicitur,
1329 1145 1481 1216 quod
1507 1144 1566 1198 in
1587 1145 1700 1198 {ine
1733 1160 1836 1198 sa:-

191 1229 304 1285 culi
320 1229 382 1284 in
401 1231 912 1286 consummatione
929 1231 1058 1302 ejus
1075 1235 1334 1304 aptatur:
1352 1237 1586 1304 propter
1607 1231 1759 1304 quod
1783 1234 1841 1286 et

190 1335 290 1392 pro
319 1317 419 1374 his
458 1318 561 1391 qui
593 1319 1075 1376 immutabuntur
1100 1321 1276 1376 scribi
1309 1320 1523 1376 dicitur
1551 1319 1838 1393 psalmus,

190 1407 342 1480 quod
363 1411 476 1476 est,
501 1411 568 1463 ut
587 1407 785 1464 omnia
815 1407 991 1463 simul
1015 1408 1230 1480 dicam,
1250 1409 1320 1464 de
1342 1409 1611 1465 universo
1633 1425 1842 1481 genere

191 1497 452 1552 humano
475 1495 946 1570 intelligendum.
963 1498 1025 1552 In
1039 1514 1243 1553 omnes
1260 1498 1474 1554 etenim
1500 1499 1668 1554 debet
1695 1495 1845 1570 psal-

189 1585 265 1640 mi
279 1583 676 1658 intelligentia
702 1585 1056 1658 pervenire.»
1067 1587 1138 1642 Et
1149 1591 1279 1658 post
1291 1587 1618 1658 aliquanta:
1645 1609 1673 1636 «
1689 1587 1844 1641 Deus

190 1690 339 1746 ergo,
375 1673 596 1746 inquit,
622 1673 888 1746 abjecisti
936 1691 1044 1730 nos
1091 1676 1265 1744 (Ps-at.
1308 1691 1438 1744 cvu,
1484 1675 1586 1747 12).
1643 1673 1842 1742 Quos?

189 1761 290 1830 Qui
311 1761 494 1834 longe
517 1778 624 1818 nos
645 1761 890 1818 fecimus
914 1762 986 1818 ab
1007 1757 1092 1818 eo.
1131 1764 1461 1820 Interventu
1483 1779 1618 1837 ergo
1641 1781 1842 1836 pecca-

189 1855 473 1920 torum,et
495 1850 708 1908 mediis
739 1851 892 1907 inter
920 1868 1026 1908 nos
1057 1856 1114 1907 et
1135 1852 1317 1908 Deum
1349 1853 1844 1908 intercedentibus

1941 715 2077 770 ergo
2090 697 2341 754 multum
2355 700 3132 758 misericors?Misericordia
3153 704 3308 758 enim
3329 704 3586 762 hominis

1943 786 2002 841 in
2031 787 2359 858 proximum
2384 806 2580 855 suum,
2604 789 3003 844 misericordia
3019 791 3247 846 Domini
3269 793 3329 847 in
3350 810 3584 850 omnem

1945 893 2198 943 carnem,
2225 881 2290 931 ut
2311 877 2502 933 omnis
2519 894 2651 932 caro
2677 879 2748 933 ad
2772 878 2953 934 Deum
2981 881 3320 937 ascenderet
3345 881 3446 938 illa
3475 884 3586 939 Do-

1851 1009 1858 1016 .
1945 967 2090 1021 mini
2114 967 2486 1022 miseratione
2507 968 2733 1022 donata.
2745 967 3006 1040 Denique
3027 969 3128 1041 qui
3151 970 3481 1047 Susan‘nam
3494 973 3590 1028 ab-

1945 1054 2117 1111 solvit
2173 1059 2482 1122 tacentem,
2518 1073 2578 1112 se
2609 1055 2820 1111 obtulit
2844 1057 3016 1112 morti
3053 1075 3066 1113 :
3101 1058 3162 1113 in
3191 1057 3292 1114 illa
3321 1076 3500 1116 causa
3527 1064 3593 1116 ut

1946 1161 2116 1199 nemo
2134 1145 2552 1216 desperaret,in
2581 1145 2689 1200 hac
2722 1149 2786 1199 ut
2815 1145 3164 1202 redimendae
3195 1147 3590 1206 universitatis

1947 1233 2301 1288 sacriﬁcium
2325 1251 2440 1288 non
2473 1237 2730 1306 negaret.
2757 1255 2784 1283 ››
2817 1235 2888 1289 Et
2920 1235 3058 1290 item
3095 1253 3107 1290 :
3138 1259 3164 1285 «
3201 1237 3342 1302 Quis
3374 1241 3464 1294 est
3493 1255 3590 1294 au-

1945 1325 2064 1376 tem
2083 1322 2182 1394 qui
2210 1339 2271 1378 se
2289 1322 2459 1395 longe
2483 1323 2621 1378 facit
2640 1339 2674 1378 a
2695 1321 2960 1390 Domino,
2991 1323 3107 1379 nisi
3128 1323 3228 1397 qui
3249 1343 3365 1381 non
3397 1327 3590 1400 requi-

1947 1410 2023 1464 rit
2037 1409 2300 1481 justitias
2321 1412 2448 1482 ejus
2469 1411 2496 1465 ?
2519 1410 2625 1477 Qui
2645 1427 2779 1466 vero
2802 1411 3067 1482 justitias
3101 1414 3372 1486 exquirit,
3417 1431 3594 1488 prope

1949 1502 2058 1566 est,
2087 1499 2341 1555 adhaeret
2369 1500 2504 1556 Deo.
2529 1501 2599 1555 Et
2618 1499 2746 1556 ideo
2770 1500 3036 1570 justitias
3070 1503 3165 1558 Dei
3197 1504 3594 1576 quaerentibus

1951 1587 2090 1643 dicit
2117 1587 2431 1660 Apostolus
2467 1605 2478 1645 :
2519 1595 2626 1644 Vos
2669 1591 2768 1664 qui
2813 1591 3003 1646 cratis
3057 1589 3244 1663 longe,
3275 1591 3434 1667 facti
3459 1593 3594 1649 estis

1943 1693 2128 1748 prope
2156 1677 2214 1732 in
2241 1679 2526 1750 sanguine
2565 1677 2789 1734 Christi
2813 1681 3048 1750 (Ep/tes.
3083 1695 3144 1744 II,
3195 1680 3303 1748 13).
3339 1679 3592 1754 Sanguis

1951 1765 2162 1820 Christi
2195 1765 2431 1836 justitia
2459 1769 2566 1820 est.
2588 1766 2849 1839 Denique
2888 1767 3012 1838 ipse
3043 1765 3124 1822 ait
3149 1767 3222 1822 ad
3254 1767 3540 1826 Joannem
3573 1785 3588 1824 :

1951 1854 2082 1908 Sine
2103 1872 2203 1909 nos
2223 1853 2476 1926 implere
2503 1871 2733 1910 omnem
2747 1855 3059 1927 justitiam
3079 1856 3313 1923 (Matth.
3338 1875 3422 1923 III,
3447 1857 3590 1930 15).»

189 1939 637 2044 iniquitatibus,
659 1939 946 2044 abjecisse
977 1958 1084 2044 nps
1117 1941 1331 1996 dicitur
1359 1941 1532 1997 Deus.
1559 1943 1656 1996 Ait
1684 1941 1841 1997 enim
1873 1979 1921 2044 Β
1954 1943 2094 2044 Item
2128 1943 2225 2044 ubi
2258 1943 2820 2044 exponit,.Retribuc
2849 1961 3016 2044 seri-0
3043 1950 3144 2000 tuo
3175 1944 3364 2017 (Psal.
3397 1963 3590 2016 cxvm,

188 2033 242 2085 et
267 2028 428 2086 alius
473 2029 792 2107 propheta:
827 2031 984 2100 Quia
1009 2032 1166 2086 inter
1185 2047 1284 2086 vos
1301 2040 1358 2086 et
1387 2036 1575 2086 Deum
1593 2037 1844 2103 peccata

186 2127 472 2188 separant
494 2122 639 2186 (lsa.
665 2136 774 2186 Lix,
801 2119 916 2190 2).»
947 2119 1018 2174 Et
1045 2125 1179 2192 post
1208 2137 1467 2192 paucam
1486 2120 1848 2192 Moysesqui-

123 2203 130 2214 ’
190 2209 315 2263 dem
341 2207 704 2263 Israeliticos
725 2211 924 2280 postes
957 2207 1244 2280 sanguine
1276 2209 1409 2281 agni
1441 2210 1846 2281 obsignaverat

187 2297 519 2368 (Exodmn,
540 2299 596 2364 7)
622 2313 636 2351 :
659 2301 725 2352 tu
754 2313 886 2352 vero
915 2296 1126 2352 dedisti
1157 2296 1327 2352 nobis
1359 2296 1614 2369 signum,
1649 2298 1842 2371 ipsum

189 2385 546 2459 sanguinem
598 2385 716 2441 veri
765 2384 913 2458 Agni
953 2385 1336 2452 immaculati,
1371 2385 1470 2458 qui
1499 2387 1730 2444 oblatus
1757 2391 1848 2444 est

187 2475 434 2531 victima
464 2491 570 2547 pro
600 2473 782 2530 totius
815 2475 1020 2529 mundi
1051 2475 1261 2530 salute.
1295 2497 1323 2525 »

254 2564 420 2622 253
455 2563 670 2620 Beatus
700 2580 932 2636 quoque
952 2563 1296 2620 Ambrosius
1315 2564 1374 2618 in
1396 2565 1623 2636 psalmo
1657 2584 1844 2633 cxvm,

189 2653 284 2710 ubi
297 2653 473 2722 dicit,
485 2654 900 2710 [Misericordia
921 2655 1158 2710 Domini
1169 2653 1349 2724 ple-na
1361 2661 1444 2710 est
1461 2659 1848 2723 terra,«Quo-

189 2742 700 2816 modo,inquiens,
718 2741 1156 2816 plenaestterra
1175 2741 1574 2798 misericordia
1595 2745 1847 2813 Domini,

191 2831 295 2888 nisi
317 2848 436 2905 per
449 2831 789 2904 passionem
811 2831 1042 2886 Domini
1067 2831 1248 2887 nostri
1269 2833 1300 2888 J
1307 2848 1408 2886 esu
1432 2831 1847 2906 Christi,quam

188 2921 457 2976 futuram
481 2917 826 2992 praevidens,
853 2918 1021 2991 quasi
1044 2918 1395 2992 promissam
1418 2921 1703 2994 prepheta
1721 2939 1854 2979 con-

189 3007 491 3066 celebrat?
506 3007 682 3064 Plena
706 3013 796 3064 est
825 3025 959 3081 ergo
987 3011 1141 3064 terra
1171 3009 1573 3065 misericordia
1603 3011 1849 3078 Domini,

187 3099 324 3172 quia
351 3096 645 3154 omnibus
675 3098 816 3152 data
843 3101 933 3152 est
961 3096 1229 3153 remissio
1257 3101 1854 3173 peccatorum.Super

187 3205 398 3244 omnes
436 3185 525 3244 sol
559 3185 699 3242 oriri
721 3187 1050 3258 jubetur,et
1078 3186 1174 3242 hic
1204 3187 1442 3259 quidem
1475 3187 1560 3243 sol
1595 3189 1852 3261 quotidie

185 3293 368 3350 super
420 3292 632 3332 omnes
675 3275 861 3331 oritur
903 3275 1140 3345 (Matth.
1169 3295 1222 3345 v,
1258 3278 1346 3346 45)
1380 3294 1392 3332 :
1428 3277 1710 3350 mysticus
1754 3295 1852 3333 au-

1955 2033 2040 2102 17)
2067 2048 2080 2086 :
2115 2055 2142 2081 «
2169 2033 2492 2104 Responde,
2525 2031 2718 2104 inquit
2747 2036 2805 2088 et
2839 2031 3125 2105 Christus,
3151 2035 3295 2090 Ecce
3325 2035 3478 2091 bona
3507 2039 3598 2092 est

1955 2119 2219 2193 proxima
2255 2137 2382 2176 mea
2401 2121 2590 2188 (Cant.
2617 2123 2674 2189 ι).
2699 2121 2984 2187 Quoniam
3021 2125 3367 2194 cognoverat
3402 2123 3594 2179 Eccle-

1955 2209 2042 2262 sia
2065 2209 2492 2280 mysterium,et
2511 2227 2614 2281 pro
2634 2209 2814 2264 totius
2835 2209 3040 2264 mundi
3063 2210 3458 2283 redemptione
3474 2229 3601 2268 cru-

1955 2297 2189 2352 cifixum
2214 2297 2528 2352 Dominum
2555 2299 2759 2354 Jesum
2782 2297 3419 2370 praedicabat,meretur
3440 2299 3601 2355 audi-

1955 2404 2015 2441 re
2041 2403 2051 2441 :
2078 2387 2220 2441 Ecce
2246 2386 2398 2441 bona
2417 2403 2500 2453 es,
2525 2387 2662 2458 quia
2684 2386 2968 2442 Dominus
2997 2387 3168 2444 Jesus
3195 2389 3484 2444 mundum
3504 2405 3598 2444 ve-

1957 2475 2303 2542 nitsalvare,
2331 2494 2445 2530 non
2479 2477 2738 2547 perdere.
2765 2477 3014 2549 Ideoque
3045 2476 3357 2533 immemor
3393 2482 3483 2534 est
3509 2476 3600 2533 in-

1948 2566 2374 2638 jurim,memor
2403 2565 2658 2638 gratiae.»
2679 2566 2821 2620 Item
2853 2565 2952 2620 ubi
2985 2566 3242 2638 exponit,
3266 2566 3491 2642 4ufera
3510 2584 3599 2624 me

1953 2657 2323 2726 approbrium
2360 2660 2414 2709 et
2436 2663 2823 2723 contemptum
2853 2655 2990 2726 (Psa
3002 2654 3038 2710 ι.
3066 2672 3254 2723 CXVIII,
3289 2657 3404 2724 22).
3429 2679 3458 2706 «
3481 2657 3600 2712 Ad-

1953 2761 2188 2798 versum
2229 2761 2341 2810 me,
2373 2743 2584 2816 inquit,
2608 2744 2762 2800 254
2791 2743 3216 2798 detractabant.
3244 2744 3361 2817 Ego
3399 2761 3600 2802 eorum

1959 2833 2291 2904 redemptor
2319 2833 2796 2904 adveneram,ego
2818 2849 3088 2888 veneram
3111 2836 3176 2888 ut
3194 2832 3459 2890 omnium
3476 2851 3604 2908 pec-

1959 2924 2087 2976 cata
2109 2921 2453 2976 mundarem
2480 2938 2492 2988 ;
2517 2925 2580 2976 ut
2603 2937 3005 2993 recuperarem
3032 2921 3306 2991 amissos,
3339 2923 3604 2978 restitue-

1959 3027 2076 3064 rem
2097 3009 2364 3082 paradiso
2385 3009 2569 3064 sancti
2587 3009 2766 3064 Jacob
2789 3009 3270 3077 haereditatem,et
3294 3009 3378 3066 illi
3399 3011 3601 3066 adver-

1960 3117 2092 3154 sum
2126 3116 2218 3154 me
2245 3099 2646 3153 detractabant
2677 3098 2855 3170 (Psal.
2890 3116 3081 3167 cxvm,
3115 3101 3228 3168 58).
3261 3123 3289 3151 ››
3326 3101 3470 3156 Item
3500 3101 3600 3156 ubi

1959 3188 2211 3259 exponit,
2221 3187 2269 3240 Μ
2271 3189 2467 3243 iscrerc
2486 3190 2597 3243 mei
2613 3187 2908 3243 secundum
2928 3189 3204 3261 eloquium
3219 3197 3402 3245 tuum:
3431 3211 3457 3240 ‹‹
3474 3190 3606 3246 Jus-

1959 3277 2323 3350 titia,inquit,
2341 3295 2465 3350 quae
2479 3281 2567 3332 est
2580 3276 2909 3344 crucis,nisi
2932 3278 3086 3350 quod
3114 3279 3436 3335 ascendens
3457 3278 3602 3335 illud

185 3343 300 3423 tem
331 3364 430 3423 sol
471 3363 572 3421 ille
611 3363 856 3437 justitiae
903 3343 1178 3422 omnibus
1210 3343 1390 3422 tortus
1435 3343 1541 3434 est,
1569 3353 1849 3423 omnibus
1877 3343 1922 3412 α
1959 3343 2286 3440 patibulum
2312 3343 2600 3422 ili-ominus
2626 3343 2824 3422 uoster
2851 3343 3024 3422 Jesiis
3056 3366 3326 3423 Christus
3347 3371 3606 3440 peccato-

184 3455 362 3524 venit,
401 3453 686 3511 omnibus
718 3471 928 3527 passus
960 3458 1070 3522 est,
1101 3459 1158 3510 et
1187 3455 1462 3512 omnibus
1512 3457 1848 3512 resurrexit.

186 3544 316 3601 Ideo
349 3547 562 3600 autem
594 3561 808 3616 passus
829 3547 1010 3613 est,ut
1028 3543 1256 3599 tolleret
1287 3549 1588 3616 peccatum
1621 3545 1848 3612 mundi,

186 3631 412 3706 Siquis
447 3637 650 3688 autem
673 3649 790 3687 non
812 3631 997 3687 credit
1026 3632 1082 3686 in
1117 3631 1437 3701 Christum,
1473 3632 1726 3705 generali
1761 3633 1854 3687 be-

186 3723 400 3778 neﬂcio
440 3719 570 3794 ipse
591 3737 655 3776 se
679 3721 986 3775 fraudavit.
1021 3721 1132 3776 Sed
1159 3723 1323 3792 quod
1347 3717 1488 3776 Solis
1509 3726 1615 3789 est,
1641 3739 1850 3793 praero-

182 3811 449 3885 gativam
481 3811 656 3864 suam
697 3813 924 3864 servat:
952 3809 1108 3881 quod
1147 3808 1540 3881 imprudentis
1563 3814 1670 3877 est,
1703 3827 1854 3865 com-

184 3899 390 3956 munis
415 3915 453 3954 a
469 3914 534 3954 se
554 3897 805 3970 gratiam
828 3897 978 3954 lucis
997 3897 1270 3953 excludit.
1287 3898 1474 3970 Super
1493 3915 1698 3954 omnes
1719 3897 1852 3970 plu-

183 3989 276 4044 via
295 3993 416 4046 est.
443 4009 472 4037 »
493 3987 643 4042 Item
674 3986 774 4042 ubi
797 3986 960 4055 dicit,
991 3987 1352 4056 Principium
1383 3987 1690 4042 verborum
1721 3997 1852 4042 tuo-

185 4095 316 4134 rum
341 4079 582 4134 veritas
607 4074 794 4148 (Psat.
817 4092 1010 4143 cxvm,
1033 4076 1174 4148 160):
1204 4075 1428 4131 «Credo
1451 4093 1636 4131 unum
1667 4077 1852 4132 Deum

185 4184 334 4238 esse,
379 4181 506 4222 non
539 4165 738 4237 plures
768 4165 930 4220 deos.
963 4164 1106 4220 Cum
1136 4169 1332 4220 autem
1365 4167 1608 4237 coeperis
1639 4167 1851 4239 legere,

183 4257 516 4314 Dominum
546 4255 752 4311 Jesum
785 4253 884 4310 Dei
921 4253 1132 4308 Filium
1161 4253 1220 4308 in
1253 4271 1426 4309 carne
1459 4256 1687 4311 venisse
1717 4273 1855 4328 pro-

185 4349 316 4418 pter
342 4344 538 4402 totius
569 4342 776 4398 mundi
809 4343 1595 4417 redemptionem,distingue
1617 4345 1852 4418 sapien-

184 4440 276 4492 ter
307 4450 506 4491 unnm
537 4431 726 4488 Deum
756 4431 986 4486 Patrem
1018 4448 1167 4499 esse,
1203 4449 1272 4488 ex
1297 4449 1411 4504 quo
1442 4434 1642 4488 omnia
1672 4437 1728 4488 et
1750 4451 1856 4490 nos

185 4523 244 4579 in
269 4522 403 4590 illo,
438 4526 497 4578 et
523 4537 713 4576 unum
743 4519 1057 4576 Dominum
1087 4520 1311 4592 Jesum,
1333 4539 1434 4592 per
1463 4539 1634 4593 quem
1659 4523 1860 4578 omnia

185 4617 243 4670 et
272 4629 389 4669 nos
421 4627 530 4684 per
557 4609 779 4682 ipsum.
815 4631 843 4659 ››
876 4610 1019 4665 Item
1056 4609 1153 4665 ubi
1187 4609 1424 4682 exponit
1471 4612 1856 4684 Iniquitate»:

1957 3474 2087 3512 rum
2103 3461 2433 3511 nostrorum
2447 3455 2901 3528 chirographum
2915 3455 3602 3528 erucifixit(Col.n,1!1),et

1956 3545 2138 3600 totius
2168 3545 2325 3600 orbis
2356 3549 2657 3616 peccatum
2689 3561 2794 3600 suo
2841 3561 3046 3600 cruore
3093 3545 3398 3600 mundavit
3418 3545 3447 3600 ?
3471 3567 3499 3596 »
3536 3546 3606 3600 Et

1957 3633 2130 3688 item:
2163 3657 2189 3682 «
2226 3633 2378 3688 Mala
2404 3634 2528 3687 Eva:
2561 3632 2852 3688 successio
2885 3636 3071 3688 totum
3104 3633 3403 3688 hominem
3435 3633 3602 3688 devo-

1959 3724 2129 3788 ravit,
2161 3722 2436 3794 praeclara
2483 3721 2697 3776 Christi
2745 3721 3056 3776 haereditas
3085 3725 3273 3777 totum
3305 3715 3605 3778 hominem

1958 3810 2244 3865 liberavit.
2271 3811 2396 3864 Non
2417 3811 2489 3864 ad
2523 3827 2706 3864 unum
2737 3809 3117 3881 quidem,non
3151 3809 3226 3864 ad
3254 3809 3604 3881 paucos,sed

1959 3901 2028 3954 ad
2055 3916 2258 3954 omnes
2287 3902 2702 3953 testamentum
2735 3914 2910 3952 suum
2933 3897 3170 3968 scripsit
3190 3897 3610 3954 Jesus.0mnes

1961 3987 2160 4059 scripti
2195 3987 2451 4042 haeredes
2501 4003 2728 4054 sumus,
2764 4002 2878 4040 non
2911 4003 3014 4058 pro
3047 3985 3334 4058 portione,
3367 3986 3466 4041 sed
3505 4003 3608 4058 pro

1961 4073 2707 4133 universitate.Communis
2729 4078 2818 4129 est
2836 4073 2993 4130 enim
3009 4073 3274 4130 omnium
3294 4074 3609 4130 haereditas

1963 4166 2452 4231 universorum,et
2467 4163 2734 4220 soliditas
2765 4161 3384 4235 singulorum.Novum
3409 4165 3610 4220 Testa-

1964 4259 2228 4310 mentum
2279 4251 2496 4325 singuli
2547 4253 2783 4317 adeunt,
2816 4255 2874 4306 et
2903 4268 3110 4307 omnes
3150 4251 3474 4323 possident,
3507 4267 3614 4308 nec

1963 4343 2252 4400 minuitur
2265 4341 2473 4396 harredi
2493 4339 2779 4413 quidquid
2795 4340 3241 4396 acohaeredibus
3261 4341 3610 4396 vindicatur.

1964 4435 2160 4488 Manet
2181 4430 2642 4486 emolumentum
2667 4429 3044 4501 integrum,et
3062 4447 3128 4484 eo
3152 4429 3341 4502 magis
3363 4428 3614 4502 singulis

1964 4521 2190 4588 crescit,
2217 4536 2331 4591 quo
2367 4518 2636 4591 pluribus
2681 4517 2857 4574 fuerit
2887 4517 3264 4590 acquisitum.
3297 4518 3614 4575 Haereditas

1965 4610 2274 4667 Christiest
2291 4607 2651 4662 resurrectio.
2683 4608 2837 4662 lianc
2859 4609 3176 4680 quisquam
3199 4608 3486 4664 damnum
3510 4625 3612 4664 su-

187 4703 324 4758 odio
352 4699 548 4758 habui
574 4699 777 4769 (ibid.,
805 4700 929 4768 163)
965 4716 976 4754 :
1013 4723 1041 4749 «
1075 4699 1182 4779 Qui
1234 4699 1496 4771 quotidie
1543 4700 1856 4755 advocatus
1885 4717 1934 4782 Ι)
1965 4695 3216 4770 umduxcrit,quaeinunocommunisgratiw
3241 4696 3617 4753 nomeninve-

184 4807 291 4864 pro
315 4787 500 4846 nobis
521 4781 613 4844 est
633 4788 788 4859 apud
821 4787 1072 4850 Patrem,
1099 4774 1286 4860 ut'pro
1317 4787 1532 4858 quibus
1560 4787 1620 4843 in
1653 4788 1859 4844 diebus

185 4879 392 4936 carnis
425 4894 552 4934 suae
601 4875 967 4932 misericordi
997 4880 1085 4932 est
1114 4893 1459 4948 compassus
1491 4876 1720 4944 affectu,
1757 4894 1858 4948 pro

186 4967 282 5024 his
305 4969 595 5041 operetur
614 4963 1022 5020 remissionem
1043 4964 1302 5037 quotidie
1321 4968 1857 5036 peccatorquuaa

187 5063 280 5114 est
300 5055 470 5113 enim
491 5071 630 5128 spes
664 5053 780 5110 alia
809 5053 1006 5127 generi
1039 5053 1318 5120 humano,
1353 5053 1464 5109 nisi
1499 5058 1564 5107 ut
1593 5053 1857 5108 omnium

186 5145 524 5203 viventium
577 5142 792 5198 delicta
841 5142 1180 5198 donentur?
1212 5163 1240 5192 »
1274 5144 1418 5196 Item
1475 5143 1573 5197 ubi
1626 5143 1860 5213 exponit

189 5232 640 5292 Misericordiae
691 5237 811 5288 tua?
871 5231 1099 5300 multae,
1164 5233 1410 5286 Domine
1452 5231 1646 5299 (ibid.,
1683 5231 1854 5299 156):

189 5345 218 5374 «ι
250 5323 330 5379 Et
362 5321 413 5378 si
450 5320 623 5391 longe
651 5319 1023 5392 cst,inquit,a
1040 5320 1444 5386 peccatoribus
1472 5317 1639 5374 satus
1659 5319 1856 5386 (ibid.,

192 5413 346 5486 155),
371 5413 577 5466 tamen
627 5425 799 5464 nemo
843 5409 1132 5481 desperet,
1165 5408 1304 5480 quia
1352 5407 1549 5462 multae
1581 5411 1720 5462 sunt
1749 5407 1858 5462 mi-

191 5499 534 5556 sericordiae
569 5496 824 5564 Domini,
857 5495 992 5569 quia
1039 5496 1139 5568 qui
1193 5514 1298 5552 suo
1329 5501 1562 5568 peccato
1595 5501 1856 5568 pereunt,

191 5585 616 5644 misericordia
645 5583 874 5640 Domini
898 5584 1240 5658 liberantur.
1270 5587 1616 5650 Miscrebur,
1646 5583 1858 5656 inquit,

189 5681 372 5748 cuius
403 5676 680 5731 misertus
709 5689 808 5728 ero
837 5674 1054 5746 (Exod.
1086 5691 1282 5742 xxxm,
1319 5675 1426 5742 19).
1454 5672 1650 5728 Palam
1681 5675 1858 5745 appa-

192 5765 320 5822 ruit
351 5781 474 5821 non
505 5763 926 5837 quaerentibus,
961 5763 1184 5818 vocavit
1213 5763 1584 5834 refugientes,
1621 5779 1858 5834 congre-

1969 4789 2100 4844 nit?
2132 4786 2400 4843 Christus
2438 4785 2594 4841 enim
2629 4802 2939 4857 resurgens
2969 4787 3246 4842 omnibus
3277 4785 3611 4854 resurrexit,

1969 4875 2242 4951 quoniam
2265 4891 2366 4947 per
2381 4873 2678 4929 hominem
2702 4874 3051 4929 resurrectio
3070 4879 3457 4930 mortuorum.
3477 4874 3612 4929 Om-

1968 4967 2132 5021 nium
2167 4965 2346 5037 igitur
2375 4967 2568 5036 potest
2615 4961 2984 5035 singulorum
3035 4979 3162 5018 esse
3199 4961 3610 5039 dispendium,

1969 5055 2120 5126 quod
2146 5058 2233 5110 est
2254 5051 2432 5108 totius
2457 5051 2715 5122 corporis
2737 5055 2794 5106 et
2815 5051 3056 5106 humani
3081 5049 3311 5123 generis
3343 5049 3614 5104 reforma-

1967 5143 2127 5198 tio?»
2163 5143 2305 5196 Item
2343 5157 2476 5196 cum
2509 5144 2782 5195 tractaret
2805 5141 2874 5196 de
2896 5139 3088 5194 littera
3119 5139 3358 5194 Hebraea
3387 5137 3615 5194 decima

1967 5231 2192 5304 quinta,
2219 5232 2334 5287 ait:
2371 5231 2635 5285 «Verum
2661 5229 2798 5300 quia
2828 5228 3023 5300 passio
3053 5225 3368 5282 Salvatoris
3409 5243 3614 5282 omnes

1966 5321 2356 5387 redemit,non
2372 5319 2691 5374 absurdum
2707 5315 3126 5388 estintelligere
3141 5315 3221 5370 ita
3242 5315 3350 5372 hos
3366 5315 3615 5374 movisse

1969 5411 2160 5482 capita
2177 5408 2462 5479 sua,sicut
2479 5406 2861 5478 prophetabat
2875 5404 3146 5476 princeps
3163 5403 3258 5460 ille
3273 5405 3611 5478 Synagogae,

1967 5496 2196 5568 Expedit
2219 5512 2389 5550 unum
2428 5495 2701 5548 hominem
2738 5493 2881 5546 mori
2916 5507 3014 5562 pro
3033 5493 3232 5564 populo
3255 5493 3429 5565 (Joan.
3453 5509 3612 5560 xvm,

1969 5588 2080 5653 14).
2109 5608 2135 5634 ››
2171 5587 2314 5640 Item
2366 5599 2498 5636 cum
2548 5584 2842 5650 tractaret,
2876 5580 3314 5638 Adolescentulus
3359 5599 3482 5638 sum
3521 5597 3615 5652 ego

1968 5683 2018 5731 et
2061 5681 2394 5744 contemptus
2443 5671 2612 5739 (Psat.
2663 5685 2856 5734 cxvm,
2910 5671 3058 5739 141),
3112 5671 3238 5726 ait:
3290 5695 3316 5722 α
3354 5672 3472 5726 Rex
3518 5669 3616 5726 ille

1969 5765 2154 5819 durus
2183 5762 2540 5832 indignatur,
2563 5761 2618 5813 et
2642 5757 2916 5814 irascitur
2935 5758 3222 5832 diabolus,
3247 5777 3312 5816 eo
3336 5759 3488 5832 quod
3520 5775 3612 5814 ca-
