4020 6460
450 412 570 481 819

1385 412 1770 478 BINCMARI
1813 413 2258 478 RHEMENSIS
2301 413 2917 478 ARCHIEPISCOPI.

3738 408 3857 477 θεο

445 544 1402 623 uerentjuvenculae,quiadurilia:
1426 545 1582 605 ﬁlius
1605 565 1825 621 paucos
1842 549 2095 622 decepit;
2124 547 2184 618 Α
2210 550 2464 606 omnibus
2488 557 2735 607 mortuus
2762 555 2842 607 est
2876 548 2950 621 (Il
2974 547 3096 605 Cor.
3127 563 3182 617 ν,
3226 547 3337 618 14),
3370 542 3655 619 quoniam
3690 543 3857 605 Chri-

443 637 712 696 Christus
726 641 916 694 totum
945 637 1235 692 mundum
1257 635 1558 692 redemit.»
1572 637 1716 693 Item
1729 654 1862 693 cum
1882 641 2095 694 tracta-

443 731 554 795 ret,
577 727 880 786 Tribulatio
897 733 952 782 et
969 727 1243 799 angustia?
1263 727 1588 782 invenerunt
1603 743 1690 782 me
1710 726 1882 798 (Psal.
1901 744 2092 797 cxvm,

443 818 610 888 143):
644 840 673 869 κ
705 816 836 874 Noli
866 816 1079 873 iterum
1120 831 1380 890 peccare,
1412 816 1513 883 ait,
1545 819 1678 889 post
1707 815 2090 889 baptismum.

440 905 731 965 Omnibus
752 904 813 961 in
835 921 1148 961 commune
1169 903 1347 960 simul
1364 908 1632 960 mortuus
1644 909 1732 960 est
1743 905 2096 973 Cbristus,et

441 994 693 1070 singulis
740 993 921 1052 semel
971 993 1242 1063 moritur,
1279 1010 1396 1050 non
1444 993 1797 1066 frequenter.
1832 1016 1860 1044 ››
1897 993 2040 1050 Item
2074 1011 2088 1050 :

439 1108 470 1140 ‹‹
494 1085 651 1144 Calix
694 1083 922 1141 Domini
955 1082 1223 1139 remissio
1267 1085 1639 1155 peccatorum
1671 1087 1778 1149 est,
1813 1098 1927 1155 quo
1955 1099 2090 1138 san-

440 1173 572 1250 guis
600 1173 932 1231 effundatur
953 1171 1053 1245 qui
1076 1170 1257 1227 totius
1287 1170 1533 1228 redemit
1562 1175 1797 1244 peccata
1824 1171 2088 1227 mundi.»

440 1263 587 1325 Item
638 1262 700 1319 in
752 1264 1007 1319 tractatu
1058 1259 1317 1333 epistolae
1365 1260 1438 1316 ad
1487 1260 1782 1317 Romanos
1811 1263 1951 1333 (cap.
1983 1260 2084 1333 3):

442 1374 472 1410 α
506 1353 572 1411 Ῑῑι
600 1352 710 1408 hoc
740 1350 899 1408 enim
931 1348 1199 1408 Christus
1230 1351 1288 1405 et
1313 1348 1472 1418 vixit,
1505 1352 1563 1404 et
1592 1352 1860 1405 mortuus
1889 1352 1997 1417 est,
2031 1353 2090 1407 et

442 1440 855 1509 resurrexit,ut
877 1442 940 1496 et
966 1439 1233 1495 vivorum
1261 1438 1677 1507 dominetur,et
1700 1442 2084 1495 mortuorum.

438 1532 547 1593 Per
567 1529 863 1588 Christum
891 1528 1209 1586 Dominum
1239 1527 1389 1584 facta
1417 1530 1507 1584 est
1532 1531 1963 1600 creatura,qua3.
1982 1544 2085 1600 pro

436 1622 676 1697 peccato
697 1617 948 1675 alienata
967 1622 1075 1684 est,
1107 1617 1182 1673 ab
1203 1621 1436 1674 auclore
1457 1616 1613 1674 facta
1631 1616 1875 1689 captiva.
1898 1618 2085 1682 Quam

434 1709 590 1767 Deus
613 1708 802 1776 Pater,
828 1723 902 1763 ne
920 1723 1071 1779 opus
1091 1705 1221 1778 ejus
1242 1704 1475 1778 periret,
1499 1703 1682 1762 misso
1715 1704 1859 1761 Filio
1879 1704 1950 1760 de
1970 1720 2082 1760 cm-

432 1797 508 1857 lis
527 1797 599 1853 ad
615 1801 824 1864 terras,
843 1794 1045 1852 docuit
1065 1794 1202 1869 quid
1228 1793 1491 1851 faciendo
1511 1810 1724 1851 manus
1756 1793 2082 1866 piratarum

429 1884 730 1961 eﬂhgeret.
760 1883 1003 1956 Propter
1048 1883 1201 1956 quod
1251 1886 1309 1938 et
1347 1881 1533 1940 occidi
1559 1899 1622 1939 se
1653 1899 1866 1955 passus
1891 1886 1981 1939 est
2009 1882 2083 1939 ab

431 1971 709 2039 inimicis,
741 1975 807 2029 ut
836 1971 1200 2028 descendens
1240 1971 1313 2026 ad
1343 1971 1580 2039 inferos,
1614 1970 1756 2045 quia
1799 1970 2082 2028 innocens

429 2067 554 2122 erat
574 2061 1001 2129 oceisus,reum
1023 2060 1237 2118 faceret
1256 2064 1660 2133 peccatum,ut
1679 2077 1828 2133 quos
1844 2060 2082 2117 tenebat

427 2151 586 2231 apud
608 2149 826 2208 inferos
847 2148 1161 2205 amitteret.
1185 2147 1473 2216 Quoniam
1493 2165 1629 2223 ergo
1650 2147 1793 2205 vivis
1823 2149 2081 2205 ostendit

426 2240 583 2298 viam
606 2237 838 2310 salutis,
861 2253 929 2294 ac
959 2252 1023 2293 se
1052 2235 1263 2294 obtulit
1290 2254 1394 2310 pro
1424 2237 1530 2304 eis,
1561 2242 1823 2295 mortuos
1851 2254 1984 2294 vero
2014 2235 2080 2293 li-

426 2327 652 2387 beravit
666 2327 743 2383 de
783 2325 1032 2395 inferno,
1055 2329 1179 2382 tam
1206 2325 1468 2382 vivorum
1501 2343 1679 2399 quam
1710 2331 2076 2384 mortuorum

426 2416 785 2476 dominatur.
808 2416 891 2472 Ex
910 2413 1156 2488 perditis
1181 2414 1339 2471 enim
1362 2414 1578 2471 iterum
1608 2415 1944 2473 reformavit
1963 2415 2075 2472 sibi

424 2505 559 2565 illos
578 2505 641 2562 in
662 2520 921 2562 servos.»
942 2504 1012 2560 Et
1032 2501 1172 2559 item
1195 2506 1338 2578 (mp.
1361 2503 1532 2572 eod):
1554 2526 1583 2555 ‹‹
1598 2503 1707 2572 Qui
1726 2504 1880 2561 enim
1894 2505 1954 2560 in
1967 2505 2076 2561 hoc

427 2593 604 2655 servit
632 2592 887 2660 Christo,
911 2591 1099 2667 placet
1117 2592 1252 2661 Deo,
1269 2592 1542 2666 quoniam
1567 2593 1836 2650 Christus
1856 2611 1962 2650 nos
1984 2611 2075 2650 re-

426 2683 631 2743 demit.
666 2682 820 2750 Ideo,
852 2681 968 2752 ait,
995 2679 1095 2754 qui
1142 2679 1204 2736 in
1252 2680 1363 2737 hoc
1405 2681 1584 2738 servit
1629 2681 1880 2748 Christo,
1925 2699 2073 2755 qua-

427 2772 536 2830 re?
567 2770 719 2831 255
748 2769 898 2837 Quia
942 2768 1069 2844 ipse
1113 2769 1276 2826 misit
1319 2770 1619 2827 Christum
1668 2774 1734 2826 ut
1763 2770 2076 2827 redimeret

423 2876 612 2936 genus
653 2859 1004 2928 humanum.
1041 2881 1069 2909 »
1102 2858 1244 2916 Item
1275 2859 1337 2915 in
1367 2858 1615 2933 cpistola
1641 2860 1714 2916 ad
1745 2857 2076 2917 Corinthios

423 2952 602 3025 (epist.
636 2966 678 3018 ι,
724 2965 773 3007 o.
807 2948 860 3021 1)
894 2965 909 3005 :
960 2970 990 2999 ‹‹
1025 2948 1253 3006 Verbum
1296 2950 1449 3006 enim
1494 2949 1672 3006 crucis
1720 2947 2076 3021 pereuntibus

423 3039 644 3115 quidem
697 3038 936 3095 stultitia
987 3045 1069 3094 est
1109 3039 1165 3108 (Ι
1188 3041 1311 3096 Cor.
1343 3055 1385 3101 ι,
1417 3039 1527 3107 18).
1560 3037 1938 3094 Manifestum
1985 3040 2077 3093 est

425 3127 567 3202 quia
587 3126 805 3200 quibus
831 3143 975 3182 crux
995 3124 1214 3182 Christi
1242 3125 1493 3183 stultitia
1529 3130 1638 3195 est,
1661 3127 1720 3183 in
1750 3125 2075 3200 perditione

2203 641 2331 695 stus
2357 638 2605 711 diligens
2641 654 2829 709 genus
2874 637 3224 705 humanum,
3274 638 3343 692 ut
3385 652 3486 693 eos
3540 633 3857 693 redimeret

2202 727 2376 784 morti
2432 745 2493 785 se
2541 727 2719 783 dedit.
2766 748 2796 777 »ι
2840 727 2912 783 Et
2952 724 3095 781 item
3141 724 3327 794 (ibid)
3362 741 3376 781 :
3414 745 3444 777 κ
3482 724 3627 796 Ergo
3673 739 3857 782 onmes

2198 820 2403 874 mertui
2427 825 2574 887 sunt,
2607 825 2658 874 et
2682 831 2781 889 pro
2811 816 3064 872 omnibus
3106 821 3355 871 mortuus
3402 820 3501 871 est.
3550 813 3703 881 Quia
3730 829 3855 871 om-

2199 924 2304 965 nes
2332 923 2568 963 necesse
2593 910 2684 962 est
2711 903 2860 960 mori
2890 921 3070 960 causa
3096 903 3364 976 Adaa,pro
3395 901 3677 959 omnibus
3699 919 3854 959 mor-

2198 995 2337 1054 luus
2365 1000 2455 1053 est
2482 995 2845 1063 Christus,ut
2873 1010 2972 1051 eos
2993 1010 3028 1050 a
3048 991 3307 1049 secunda
3334 994 3523 1048 morte
3550 989 3849 1049 liberaret.

2199 1085 2448 1158 Ideoque
2478 1084 2578 1158 qui
2607 1083 2809 1141 vivunt
2852 1082 2913 1139 in
2960 1097 3222 1154 corpore,
3256 1080 3513 1139 scientes
3548 1078 3850 1139 Christum

2197 1178 2497 1231 mortuum
2534 1189 2665 1230 esse
2708 1189 2814 1246 pro
2866 1187 2949 1240 se,
2980 1170 3102 1228 sint
3149 1170 3203 1226 ei
3254 1167 3475 1226 subditi
3508 1169 3850 1243 proﬁtentes

2196 1262 2354 1319 hunc
2385 1260 2716 1318 Dominum.
2749 1258 2974 1328 Quibus
3012 1256 3167 1314 enim
3214 1256 3455 1330 prodest
3502 1271 3669 1313 mors
3697 1255 3846 1329 ejus,

2193 1351 2600 1408 testimonium
2630 1348 2897 1422 perhibet
2923 1343 3426 1404 resurrectionis.»
3456 1345 3530 1401 Et
3554 1343 3703 1402 item
3733 1343 3850 1419 epi-

2194 1439 2345 1497 stola
2369 1441 2442 1497 ad
2471 1437 2755 1512 Ephesios
2781 1439 2924 1510 (cap.
2958 1435 3033 1508 4).
3077 1435 3364 1505 Veritatem
3406 1440 3592 1490 autem
3636 1433 3847 1507 facien-

2193 1537 2289 1597 tes,
2325 1531 2388 1587 in
2431 1529 2696 1586 charitate
2720 1540 3016 1600 augeamus
3063 1525 3127 1580 in
3173 1525 3353 1596 ipsum
3400 1523 3591 1579 omnia
3628 1523 3730 1595 qui
3770 1529 3849 1583 est

2191 1627 2355 1690 caput
2407 1618 2658 1675 Christus
2703 1613 2917 1688 (Ephes.
2952 1629 3028 1682 IV,
3061 1611 3171 1683 15).
3221 1633 3250 1663 ‹‹
3314 1611 3473 1667 Hanc
3527 1609 3675 1666 dicit
3718 1626 3848 1673 esse

2189 1707 2515 1774 veritatem,
2547 1710 2614 1762 ut
2642 1720 2902 1763 amorem
2932 1699 3149 1759 Christi
3178 1699 3580 1774 respicientes,
3609 1715 3730 1773 quo
3755 1697 3846 1759 di-

2188 1796 2328 1854 lexit
2359 1812 2488 1864 nos,
2519 1799 2579 1851 et
2608 1792 2854 1851 tradidit
2882 1808 2945 1847 se
2974 1806 3079 1863 pro
3108 1787 3300 1857 nobis,
3321 1803 3530 1846 omnes
3559 1785 3842 1863 subjicia-

2113 1920 2160 1986 Β
2189 1902 2325 1942 mur
2351 1884 2424 1953 ei,
2457 1883 2708 1941 scientes
2737 1881 2879 1954 quia
2907 1879 3175 1986 omnium
3213 1881 3442 1978 auctor.
3460 1874 3751 1986 esivitse,
3782 1878 3846 1935 ut

2187 1973 2359 2048 quasi
2389 1972 2565 2046 capiti
2595 1970 2860 2028 membra
2889 1969 3240 2037 subdantur,
3283 1970 3350 2024 ut
3395 1965 3446 2024 si
3491 1963 3617 2035 alii,
3648 1981 3844 2027 errore

2185 2063 2275 2120 vel
2306 2061 2720 2130 malivolentia,
2752 2075 2869 2117 non
2901 2058 3159 2115 fatentur
3210 2054 3480 2114 omnium
3526 2058 3711 2128 caput
3739 2053 3841 2111 ha-

2187 2151 2311 2209 beri
2359 2151 2678 2222 Christum,
2708 2147 2949 2223 quiaab
2976 2146 3104 2221 ipso
3148 2146 3305 2204 facta
3350 2147 3494 2202 sunt
3538 2143 3842 2201 voluntate
3898 2160 3907 2171 '

2187 2240 2412 2298 Patris:
2446 2257 2554 2297 nos
2580 2243 2779 2296 tamen
2809 2236 2913 2311 qui
2942 2233 3242 2294 catholicas
3272 2234 3409 2291 ﬁdei
3443 2231 3838 2301 admiremur,

2184 2330 2295 2388 hoc
2323 2328 2484 2387 omni
2513 2326 2817 2387 devotione
2844 2329 2904 2384 et
2931 2341 3074 2381 cura
3100 2338 3272 2398 agere
3291 2322 3673 2388 debemus,ut
3700 2319 3839 2383 huic

2185 2418 2322 2476 ﬁdei
2352 2435 2460 2475 nos
2488 2418 2796 2485 damnum,
2828 2414 2932 2472 sed
2980 2413 3214 2470 lucrum
3254 2411 3596 2482 efferamus,
3625 2409 3839 2483 persis-

2184 2511 2374 2566 tentes
2394 2508 2452 2563 in
2475 2506 2586 2563 hac
2605 2503 3128 2571 asseveratione,ut
3146 2499 3618 2574 comprimantur
3645 2515 3837 2573 prave

2184 2596 2400 2654 mentis
2428 2593 2721 2667 colloquia
2747 2593 3027 2650 adversus
3057 2589 3361 2647 veritatem
3392 2592 3676 2646 armata.»
3691 2587 3836 2647 Item

2182 2685 2244 2742 in
2291 2682 2540 2759 epistola
2587 2683 2658 2739 ad
2708 2679 3083 2740 Timotheum
3112 2681 3255 2751 (cap.
3288 2676 3400 2751 ll),
3433 2677 3541 2747 Qui
3566 2675 3720 2735 dedit
3748 2694 3834 2736 se-

2180 2776 2473 2849 metipsum
2506 2771 2932 2844 redanptionem
2970 2784 3072 2842 pro
3116 2765 3370 2825 omnibus
3398 2766 3447 2839 (ι
3479 2766 3617 2823 Tim.
3660 2782 3725 2836 ιι,
3756 2766 3832 2839 6).

2182 2887 2212 2916 ‹‹
2244 2861 2532 2932 Quoniam
2561 2861 2738 2918 homo
2760 2859 2889 2933 jam
2920 2855 3330 2914 reconciliatus
3378 2854 3494 2913 Deo
3543 2853 3834 2914 obnoxius

2182 2956 2309 3010 erat
2335 2950 2510 3007 morti
2537 2949 2800 3018 inferum,
2850 2963 2924 3005 ne
2964 2947 3041 3004 ad
3086 2960 3223 3003 eum
3271 2944 3367 3002 cui
3413 2942 3835 3003 reconciliatus

2181 3039 2373 3097 fuerat
2399 3040 2597 3111 posset
2613 3033 3219 3105 ascendere,Salvator
3234 3036 3300 3090 ut
3321 3030 3631 3091 arbitrium
3653 3049 3725 3093 su
3735 3050 3833 3101 um

2182 3129 2256 3186 ad
2285 3129 2556 3186 etl‘ectum
2585 3125 2946 3200 perduceret,
2981 3123 3131 3181 mori
3160 3139 3225 3180 se
3251 3139 3467 3196 passus
3509 3126 3601 3179 est
3628 3126 3835 3183 contra

427 3219 571 3274 sunt
591 3233 605 3285 ;
628 3214 869 3271 inferum
897 3213 1055 3271 enim
1083 3214 1259 3270 morti
1290 3232 1407 3270 non
1438 3220 1578 3272 sunt
1604 3215 1808 3288 erepti.
1840 3216 1937 3271 His
1965 3231 2074 3271 au-
2172 3218 2297 3291 jus,
2312 3220 2378 3274 ut
2396 3216 2759 3273 descendens
2788 3213 2860 3270 ad
2891 3212 3046 3272 258
3063 3211 3303 3280 inferos,
3332 3213 3584 3270 mortem
3612 3211 3687 3270 de
3716 3209 3831 3269 im-

423 3311 530 3362 tem
556 3303 654 3377 qui
698 3302 844 3359 salvi
895 3303 1039 3375 ﬁunt
1090 3304 1266 3359 virtus
1326 3303 1427 3359 Dei
1478 3311 1558 3359 est
1584 3303 1788 3376 (ibid).
1821 3303 1946 3359 Non
1978 3306 2069 3360 est
2095 3291 2139 3359 C
2177 3305 2390 3380 pietate
2411 3321 2587 3379 quam
2616 3303 2678 3360 in
2707 3319 2774 3360 eo
2802 3306 3068 3376 gesserat
3083 3301 3410 3371 damnaret,
3441 3299 3716 3359 auferens
3744 3300 3832 3359 eis

423 3392 766 3461 obscurum,
791 3388 932 3474 quia
958 3389 1053 3448 his
1083 3390 1184 3463 qui
1207 3392 1452 3447 credunt
1471 3391 1572 3447 Dei
1590 3391 1775 3448 virtus
1795 3394 1903 3449 est.
1935 3393 2067 3449 Cre-

423 3481 574 3538 dunt
597 3477 780 3548 enim,
811 3495 929 3536 non
958 3478 1358 3536 inﬁrmitatem
1389 3497 1519 3537 esse
1547 3497 1778 3538 crucem
1827 3479 2066 3550 Christi,

424 3569 525 3628 sed
546 3568 821 3625 virtutem
842 3584 857 3624 :
879 3567 1274 3642 intelligentcs
1293 3574 1540 3626 mortem
1558 3569 1773 3626 victam
1793 3569 1853 3625 in
1876 3585 2067 3633 cruce,

423 3659 597 3731 cujus
628 3658 866 3733 signum
898 3656 1001 3731 qui
1028 3656 1249 3715 habent
1277 3658 1420 3715 salvi
1451 3658 1727 3731 sunt.qui
1756 3659 1829 3715 ab
1861 3657 1962 3715 illa
1991 3663 2071 3714 te-

427 3747 552 3805 neri
602 3764 721 3805 non
776 3750 1045 3822 possunt.
1077 3750 1238 3819 (Cap.
1265 3749 1320 3822 6)
1349 3750 1478 3806 Non
1503 3749 1643 3805 estis
1669 3748 1865 3817 rastri,
1893 3747 2072 3818 empti

421 3839 581 3896 enini
632 3837 774 3894 estis
824 3837 1020 3907 pretio
1047 3841 1096 3906 (Ι
1122 3839 1253 3896 Cor.
1288 3854 1368 3905 vr,
1408 3838 1517 3907 19).
1552 3836 1927 3894 Manifestum
1982 3839 2073 3892 est

423 3927 565 4002 quia
595 3926 698 4001 qui
736 3928 972 3999 emptus
1003 3928 1114 3994 est,
1137 3943 1253 3982 non
1286 3928 1378 3982 est
1407 3924 1499 3981 sui
1530 3924 1775 3995 arbitrii,
1810 3925 1911 3982 sed
1941 3925 2072 3996 ejus

425 4034 462 4074 a
488 4032 605 4090 quo
633 4018 870 4088 emptus
905 4017 1014 4084 est,
1042 4017 1108 4069 ut
1149 4030 1268 4070 non
1317 4030 1509 4080 suam,
1541 4014 1640 4071 sed
1690 4013 1850 4070 illius
1896 4013 2074 4069 faciat

422 4106 785 4162 voluntatem
810 4117 825 4157 :
846 4105 907 4158 et
925 4101 1065 4176 quia
1085 4101 1261 4158 charo
1283 4102 1461 4175 empti
1487 4119 1616 4158 sum
1625 4102 2072 4176 us,propensius

425 4192 544 4251 Deo
562 4190 777 4248 servire
811 4190 1116 4270 debemus,
1137 4207 1211 4247 ne
1231 4190 1489 4247 offensus
1509 4208 1545 4247 a
1564 4208 1681 4265 qua
1700 4208 1807 4248 nos
1829 4189 2074 4247 redemit

426 4279 601 4338 morti
622 4295 732 4336 nos
752 4279 1167 4344 reddat.Quam
1197 4277 1355 4333 enim
1384 4278 1732 4336 eharissimo
1754 4279 1938 4352 pretio
1966 4295 2073 4336 nos

427 4369 589 4438 emit,
619 4372 688 4424 ut
715 4367 1066 4442 sanguinem
1121 4384 1297 4422 suum
1354 4366 1518 4423 daret
1562 4385 1666 4441 pro
1693 4368 1864 4424 nobis
1883 4368 1912 4424 ?
1945 4390 1973 4418 ››
2004 4369 2074 4423 Et

426 4458 569 4515 item
601 4458 745 4529 (cap.
773 4455 868 4529 9):
922 4480 950 4507 α
976 4455 1164 4512 Omnis
1210 4463 1392 4512 autem
1437 4459 1536 4531 qui
1565 4459 1625 4514 in
1654 4473 1824 4530 agone
1865 4464 2075 4514 contm-

425 4547 526 4616 dit,
555 4547 624 4603 ab
673 4546 928 4604 omnibus
973 4560 1032 4602 se
1085 4547 1318 4602 abstinet
1355 4545 1405 4619 (ι
1433 4546 1554 4602 Cor.
1588 4564 1665 4614 Ix,
1693 4549 1807 4616 25),
1859 4546 1930 4602 ab
1978 4545 2073 4602 his

2177 3412 2326 3470 quos
2355 3393 2592 3452 tenebat
2636 3408 2652 3448 :
2685 3396 2752 3449 ut
2779 3392 2852 3449 de
2879 3395 3088 3448 cetera
3137 3389 3390 3464 quisque
3425 3389 3669 3464 signum
3698 3391 3833 3464 ejus

2176 3485 2438 3555 haberet,
2470 3482 2544 3540 ab
2572 3498 2641 3540 ea
2668 3480 2853 3538 teneri
2902 3496 3020 3537 non
3066 3483 3285 3554 posset.
3337 3477 3521 3551 Cujus
3548 3476 3634 3536 rei
3661 3479 3831 3538 testi-

2179 3573 2445 3630 monium
2470 3575 2732 3643 tempore
2747 3584 2864 3642 quo
2881 3567 3197 3625 resurrexit
3213 3566 3833 3625 ostendit.Destructio

2178 3661 2334 3720 enim
2364 3659 2573 3717 mortis
2596 3655 2942 3716 resurrectio
2963 3661 3332 3714 mortuorum
3356 3657 3654 3715 est.»le
3670 3655 3834 3715 idem

2179 3754 2424 3808 sanctus
2450 3747 2817 3822 Augustinus
2846 3745 2909 3802 in
2938 3745 3089 3802 libro
3118 3746 3192 3802 de
3218 3745 3443 3819 Spiritu
3490 3750 3700 3803 sancto
3747 3747 3836 3816 (tu

2176 3856 2368 3914 praem.
2416 3838 2514 3895 tib.
2547 3841 2611 3906 ι),
2642 3851 2938 3910 exponens
2986 3836 3340 3892 sententiam
3386 3834 3524 3892 libri
3550 3834 3834 3895 Judicum

2181 3929 2252 3987 de
2277 3927 2507 3985 Gedeon
2536 3925 2774 3995 (Jud.vr)
2808 3943 2823 3981 :
2854 3946 2885 3976 «
2919 3923 3067 3980 Cum
3098 3923 3365 3982 audisset
3387 3923 3644 3994 Gedeon,
3676 3925 3839 3999 quod

2180 4015 2587 4074 deﬁcientibus
2616 4011 2752 4071 licet
2777 4011 3132 4087 populorum
3162 4010 3427 4070 millibus
3463 4012 3526 4070 in
3562 4030 3684 4071 uno
3712 4014 3838 4072 viro

2182 4103 2464 4162 Dominus
2487 4101 2716 4176 plebem
2738 4117 2912 4159 suam
2932 4101 3005 4157 ab
3030 4100 3303 4158 hostibus
3320 4099 3840 4169 1iberaret,obtulit

2181 4195 2415 4252 haedum
2444 4207 2777 4265 caprarum,
2811 4192 2984 4263 cujus
3029 4206 3291 4260 carnem,
3324 4190 3653 4249 secundum
3682 4208 3839 4267 pra:-

2182 4286 2350 4356 cepta
2377 4279 2654 4354 angeli,et
2682 4296 2888 4353 azyma
2916 4296 3098 4352 supra
3140 4282 3370 4352 petram
3416 4279 3638 4353 posuit,
3668 4285 3733 4338 et
3768 4298 3839 4340 ea

2174 4373 2309 4445 jure
2341 4368 2618 4443 perfudit.
2651 4371 2787 4436 Quae
2818 4367 2996 4424 simul
3026 4373 3092 4425 ut
3119 4367 3292 4442 virga
3322 4368 3632 4426 cacumine
3652 4386 3835 4444 quam

2181 4459 2419 4534 gerebat
2438 4455 2682 4532 angelus
2703 4456 2805 4514 Dei
2836 4455 3222 4531 contingit,de
3244 4460 3410 4529 petra
3436 4457 3593 4532 ignis
3614 4459 3834 4533 erupit,

2183 4552 2358 4622 atque
2387 4547 2470 4604 ita
2496 4544 2854 4603 sacriﬁcium
2876 4547 3032 4620 quod
3064 4545 3418 4603 oﬂ'erebatur
3444 4546 3834 4622 absutnptum

427 4634 723 4731 omnibus.
746 4650 875 4708 quin
891 4632 1145 4731 vitanda
1159 4635 1362 4691 eadem
1384 4635 1564 4692 tradit
1583 4635 1916 4710 disciplina,
1937 4651 2073 4691 cum
2101 4664 2153 4731 Β
2183 4638 2421 4703 est.Quo
2450 4635 2667 4731 indicio
2695 4633 3058 4692 declaratum
3085 4635 3316 4693 videtur
3343 4634 3499 4709 quod
3527 4640 3697 4710 petua
3734 4635 3840 4695 illa

427 4723 619 4783 sciant
638 4739 825 4780 unum
855 4724 1256 4780 coronandum
1282 4740 1296 4779 :
1321 4727 1539 4797 quanto
1558 4725 1750 4798 magis
1770 4725 2075 4780 observan-

427 4814 570 4871 dum
602 4811 772 4869 nobis
815 4816 925 4881 est,
957 4811 1061 4885 qui
1117 4811 1392 4869 omnibus
1448 4811 1740 4885 promissa
1785 4812 1914 4868 est?
1941 4834 1971 4863 ››
2003 4812 2073 4868 Et

425 4902 568 4960 item
586 4906 740 4974 (cap.
770 4901 856 4976 10)
880 4917 895 4959 :
928 4924 957 4953 ‹‹
980 4906 1108 4960 Non
1129 4903 1379 4975 potestis
1406 4917 1614 4959 mensae
1644 4903 1888 4959 Domini
1912 4917 2071 4959 com-

426 4993 736 5050 municare
788 4999 846 5048 et
899 5004 1112 5048 mensae
1161 4991 1605 5048 daemoniorum.
1642 4989 1862 5046 Idcirco
1912 4989 2070 5046 enim

425 5079 695 5138 Christus
741 5079 1057 5137 cruciﬁxus
1086 5082 1195 5149 est,
1228 5079 1369 5152 quia
1411 5078 1680 5136 dissolvit
1726 5095 1902 5151 opera
1947 5077 2071 5135 dia-

426 5168 582 5226 boli?
602 5169 712 5236 Qui
753 5186 892 5244 ergo
938 5167 1078 5224 facit
1117 5185 1292 5241 opera
1338 5167 1576 5236 diaboli,
1627 5167 1856 5224 Christo
1900 5185 2070 5240 repu-

426 5261 623 5332 gnat.»
647 5259 717 5315 Et
745 5259 886 5315 item
914 5262 1071 5332 (cap.
1104 5259 1194 5328 11)
1224 5281 1255 5309 (ι
1276 5263 1422 5314 Reus
1439 5258 1551 5313 erit
1569 5257 1832 5330 corporis
1849 5265 1905 5313 et
1930 5273 2069 5312 san-

426 5347 630 5423 guinis
660 5348 900 5404 Domini
937 5349 1134 5418 (lCor.
1164 5362 1244 5416 xx,
1274 5351 1386 5416 27).
1421 5345 1568 5413 Quid
1599 5350 1688 5401 est
1716 5349 1909 5401 autem
1942 5361 2073 5402 reos

429 5451 579 5503 esse,
609 5434 723 5492 nisi
756 5453 957 5508 poenas
991 5437 1130 5492 dare
1176 5435 1382 5493 mortis
1412 5433 1688 5491 Domini?
1717 5433 1955 5490 Occisus
1984 5439 2074 5490 est

429 5524 589 5583 enim
617 5524 791 5580 etiam
824 5541 928 5598 pro
958 5525 1052 5582 his
1081 5525 1181 5598 qui
1213 5524 1565 5581 beneﬁcium
1595 5522 1724 5594 ejus
1752 5522 1813 5577 in
1838 5521 2071 5578 irritum

431 5614 675 5671 ducunt.
710 5634 739 5662 »
786 5614 858 5669 Et
904 5613 1119 5669 iterum
1172 5613 1326 5687 (cap.
1367 5613 1469 5679 5):
1532 5633 1561 5662 ‹‹
1593 5610 1870 5667 Charitas
1917 5611 2073 5668 enim

433 5701 650 5763 Christi
666 5707 839 5775 urget
868 5717 991 5774 nos,
1015 5702 1125 5759 hoc
1136 5702 1505 5777 judicantes,
1533 5700 1682 5775 quod
1707 5700 1758 5756 si
1786 5716 1933 5758 unus
1954 5718 2069 5774 pro

2180 4729 2385 4800 typum
2415 4723 2689 4781 habuerit
2705 4724 2968 4798 corporis
2988 4723 3384 4798 Christi,quia
3408 4723 3697 4799 scriptum
3722 4730 3837 4795 est,

2178 4815 2443 4872 Bibebunt
2467 4813 2535 4871 de
2562 4815 2909 4888 consequenti
2952 4830 3040 4871 eos
3084 4821 3261 4888 petra,
3289 4821 3444 4887 petra
3486 4822 3673 4873 autem
3714 4822 3839 4873 erat

2181 4905 2431 4961 Christus
2463 4903 2510 4974 (ι
2537 4902 2659 4960 Cor.
2688 4920 2745 4971 x,
2780 4902 2858 4977 4).
2892 4904 3056 4971 Quod
3087 4903 3293 4976 utique
3335 4920 3452 4960 non
3498 4904 3573 4963 ad
3618 4903 3841 4961 divini-

2177 4997 2359 5050 tatem
2388 4993 2538 5064 ejus,
2572 4993 2674 5050 sed
2720 4993 2793 5050 ad
2843 5009 3080 5050 carnem
3127 4992 3378 5050 relatum
3421 4996 3534 5063 est,
3570 5008 3705 5066 quae
3756 4994 3839 5053 si-

2180 5082 2382 5140 tientia
2413 5081 2591 5138 corda
2617 5081 2967 5156 populorum
2988 5081 3229 5155 perenni
3259 5081 3380 5139 rivo
3399 5081 3493 5140 sui
3520 5081 3839 5157 sanguinis

2177 5169 2641 5226 inundavitJam
2669 5175 2810 5227 tunc
2849 5169 3028 5243 igitur
3054 5170 3115 5226 in
3144 5169 3423 5244 mysterio
3467 5169 3836 5231 declaratum

2181 5259 2440 5332 est,quia
2469 5258 2754 5316 Dominus
2781 5259 2955 5316 Jesus
2984 5259 3046 5315 in
3075 5275 3251 5317 carne
3271 5277 3380 5317 sua
3406 5259 3590 5317 totius
3621 5259 3837 5319 mundi

2180 5352 2418 5422 peccata
2445 5348 2761 5404 cruciﬁxus
2792 5348 3182 5417 aboleret,nec
3202 5348 3394 5406 solum
3417 5347 3631 5406 delicta
3649 5350 3838 5407 facto-

2181 5454 2333 5506 rum,
2366 5437 2468 5492 sed
2498 5435 2674 5492 etiam
2699 5436 3048 5509 cupiditates
3078 5438 3433 5494 animorum.
3478 5437 3626 5495 Caro
3670 5438 3837 5495 enim

2179 5525 2329 5581 haedi
2356 5525 2431 5582 ad
2462 5524 2699 5598 culpam
2730 5525 2866 5581 facti
2896 5527 3266 5600 referturjus
3297 5527 3370 5584 ad
3401 5525 3710 5583 illecebras
3732 5544 3836 5584 cu-

2179 5614 2514 5688 piditatum,
2560 5614 2716 5671 sicut
2753 5614 3037 5688 scriptum
3068 5620 3180 5684 est,
3214 5617 3355 5687 Quia
3398 5618 3713 5689 concupivit
3735 5633 3837 5690 po-

2173 5705 2342 5778 pulus
2371 5702 2724 5776 cupiditatem
2742 5707 3059 5778 pessimam,
3090 5714 3141 5763 et
3167 5705 3432 5764 diaerunt
3475 5725 3496 5763 :
3551 5706 3687 5776 Qui:
3732 5722 3839 5765 πω
