4020 6450
157 409 255 473 325

823 409 925 468 DE
967 407 1737 470 PRIEDESTINATIONE
1779 405 2299 472 DISSERTATIO
2342 411 2804 476 POSTERIOR.

3407 414 3526 477 326

156 541 297 599 Sicut
323 539 492 597 etiam
516 539 577 594 in
607 540 864 596 secundo
893 539 1122 613 psalmo
1152 540 1368 596 dicitur
1393 556 1407 595 :
1446 545 1569 596 Pete
1596 557 1631 594 α
1657 557 1761 608 me,
1793 540 1848 606 Α
1876 537 2028 610 tulit,
2053 547 2288 614 propter
2316 544 2469 616 quod
2501 544 2833 600 noluerunt.
2862 547 3008 612 Quid
3041 550 3239 604 autem
3271 551 3362 604 est
3390 548 3526 605 Pec-

155 629 339 703 inquit,
369 627 500 684 dabo
528 628 631 684 tibi
664 636 845 700 gentes
881 629 1256 686 Iarreditatem
1285 638 1453 686 tuam.
1487 630 1611 684 Non
1637 631 1764 703 jam

156 719 317 793 portio
336 715 558 773 Domini
582 721 814 773 tantum
836 718 1038 787 Jacob,
1062 723 1120 774 et
1141 736 1274 791 pars
1295 719 1423 790 ejus
1444 718 1640 785 Israel,
1667 719 1763 773 sed

155 823 330 865 omnes
347 806 612 878 protinus
639 806 928 875 nationes,
953 806 1063 862 hoc
1084 811 1192 875 est,
1219 807 1430 862 Filium
1453 807 1768 862 Dominum

155 893 424 953 constituit
451 893 877 950 universorum.
901 895 1014 951 Sed
1045 894 1217 951 etiam
1246 900 1304 951 et
1329 895 1388 950 in
1409 895 1652 951 Actibus
1675 895 1770 951 Pe-

153 991 258 1042 trus
281 983 554 1055 loquitur,
577 983 818 1040 dicens:
843 985 908 1040 Et
933 985 1227 1040 Dominum
1255 1001 1400 1052 eum,
1422 993 1473 1040 et
1494 986 1772 1042 Christum

153 1076 262 1146 fecit
283 1073 415 1129 Deus
440 1072 572 1144 (Act,
595 1090 657 1139 ιι,
679 1073 843 1142 36).»
869 1073 939 1128 Et
968 1072 1108 1128 item
1145 1090 1158 1128 :
1187 1095 1214 1124 «
1240 1073 1525 1140 Quoniam
1573 1073 1771 1146 itaque

153 1163 306 1219 talem
326 1161 611 1218 habemus
631 1161 988 1234 pontiﬁcem,
1008 1161 1310 1217 imitemur
1329 1179 1484 1230 eum,
1505 1163 1632 1234 ejus
1651 1179 1774 1218 ves-

154 1251 275 1324 tigia
291 1266 736 1322 consequamur.
753 1250 876 1305 Non
899 1254 989 1306 est
1007 1250 1166 1306 aliud
1185 1251 1569 1306 sacriﬁcium:
1588 1268 1770 1307 unum

155 1356 242 1396 nos
260 1338 538 1412 purgavit,
561 1343 694 1410 post
725 1338 880 1394 istud
905 1337 1058 1411 ignis
1080 1343 1137 1394 et
1156 1339 1476 1411 gehenna.»
1499 1341 1570 1394 Et
1589 1341 1729 1394 item
1755 1356 1768 1396 :

155 1452 177 1479 ‹‹
206 1427 472 1484 Mediator
499 1426 683 1500 igitur
709 1427 899 1482 factus
921 1432 1011 1482 est
1043 1432 1239 1484 noster
1263 1433 1319 1483 et
1340 1428 1545 1497 Patris,
1571 1433 1625 1484 et
1653 1446 1776 1500 per-

153 1516 316 1574 suasit
341 1515 446 1572 illi.
468 1517 543 1572 Et
563 1515 704 1589 quid
734 1515 935 1588 igitur,
958 1517 1250 1589 quomodo
1282 1517 1566 1574 mediator
1586 1518 1774 1574 factus

153 1605 264 1662 est?
289 1605 602 1662 Sermones
633 1605 844 1660 detulit
879 1607 937 1676 et
973 1605 1171 1660 attulit
1210 1605 1380 1662 nobis
1413 1623 1447 1662 a
1477 1607 1643 1662 Patre
1673 1623 1777 1678 per

152 1697 570 1750 transvectores.
601 1692 779 1748 Addit
821 1693 1000 1749 etiam
1050 1697 1319 1750 mortem.
1353 1694 1416 1750 In
1456 1695 1776 1752 offensione

152 1783 340 1856 quippe
366 1798 630 1847 eramus,
652 1783 801 1838 mori
847 1799 955 1838 nos
985 1783 1356 1856 opportebat;
1387 1789 1656 1840 mortuus
1687 1789 1776 1840 est

1877 631 2006 682 cata
2034 629 2323 685 abstulit?
2355 630 2517 686 Sicut
2541 632 2698 687 enim
2731 632 2790 686 in
2816 632 3107 690 oblatione
3129 653 3363 691 sursum
3397 637 3528 692 olfe-

1877 716 2064 773 rimus
2112 722 2363 790 peccata,
2387 724 2446 774 et
2485 719 2759 788 dicimus,
2792 719 2920 778 Sive
2962 721 3238 792 volentes,
3273 725 3393 780 sive
3423 741 3527 780 no-

1877 803 2083 872 lentes,
2119 807 2508 878 peccavimus,
2548 808 2817 883 indulge;
2873 810 2984 866 hoc
3032 815 3138 880 est,
3173 813 3528 870 mentionem

1877 910 2078 950 eorum
2114 895 2362 951 facimus
2390 895 2669 968 primum,
2693 902 2750 953 et
2781 899 3359 956 tunc'remissionem
3391 902 3531 975 peti-

1879 999 2013 1038 mus
2039 1001 2051 1038 :
2075 983 2158 1038 sic
2187 989 2386 1040 autem
2418 989 2475 1040 et
2502 986 2598 1042 hic
2643 987 3021 1044 manifestum
3053 993 3160 1044 est.
3186 990 3255 1046 Et
3286 990 3386 1046 ubi
3419 991 3530 1048 hoc

1879 1072 2018 1127 fecit
2037 1072 2343 1130 Christus?
2363 1075 2510 1130 Audi
2534 1091 2667 1130 eum
2691 1076 2982 1132 dicentem
3008 1093 3022 1132 :
3045 1079 3111 1134 Et
3135 1095 3236 1152 pro
3267 1080 3384 1135 illis
3409 1097 3534 1136 san-

1880 1163 2052 1232 ctiﬁco
2079 1165 2455 1235 memetipsum
2482 1165 2656 1234 (Joan.
2681 1182 2819 1231 xvn,
2845 1166 2952 1234 19).
2987 1167 3132 1222 Ecce
3161 1167 3379 1223 obtulit
3407 1184 3534 1240 pec-

1880 1254 2029 1320 cata,
2065 1253 2319 1322 sumpsit
2361 1268 2430 1307 ea
2467 1253 2541 1307 ab
2581 1252 2942 1322 hominibus,
2968 1259 3026 1310 et
3065 1255 3277 1311 obtulit
3303 1273 3373 1312 ea
3401 1275 3530 1314 sur-

1883 1356 2015 1394 sum
2049 1339 2222 1406 Patri,
2249 1357 2362 1395 non
2395 1345 2460 1394 ut
2506 1341 2728 1414 aliquid
2769 1342 3040 1399 decernat
3087 1345 3365 1402 adversus
3409 1363 3529 1418 eos,

1883 1428 1984 1482 sed
2016 1433 2081 1484 ut
2110 1446 2176 1484 ea
2207 1429 2482 1485 dimittat.
2509 1434 2573 1485 In
2614 1431 2846 1488 secundo
2877 1434 3000 1488 sine
3024 1441 3236 1506 peccato
3259 1434 3534 1491 videbitur

1883 1517 2094 1590 inquit,
2119 1520 2556 1591 exspectantibus
2585 1537 2642 1575 se
2671 1523 2728 1575 in
2775 1522 3026 1578 salutem.
3063 1523 3208 1588 Quid
3257 1527 3346 1580 est
3395 1525 3532 1581 Sine

1883 1607 2156 1678 peccato?
2176 1607 2350 1662 veluti
2376 1625 2488 1663 non
2513 1613 2733 1680 peccat.
2757 1610 2880 1664 Non
2899 1611 3057 1666 enim
3079 1611 3307 1668 debitor
3325 1613 3533 1670 mortis

1884 1699 2151 1750 mortuus
2173 1700 2280 1762 est,
2302 1714 2488 1768 neque
2509 1701 2746 1768 propter
2767 1703 3088 1769 peccatum.
3105 1701 3215 1756 Sed
3238 1703 3532 1772 quomodo

1882 1783 2218 1840 videbitur?
2251 1785 2524 1851 Punicus,
2558 1785 2768 1858 inquit.
2800 1787 2909 1843 Sed
2943 1805 3057 1842 non
3090 1788 3199 1844 hoc
3239 1789 3401 1858 dixit,
3427 1791 3530 1846 sed

151 1889 237 1946 pro
262 1871 521 1976 nobiset
543 1870 682 1927 fecit
711 1888 818 1927 nos
841 1871 1050 1945 dignos
1079 1873 1432 1929 testamenti.
1454 1873 1569 1930 Hoc
1601 1875 1773 1930 modo
1803 1911 1851 1976 Β
1883 1874 2036 1946 quod
2071 1873 2340 1930 festivum
2375 1879 2431 1930 et
2459 1878 2692 1948 gratum
2722 1880 2830 1943 est,
2860 1876 2992 1932 Sine
3016 1887 3229 1949 peccato
3262 1879 3533 1936 videbitur

151 1961 358 2016 ﬁrmum
377 1960 608 2017 factum
630 1965 720 2017 est
740 1963 1180 2018 testamentum.
1197 1963 1403 2018 Annon
1425 1963 1634 2036 dignos
1646 1965 1772 2036 jam

152 2048 348 2106 factos?
375 2048 438 2104 In
469 2048 605 2122 ipso
635 2048 875 2122 quidem
908 2047 1077 2106 initio
1106 2055 1307 2123 utpote
1335 2051 1504 2107 Pater
1532 2051 1592 2106 in
1623 2051 1776 2108 ﬁlios

153 2142 374 2194 testatus
391 2141 504 2194 est.
531 2138 648 2194 Sed
679 2137 820 2211 quia
849 2137 1076 2212 indigni
1105 2138 1242 2195 facti
1263 2157 1492 2210 sumus,
1515 2158 1628 2197 non
1647 2141 1774 2213 jam

152 2230 470 2284 testamento
501 2226 679 2282 nobis
709 2244 856 2300 opus
885 2231 1029 2293 erat,
1063 2229 1162 2284 sed
1194 2245 1383 2301 poena.
1418 2229 1565 2298 Quid
1598 2230 1778 2303 igitur

153 2313 639 2389 gloriaris,inquit,
653 2316 712 2370 in
729 2315 894 2388 lege?
912 2316 975 2372 In
991 2320 1222 2372 tantum
1245 2323 1547 2390 peccatum
1562 2319 1778 2391 quippe

153 2420 241 2462 nos
265 2405 592 2474 constituit,
617 2408 682 2461 ut
711 2403 920 2462 salvari
951 2423 1068 2462 non
1099 2423 1405 2478 possemus
1437 2407 1774 2480 aliquando,

153 2493 246 2550 nisi
283 2494 573 2551 Dominus
630 2510 734 2566 pro
782 2493 952 2550 nobis
998 2499 1350 2564 moreretur;
1402 2513 1776 2569 nequaquam

153 2582 338 2640 valeret
383 2581 496 2652 lex,
533 2583 831 2656 siquidem
880 2587 970 2639 est
1015 2583 1269 2640 infirma.
1302 2585 1373 2640 Et
1401 2602 1516 2641 non
1548 2589 1776 2641 tantum

152 2687 208 2727 ex
229 2672 518 2729 communi
547 2672 974 2728 consuetudine
993 2672 1103 2728 hoc
1124 2673 1454 2742 confirmat,
1477 2675 1576 2729 sed
1599 2673 1777 2730 etiam

152 2777 206 2816 ex
250 2761 338 2818 his
393 2778 530 2835 quae
590 2761 651 2816 in
699 2761 888 2817 Veteri
937 2763 1309 2818 Testamento
1365 2763 1780 2836 contingebant

151 2849 369 2908 maxime
388 2867 490 2908 eos
519 2849 863 2906 introducit.
887 2849 1098 2906 Nullus
1121 2851 1228 2906 fuit
1249 2850 1349 2924 qui
1371 2868 1487 2907 non
1509 2856 1779 2908 mortuus

151 2945 222 2995 est
242 2939 372 2997 illic.
399 2939 712 3008 Quomodo
751 2955 888 3012 ergo
921 2940 1160 2995 ﬁrmum
1199 2944 1289 2997 est
1321 2941 1778 2997 testamentum?

151 3027 237 3085 Per
261 3030 533 3086 eumdem
569 3027 768 3102 ipsum
789 3029 1056 3098 modum,
1072 3028 1284 3102 inquit.
1299 3031 1598 3097 Quomodo
1619 3030 1778 3086 enim

149 3115 246 3173 illic
259 3117 520 3192 sanguis,
539 3117 630 3175 sic
646 3118 822 3174 etiam
839 3117 935 3174 hic
951 3117 1213 3192 sanguis.
1229 3117 1288 3175 Si
1305 3122 1500 3175 autem
1521 3135 1634 3174 non
1655 3123 1780 3175 erat

148 3203 226 3262 hic
252 3206 458 3264 Christi
489 3206 763 3281 sanguis,
798 3223 914 3262 non
946 3207 1208 3277 mireris;
1241 3211 1416 3280 typus
1445 3207 1602 3263 enim
1633 3211 1775 3263 erat.

152 3295 290 3364 Unde,
305 3296 470 3364 dixit,
482 3279 668 3368 neque
678 3297 926 3368 primum
937 3297 1058 3352 sine
1070 3279 1343 3368 sanguine
1355 3295 1660 3352 dedicatum
1677 3303 1774 3353 est.
1807 3279 1850 3346 C

149 3384 274 3451 Quid
292 3389 398 3455 est,
423 3385 742 3442 dedicatum
760 3385 872 3441 est?
895 3384 1158 3442 Firmum
1179 3385 1399 3441 factum
1421 3389 1531 3454 est,
1554 3387 1784 3442 robora-

147 3477 254 3530 tum
272 3479 375 3531 est.
400 3474 576 3542 Quod
597 3477 794 3530 autem
817 3473 978 3543 dixit,
1003 3473 1165 3543 unde,
1192 3473 1305 3530 tale
1325 3479 1415 3530 est
1437 3475 1606 3547 quale
1627 3475 1674 3531 si
1697 3475 1779 3530 di-

149 3567 294 3633 ceret,
316 3565 463 3622 261
492 3565 812 3636 Propterea
832 3564 1134 3637 oportebat
1153 3563 1486 3619 testamenti
1511 3563 1782 3620 solemni-

146 3655 300 3709 tatem
319 3651 610 3726 compleri
635 3653 814 3708 etiam
846 3669 948 3725 per
977 3655 1246 3708 mortem.
1270 3652 1426 3708 Nunc
1453 3660 1656 3722 autem,
1688 3653 1778 3707 in-

149 3740 273 3812 quit,
291 3743 456 3799 semel
487 3744 554 3798 in
593 3741 1058 3798 consummatione
1085 3741 1410 3798 saeculorum
1438 3741 1512 3797 ud
1539 3742 1780 3798 destruc-

145 3829 320 3888 tionem
341 3831 558 3905 peeeati
582 3845 684 3903 per
709 3831 1048 3902 sacriﬁcium
1074 3847 1237 3886 suum
1273 3831 1652 3902 manifestatus
1681 3839 1778 3886 est.

141 3917 194 3974 Et
216 3919 670 3992 quemadmodum
687 3926 952 3976 statutum
975 3925 1054 3976 est
1081 3919 1395 3975 hominibus
1423 3920 1588 3975 semel
1614 3921 1776 3988 mori,

140 4009 346 4078 posthac
362 4017 554 4067 autem
567 4009 870 4082 judicium.
897 4008 1118 4064 Deinde
1147 4007 1326 4064 dicit:
1359 4009 1424 4064 Et
1448 4009 1612 4065 semel
1629 4024 1781 4064 mor-

146 4098 419 4171 tuus,quia
440 4115 566 4172 qua
589 4101 777 4154 morte
799 4096 1120 4169 redemptio
1143 4097 1295 4152 facta
1313 4102 1420 4166 est,
1443 4097 1782 4153 institutum

140 4191 230 4254 est,
250 4186 466 4261 inquit,
501 4187 661 4244 mori
692 4185 1060 4243 hominibus.
1088 4185 1206 4242 Hac
1237 4203 1374 4260 ergo
1407 4186 1586 4243 semel
1618 4204 1779 4243 mor-

145 4278 264 4331 tuus
284 4281 370 4334 est
391 4294 499 4350 pro
526 4275 830 4334 omnibus.
845 4273 996 4342 Quid
1017 4275 1191 4348 ergo?
1207 4275 1240 4332 J
1245 4292 1338 4331 am
1361 4293 1475 4332 non
1497 4276 1786 4332 morimur

145 4369 306 4422 morte
335 4365 479 4423 illa?
513 4364 806 4422 Morimur
827 4363 1086 4438 quidem,
1106 4365 1205 4420 sed
1237 4381 1352 4424 non
1383 4381 1693 4422 manemus
1723 4365 1783 4421 in

145 4450 402 4527 illa,quod
423 4459 486 4512 et
507 4455 642 4527 jam
665 4469 857 4526 neque
877 4452 1156 4509 moriest.
1179 4452 1382 4508 Mortis
1403 4453 1559 4510 enim
1582 4458 1784 4528 tyran-

144 4540 222 4598 nis
239 4547 294 4600 et
313 4560 476 4601 mors
497 4559 703 4600 revera
723 4541 827 4598 illa
849 4546 958 4610 est,
985 4543 1139 4614 quod
1173 4559 1475 4614 nunquam
1498 4545 1783 4615 permitti-

1881 1963 2313 2034 exspectantibus
2343 1980 2399 2018 se
2435 1965 2494 2019 in
2522 1965 2757 2020 salutem
2786 1983 2804 2019 :
2836 1969 2901 2020 ut
2921 1967 3048 2036 jam
3081 1967 3150 2022 de
3179 1971 3384 2024 caetero
3413 1985 3529 2024 non

1883 2071 2031 2126 opus
2061 2053 2312 2108 habeant
2342 2053 2646 2122 sacriﬁcio,
2675 2056 2740 2108 ut
2769 2053 3086 2121 salventur,
3119 2056 3221 2111 sed
3251 2056 3311 2110 in
3341 2057 3532 2130 operi-

1883 2143 1996 2198 bus
2043 2141 2186 2214 ipsis
2235 2141 2344 2196 hoc
2395 2140 2626 2196 faciant.
2656 2163 2682 2190 ››
2706 2141 2776 2196 Et
2805 2141 2944 2196 item
2973 2159 2987 2198 :
3016 2165 3043 2193 ‹‹
3071 2143 3148 2200 Ne
3175 2146 3284 2212 cui,
3319 2144 3530 2217 inquit,

1882 2239 2120 2287 vestrum
2167 2229 2304 2285 desit
2351 2231 2532 2299 gratia
2560 2231 2676 2285 Dei.
2709 2229 2856 2294 Quid
2905 2231 3049 2286 dicit
3093 2232 3342 2305 gratiam
3385 2233 3534 2290 Dei?

1885 2321 2038 2376 bona
2071 2319 2288 2384 futura,
2317 2317 2712 2390 exangelicam
2747 2319 2943 2387 tidem,
2977 2319 3257 2391 optimam
3290 2339 3533 2378 conver-

1885 2411 2193 2466 sationem.
2227 2407 2436 2463 Omnia
2467 2407 2681 2480 quippe
2712 2408 2803 2462 Dei
2837 2412 2977 2463 sunt
2996 2408 3216 2480 gratiae.
3242 2410 3357 2464 Nec
3388 2409 3534 2467 mihi

1887 2499 2067 2563 dicas,
2099 2497 2238 2570 quia
2277 2514 2430 2552 unus
2477 2500 2567 2552 est
2596 2495 2698 2568 qui
2747 2495 2978 2568 peribit.
3013 2497 3238 2552 Etenim
3268 2497 3536 2556 Christus

1884 2591 2122 2660 propter
2140 2603 2324 2640 unum
2348 2589 2614 2641 mortuus
2635 2589 2742 2640 est.
2761 2587 2848 2641 Tu
2870 2601 3006 2658 ergo
3031 2585 3278 2659 negligis
3299 2591 3538 2659 propter
3618 2601 3629 2610 '

1887 2694 2062 2749 quem
2094 2673 2359 2730 Christus
2399 2674 2676 2746 dignatus
2717 2677 2806 2728 est
2847 2674 3034 2729 mori?
3059 2696 3086 2723 »
3112 2675 3252 2730 Item
3288 2675 3444 2731 idem
3475 2675 3536 2730 in

1885 2765 2130 2821 homilia
2152 2765 2340 2835 prima
2361 2763 2432 2817 de
2457 2762 2685 2835 psalmo
2709 2762 3198 2835 quinquagesimo
3221 2779 3272 2818 :«
3295 2763 3536 2830 Quando

1887 2855 2096 2910 iterum
2125 2853 2286 2924 dicit,
2311 2851 2580 2907 Foderunt
2604 2867 2804 2906 manus
2831 2867 2980 2906 meas
3009 2858 3062 2906 et
3083 2851 3266 2923 pedes,
3287 2851 3540 2908 dinume-

1885 2949 2146 2999 raverunt
2173 2942 2358 2998 omnia
2393 2956 2516 2995 ossa
2555 2956 2672 2995 mea
2708 2939 2879 3013 (Psal.
2902 2957 3017 3007 xxx,
3046 2941 3154 3010 17),
3179 2955 3295 2996 non
3333 2941 3538 3012 utique

1885 3031 2187 3105 passiones
2216 3027 2530 3084 annuntiat
2561 3044 2722 3095 suas,
2755 3027 2855 3082 sed
2888 3042 3120 3082 crucem
3152 3025 3406 3093 Domini,
3439 3043 3538 3082 sa-

1885 3117 2169 3174 criﬁcium
2193 3115 2350 3173 orbis
2380 3119 2564 3184 terra},
2590 3115 2838 3172 salutem
2869 3115 3065 3187 generi
3097 3114 3356 3170 humano
3384 3131 3532 3188 prai-

1888 3208 2092 3264 dixit.»
2115 3207 2256 3263 Item
2287 3205 2346 3260 in
2377 3204 2620 3260 homilia
2645 3205 2716 3260 dc
2737 3204 3064 3276 proditione
3091 3204 3257 3260 Judze
3285 3220 3335 3260 :«
3358 3203 3538 3259 Dede-

1890 3302 2026 3354 runt
2056 3297 2309 3370 pretium
2343 3295 2650 3368 sanguinis
2680 3294 2779 3367 qui
2827 3293 3079 3366 pretium
3112 3311 3226 3350 non
3258 3293 3533 3350 habebat.

1889 3387 2035 3455 Quid
2084 3385 2378 3458 accepisti,
2411 3383 2604 3439 Juda?
2651 3381 2897 3456 triginta
2944 3381 3236 3439 denarios.
3269 3380 3538 3438 Christus

1888 3476 2073 3550 gratis
2095 3473 2327 3530 advenit
2347 3472 2694 3546 sanguinem
2714 3488 2887 3527 suum
2911 3489 3014 3544 pro
3031 3470 3328 3538 communi
3349 3469 3537 3526 salute

1888 3567 2148 3632 fusurus,
2183 3563 2335 3620 262
2367 3567 2424 3618 et
2452 3567 2516 3618 tu
2547 3562 2618 3617 de
2659 3561 2945 3634 sanguine
2993 3559 3251 3616 crudelia
3298 3563 3538 3631 peccata

1889 3653 2230 3727 componis?
2255 3675 2282 3702 ››
2303 3653 2374 3708 Et
2391 3652 2531 3707 item
2553 3650 2612 3705 in
2635 3651 2838 3707 eadem
2866 3667 2918 3706 :«
2940 3649 3180 3706 Occisus
3201 3647 3537 3722 propositus

1889 3744 2154 3800 Christus
2187 3746 2295 3810 est,
2319 3744 2375 3796 et
2399 3757 2504 3795 cur
2533 3740 2764 3795 occisus
2795 3743 2884 3794 est
2905 3738 3211 3793 videamus
3233 3754 3246 3792 :
3272 3740 3338 3792 ut
3366 3735 3535 3792 oculos

1889 3834 2002 3890 stia
2041 3833 2325 3906 pacificct,
2359 3835 2424 3885 ut
2455 3829 2514 3884 in
2563 3834 2719 3884 terra
2767 3827 3100 3884 reconciliet
3149 3826 3439 3892 universa,
3471 3828 3538 3879 ut

1890 3924 2146 3979 amicum
2188 3925 2244 3975 te
2295 3918 2616 3975 constituat
2672 3916 3034 3988 angelorum,
3067 3918 3132 3970 ut
3185 3915 3301 3971 Deo
3357 3911 3537 3968 societ

1888 4009 2128 4068 habenti
2158 4007 2422 4066 omnium
2464 4009 2834 4079 potestatem.
2871 4027 2899 4054 »
2931 4004 3074 4060 Item
3105 4003 3164 4059 in
3193 4000 3437 4058 homilia
3464 4001 3537 4056 de

1889 4104 2069 4159 Crucc
2103 4117 2169 4156 :«
2203 4099 2336 4154 Ideo
2377 4113 2492 4152 non
2547 4095 2657 4173 sub
2706 4099 2856 4150 tecto
2915 4109 3128 4166 passus
3185 4095 3294 4160 est,
3328 4107 3443 4146 non
3475 4089 3536 4145 in

1888 4191 2108 4264 templo
2127 4187 2392 4252 Judaico,
2417 4203 2488 4242 ne
2509 4185 2694 4242 Judaei
2722 4182 3135 4241 subtraherent
3159 4179 3535 4248 sacrificium,

1891 4287 1948 4339 et
1977 4281 2212 4337 sibimet
2240 4274 2623 4342 vindicarent,
2646 4290 2750 4328 nec
2779 4276 3017 4344 putares
3048 4287 3150 4344 pro
3181 4269 3282 4324 illa
3311 4271 3536 4325 tantum

1891 4371 2059 4444 plebe
2107 4368 2416 4424 oblatum:
2463 4364 2590 4420 ideo
2650 4363 2806 4418 foras
2853 4360 3168 4427 civitatem,
3199 4359 3330 4414 ideo
3383 4356 3538 4413 foras

1893 4476 2114 4527 muros,
2149 4460 2212 4513 ut
2239 4455 2392 4512 scias
2435 4451 2791 4510 sacriﬁcium
2840 4466 2968 4506 esse
3017 4465 3348 4516 commune,
3381 4445 3554 4520 quod

1892 4550 2073 4607 totius
2095 4552 2259 4603 terra:
2281 4541 2682 4614 oblatio,quod
2705 4538 3037 4598 communis
3060 4536 3400 4610 deploratio,
3422 4552 3538 4592 non

143 4632 224 4685 ίιιι·
264 4637 530 4690 mortuos
583 4631 658 4688 ad
691 4631 872 4688 Vitam
922 4630 1149 4688 ι’ϐνθηί-
1189 4632 1431 4698 Quando
1462 4648 1594 4688 vero
1653 4637 1786 4706 post
1810 4646 1861 4717 D
1894 4639 2096 4716 partis,
2130 4635 2285 4692 sicut
2313 4631 2532 4690 Judaeis
2563 4628 3008 4687 consuetudinis
3029 4627 3157 4717 fuit.
3180 4625 3400 4717 iudicis
3430 4627 3540 4717 ete-

144 4723 365 4779 mortem
385 4721 711 4779 vivendum
737 4720 866 4790 erit,
891 4724 948 4777 et
966 4719 1086 4777 vita
1105 4720 1352 4790 meliori,
1377 4738 1491 4778 non
1513 4725 1601 4778 est
1621 4740 1780 4780 mors

142 4805 246 4876 illa,
276 4811 376 4868 sed
408 4809 718 4868 dormitio.
751 4809 1038 4878 Quoniam
1083 4825 1218 4884 ergo
1249 4827 1453 4868 omnes
1484 4815 1782 4869 retentura

143 4902 248 4954 erat
274 4916 456 4968 mors,
491 4901 805 4973 propterea
835 4902 1104 4955 mortuus
1134 4903 1224 4954 est
1251 4903 1316 4954 ut
1349 4916 1456 4956 nos
1484 4899 1778 4958 liberaret.

143 4985 219 5042 Sic
242 4996 293 5044 et
318 4989 595 5060 Christus,
627 4986 844 5062 inquit,
864 4989 1030 5045 semel
1057 4989 1272 5045 oblatus
1300 4995 1396 5044 est.
1419 4991 1465 5044 A
1486 5007 1601 5062 quo
1631 4990 1786 5048 obla-

146 5077 226 5132 tus
253 5078 378 5136 est?
409 5077 798 5136 Manifestum
832 5078 988 5150 quod
1020 5095 1054 5133 a
1083 5077 1421 5150 semetipso.
1455 5078 1556 5135 Hic
1596 5097 1784 5152 neque

146 5169 489 5225 sacerdotem
522 5184 662 5223 eum
711 5167 851 5222 dicit
893 5167 1107 5235 solum,
1142 5167 1243 5222 sed
1296 5171 1353 5222 et
1396 5167 1696 5225 victimam
1727 5174 1786 5226 et

146 5257 484 5315 sacriﬁcium
537 5274 644 5331 per
681 5273 746 5313 se
785 5255 1069 5314 oblatum.
1101 5257 1298 5329 Semel,
1328 5257 1539 5330 inquit,
1573 5260 1784 5316 oblatus

145 5354 211 5400 est
233 5347 300 5403 ad
319 5349 634 5405 multorum
650 5345 953 5422 auferenda
967 5353 1204 5420 peccata.
1229 5349 1417 5414 Quare
1438 5347 1782 5418 multorum,

146 5437 326 5492 etnon
355 5435 676 5493 omnium?
705 5435 852 5502 Quia
880 5452 995 5492 non
1026 5452 1230 5492 omnes
1260 5434 1652 5493 crediderunt.
1677 5439 1784 5496 Pro

145 5525 401 5582 omnibus
423 5524 671 5599 quidem
693 5529 986 5590 mortuus,
1005 5524 1116 5582 hoc
1136 5529 1246 5591 est,
1263 5529 1552 5597 quantum
1575 5526 1633 5581 in
1657 5527 1784 5600 ipso

146 5615 254 5668 est:
275 5615 403 5686 ejus
432 5613 722 5672 momenti
744 5617 836 5671 est
859 5613 961 5671 illa
989 5630 1170 5682 mors,
1193 5615 1364 5686 cujus
1386 5615 1668 5672 momenti
1697 5620 1787 5674 est

147 5702 391 5762 omnium
421 5703 708 5782 perditio;
739 5719 858 5762 non
879 5707 1076 5762 autem
1106 5703 1370 5761 omnium
1400 5709 1638 5781 peccata
1657 5707 1787 5766 abs-

1891 4713 2014 4786 nim
2037 4727 2165 4782 idco
2187 4723 2371 4796 jussit
2393 4721 2549 4777 Deus
2571 4736 2804 4776 omnem
2831 4721 3048 4774 terram
3069 4715 3378 4784 dimittere,
3403 4718 3460 4770 et
3479 4713 3538 4768 in

1891 4837 2008 4876 uno
2057 4815 2184 4872 loco
2224 4810 2580 4870 sacrificium
2621 4813 2796 4880 atque
2828 4805 3180 4864 oblationem
3226 4802 3536 4869 celebrare,

1891 4907 2028 4981 quia
2049 4910 2188 4960 tunc
2211 4901 2404 4958 omnis
2424 4905 2580 4956 terra
2601 4897 2909 4953 immunda
2927 4895 3057 4964 fuit,
3085 4893 3242 4949 fumo
3263 4895 3320 4947 et
3339 4889 3540 4981 nidore

1892 4977 1948 5054 et
1975 4994 2166 5052 aliena
2196 4988 2690 5048 contaminatione
2720 4985 2964 5059 polluta,
2991 5001 3116 5056 quae
3144 4999 3212 5038 ex
3237 4977 3540 5036 sacriﬁciis

1893 5084 2160 5158 gentium
2182 5079 2646 5137 celebrabantur.
2667 5075 2846 5131 Nobis
2865 5068 3365 5158 autem,quoniam
3383 5065 3544 5158 Chri-

1894 5155 2022 5230 stus
2067 5169 2382 5228 adveniens
2423 5183 2657 5223 omnem
2700 5169 2916 5220 terram
2957 5157 3314 5224 emundavit,
3347 5155 3542 5212 omnis

1892 5263 2057 5320 locus
2080 5258 2360 5318 orationis
2389 5261 2576 5313 vacat.
2602 5255 2734 5310 Ideo
2758 5251 2974 5309 Paulus
3005 5265 3138 5305 cum
3170 5247 3331 5303 omni
3361 5245 3542 5302 conti-

1894 5351 2093 5409 dentia
2133 5349 2475 5406 exhortatur
2525 5344 2744 5409 dicens,
2770 5341 2892 5398 Volo
2940 5354 3065 5410 ergo
3109 5352 3266 5394 orare
3311 5335 3458 5392 viros
3485 5336 3545 5391 in

1894 5442 2044 5498 omni
2075 5441 2186 5496 loco
2217 5439 2452 5493 levantes
2491 5441 2710 5489 sanctas
2750 5445 2948 5486 manus
2979 5428 3020 5500 (ι
3055 5428 3192 5483 Tim.
3216 5443 3278 5499 ιι,
3301 5426 3376 5498 8).
3399 5426 3547 5481 Ecce

1893 5533 2052 5588 totus
2069 5527 2329 5584 mundus
2341 5523 2694 5580 emundatus
2706 5517 3106 5585 est,clementa
3121 5520 3370 5590 purgata
3383 5517 3543 5584 sunt,

1894 5624 1960 5677 ut
1990 5617 2209 5690 ubique
2239 5613 2408 5670 nobis
2451 5612 2635 5668 Deum
2683 5609 2857 5666 liceat
2898 5607 3234 5681 praedicare,
3267 5607 3325 5662 et
3353 5602 3546 5662 omnis

1892 5713 2048 5769 terra
2068 5705 2324 5763 sanctior
2355 5700 2452 5759 illo
2483 5700 2608 5758 loco
2631 5703 2742 5770 est,
2765 5697 2864 5775 qui
2899 5697 2996 5756 illo
3028 5697 3090 5754 in
3121 5700 3383 5774 tempore
3403 5709 3549 5768 prea-
