4020 6480
446 409 566 473 Si!

1380 397 1769 462 BINCMARI
1813 394 2264 461 RHEMENSIS
2309 396 2922 463 ARCHIEPISCOPI.

450 539 757 601 dicabatur
784 537 1001 595 Sancta
1019 539 1380 593 sanctorum.
1402 534 1548 590 Nam
1569 532 1651 589 ibi
1672 547 1852 605 pecus
1871 529 2096 586 irratio-
2120 527 2175 598 Α
2273 531 2345 588 Et
2374 531 2758 606 Hieronymus
2786 533 2848 590 in
2888 533 3044 591 Isaia
3077 533 3226 590 libro
3252 531 3624 602 duodecimo,
3649 531 3720 588 Et
3742 545 3853 588 non

448 627 644 686 nubilo
689 626 975 693 oblatum,
1017 623 1115 680 hic
1163 621 1424 695 spiritale
1476 620 1844 677 immolatum
1879 623 1966 675 est
1997 635 2011 674 :
2043 623 2101 674 et

444 723 610 777 tanto
640 717 838 791 majus
865 718 956 771 est
985 712 1362 779 sacriﬁcium,
1385 715 1604 784 quanto
1631 714 1689 766 et
1717 708 1999 766 sanctitas
2028 708 2100 762 de

448 810 818 871 sacramento
846 804 1159 878 profertur.
1188 824 1215 852 »
1240 803 1310 858 Et
1347 801 1489 857 item
1532 800 1686 856 idem
1736 799 1796 854 in
1844 798 2045 854 eadem
2082 813 2096 852 :

446 919 477 951 «
510 897 581 953 Et
609 895 696 952 illi
737 893 974 968 quidem
1007 891 1297 957 dicebant,
1318 892 1383 946 Si
1411 891 1588 946 Filius
1623 890 1721 945 Dei
1749 904 1827 951 es.
1851 887 2024 944 libera
2053 893 2102 943 te

448 983 654 1060 (Matth.
678 974 856 1050 xxvii,
883 981 1002 1051 l19);
1036 981 1147 1037 iste
1186 983 1382 1036 autem
1431 976 1630 1036 omnia
1675 975 2006 1034 sustinebat
2034 977 2102 1030 ut

449 1073 586 1130 illos
615 1071 888 1128 liberaret
920 1069 1017 1144 qui
1068 1067 1534 1125 crucifixerunt.»
1565 1066 1710 1123 Item
1753 1064 1815 1121 in
1859 1061 2103 1120 homilia

447 1161 625 1219 tertia
648 1161 720 1218 de
745 1161 926 1217 Cruce
948 1176 999 1216 τι
1026 1158 1085 1215 Si
1117 1156 1256 1231 quid
1290 1155 1472 1230 igitur
1498 1154 1783 1213 sustinuit
1811 1153 2099 1220 Christus,

450 1267 567 1309 non
616 1252 854 1324 propter
901 1245 1308 1319 semetipsum,
1353 1261 1543 1317 neque
1591 1245 1827 1316 propter
1872 1241 2100 1298 Patrem

449 1355 649 1408 suum,
664 1337 767 1395 sed
786 1340 851 1393 ut
869 1334 1122 1393 salvaret
1141 1351 1243 1408 per
1257 1349 1488 1390 crucem
1509 1348 1696 1406 genus
1715 1331 2100 1386 humanum.»

449 1429 524 1486 Et
554 1427 695 1486 item
720 1425 781 1483 in
806 1425 1010 1483 eadem
1035 1441 1082 1481 τι
1108 1422 1324 1480 Vidcns
1347 1426 1543 1479 autem
1565 1420 1894 1476 humanum
1915 1434 2102 1492 genus

449 1534 486 1574 a
512 1513 733 1573 diaboli
764 1511 1030 1587 superari
1073 1510 1320 1579 malitia,
1351 1509 1536 1567 voluit
1573 1513 1901 1565 creaturam
1930 1522 2100 1562 suam

451 1620 774 1672 assumere,
809 1607 867 1660 et
913 1601 1084 1675 quasi
1115 1618 1301 1656 unum
1332 1598 1610 1655 hominen
1658 1596 1846 1666 indui,
1869 1599 1927 1652 et
1971 1594 2100 1651 afli-

447 1711 584 1770 gere
612 1693 780 1750 illum
802 1690 983 1760 cruci,
1007 1695 1073 1746 ut
1101 1689 1186 1746 sic
1216 1706 1320 1762 per
1350 1688 1577 1762 lignum
1607 1685 1800 1742 crucis
1831 1683 2100 1740 universo

447 1783 646 1858 generi
678 1782 940 1838 humano
972 1778 1135 1836 salus
1163 1778 1472 1868 oriretur.»
1499 1777 1568 1832 Et
1595 1775 1736 1832 item
1767 1774 1825 1830 in
1858 1771 2103 1831 homilia

440 1872 521 1931 de
550 1870 886 1928 Pentecoste
920 1884 935 1925 :
961 1890 989 1919 «
1014 1861 1340 1940 Propterea,
1376 1864 1564 1938 inquit
1603 1863 1892 1930 Christus,
1924 1861 2101 1918 homo

445 1961 654 2035 factus.
694 1975 849 2026 sum,
896 1960 1203 2030 propterea
1258 1970 1495 2011 carnem
1552 1950 1742 2019 indui,
1775 1955 1842 2007 ut
1897 1950 2096 2008 orbem

446 2048 786 2105 universum
817 2046 1124 2103 salvarem.
1144 2066 1172 2093 ι)
1195 2045 1265 2098 Et
1302 2043 1443 2098 item
1474 2042 1535 2097 in
1566 2039 1810 2096 homilia
1840 2041 1912 2097 de
1939 2038 2098 2094 Nati-

443 2137 620 2194 vitate
648 2134 884 2192 Domini
906 2151 920 2190 :
942 2156 971 2185 «
1006 2133 1071 2189 In
1102 2137 1256 2189 terra
1283 2130 1548 2187 nascitur
1577 2129 1752 2186 homo
1784 2129 2096 2202 perlectus,

445 2225 623 2283 homo
654 2229 832 2291 totus,
863 2225 932 2278 ut
968 2220 1218 2279 salvaret
1257 2223 1449 2276 totum
1487 2219 1709 2276 orbem.
1737 2239 1765 2267 »
1796 2219 1865 2273 Et
1894 2217 1955 2272 in
1988 2216 2096 2271 ho-

447 2314 612 2373 milia
631 2315 703 2371 de
723 2310 1033 2369 Nativitate
1054 2307 1270 2366 Christi
1299 2312 1357 2366 et
1377 2308 1601 2364 Joanne
1623 2306 1884 2380 Baptista
1905 2322 1955 2362 :«
1985 2305 2096 2362 Sed

446 2405 807 2460 memoratus
850 2404 942 2456 est
970 2399 1271 2456 Christum
1328 2397 1526 2471 ipsum
1583 2395 1776 2454 solum
1832 2395 2097 2451 futurum

443 2506 650 2551 verum
679 2489 1064 2556 sacerdotem,
1098 2487 1191 2544 cui
1223 2486 1393 2542 Pater
1433 2486 1677 2554 dixerat,
1715 2487 1790 2540 Tu
1817 2501 1873 2540 es
1917 2499 2096 2540 sacer-

446 2578 542 2637 dos
598 2579 660 2634 in
709 2583 981 2634 aeternum
1042 2573 1341 2631 acciendum
1406 2573 1654 2630 ordinem
1713 2571 2095 2629 Melchisedech

447 2665 620 2741 (Paul.
651 2680 764 2734 CIX,
788 2665 864 2733 4),
887 2663 989 2736 qui
1019 2662 1274 2718 hostiam
1314 2660 1660 2734 placabilem
1700 2670 1803 2733 pro
1844 2659 2095 2733 peccatis

446 2753 714 2815 omnium
746 2751 906 2810 solus
936 2751 1052 2808 Deo
1081 2751 1304 2807 oﬂ'ert.»
1325 2751 1394 2806 Et
1416 2749 1557 2806 item
1587 2749 1649 2806 in
1679 2750 1880 2806 eadem
1907 2767 1957 2806 τι(
1986 2749 2094 2805 Ve-

447 2841 647 2902 niebat
673 2840 832 2899 enim
861 2839 1025 2899 solus
1072 2839 1366 2906 sacerdos,
1397 2837 1497 2911 qui
1526 2855 1676 2912 agno
1707 2837 1832 2894 solo
1862 2838 2095 2911 proprio

445 2929 826 2990 immaculato
857 2928 1214 2986 sacriﬁcium
1251 2928 1368 2985 Deo
1397 2944 1502 3000 pro
1542 2927 1797 3000 peccatis
1827 2927 2096 2983 omnium

444 3022 698 3080 oti'erret.
719 3020 790 3077 Et
819 3019 948 3076 ideo
969 3016 1391 3075 demonstravit
1408 3033 1546 3073 eum
1575 3017 1832 3074 Joannes
1851 3015 2094 3083 Judmis,

443 3113 576 3171 Ecce
598 3126 778 3183 agnus
809 3109 929 3178 Dei,
950 3124 1070 3167 ecce
1087 3109 1186 3181 qui
1215 3109 1359 3164 tollit
1381 3114 1599 3181 peccata
1626 3105 1824 3161 manili
1850 3106 2028 3175 (Joan.
2054 3123 2094 3173 ι,

443 3199 561 3272 29).
583 3221 612 3251 n
637 3199 783 3256 Item
828 3197 888 3254 in
937 3195 1182 3253 homilia
1209 3196 1281 3253 de
1311 3197 1478 3253 Patre
1525 3198 1583 3252 et
1633 3195 1865 3251 duobus
1911 3193 2048 3250 ﬁliis
2078 3209 2092 3248 :

453 3312 476 3342 ι
500 3263 742 3346 Addidit
762 3290 821 3344 et
841 3285 1091 3344 vitulum
1120 3285 1454 3358 saginatum
1479 3283 1877 3358 iugulandum
1901 3282 2094 3338 convi-
2124 3263 2168 3331 Π

445 3377 524 3436 vii
546 3373 911 3441 exhibitioni,
925 3375 1050 3432 sine
1069 3375 1247 3430 dubio
1269 3373 1583 3431 Dominum
1605 3377 1871 3429 nostrum
1892 3371 2096 3428 Jesum

447 3465 954 3538 Christum,quem
979 3463 1139 3521 dedit
1159 3463 1327 3521 Pater
1356 3463 1415 3518 in
1445 3463 1742 3519 victimam
1774 3479 1880 3534 pro
1909 3459 2098 3518 salute

448 3559 650 3612 nostra
681 3570 694 3611 :
728 3569 901 3626 quem
943 3551 1193 3609 vitulum
1243 3551 1511 3608 nominat
1555 3554 1792 3624 propter
1841 3548 2095 3605 hostiam

445 3644 601 3702 παι
642 3641 902 3716 corporis
942 3640 1332 3710 immaculati,
1369 3639 1705 3713 saginatum
1732 3642 1928 3695 autem
1966 3654 2098 3694 vero

443 3733 612 3801 dixit,
637 3732 777 3806 quia
813 3731 1050 3806 pinguis
1074 3735 1132 3787 et
1164 3730 1398 3803 opimus
1438 3734 1546 3796 est,
1572 3727 1867 3784 intentum
1898 3729 1963 3782 ut
1993 3744 2096 3799 pro

443 3823 628 3880 totius
651 3821 855 3878 mundi
880 3821 1070 3877 salute
1092 3819 1393 3876 sufficiens
1415 3818 1490 3875 sit
1511 3818 1580 3874 ad
1599 3817 1835 3873 odorem
1851 3815 2100 3872 suavita-

442 3911 521 3970 tis
542 3916 600 3970 et
622 3911 886 3968 nidorem
910 3907 1332 3965 immolationis
1354 3907 1425 3962 ad
1444 3907 1624 3963 Deum
1644 3905 1894 3976 mittere,
1914 3909 1972 3961 ct
1993 3921 2096 3977 pro

442 4001 720 4059 omnibus
751 4014 1007 4056 exorare.
1034 4018 1062 4049 ››
1097 3997 1168 4053 Et
1207 3995 1265 4051 in
1298 3994 1448 4052 libro
1496 3996 1568 4052 ad
1619 3993 1975 4052 Stelechium
2025 3993 2098 4049 de

443 4089 638 4147 cordis
656 4085 1117 4160 Compunetione
1139 4102 1189 4140 :a
1213 4085 1318 4140 llic
1339 4089 1428 4140 est
1447 4083 1690 4141 ati'cctus
1712 4083 1861 4140 servi
1881 4082 2092 4152 fidelis,

443 4182 513 4235 ut
540 4175 827 4234 beneﬁcia
854 4173 1077 4231 domini
1106 4172 1220 4239 sui,
1243 4190 1372 4246 qua:
1401 4172 1792 4229 communiter
1820 4171 2098 4229 omnibus

443 4265 583 4323 data
610 4268 770 4336 sunt,
793 4262 962 4337 quasi
994 4263 1103 4320 soli
1147 4261 1261 4321 sibi
1303 4266 1552 4335 reputet,
1576 4267 1634 4318 et
1662 4262 1831 4336 quasi
1863 4261 1990 4334 ipse
2019 4261 2099 4318 sit

444 4353 711 4413 omnium
727 4352 973 4419 debitor,
988 4357 1048 4409 et
1064 4369 1169 4425 pro
1189 4351 1467 4409 omnibus
1487 4351 1611 4424 ipse
1630 4351 1791 4408 solus
1810 4351 2098 4408 habeatur

444 4441 732 4501 obnoxiis.
756 4442 875 4500 Hoc
904 4441 1040 4498 fecit
1069 4444 1128 4498 et
1174 4439 1411 4506 Paulus,
1439 4440 1539 4514 qui
1570 4444 1820 4497 mortem
1867 4439 2095 4497 Domini

444 4535 505 4591 et
532 4531 848 4590 Salvatoris
877 4530 1083 4598 nostri,
1116 4547 1243 4604 qua:
1280 4546 1386 4604 pro
1424 4529 1692 4586 universo
1725 4546 1980 4601 expensa
2007 4533 2099 4586 est

2203 626 2285 675 est
2307 620 2509 692 absque
2552 638 2641 677 me
2686 621 2936 679 Salvator
2964 622 3092 695 (Isa.
3117 639 3272 690 xuu,
3298 620 3408 695 11).
3434 641 3459 670 ι
3493 618 3771 677 Ostendit
3792 619 3851 675 in

2207 706 2373 764 Patre
2406 709 2614 764 Filium
2645 715 2859 766 cuncta
2877 709 3122 777 salvere,
3146 709 3217 767 de
3238 725 3353 783 quo
3380 708 3540 766 idem
3569 707 3858 782 propheta

2206 799 2475 864 testatur,
2498 798 2564 854 Et
2586 800 2764 855 mittet
2789 801 2870 856 eis
2907 800 3172 856 Dominus
3206 799 3530 856 salvatorem
3556 798 3660 871 qui
3682 797 3860 855 salvos

2206 901 2294 942 eos
2321 887 2486 959 faciet
2505 887 2631 959 (Isa.
2655 901 2772 960 xrx,
2791 888 2905 957 20).
2923 888 2995 944 Et
3034 886 3178 944 item
3208 887 3267 942 in
3299 885 3448 944 libro
3474 885 3714 943 decimo
3747 888 3860 942 ter-

2206 974 2309 1042 tio,
2334 974 2529 1032 Audite
2553 992 2643 1032 me
2675 984 2728 1032 et
2763 975 3049 1033 comedetis
3078 977 3219 1033 bona
3237 975 3367 1045 (15a.
3390 991 3432 1042 ι,
3456 974 3571 1044 19).
3592 996 3625 1026 u
3646 974 3722 1030 Et
3747 989 3857 1031 non

2209 1061 2403 1119 solum
2433 1063 2606 1132 bona,
2630 1065 2732 1120 sed
2762 1063 3012 1129 salutem
3038 1064 3314 1121 omnibus
3343 1061 3658 1131 nuntiavit,
3682 1078 3859 1137 quam

2208 1151 2334 1224 ipse
2356 1153 2604 1225 prmbuit
2624 1152 2728 1227 qui
2748 1152 2890 1210 dicit
2909 1153 3070 1222 Sion,
3088 1151 3148 1208 id
3170 1157 3262 1210 est
3278 1150 3572 1220 Ecclesiae,
3598 1150 3862 1222 ηαρπώίι

2208 1242 2348 1298 Deus
2377 1249 2504 1299 tuus
2542 1242 2672 1315 (Isa.
2704 1259 2838 1311 m1,
2867 1244 2948 1312 7).
2973 1264 3004 1294 »ι
3026 1243 3096 1298 Et
3139 1241 3280 1299 item
3323 1241 3386 1297 in
3431 1240 3584 1301 libro
3631 1238 3858 1299 decimo

2209 1334 2418 1403 quarto
2446 1347 2495 1387 :«
2519 1331 2787 1389 Christus
2807 1348 2943 1388 cum
2962 1329 3184 1404 iniquis
3204 1333 3511 1404 reputatus
3526 1333 3646 1399 est,
3669 1332 3740 1386 ut
3756 1327 3861 1386 ini.

2209 1435 2360 1490 quos
2388 1419 2700 1476 redimeret
2727 1436 2762 1476 a
2789 1423 3049 1492 peccato,
3065 1424 3127 1476 et
3142 1417 3421 1476 omnibus
3438 1417 3645 1475 omnia
3670 1417 3855 1486 ﬁeret,

2210 1512 2278 1564 ut
2306 1523 2511 1565 omnes
2541 1506 2732 1564 salvos
2762 1507 2997 1565 faceret.
3025 1530 3055 1561 ››
3079 1507 3150 1564 Et
3189 1507 3332 1564 item
3360 1507 3517 1565 idem
3556 1504 3621 1563 in
3654 1505 3858 1564 eadem

2209 1595 2516 1668 prophetia
2537 1614 2587 1653 τι(
2615 1596 2763 1662 Quia
2791 1595 3013 1654 sciebat
3038 1595 3159 1654 illis
3189 1613 3306 1653 non
3329 1596 3712 1653 credentibus
3739 1611 3859 1653 crc-

2210 1685 2437 1743 dituros
2457 1701 2586 1742 esse
2604 1683 2854 1758 populos
2874 1683 3202 1753 nationum,
3222 1683 3439 1742 transit
3454 1684 3531 1741 ad
3550 1689 3786 1758 gentos,
3806 1688 3864 1742 et

2211 1773 2351 1831 dicit
2380 1773 2614 1830 misisse
2646 1773 2858 1831 Filium
2888 1791 3064 1832 suum
3095 1779 3304 1831 testem
3330 1772 3421 1831 vel
3450 1773 3860 1835 testimonium

2129 1896 2178 1962 Β
2210 1867 2557 1919 cunctarum
2621 1862 3016 1962 ationum,qui
3032 1867 3320 1962 praecepta
3330 1861 3492 1962 illius
3506 1867 3693 1962 atque
3707 1878 3863 1920 man-

2209 1952 2347 2009 data
2407 1950 2640 2024 populis
2695 1951 3013 2025 nuntiaret,
3037 1951 3139 2026 qni
3168 1952 3242 2009 de
3283 1968 3347 2009 se
3389 1950 3519 2025 ipso
3574 1950 3858 2026 loquitur,

2207 2046 2434 2113 oportet
2462 2040 2764 2113 praedicari
2804 2040 3181 2116 Evangelium
3223 2041 3380 2099 istud
3411 2040 3473 2098 in
3498 2041 3668 2098 omni
3696 2041 3857 2111 orbo,

2206 2129 2268 2185 in
2298 2128 2701 2186 testimonium
2733 2130 2961 2186 cunctis
2989 2130 3286 2204 gentibus,
3308 2131 3381 2186 de
3410 2145 3528 2203 quo
3557 2128 3860 2203 apostolus

2207 2217 2424 2274 Paulus
2452 2218 2657 2275 scribit
2675 2218 3002 2289 Timotheo,
3031 2220 3179 2278 Unus
3197 2219 3466 2276 mediator
3484 2221 3588 2277 Dei
3610 2226 3665 2276 et
3689 2221 3862 2277 homi-

2203 2324 2340 2363 num
2367 2307 2524 2364 homo
2554 2306 2802 2364 Christus
2841 2309 3018 2376 Iesus,
3039 2311 3139 2383 qui
3165 2308 3313 2366 dedit
3344 2325 3404 2366 se
3434 2309 3858 2382 redanptiom

2200 2413 2302 2470 pro
2326 2396 2582 2453 omnibus
2614 2397 2661 2470 (Ι
2692 2398 2828 2453 Tim.
2851 2413 2915 2466 ιι,
2940 2399 3057 2468 5).»
3077 2398 3149 2455 Et
3183 2397 3326 2454 item
3370 2397 3432 2454 in
3477 2398 3689 2455 eadem
3718 2414 3857 2472 pro-

2203 2485 2404 2558 phetia
2425 2503 2475 2541 :«
2503 2485 2635 2542 Hmc
2666 2484 2899 2543 locutus
2928 2491 3040 2554 est,
3061 2487 3188 2544 Non
3217 2502 3451 2560 semper
3476 2486 3724 2560 irascor,
3751 2502 3857 2543 nec

2195 2575 2474 2648 jurgatus
2503 2574 2874 2648 indignabor,
2897 2575 3038 2649 quia
3057 2576 3130 2633 ad
3160 2575 3271 2632 hoc
3294 2576 3557 2648 percutio
3578 2581 3648 2632 ut
3662 2591 3857 2633 emen-

2204 2663 2358 2731 dem,
2382 2663 2512 2720 ideo
2543 2664 2744 2720 occido
2775 2669 2842 2720 ut
2868 2663 3174 2721 viviﬁccm.
3200 2664 3476 2722 Misereor
3502 2663 3661 2722 enim
3694 2681 3857 2721 crea-

2202 2756 2346 2807 turae
2376 2770 2538 2821 meai,
2569 2757 2627 2808 ct
2658 2770 2808 2825 quos
2836 2752 2962 2825 ipse
2991 2753 3226 2810 condidi
3257 2753 3316 2809 in
3348 2758 3633 2811 internum
3663 2754 3860 2827 perire

2203 2857 2321 2897 non
2351 2840 2560 2914 patiar.
2592 2841 2738 2898 Cum
2768 2858 2906 2915 ergo
2936 2859 2972 2899 a
2999 2859 3096 2900 me
3130 2842 3465 2916 egrediatur
3499 2842 3774 2916 spiritus,
3802 2848 3862 2900 et

2203 2930 2346 2987 ﬂatu
2374 2934 2549 3003 atque
2576 2929 2963 3003 inspiratione
3006 2947 3140 2988 mea
3186 2936 3401 2989 cuncta
3424 2934 3774 3006 vegetentur
3800 2936 3861 2989 et

2200 3017 2417 3088 vivant,
2439 3036 2558 3076 non
2587 3022 2677 3076 est
2696 3019 2928 3090 justum
2960 3019 3150 3093 perire
3177 3036 3278 3078 eos
3327 3020 3388 3076 in
3437 3024 3724 3078 aeternum
3755 3018 3857 3095 qui

2202 3124 2334 3164 meo
2355 3107 2496 3165 ﬂatu
2517 3124 2584 3164 ac
2605 3107 2818 3181 spiritu
2850 3113 3274 3166 sustentatur.»
3293 3109 3436 3166 Item
3458 3108 3518 3166 in
3550 3108 3860 3183 prophetia

2204 3197 2349 3254 Osee
2377 3195 2441 3253 in
2470 3196 2618 3254 libro
2661 3197 2834 3254 tertio
2859 3214 2919 3254 τα
2944 3198 3242 3256 Intantum
3276 3197 3451 3256 dilexi
3486 3214 3610 3268 eos,
3640 3202 3703 3256 et
3734 3204 3859 3256 tam

2206 3285 2464 3343 clemens
2480 3290 2682 3358 pastor
2695 3286 2801 3354 fui,
2814 3291 2882 3343 ut
2897 3287 3225 3345 morbidam
3243 3304 3409 3346 ovem
3427 3287 3693 3345 humeris
3706 3288 3861 3347 meis

2204 3375 2331 3448 ipse
2351 3380 2667 3449 portarem.
2684 3376 2815 3449 Ipse
2827 3393 2962 3432 vero
2985 3377 3398 3452 ignoraverunt
3410 3393 3548 3434 cum
3570 3393 3704 3434 mea
3724 3377 3859 3435 illos

2205 3463 2476 3536 passione
2495 3479 2784 3531 curarem,
2797 3466 2854 3520 et
2871 3465 2972 3537 qui
2990 3468 3219 3521 amator
3232 3480 3366 3522 sum
3383 3463 3652 3521 omnium
3663 3464 3861 3521 trahe-

2206 3569 2328 3610 rem
2359 3569 2458 3609 eos
2488 3552 2548 3608 in
2567 3551 2820 3610 vinculis
2837 3551 3202 3610 charitatis.»
3217 3553 3363 3610 Item
3392 3552 3455 3610 in
3473 3553 3680 3610 eadem
3700 3554 3861 3612 264

2205 3640 2512 3714 prophetia
2541 3656 2591 3696 :«
2612 3643 2688 3699 De
2725 3659 2898 3698 mamt
2940 3642 3132 3698 mortis
3179 3641 3420 3699 liberabo
3469 3657 3581 3699 eos.
3612 3642 3858 3699 Manum

2206 3731 2413 3788 mortis
2440 3731 2695 3804 appellat
2728 3749 2905 3805 opera
2932 3731 3150 3805 quibus
3185 3731 3484 3800 interﬁcit,
3505 3733 3682 3806 juxta
3712 3731 3859 3789 illud

2205 3821 2363 3893 quod
2401 3821 2689 3893 scriptum
2735 3825 2846 3892 est,
2877 3821 2943 3877 1η
2995 3837 3170 3878 manu
3224 3821 3436 3893 lingua:
3489 3837 3640 3879 more
3665 3823 3861 3879 etvita

2205 3911 2390 3980 (Prov.
2412 3927 2577 3978 xvui,
2598 3909 2712 3982 2t).
2744 3909 2979 3966 Liberat
3007 3915 3205 3967 autem
3234 3927 3441 3967 omnes
3467 3910 3781 3980 Dominus,
3801 3916 3863 3969 et

2205 3997 2454 4057 redemit
2483 3999 2542 4054 in
2573 3998 2847 4071 passione
2865 3999 3058 4056 crucis
3086 4004 3145 4056 et
3171 3999 3454 4057 eﬂusione
3473 3998 3721 4074 sanguis
3740 4001 3857 4069 sui,

2207 4089 2440 4161 quando
2466 4087 2668 4144 anima
2695 4088 2824 4160 ejus
2854 4089 3161 4145 descendit
3187 4090 3260 4146 ad
3291 4089 3609 4157 infernum,
3632 4091 3694 4146 et
3721 4105 3860 4147 caro

2205 4178 2335 4250 ejus
2354 4169 2480 4234 'non
2506 4177 2654 4233 vidit
2691 4178 3148 4251 corruptionem,
3174 4182 3235 4234 et
3260 4179 3334 4236 ad
3363 4178 3557 4251 ipsam
3602 4183 3859 4237 mortem

2206 4270 2383 4339 atque
2411 4267 2706 4323 infernum
2736 4265 2969 4324 locutus
2999 4271 3089 4324 est
3118 4285 3133 4324 :
3165 4268 3273 4324 Ero
3312 4283 3460 4324 mors
3501 4273 3618 4340 tua,
3649 4283 3682 4325 ο
3706 4283 3862 4326 more

2205 4354 2348 4426 (Ose.
2380 4372 2503 4427 xm,
2539 4356 2648 4423 14).
2675 4355 2895 4413 Idcirco
2932 4355 3089 4412 enim
3128 4360 3400 4414 mortuus
3432 4372 3593 4424 sum,
3620 4361 3693 4413 ut
3717 4373 3859 4414 cum

2206 4462 2339 4502 mea
2365 4449 2550 4502 morte
2592 4443 2883 4502 moriaris.
2912 4445 3018 4502 Ero
3057 4462 3275 4502 morsus
3303 4454 3450 4513 tuus,
3481 4446 3723 4518 infame,
3752 4445 3861 4520 qui

2206 4549 2411 4591 omnes
2457 4532 2575 4590 tuis
2627 4533 2894 4590 faucibus
2944 4534 3284 4591 devorabas.
3311 4556 3340 4585 ››
3370 4535 3442 4591 Et
3484 4533 3626 4592 item
3659 4551 3735 4592 τοι
3783 4535 3862 4593 De

445 4620 689 4689 mundo,
712 4620 824 4678 sibi
858 4619 966 4678 soli
997 4620 1319 4694 prmstitam
1349 4618 1512 4676 dicit.
1537 4619 1711 4686 Quasi
1741 4618 1899 4675 enim
1931 4619 2003 4675 de
2032 4635 2097 4675 se
2125 4634 2174 4703 Β
2202 4640 2377 4679 manu
2402 4624 2595 4680 mortis
2623 4622 2865 4680 liberabo
2903 4639 3014 4690 eos,
3036 4627 3103 4680 ut
3131 4624 3287 4698 quod
3319 4627 3462 4680 tunc
3489 4623 3864 4698 ﬁgurabatur

446 4709 572 4769 solo
616 4708 868 4783 loquens
898 4709 982 4765 ita
1009 4708 1250 4765 scribit:
1276 4709 1438 4776 Quod
1468 4708 1627 4764 enim
1672 4725 1830 4764 nunc
1875 4708 2002 4764 vivo
2033 4707 2093 4764 in

445 4815 640 4867 carne,
665 4796 727 4855 in
746 4799 862 4855 fide
880 4798 1006 4854 vivo
1030 4795 1157 4853 Filii
1190 4796 1419 4870 Dei,qui
1450 4796 1691 4853 tradidit
1711 4796 1970 4869 seipsum
1992 4813 2096 4869 pro

448 4905 564 4947 me.
590 4887 722 4946 Haec
767 4891 964 4945 autem
1012 4886 1260 4956 diccbat,
1300 4903 1417 4942 non
1462 4890 1848 4959 coangustare
1897 4885 2098 4942 volens

448 4976 797 5053 anplissima
824 4980 883 5033 et
911 4994 1014 5050 per
1041 4975 1241 5032 orbem
1279 4980 1442 5031 terra:
1474 4975 1686 5030 diffusa
1714 4973 1930 5030 Christi
1961 4992 2094 5031 mu-

450 5084 635 5126 nera:
670 5068 771 5126 sed
800 5065 994 5141 quasi,
1026 5069 1092 5122 ut
1131 5063 1406 5134 diximus,
1443 5065 1544 5138 qui
1583 5080 1685 5137 pro
1724 5063 2002 5120 omnibus
2033 5081 2096 5120 se

451 5157 643 5214 solum
666 5157 964 5229 judicaret
999 5154 1336 5212 obnoxium.
1360 5155 1429 5210 Et
1459 5170 1655 5210 revera
1685 5153 1825 5226 quid
1856 5153 2098 5209 interest

451 5245 501 5303 si
532 5251 590 5303 et
618 5245 749 5303 aliis
778 5243 1069 5320 praestitit,
1095 5260 1229 5300 cum
1252 5261 1378 5316 qua:
1410 5242 1515 5299 tibi
1547 5241 1807 5316 praestita
1836 5246 1994 5313 sunt,
2014 5241 2096 5297 ita

450 5334 725 5408 perfecta,
744 5334 913 5408 quasi
942 5332 1090 5390 nulli
1114 5331 1213 5390 alii
1234 5351 1303 5390 ex
1323 5332 1416 5388 his
1438 5331 1659 5414 aliquid
1683 5330 1858 5388 fuerit
1876 5331 2098 5403 praesti-

450 5427 601 5480 tum.
625 5421 758 5479 Ideo
779 5422 1030 5496 denique
1049 5426 1106 5479 et
1123 5421 1225 5478 illa
1243 5421 1380 5477 boni
1405 5419 1659 5494 pastoris
1680 5419 1957 5492 parabole
1978 5437 2095 5475 non

451 5511 598 5570 dicit
624 5511 764 5584 quia
791 5511 948 5568 venit
977 5511 1193 5568 multas
1229 5527 1364 5565 oves
1408 5509 1724 5582 requirere,
1759 5510 1860 5566 sed
1892 5527 2091 5566 unam.

453 5600 581 5660 Una
610 5617 864 5675 namque
894 5603 1002 5668 est,
1025 5598 1164 5674 quia
1183 5599 1269 5657 sic
1289 5598 1564 5656 omnibus
1584 5598 1753 5672 quasi
1780 5600 1879 5657 uni
1899 5598 2097 5658 divina

453 5689 736 5752 beneﬁcia
762 5690 1158 5750 conferuntur.
1180 5711 1209 5742 »

2203 4712 2264 4769 in
2294 4715 2478 4785 parte,
2511 4728 2668 4769 nunc
2698 4711 2990 4769 sentiatur
3032 4712 3090 4768 in
3124 4714 3267 4786 toto,
3297 4717 3357 4770 et
3384 4728 3522 4770 cum
3551 4711 3717 4770 omni
3746 4713 3861 4770 hu-

2206 4817 2380 4857 mano
2411 4815 2623 4874 genere
2651 4799 2826 4857 Israel
2856 4800 3198 4858 liberandus
3227 4801 3305 4859 sit
3332 4806 3392 4859 et
3417 4800 3860 4859 redimendus.»

2206 4890 2349 4946 Item
2400 4889 2524 4962 ipse
2571 4888 2633 4945 in
2682 4889 2991 4964 prophetia
3015 4890 3176 4948 Jonas
3210 4908 3224 4948 :
3255 4891 3503 4962 Afﬂictus
3543 4898 3630 4948 est
3664 4891 3859 4949 Jonas.

2206 5001 2234 5030 «
2259 4976 2504 5033 Pulchre
2546 4982 2742 5034 autem
2783 4978 2990 5049 dolens,
3013 4980 3168 5053 quod
3213 4979 3634 5053 interpretatur
3665 4980 3859 5050 Jonas,

2205 5065 2490 5139 afﬂigitur
2517 5065 2740 5136 dolore,
2760 5072 2820 5124 et
2849 5069 3038 5124 tristis
3065 5073 3154 5125 est
3181 5069 3381 5125 anima
3404 5069 3534 5142 ejus
3564 5085 3758 5142 usque
3784 5070 3861 5126 ad

2205 5159 2476 5223 mortem,
2501 5156 2640 5229 quia
2670 5174 2743 5213 ne
2786 5156 3004 5230 periret
3032 5161 3320 5230 quantum
3350 5157 3409 5214 in
3442 5173 3506 5214 se
3534 5156 3648 5215 fuit
3668 5157 3867 5216 multa

2202 5243 2468 5301 Christus
2492 5262 2806 5317 perpessus
2827 5249 2974 5301 est.»
2988 5245 3130 5302 Item
3153 5245 3309 5302 idem
3330 5247 3389 5303 in
3409 5244 3672 5319 Epistula
3691 5246 3862 5304 Pauli

2205 5334 2274 5390 ad
2309 5332 2630 5390 Galatasm
2666 5333 2849 5408 Igitur
2895 5338 2953 5390 et
3008 5334 3177 5391 Pater
3231 5334 3473 5392 tradidit
3529 5334 3771 5406 Filium,
3803 5340 3867 5392 et

2207 5420 2390 5480 Filius
2418 5422 2546 5494 ipse
2577 5438 2640 5478 se
2669 5421 2933 5490 tradidit,
2964 5427 3022 5479 et
3056 5422 3241 5480 Judas
3270 5428 3329 5481 et
3354 5423 3692 5482 sacerdotes
3719 5439 3863 5481 cum

2203 5511 2570 5586 principibus
2600 5509 2986 5581 tradiderunt,
3019 5516 3077 5569 et
3104 5513 3178 5569 ad
3215 5516 3542 5570 extremum
3568 5511 3863 5571 traditum

2203 5599 2317 5658 sibi
2341 5598 2583 5657 tradidit
2600 5599 2723 5672 ipse
2744 5599 2984 5658 Pilatus.
2999 5602 3111 5659 Sed
3134 5601 3303 5659 Pater
3322 5600 3569 5659 tradidit
3584 5605 3655 5659 ut
3674 5600 3865 5661 salva-

2206 5693 2294 5748 ret
2322 5687 2616 5764 perditum
2649 5689 2961 5764 mundum,
2992 5690 3166 5751 Jesus
3204 5689 3334 5767 ipse
3378 5677 3445 5751 se
3486 5689 3761 5765 tradidit,
3792 5694 3866 5752 ut
