  <div class='ocr_page' id='page_1' title='image "/cluster/home/n/w/nwhite01/storage/ocr_20150623/125/umn.31951002477418t/184.png"; bbox 0 0 4020 6474; ppageno 0'>
   <div class='ocr_carea' id='block_1_1' title="bbox 181 432 3536 506">
    <p class='ocr_par' dir='ltr' id='par_1_1' title="bbox 181 432 3536 506">
     <span class='ocr_line' id='line_1_1' title="bbox 181 432 3536 506; baseline 0.004 -14"><span class='ocrx_word' id='word_1_1' title='bbox 181 441 276 502; x_wconf 69' lang='lat'>329</span> <span class='ocrx_word' id='word_1_2' title='bbox 835 435 938 494; x_wconf 89' lang='lat' dir='ltr'>DE</span> <span class='ocrx_word' id='word_1_3' title='bbox 989 433 1750 495; x_wconf 68' lang='lat' dir='ltr'>PRIEDESTINATIONE</span> <span class='ocrx_word' id='word_1_4' title='bbox 1787 432 2316 498; x_wconf 75' lang='lat' dir='ltr'>DISSERTATIO</span> <span class='ocrx_word' id='word_1_5' title='bbox 2359 436 2822 500; x_wconf 82' lang='lat' dir='ltr'>POSTERIOR.</span> <span class='ocrx_word' id='word_1_6' title='bbox 3413 443 3536 506; x_wconf 72' lang='lat'>380</span> 
     </span>
    </p>
   </div>
   <div class='ocr_carea' id='block_1_2' title="bbox 177 563 3535 646">
    <p class='ocr_par' dir='ltr' id='par_1_2' title="bbox 177 563 3535 646">
     <span class='ocr_line' id='line_1_2' title="bbox 177 563 3535 646; baseline 0 -16"><span class='ocrx_word' id='word_1_7' title='bbox 177 570 332 630; x_wconf 86' lang='lat' dir='ltr'>Patris</span> <span class='ocrx_word' id='word_1_8' title='bbox 373 581 646 639; x_wconf 80' lang='lat' dir='ltr'>suamque</span> <span class='ocrx_word' id='word_1_9' title='bbox 695 565 909 622; x_wconf 87' lang='lat' dir='ltr'>faceret</span> <span class='ocrx_word' id='word_1_10' title='bbox 953 565 1333 622; x_wconf 77' lang='lat' dir='ltr'>voluntatem.</span> <span class='ocrx_word' id='word_1_11' title='bbox 1362 589 1388 616; x_wconf 86' lang='lat'>»</span> <span class='ocrx_word' id='word_1_12' title='bbox 1412 567 1557 622; x_wconf 86' lang='lat' dir='ltr'>Item</span> <span class='ocrx_word' id='word_1_13' title='bbox 1581 583 1630 622; x_wconf 85' lang='lat'>:«</span> <span class='ocrx_word' id='word_1_14' title='bbox 1655 569 1770 621; x_wconf 89' lang='lat' dir='ltr'>Nec</span> <span class='ocrx_word' id='word_1_15' title='bbox 1797 563 1856 632; x_wconf 83' lang='grc' dir='ltr'><strong>Α</strong></span> <span class='ocrx_word' id='word_1_16' title='bbox 1884 564 1996 622; x_wconf 91' lang='lat' dir='ltr'>bus</span> <span class='ocrx_word' id='word_1_17' title='bbox 2028 571 2118 622; x_wconf 88' lang='lat' dir='ltr'>est</span> <span class='ocrx_word' id='word_1_18' title='bbox 2149 568 2338 625; x_wconf 81' lang='lat' dir='ltr'>factus</span> <span class='ocrx_word' id='word_1_19' title='bbox 2363 569 2657 637; x_wconf 91' lang='lat' dir='ltr'>inﬁrmus,</span> <span class='ocrx_word' id='word_1_20' title='bbox 2680 574 2738 626; x_wconf 90' lang='lat' dir='ltr'>et</span> <span class='ocrx_word' id='word_1_21' title='bbox 2765 587 2869 643; x_wconf 89' lang='lat' dir='ltr'>pro</span> <span class='ocrx_word' id='word_1_22' title='bbox 2890 571 3163 628; x_wconf 87' lang='lat' dir='ltr'>omnibus</span> <span class='ocrx_word' id='word_1_23' title='bbox 3191 589 3261 629; x_wconf 86' lang='lat' dir='ltr'>ex</span> <span class='ocrx_word' id='word_1_24' title='bbox 3289 571 3420 646; x_wconf 87' lang='lat' dir='ltr'>ipsa</span> <span class='ocrx_word' id='word_1_25' title='bbox 3443 579 3535 632; x_wconf 83' lang='lat' dir='ltr'>est</span> 
     </span>
    </p>
   </div>
   <div class='ocr_carea' id='block_1_3' title="bbox 175 654 3536 736">
    <p class='ocr_par' dir='ltr' id='par_1_3' title="bbox 175 654 3536 736">
     <span class='ocr_line' id='line_1_3' title="bbox 175 654 3536 736; baseline -0 -17"><span class='ocrx_word' id='word_1_26' title='bbox 175 663 264 718; x_wconf 87' lang='lat' dir='ltr'>hoc</span> <span class='ocrx_word' id='word_1_27' title='bbox 287 676 348 716; x_wconf 82' lang='lat' dir='ltr'>ex</span> <span class='ocrx_word' id='word_1_28' title='bbox 374 674 494 714; x_wconf 89' lang='lat' dir='ltr'>meo</span> <span class='ocrx_word' id='word_1_29' title='bbox 525 673 698 713; x_wconf 88' lang='lat' dir='ltr'>sensu</span> <span class='ocrx_word' id='word_1_30' title='bbox 729 655 950 712; x_wconf 89' lang='lat' dir='ltr'>dictum</span> <span class='ocrx_word' id='word_1_31' title='bbox 988 655 1554 728; x_wconf 71' lang='lat' dir='ltr'>putetis,,Scriptura</span> <span class='ocrx_word' id='word_1_32' title='bbox 1599 655 1770 711; x_wconf 85' lang='lat' dir='ltr'>testis</span> <span class='ocrx_word' id='word_1_33' title='bbox 1884 654 2224 712; x_wconf 84' lang='lat' dir='ltr'>inﬁrmitate</span> <span class='ocrx_word' id='word_1_34' title='bbox 2245 658 2597 714; x_wconf 82' lang='lat' dir='ltr'>cruciﬁxus?</span> <span class='ocrx_word' id='word_1_35' title='bbox 2616 663 2751 728; x_wconf 81' lang='lat' dir='ltr'>Quae</span> <span class='ocrx_word' id='word_1_36' title='bbox 2779 676 2914 715; x_wconf 90' lang='lat' dir='ltr'>cum</span> <span class='ocrx_word' id='word_1_37' title='bbox 2941 658 3024 715; x_wconf 87' lang='lat' dir='ltr'>ita</span> <span class='ocrx_word' id='word_1_38' title='bbox 3053 660 3192 728; x_wconf 90' lang='lat' dir='ltr'>sint,</span> <span class='ocrx_word' id='word_1_39' title='bbox 3215 678 3322 718; x_wconf 89' lang='lat' dir='ltr'>nec</span> <span class='ocrx_word' id='word_1_40' title='bbox 3342 662 3536 736; x_wconf 82' lang='lat' dir='ltr'>gratia</span> 
     </span>
    </p>
   </div>
   <div class='ocr_carea' id='block_1_4' title="bbox 175 744 3528 822">
    <p class='ocr_par' dir='ltr' id='par_1_4' title="bbox 175 744 3528 822">
     <span class='ocr_line' id='line_1_4' title="bbox 175 744 3528 822; baseline 0 -14"><span class='ocrx_word' id='word_1_41' title='bbox 175 755 262 818; x_wconf 83' lang='lat' dir='ltr'>est,</span> <span class='ocrx_word' id='word_1_42' title='bbox 281 749 406 822; x_wconf 90' lang='lat' dir='ltr'>quia</span> <span class='ocrx_word' id='word_1_43' title='bbox 423 746 682 803; x_wconf 81' lang='lat' dir='ltr'>Christus</span> <span class='ocrx_word' id='word_1_44' title='bbox 703 745 890 819; x_wconf 86' lang='lat' dir='ltr'>gratia</span> <span class='ocrx_word' id='word_1_45' title='bbox 908 745 1010 800; x_wconf 86' lang='lat' dir='ltr'>Dei</span> <span class='ocrx_word' id='word_1_46' title='bbox 1033 746 1216 813; x_wconf 83' lang='lat' dir='ltr'>salus,</span> <span class='ocrx_word' id='word_1_47' title='bbox 1243 751 1308 801; x_wconf 86' lang='lat' dir='ltr'>ut</span> <span class='ocrx_word' id='word_1_48' title='bbox 1336 745 1394 800; x_wconf 89' lang='lat' dir='ltr'>in</span> <span class='ocrx_word' id='word_1_49' title='bbox 1419 744 1774 816; x_wconf 85' lang='lat' dir='ltr'>quibusdam</span> <span class='ocrx_word' id='word_1_50' title='bbox 1882 745 2152 816; x_wconf 86' lang='lat' dir='ltr'>prohibet</span> <span class='ocrx_word' id='word_1_51' title='bbox 2171 747 2614 818; x_wconf 86' lang='lat' dir='ltr'>correptionem,</span> <span class='ocrx_word' id='word_1_52' title='bbox 2631 765 2735 804; x_wconf 88' lang='lat' dir='ltr'>nec</span> <span class='ocrx_word' id='word_1_53' title='bbox 2752 747 3039 820; x_wconf 92' lang='lat' dir='ltr'>correptio</span> <span class='ocrx_word' id='word_1_54' title='bbox 3058 753 3231 822; x_wconf 87' lang='lat' dir='ltr'>negat</span> <span class='ocrx_word' id='word_1_55' title='bbox 3246 751 3528 822; x_wconf 81' lang='lat' dir='ltr'>gratiam;</span> 
     </span>
    </p>
   </div>
   <div class='ocr_carea' id='block_1_5' title="bbox 175 833 3536 913">
    <p class='ocr_par' dir='ltr' id='par_1_5' title="bbox 175 833 3536 913">
     <span class='ocr_line' id='line_1_5' title="bbox 175 833 3536 913; baseline -0.001 -15"><span class='ocrx_word' id='word_1_56' title='bbox 175 837 558 910; x_wconf 79' lang='lat' dir='ltr'>exemplaribus</span> <span class='ocrx_word' id='word_1_57' title='bbox 574 834 806 908; x_wconf 88' lang='lat' dir='ltr'>legitur,</span> <span class='ocrx_word' id='word_1_58' title='bbox 821 835 1046 906; x_wconf 90' lang='lat' dir='ltr'>absque</span> <span class='ocrx_word' id='word_1_59' title='bbox 1073 836 1182 890; x_wconf 90' lang='lat' dir='ltr'>Deo</span> <span class='ocrx_word' id='word_1_60' title='bbox 1206 850 1308 907; x_wconf 90' lang='lat' dir='ltr'>pro</span> <span class='ocrx_word' id='word_1_61' title='bbox 1328 834 1604 890; x_wconf 88' lang='lat' dir='ltr'>omnibus</span> <span class='ocrx_word' id='word_1_62' title='bbox 1627 850 1778 888; x_wconf 80' lang='lat' dir='ltr'>mor-</span> <span class='ocrx_word' id='word_1_63' title='bbox 1885 835 1940 888; x_wconf 89' lang='lat' dir='ltr'>et</span> <span class='ocrx_word' id='word_1_64' title='bbox 1971 833 2098 889; x_wconf 90' lang='lat' dir='ltr'>ideo</span> <span class='ocrx_word' id='word_1_65' title='bbox 2130 835 2214 890; x_wconf 90' lang='lat' dir='ltr'>sic</span> <span class='ocrx_word' id='word_1_66' title='bbox 2244 839 2334 891; x_wconf 87' lang='lat' dir='ltr'>est</span> <span class='ocrx_word' id='word_1_67' title='bbox 2363 835 2752 910; x_wconf 66' lang='lat' dir='ltr'>praecipienda</span> <span class='ocrx_word' id='word_1_68' title='bbox 2771 837 3030 910; x_wconf 89' lang='lat' dir='ltr'>justitia,</span> <span class='ocrx_word' id='word_1_69' title='bbox 3047 841 3115 893; x_wconf 92' lang='lat' dir='ltr'>ut</span> <span class='ocrx_word' id='word_1_70' title='bbox 3143 849 3179 893; x_wconf 86' lang='lat' dir='ltr'>a</span> <span class='ocrx_word' id='word_1_71' title='bbox 3205 838 3321 894; x_wconf 90' lang='lat' dir='ltr'>Deo</span> <span class='ocrx_word' id='word_1_72' title='bbox 3343 839 3536 913; x_wconf 87' lang='lat' dir='ltr'>gratia</span> 
     </span>
    </p>
   </div>
   <div class='ocr_carea' id='block_1_6' title="bbox 174 921 3528 1000">
    <p class='ocr_par' dir='ltr' id='par_1_6' title="bbox 174 921 3528 1000">
     <span class='ocr_line' id='line_1_6' title="bbox 174 921 3528 1000; baseline -0 -14"><span class='ocrx_word' id='word_1_73' title='bbox 174 935 286 988; x_wconf 88' lang='lat' dir='ltr'>tuus</span> <span class='ocrx_word' id='word_1_74' title='bbox 303 930 400 983; x_wconf 89' lang='lat' dir='ltr'>est.</span> <span class='ocrx_word' id='word_1_75' title='bbox 419 927 476 982; x_wconf 91' lang='lat' dir='ltr'>Si</span> <span class='ocrx_word' id='word_1_76' title='bbox 497 927 692 981; x_wconf 86' lang='lat' dir='ltr'>autem</span> <span class='ocrx_word' id='word_1_77' title='bbox 713 941 819 997; x_wconf 90' lang='lat' dir='ltr'>pro</span> <span class='ocrx_word' id='word_1_78' title='bbox 841 923 1142 992; x_wconf 89' lang='lat' dir='ltr'>omnibus,</span> <span class='ocrx_word' id='word_1_79' title='bbox 1159 928 1218 979; x_wconf 89' lang='lat' dir='ltr'>et</span> <span class='ocrx_word' id='word_1_80' title='bbox 1237 941 1340 996; x_wconf 90' lang='lat' dir='ltr'>pro</span> <span class='ocrx_word' id='word_1_81' title='bbox 1364 923 1579 996; x_wconf 77' lang='lat' dir='ltr'>Moyse,</span> <span class='ocrx_word' id='word_1_82' title='bbox 1595 927 1652 978; x_wconf 89' lang='lat' dir='ltr'>et</span> <span class='ocrx_word' id='word_1_83' title='bbox 1671 939 1774 994; x_wconf 88' lang='lat' dir='ltr'>pro</span> <span class='ocrx_word' id='word_1_84' title='bbox 1885 938 2002 994; x_wconf 87' lang='lat' dir='ltr'>qua</span> <span class='ocrx_word' id='word_1_85' title='bbox 2030 921 2089 978; x_wconf 91' lang='lat' dir='ltr'>id</span> <span class='ocrx_word' id='word_1_86' title='bbox 2112 924 2267 995; x_wconf 92' lang='lat' dir='ltr'>quod</span> <span class='ocrx_word' id='word_1_87' title='bbox 2298 924 2632 998; x_wconf 70' lang='lat' dir='ltr'>praecipitur</span> <span class='ocrx_word' id='word_1_88' title='bbox 2651 927 2754 981; x_wconf 86' lang='lat' dir='ltr'>ﬁat</span> <span class='ocrx_word' id='word_1_89' title='bbox 2772 924 2928 982; x_wconf 88' lang='lat' dir='ltr'>ﬁdeli</span> <span class='ocrx_word' id='word_1_90' title='bbox 2951 923 3211 983; x_wconf 85' lang='lat' dir='ltr'>oratione</span> <span class='ocrx_word' id='word_1_91' title='bbox 3231 931 3528 1000; x_wconf 87' lang='lat' dir='ltr'>poscatur.</span> 
     </span>
    </p>
   </div>
   <div class='ocr_carea' id='block_1_7' title="bbox 175 1011 3538 1097">
    <p class='ocr_par' dir='ltr' id='par_1_7' title="bbox 175 1011 3538 1097">
     <span class='ocr_line' id='line_1_7' title="bbox 175 1011 3538 1097; baseline 0 -22"><span class='ocrx_word' id='word_1_92' title='bbox 175 1017 419 1097; x_wconf 79' lang='lat' dir='ltr'>universis</span> <span class='ocrx_word' id='word_1_93' title='bbox 449 1013 767 1088; x_wconf 79' lang='lat' dir='ltr'>prophetis,</span> <span class='ocrx_word' id='word_1_94' title='bbox 790 1031 822 1069; x_wconf 89' lang='lat' dir='ltr'>a</span> <span class='ocrx_word' id='word_1_95' title='bbox 855 1013 1071 1087; x_wconf 85' lang='lat' dir='ltr'>quibus</span> <span class='ocrx_word' id='word_1_96' title='bbox 1119 1013 1318 1070; x_wconf 90' lang='lat' dir='ltr'>nullus</span> <span class='ocrx_word' id='word_1_97' title='bbox 1366 1013 1556 1086; x_wconf 70' lang='lat' dir='ltr'>potuit</span> <span class='ocrx_word' id='word_1_98' title='bbox 1587 1011 1777 1068; x_wconf 89' lang='lat' dir='ltr'>delere</span> <span class='ocrx_word' id='word_1_99' title='bbox 1885 1012 1956 1067; x_wconf 85' lang='lat' dir='ltr'>Et</span> <span class='ocrx_word' id='word_1_100' title='bbox 1982 1011 2091 1068; x_wconf 92' lang='lat' dir='ltr'>hoc</span> <span class='ocrx_word' id='word_1_101' title='bbox 2121 1017 2435 1086; x_wconf 90' lang='lat' dir='ltr'>utrumque</span> <span class='ocrx_word' id='word_1_102' title='bbox 2464 1014 2544 1070; x_wconf 87' lang='lat' dir='ltr'>ita</span> <span class='ocrx_word' id='word_1_103' title='bbox 2566 1014 2899 1070; x_wconf 81' lang='lat' dir='ltr'>faciendum</span> <span class='ocrx_word' id='word_1_104' title='bbox 2929 1019 3040 1081; x_wconf 88' lang='lat' dir='ltr'>est,</span> <span class='ocrx_word' id='word_1_105' title='bbox 3063 1019 3129 1070; x_wconf 90' lang='lat' dir='ltr'>ut</span> <span class='ocrx_word' id='word_1_106' title='bbox 3158 1031 3348 1088; x_wconf 89' lang='lat' dir='ltr'>neque</span> <span class='ocrx_word' id='word_1_107' title='bbox 3368 1016 3538 1088; x_wconf 76' lang='lat' dir='ltr'>j&#39;ust’a</span> 
     </span>
    </p>
   </div>
   <div class='ocr_carea' id='block_1_8' title="bbox 175 1100 3537 1179">
    <p class='ocr_par' dir='ltr' id='par_1_8' title="bbox 175 1100 3537 1179">
     <span class='ocr_line' id='line_1_8' title="bbox 175 1100 3537 1179; baseline -0 -16"><span class='ocrx_word' id='word_1_108' title='bbox 175 1104 581 1179; x_wconf 81' lang='lat' dir='ltr'>chirographum</span> <span class='ocrx_word' id='word_1_109' title='bbox 609 1106 800 1169; x_wconf 85' lang='lat' dir='ltr'>vetus,</span> <span class='ocrx_word' id='word_1_110' title='bbox 819 1103 974 1174; x_wconf 91' lang='lat' dir='ltr'>quod</span> <span class='ocrx_word' id='word_1_111' title='bbox 1013 1103 1322 1158; x_wconf 87' lang='lat' dir='ltr'>adversum</span> <span class='ocrx_word' id='word_1_112' title='bbox 1352 1119 1461 1158; x_wconf 89' lang='lat' dir='ltr'>nos</span> <span class='ocrx_word' id='word_1_113' title='bbox 1490 1101 1776 1174; x_wconf 89' lang='lat' dir='ltr'>scriptum</span> <span class='ocrx_word' id='word_1_114' title='bbox 1887 1100 2169 1173; x_wconf 84' lang='lat' dir='ltr'>correptio</span> <span class='ocrx_word' id='word_1_115' title='bbox 2193 1101 2541 1176; x_wconf 84' lang='lat' dir='ltr'>negligatur,</span> <span class='ocrx_word' id='word_1_116' title='bbox 2567 1102 2766 1160; x_wconf 90' lang='lat' dir='ltr'>omnia</span> <span class='ocrx_word' id='word_1_117' title='bbox 2792 1120 2924 1160; x_wconf 87' lang='lat' dir='ltr'>vero</span> <span class='ocrx_word' id='word_1_118' title='bbox 2956 1103 3078 1160; x_wconf 70' lang='lat' dir='ltr'>haec</span> <span class='ocrx_word' id='word_1_119' title='bbox 3099 1121 3234 1160; x_wconf 88' lang='lat' dir='ltr'>cum</span> <span class='ocrx_word' id='word_1_120' title='bbox 3253 1104 3537 1164; x_wconf 81' lang='lat' dir='ltr'>charitate</span> 
     </span>
    </p>
   </div>
   <div class='ocr_carea' id='block_1_9' title="bbox 171 1188 3539 1267">
    <p class='ocr_par' dir='ltr' id='par_1_9' title="bbox 171 1188 3539 1267">
     <span class='ocr_line' id='line_1_9' title="bbox 171 1188 3539 1267; baseline -0.001 -14"><span class='ocrx_word' id='word_1_121' title='bbox 171 1201 286 1262; x_wconf 80' lang='lat' dir='ltr'>erat,</span> <span class='ocrx_word' id='word_1_122' title='bbox 307 1201 358 1251; x_wconf 88' lang='lat' dir='ltr'>et</span> <span class='ocrx_word' id='word_1_123' title='bbox 383 1193 616 1266; x_wconf 82' lang='lat' dir='ltr'>afﬁgere</span> <span class='ocrx_word' id='word_1_124' title='bbox 661 1190 808 1247; x_wconf 87' lang='lat' dir='ltr'>illud</span> <span class='ocrx_word' id='word_1_125' title='bbox 861 1191 1019 1247; x_wconf 85' lang='lat' dir='ltr'>cruci</span> <span class='ocrx_word' id='word_1_126' title='bbox 1043 1190 1176 1264; x_wconf 79' lang='lat' dir='ltr'>(Col.</span> <span class='ocrx_word' id='word_1_127' title='bbox 1203 1208 1262 1260; x_wconf 80' lang='grc' dir='ltr'>η,</span> <span class='ocrx_word' id='word_1_128' title='bbox 1295 1193 1403 1260; x_wconf 86' lang='grc'>14).</span> <span class='ocrx_word' id='word_1_129' title='bbox 1431 1190 1624 1246; x_wconf 80' lang='lat' dir='ltr'>Omnes</span> <span class='ocrx_word' id='word_1_130' title='bbox 1649 1207 1778 1262; x_wconf 84' lang='lat' dir='ltr'>pec-</span> <span class='ocrx_word' id='word_1_131' title='bbox 1887 1189 2048 1259; x_wconf 86' lang='lat' dir='ltr'>ﬁant,</span> <span class='ocrx_word' id='word_1_132' title='bbox 2084 1188 2362 1262; x_wconf 89' lang='lat' dir='ltr'>quoniam</span> <span class='ocrx_word' id='word_1_133' title='bbox 2403 1207 2514 1248; x_wconf 86' lang='lat' dir='ltr'>nec</span> <span class='ocrx_word' id='word_1_134' title='bbox 2548 1191 2802 1249; x_wconf 81' lang='lat' dir='ltr'>Charitas</span> <span class='ocrx_word' id='word_1_135' title='bbox 2831 1191 2970 1249; x_wconf 84' lang='lat' dir='ltr'>facit</span> <span class='ocrx_word' id='word_1_136' title='bbox 2997 1197 3328 1267; x_wconf 85' lang='lat' dir='ltr'>peccatum,</span> <span class='ocrx_word' id='word_1_137' title='bbox 3348 1199 3410 1250; x_wconf 87' lang='lat' dir='ltr'>&#39;et</span> <span class='ocrx_word' id='word_1_138' title='bbox 3437 1207 3539 1251; x_wconf 65' lang='grc' dir='ltr'><strong>(πο-ρ</strong></span> 
     </span>
    </p>
   </div>
   <div class='ocr_carea' id='block_1_10' title="bbox 171 1277 3538 1360">
    <p class='ocr_par' dir='ltr' id='par_1_10' title="bbox 171 1277 3538 1360">
     <span class='ocr_line' id='line_1_10' title="bbox 171 1277 3538 1360; baseline 0 -20"><span class='ocrx_word' id='word_1_139' title='bbox 171 1291 390 1340; x_wconf 75' lang='lat' dir='ltr'>caverunt</span> <span class='ocrx_word' id='word_1_140' title='bbox 414 1289 463 1338; x_wconf 87' lang='lat' dir='ltr'>et</span> <span class='ocrx_word' id='word_1_141' title='bbox 492 1281 740 1354; x_wconf 75' lang='lat' dir='ltr'>indigent</span> <span class='ocrx_word' id='word_1_142' title='bbox 763 1281 952 1354; x_wconf 79' lang='lat' dir='ltr'>gloria</span> <span class='ocrx_word' id='word_1_143' title='bbox 980 1281 1078 1336; x_wconf 89' lang='lat' dir='ltr'>Dei</span> <span class='ocrx_word' id='word_1_144' title='bbox 1106 1281 1277 1353; x_wconf 82' lang='lat' dir='ltr'>(Rom.</span> <span class='ocrx_word' id='word_1_145' title='bbox 1313 1297 1396 1348; x_wconf 81' lang='grc' dir='ltr'>ιιι,</span> <span class='ocrx_word' id='word_1_146' title='bbox 1427 1281 1541 1349; x_wconf 88' lang='lat'>23).</span> <span class='ocrx_word' id='word_1_147' title='bbox 1567 1301 1595 1330; x_wconf 85' lang='lat'>»</span> <span class='ocrx_word' id='word_1_148' title='bbox 1617 1281 1688 1336; x_wconf 90' lang='lat' dir='ltr'>Et</span> <span class='ocrx_word' id='word_1_149' title='bbox 1717 1277 1778 1335; x_wconf 90' lang='lat' dir='ltr'>in</span> <span class='ocrx_word' id='word_1_150' title='bbox 1887 1279 2076 1352; x_wconf 87' lang='lat' dir='ltr'>operit</span> <span class='ocrx_word' id='word_1_151' title='bbox 2104 1278 2548 1338; x_wconf 83' lang='lat' dir='ltr'>multitudinem</span> <span class='ocrx_word' id='word_1_152' title='bbox 2578 1283 3007 1354; x_wconf 86' lang='lat' dir='ltr'>peccatorum.»</span> <span class='ocrx_word' id='word_1_153' title='bbox 3029 1281 3100 1338; x_wconf 91' lang='lat' dir='ltr'>Et</span> <span class='ocrx_word' id='word_1_154' title='bbox 3125 1281 3266 1338; x_wconf 84' lang='lat' dir='ltr'>item</span> <span class='ocrx_word' id='word_1_155' title='bbox 3299 1285 3538 1360; x_wconf 74' lang='lat' dir='ltr'>sanctus</span> 
     </span>
    </p>
   </div>
   <div class='ocr_carea' id='block_1_11' title="bbox 171 1367 3540 1446">
    <p class='ocr_par' dir='ltr' id='par_1_11' title="bbox 171 1367 3540 1446">
     <span class='ocr_line' id='line_1_11' title="bbox 171 1367 3540 1446; baseline 0 -16"><span class='ocrx_word' id='word_1_156' title='bbox 171 1372 388 1446; x_wconf 77' lang='lat' dir='ltr'>Epistola</span> <span class='ocrx_word' id='word_1_157' title='bbox 433 1372 504 1428; x_wconf 88' lang='lat' dir='ltr'>ad</span> <span class='ocrx_word' id='word_1_158' title='bbox 551 1369 839 1444; x_wconf 85' lang='lat' dir='ltr'>Ephesios</span> <span class='ocrx_word' id='word_1_159' title='bbox 871 1384 886 1424; x_wconf 88' lang='lat'>:</span> <span class='ocrx_word' id='word_1_160' title='bbox 917 1369 982 1424; x_wconf 82' lang='lat' dir='ltr'>In</span> <span class='ocrx_word' id='word_1_161' title='bbox 1012 1385 1116 1441; x_wconf 88' lang='lat' dir='ltr'>quo</span> <span class='ocrx_word' id='word_1_162' title='bbox 1149 1369 1410 1425; x_wconf 82' lang='lat' dir='ltr'>habe-mus</span> <span class='ocrx_word' id='word_1_163' title='bbox 1456 1368 1778 1440; x_wconf 83' lang='lat' dir='ltr'>redemptio-</span> <span class='ocrx_word' id='word_1_164' title='bbox 1885 1367 2250 1441; x_wconf 87' lang='lat' dir='ltr'>Augustinus</span> <span class='ocrx_word' id='word_1_165' title='bbox 2270 1367 2332 1424; x_wconf 92' lang='lat' dir='ltr'>in</span> <span class='ocrx_word' id='word_1_166' title='bbox 2352 1368 2634 1442; x_wconf 87' lang='lat' dir='ltr'>vigesimo</span> <span class='ocrx_word' id='word_1_167' title='bbox 2657 1369 2804 1426; x_wconf 89' lang='lat' dir='ltr'>libro</span> <span class='ocrx_word' id='word_1_168' title='bbox 2826 1369 3150 1428; x_wconf 87' lang='lat' dir='ltr'>deCivitate</span> <span class='ocrx_word' id='word_1_169' title='bbox 3167 1370 3292 1440; x_wconf 87' lang='lat' dir='ltr'>Dei,</span> <span class='ocrx_word' id='word_1_170' title='bbox 3311 1370 3484 1431; x_wconf 82' lang='lat' dir='ltr'>titulo</span> <span class='ocrx_word' id='word_1_171' title='bbox 3497 1373 3540 1429; x_wconf 76' lang='grc' dir='ltr'>’ϐ</span> 
     </span>
    </p>
   </div>
   <div class='ocr_carea' id='block_1_12' title="bbox 170 1457 3538 1534">
    <p class='ocr_par' dir='ltr' id='par_1_12' title="bbox 170 1457 3538 1534">
     <span class='ocr_line' id='line_1_12' title="bbox 170 1457 3538 1534; baseline -0.001 -14"><span class='ocrx_word' id='word_1_172' title='bbox 170 1480 266 1520; x_wconf 80' lang='lat' dir='ltr'>nem</span> <span class='ocrx_word' id='word_1_173' title='bbox 298 1478 388 1534; x_wconf 86' lang='lat' dir='ltr'>per</span> <span class='ocrx_word' id='word_1_174' title='bbox 429 1461 756 1532; x_wconf 71' lang='lat' dir='ltr'>scmgui-nem</span> <span class='ocrx_word' id='word_1_175' title='bbox 785 1459 964 1531; x_wconf 86' lang='lat' dir='ltr'>ipsius</span> <span class='ocrx_word' id='word_1_176' title='bbox 1010 1459 1392 1514; x_wconf 76' lang='lat' dir='ltr'>remissionem</span> <span class='ocrx_word' id='word_1_177' title='bbox 1442 1465 1784 1530; x_wconf 79' lang='lat' dir='ltr'>peccatorum</span> <span class='ocrx_word' id='word_1_178' title='bbox 1889 1473 1957 1512; x_wconf 82' lang='lat' dir='ltr'>ex</span> <span class='ocrx_word' id='word_1_179' title='bbox 1985 1473 2256 1514; x_wconf 84' lang='lat' dir='ltr'>sermone</span> <span class='ocrx_word' id='word_1_180' title='bbox 2289 1457 2549 1530; x_wconf 89' lang='lat' dir='ltr'>Apostoli</span> <span class='ocrx_word' id='word_1_181' title='bbox 2573 1459 2710 1532; x_wconf 88' lang='lat' dir='ltr'>(cap.</span> <span class='ocrx_word' id='word_1_182' title='bbox 2731 1459 2788 1533; x_wconf 88' lang='lat'>6)</span> <span class='ocrx_word' id='word_1_183' title='bbox 2813 1476 2826 1515; x_wconf 92' lang='lat'><strong>:</strong></span> <span class='ocrx_word' id='word_1_184' title='bbox 2850 1461 2958 1517; x_wconf 91' lang='lat' dir='ltr'>Pro</span> <span class='ocrx_word' id='word_1_185' title='bbox 2987 1461 3244 1518; x_wconf 80' lang='lat' dir='ltr'>omnibus</span> <span class='ocrx_word' id='word_1_186' title='bbox 3287 1468 3538 1520; x_wconf 74' lang='lat' dir='ltr'>morum:</span> 
     </span>
    </p>
   </div>
   <div class='ocr_carea' id='block_1_13' title="bbox 169 1545 3535 1625">
    <p class='ocr_par' dir='ltr' id='par_1_13' title="bbox 169 1545 3535 1625">
     <span class='ocr_line' id='line_1_13' title="bbox 169 1545 3535 1625; baseline 0 -17"><span class='ocrx_word' id='word_1_187' title='bbox 169 1553 343 1625; x_wconf 79' lang='lat' dir='ltr'>(Ephes.</span> <span class='ocrx_word' id='word_1_188' title='bbox 367 1567 403 1619; x_wconf 78' lang='grc' dir='ltr'>ι,</span> <span class='ocrx_word' id='word_1_189' title='bbox 419 1549 532 1622; x_wconf 84' lang='grc'>3).‹‹</span> <span class='ocrx_word' id='word_1_190' title='bbox 557 1548 659 1604; x_wconf 86' lang='lat' dir='ltr'>Ille</span> <span class='ocrx_word' id='word_1_191' title='bbox 679 1547 990 1604; x_wconf 88' lang='lat' dir='ltr'>redimitur</span> <span class='ocrx_word' id='word_1_192' title='bbox 1010 1547 1110 1619; x_wconf 90' lang='lat' dir='ltr'>qui</span> <span class='ocrx_word' id='word_1_193' title='bbox 1133 1551 1340 1620; x_wconf 87' lang='lat' dir='ltr'>captus</span> <span class='ocrx_word' id='word_1_194' title='bbox 1365 1551 1474 1615; x_wconf 89' lang='lat' dir='ltr'>est,</span> <span class='ocrx_word' id='word_1_195' title='bbox 1493 1552 1551 1603; x_wconf 89' lang='lat' dir='ltr'>et</span> <span class='ocrx_word' id='word_1_196' title='bbox 1569 1545 1630 1602; x_wconf 92' lang='lat' dir='ltr'>in</span> <span class='ocrx_word' id='word_1_197' title='bbox 1651 1546 1783 1602; x_wconf 83' lang='lat' dir='ltr'>hos-</span> <span class='ocrx_word' id='word_1_198' title='bbox 1887 1552 1968 1602; x_wconf 85' lang='lat' dir='ltr'>est</span> <span class='ocrx_word' id='word_1_199' title='bbox 1993 1546 2069 1616; x_wconf 82' lang='lat' dir='ltr'>(II</span> <span class='ocrx_word' id='word_1_200' title='bbox 2092 1550 2214 1605; x_wconf 87' lang='lat' dir='ltr'>Cor.</span> <span class='ocrx_word' id='word_1_201' title='bbox 2236 1564 2293 1614; x_wconf 90' lang='lat' dir='ltr'>v,</span> <span class='ocrx_word' id='word_1_202' title='bbox 2317 1547 2403 1620; x_wconf 77' lang='grc'>14)</span> <span class='ocrx_word' id='word_1_203' title='bbox 2429 1564 2477 1604; x_wconf 83' lang='grc'>;‹‹</span> <span class='ocrx_word' id='word_1_204' title='bbox 2503 1547 2810 1616; x_wconf 88' lang='lat' dir='ltr'>Omnibus,</span> <span class='ocrx_word' id='word_1_205' title='bbox 2833 1547 3046 1621; x_wconf 88' lang='lat' dir='ltr'>inquit,</span> <span class='ocrx_word' id='word_1_206' title='bbox 3068 1548 3292 1607; x_wconf 89' lang='lat' dir='ltr'>bonum</span> <span class='ocrx_word' id='word_1_207' title='bbox 3311 1553 3402 1608; x_wconf 88' lang='lat' dir='ltr'>est</span> <span class='ocrx_word' id='word_1_208' title='bbox 3425 1567 3535 1608; x_wconf 78' lang='lat' dir='ltr'>au-</span> 
     </span>
    </p>
   </div>
   <div class='ocr_carea' id='block_1_14' title="bbox 167 1634 3540 1713">
    <p class='ocr_par' dir='ltr' id='par_1_14' title="bbox 167 1634 3540 1713">
     <span class='ocr_line' id='line_1_14' title="bbox 167 1634 3540 1713; baseline -0.001 -14"><span class='ocrx_word' id='word_1_209' title='bbox 167 1643 286 1700; x_wconf 81' lang='lat' dir='ltr'>tium</span> <span class='ocrx_word' id='word_1_210' title='bbox 300 1637 526 1696; x_wconf 87' lang='lat' dir='ltr'>veniens</span> <span class='ocrx_word' id='word_1_211' title='bbox 541 1639 897 1710; x_wconf 87' lang='lat' dir='ltr'>potestatem</span> <span class='ocrx_word' id='word_1_212' title='bbox 917 1635 1066 1692; x_wconf 90' lang='lat' dir='ltr'>liber</span> <span class='ocrx_word' id='word_1_213' title='bbox 1085 1652 1214 1692; x_wconf 85' lang='lat' dir='ltr'>esse</span> <span class='ocrx_word' id='word_1_214' title='bbox 1237 1635 1472 1692; x_wconf 85' lang='lat' dir='ltr'>desinit.</span> <span class='ocrx_word' id='word_1_215' title='bbox 1495 1636 1581 1692; x_wconf 88' lang='lat' dir='ltr'>Ita</span> <span class='ocrx_word' id='word_1_216' title='bbox 1598 1641 1654 1692; x_wconf 89' lang='lat' dir='ltr'>et</span> <span class='ocrx_word' id='word_1_217' title='bbox 1672 1652 1782 1692; x_wconf 87' lang='lat' dir='ltr'>nos</span> <span class='ocrx_word' id='word_1_218' title='bbox 1889 1634 2014 1690; x_wconf 90' lang='lat' dir='ltr'>dire</span> <span class='ocrx_word' id='word_1_219' title='bbox 2042 1651 2240 1691; x_wconf 89' lang='lat' dir='ltr'>vocem</span> <span class='ocrx_word' id='word_1_220' title='bbox 2272 1635 2402 1692; x_wconf 87' lang='lat' dir='ltr'>Filii</span> <span class='ocrx_word' id='word_1_221' title='bbox 2429 1635 2542 1706; x_wconf 33' lang='lat' dir='ltr'>.Dci</span> <span class='ocrx_word' id='word_1_222' title='bbox 2571 1639 2629 1692; x_wconf 89' lang='lat' dir='ltr'>et</span> <span class='ocrx_word' id='word_1_223' title='bbox 2656 1636 2863 1694; x_wconf 88' lang='lat' dir='ltr'>vivere.</span> <span class='ocrx_word' id='word_1_224' title='bbox 2881 1638 2966 1694; x_wconf 89' lang='lat' dir='ltr'>Ad</span> <span class='ocrx_word' id='word_1_225' title='bbox 2997 1635 3175 1696; x_wconf 89' lang='lat' dir='ltr'>vitam</span> <span class='ocrx_word' id='word_1_226' title='bbox 3205 1637 3440 1713; x_wconf 82' lang='lat' dir='ltr'>pietatis</span> <span class='ocrx_word' id='word_1_227' title='bbox 3466 1645 3540 1696; x_wconf 79' lang='lat' dir='ltr'>ex</span> 
     </span>
    </p>
   </div>
   <div class='ocr_carea' id='block_1_15' title="bbox 169 1723 3541 1804">
    <p class='ocr_par' dir='ltr' id='par_1_15' title="bbox 169 1723 3541 1804">
     <span class='ocr_line' id='line_1_15' title="bbox 169 1723 3541 1804; baseline -0 -18"><span class='ocrx_word' id='word_1_228' title='bbox 169 1729 369 1804; x_wconf 79' lang='lat' dir='ltr'>quidam</span> <span class='ocrx_word' id='word_1_229' title='bbox 386 1725 592 1784; x_wconf 88' lang='lat' dir='ltr'>dicunt</span> <span class='ocrx_word' id='word_1_230' title='bbox 611 1726 673 1781; x_wconf 91' lang='lat' dir='ltr'>in</span> <span class='ocrx_word' id='word_1_231' title='bbox 693 1725 802 1782; x_wconf 92' lang='lat' dir='ltr'>hoc</span> <span class='ocrx_word' id='word_1_232' title='bbox 825 1725 1048 1780; x_wconf 89' lang='lat' dir='ltr'>mundo</span> <span class='ocrx_word' id='word_1_233' title='bbox 1069 1741 1200 1782; x_wconf 89' lang='lat' dir='ltr'>esse</span> <span class='ocrx_word' id='word_1_234' title='bbox 1216 1725 1573 1798; x_wconf 82' lang='lat' dir='ltr'>captivos,ut</span> <span class='ocrx_word' id='word_1_235' title='bbox 1593 1729 1650 1780; x_wconf 86' lang='lat' dir='ltr'>et</span> <span class='ocrx_word' id='word_1_236' title='bbox 1669 1725 1780 1781; x_wconf 90' lang='lat' dir='ltr'>sub</span> <span class='ocrx_word' id='word_1_237' title='bbox 1890 1723 2208 1797; x_wconf 81' lang='lat' dir='ltr'>impietatis</span> <span class='ocrx_word' id='word_1_238' title='bbox 2239 1729 2428 1781; x_wconf 90' lang='lat' dir='ltr'>morte</span> <span class='ocrx_word' id='word_1_239' title='bbox 2472 1727 2922 1783; x_wconf 87' lang='lat' dir='ltr'>transeundum.</span> <span class='ocrx_word' id='word_1_240' title='bbox 2955 1726 3037 1784; x_wconf 90' lang='lat' dir='ltr'>De</span> <span class='ocrx_word' id='word_1_241' title='bbox 3075 1743 3194 1800; x_wconf 91' lang='lat' dir='ltr'>qua</span> <span class='ocrx_word' id='word_1_242' title='bbox 3240 1731 3428 1785; x_wconf 80' lang='lat' dir='ltr'>morte</span> <span class='ocrx_word' id='word_1_243' title='bbox 3457 1727 3541 1786; x_wconf 88' lang='lat' dir='ltr'>ait</span> 
     </span>
    </p>
   </div>
   <div class='ocr_carea' id='block_1_16' title="bbox 169 1811 3540 1891">
    <p class='ocr_par' dir='ltr' id='par_1_16' title="bbox 169 1811 3540 1891">
     <span class='ocr_line' id='line_1_16' title="bbox 169 1811 3540 1891; baseline 0 -17"><span class='ocrx_word' id='word_1_244' title='bbox 169 1815 487 1891; x_wconf 82' lang='lat' dir='ltr'>principibus</span> <span class='ocrx_word' id='word_1_245' title='bbox 527 1819 590 1872; x_wconf 91' lang='lat' dir='ltr'>et</span> <span class='ocrx_word' id='word_1_246' title='bbox 631 1814 1024 1888; x_wconf 85' lang='lat' dir='ltr'>potestatibus</span> <span class='ocrx_word' id='word_1_247' title='bbox 1067 1814 1213 1886; x_wconf 88' lang='lat' dir='ltr'>jugo</span> <span class='ocrx_word' id='word_1_248' title='bbox 1245 1813 1544 1870; x_wconf 86' lang='lat' dir='ltr'>servitutis</span> <span class='ocrx_word' id='word_1_249' title='bbox 1573 1813 1780 1882; x_wconf 88' lang='lat' dir='ltr'>teneri,</span> <span class='ocrx_word' id='word_1_250' title='bbox 1887 1811 2200 1886; x_wconf 89' lang='lat' dir='ltr'>Apostolus</span> <span class='ocrx_word' id='word_1_251' title='bbox 2229 1815 2408 1887; x_wconf 85' lang='lat' dir='ltr'>:Ergo</span> <span class='ocrx_word' id='word_1_252' title='bbox 2441 1831 2627 1872; x_wconf 65' lang='lat' dir='ltr'>omows</span> <span class='ocrx_word' id='word_1_253' title='bbox 2667 1817 2873 1872; x_wconf 79' lang='lat' dir='ltr'>mortui</span> <span class='ocrx_word' id='word_1_254' title='bbox 2897 1823 3044 1884; x_wconf 79' lang='lat' dir='ltr'>sunt,</span> <span class='ocrx_word' id='word_1_255' title='bbox 3069 1823 3123 1874; x_wconf 87' lang='lat' dir='ltr'>et</span> <span class='ocrx_word' id='word_1_256' title='bbox 3155 1833 3252 1888; x_wconf 90' lang='lat' dir='ltr'>pro</span> <span class='ocrx_word' id='word_1_257' title='bbox 3285 1818 3540 1875; x_wconf 73' lang='lat' dir='ltr'>omnibus</span> 
     </span>
    </p>
   </div>
   <div class='ocr_carea' id='block_1_17' title="bbox 169 1901 3539 2010">
    <p class='ocr_par' dir='ltr' id='par_1_17' title="bbox 169 1901 3539 2010">
     <span class='ocr_line' id='line_1_17' title="bbox 169 1901 3539 2010; baseline 0 -47"><span class='ocrx_word' id='word_1_258' title='bbox 169 1922 250 1963; x_wconf 84' lang='lat' dir='ltr'>nec</span> <span class='ocrx_word' id='word_1_259' title='bbox 277 1910 396 1962; x_wconf 85' lang='lat' dir='ltr'>ante</span> <span class='ocrx_word' id='word_1_260' title='bbox 421 1903 653 1960; x_wconf 88' lang='lat' dir='ltr'>vinctas</span> <span class='ocrx_word' id='word_1_261' title='bbox 673 1902 896 1960; x_wconf 82' lang='lat' dir='ltr'>catenis</span> <span class='ocrx_word' id='word_1_262' title='bbox 925 1902 1214 1976; x_wconf 83' lang='lat' dir='ltr'>explicare</span> <span class='ocrx_word' id='word_1_263' title='bbox 1247 1919 1477 1971; x_wconf 88' lang='lat' dir='ltr'>manus,</span> <span class='ocrx_word' id='word_1_264' title='bbox 1501 1907 1560 1959; x_wconf 91' lang='lat' dir='ltr'>ct</span> <span class='ocrx_word' id='word_1_265' title='bbox 1580 1901 1780 1958; x_wconf 91' lang='lat' dir='ltr'>oculos</span> <span class='ocrx_word' id='word_1_266' title='bbox 1806 1943 1856 2010; x_wconf 82' lang='lat' dir='ltr'><strong>B</strong></span> <span class='ocrx_word' id='word_1_267' title='bbox 1888 1910 2134 1958; x_wconf 86' lang='lat' dir='ltr'>mortuus</span> <span class='ocrx_word' id='word_1_268' title='bbox 2163 1911 2258 1973; x_wconf 87' lang='lat' dir='ltr'>est,</span> <span class='ocrx_word' id='word_1_269' title='bbox 2289 1911 2354 1960; x_wconf 86' lang='lat' dir='ltr'>ut</span> <span class='ocrx_word' id='word_1_270' title='bbox 2376 1911 2428 1961; x_wconf 86' lang='lat' dir='ltr'>et</span> <span class='ocrx_word' id='word_1_271' title='bbox 2455 1905 2553 1976; x_wconf 90' lang='lat' dir='ltr'>qui</span> <span class='ocrx_word' id='word_1_272' title='bbox 2581 1906 2773 1961; x_wconf 80' lang='lat' dir='ltr'>vivunt</span> <span class='ocrx_word' id='word_1_273' title='bbox 2796 1907 2920 1979; x_wconf 87' lang='lat' dir='ltr'>jam</span> <span class='ocrx_word' id='word_1_274' title='bbox 2945 1921 3058 1963; x_wconf 82' lang='lat' dir='ltr'>non</span> <span class='ocrx_word' id='word_1_275' title='bbox 3081 1905 3194 1962; x_wconf 88' lang='lat' dir='ltr'>sibi</span> <span class='ocrx_word' id='word_1_276' title='bbox 3218 1908 3426 1976; x_wconf 75' lang='lat' dir='ltr'>vivam,</span> <span class='ocrx_word' id='word_1_277' title='bbox 3444 1905 3539 1964; x_wconf 82' lang='lat' dir='ltr'>sed</span> 
     </span>
    </p>
   </div>
   <div class='ocr_carea' id='block_1_18' title="bbox 168 1991 3537 2068">
    <p class='ocr_par' dir='ltr' id='par_1_18' title="bbox 168 1991 3537 2068">
     <span class='ocr_line' id='line_1_18' title="bbox 168 1991 3537 2068; baseline 0 -17"><span class='ocrx_word' id='word_1_278' title='bbox 168 2011 366 2051; x_wconf 85' lang='lat' dir='ltr'>sursum</span> <span class='ocrx_word' id='word_1_279' title='bbox 413 1991 702 2068; x_wconf 82' lang='lat' dir='ltr'>attollere,</span> <span class='ocrx_word' id='word_1_280' title='bbox 748 1991 863 2048; x_wconf 87' lang='lat' dir='ltr'>nisi</span> <span class='ocrx_word' id='word_1_281' title='bbox 915 1991 1267 2064; x_wconf 80' lang='lat' dir='ltr'>Redemptor</span> <span class='ocrx_word' id='word_1_282' title='bbox 1315 1991 1632 2049; x_wconf 84' lang='lat' dir='ltr'>advenerit.</span> <span class='ocrx_word' id='word_1_283' title='bbox 1665 1991 1776 2047; x_wconf 88' lang='lat' dir='ltr'>Sed</span> <span class='ocrx_word' id='word_1_284' title='bbox 1806 1991 1856 2010; x_wconf 79' lang='lat'><strong><em>&quot;</em></strong></span> <span class='ocrx_word' id='word_1_285' title='bbox 1885 1994 1939 2048; x_wconf 85' lang='lat' dir='ltr'>ei</span> <span class='ocrx_word' id='word_1_286' title='bbox 1967 1993 2063 2064; x_wconf 86' lang='lat' dir='ltr'>qui</span> <span class='ocrx_word' id='word_1_287' title='bbox 2084 2009 2185 2065; x_wconf 85' lang='lat' dir='ltr'>pro</span> <span class='ocrx_word' id='word_1_288' title='bbox 2215 1995 2353 2065; x_wconf 83' lang='lat' dir='ltr'>ipsis</span> <span class='ocrx_word' id='word_1_289' title='bbox 2388 2001 2638 2050; x_wconf 87' lang='lat' dir='ltr'>mortuus</span> <span class='ocrx_word' id='word_1_290' title='bbox 2668 2001 2766 2064; x_wconf 89' lang='lat' dir='ltr'>est,</span> <span class='ocrx_word' id='word_1_291' title='bbox 2807 2003 2858 2052; x_wconf 90' lang='lat' dir='ltr'>et</span> <span class='ocrx_word' id='word_1_292' title='bbox 2895 1997 3200 2052; x_wconf 79' lang='lat' dir='ltr'>resurrexit</span> <span class='ocrx_word' id='word_1_293' title='bbox 3226 1995 3298 2068; x_wconf 79' lang='lat' dir='ltr'>(&#39;ll</span> <span class='ocrx_word' id='word_1_294' title='bbox 3325 1994 3448 2052; x_wconf 86' lang='lat' dir='ltr'>Cor.</span> <span class='ocrx_word' id='word_1_295' title='bbox 3480 2011 3537 2062; x_wconf 84' lang='grc' dir='ltr'>γ,</span> 
     </span>
    </p>
   </div>
   <div class='ocr_carea' id='block_1_19' title="bbox 169 2067 3539 2158">
    <p class='ocr_par' dir='ltr' id='par_1_19' title="bbox 169 2067 3539 2158">
     <span class='ocr_line' id='line_1_19' title="bbox 169 2067 3539 2158; baseline -0.001 -18"><span class='ocrx_word' id='word_1_296' title='bbox 169 2085 274 2158; x_wconf 83' lang='lat' dir='ltr'>quis</span> <span class='ocrx_word' id='word_1_297' title='bbox 289 2084 409 2149; x_wconf 87' lang='lat' dir='ltr'>iste,</span> <span class='ocrx_word' id='word_1_298' title='bbox 431 2067 626 2151; x_wconf 62' lang='lat' dir='ltr'>aiunt,</span> <span class='ocrx_word' id='word_1_299' title='bbox 646 2081 849 2137; x_wconf 86' lang='lat' dir='ltr'>tantus</span> <span class='ocrx_word' id='word_1_300' title='bbox 867 2083 924 2137; x_wconf 85' lang='lat' dir='ltr'>et</span> <span class='ocrx_word' id='word_1_301' title='bbox 946 2079 1100 2147; x_wconf 88' lang='lat' dir='ltr'>talis,</span> <span class='ocrx_word' id='word_1_302' title='bbox 1125 2081 1226 2153; x_wconf 88' lang='lat' dir='ltr'>qui</span> <span class='ocrx_word' id='word_1_303' title='bbox 1259 2080 1443 2154; x_wconf 85' lang='lat' dir='ltr'>possit</span> <span class='ocrx_word' id='word_1_304' title='bbox 1463 2080 1650 2153; x_wconf 90' lang='lat' dir='ltr'>pretio</span> <span class='ocrx_word' id='word_1_305' title='bbox 1670 2097 1777 2136; x_wconf 92' lang='lat' dir='ltr'>suo</span> <span class='ocrx_word' id='word_1_306' title='bbox 1889 2083 1998 2151; x_wconf 85' lang='lat'>15).</span> <span class='ocrx_word' id='word_1_307' title='bbox 2023 2082 2238 2138; x_wconf 88' lang='lat' dir='ltr'>Omnes</span> <span class='ocrx_word' id='word_1_308' title='bbox 2269 2081 2469 2154; x_wconf 88' lang='lat' dir='ltr'>itaque</span> <span class='ocrx_word' id='word_1_309' title='bbox 2498 2083 2714 2139; x_wconf 89' lang='lat' dir='ltr'>mortui</span> <span class='ocrx_word' id='word_1_310' title='bbox 2737 2087 2878 2140; x_wconf 91' lang='lat' dir='ltr'>sunt</span> <span class='ocrx_word' id='word_1_311' title='bbox 2907 2084 2967 2139; x_wconf 90' lang='lat' dir='ltr'>in</span> <span class='ocrx_word' id='word_1_312' title='bbox 3001 2067 3276 2158; x_wconf 80' lang='lat' dir='ltr'>peccatis,</span> <span class='ocrx_word' id='word_1_313' title='bbox 3301 2083 3539 2140; x_wconf 87' lang='lat' dir='ltr'>nemine</span> 
     </span>
    </p>
   </div>
   <div class='ocr_carea' id='block_1_20' title="bbox 173 2169 3538 2246">
    <p class='ocr_par' dir='ltr' id='par_1_20' title="bbox 173 2169 3538 2246">
     <span class='ocr_line' id='line_1_20' title="bbox 173 2169 3538 2246; baseline 0 -17"><span class='ocrx_word' id='word_1_314' title='bbox 173 2179 324 2229; x_wconf 82' lang='lat' dir='ltr'>totum</span> <span class='ocrx_word' id='word_1_315' title='bbox 349 2172 544 2228; x_wconf 88' lang='lat' dir='ltr'>orbem</span> <span class='ocrx_word' id='word_1_316' title='bbox 599 2169 921 2227; x_wconf 82' lang='lat' dir='ltr'>redimere?</span> <span class='ocrx_word' id='word_1_317' title='bbox 949 2171 1120 2227; x_wconf 89' lang='lat' dir='ltr'>Jesus</span> <span class='ocrx_word' id='word_1_318' title='bbox 1147 2170 1413 2226; x_wconf 85' lang='lat' dir='ltr'>Christus</span> <span class='ocrx_word' id='word_1_319' title='bbox 1467 2170 1647 2227; x_wconf 87' lang='lat' dir='ltr'>Filius</span> <span class='ocrx_word' id='word_1_320' title='bbox 1678 2170 1776 2225; x_wconf 91' lang='lat' dir='ltr'>Dei</span> <span class='ocrx_word' id='word_1_321' title='bbox 1887 2187 2126 2243; x_wconf 85' lang='lat' dir='ltr'>prorsus</span> <span class='ocrx_word' id='word_1_322' title='bbox 2148 2173 2404 2244; x_wconf 83' lang='lat' dir='ltr'>excepto,</span> <span class='ocrx_word' id='word_1_323' title='bbox 2427 2171 2546 2228; x_wconf 88' lang='lat' dir='ltr'>sive</span> <span class='ocrx_word' id='word_1_324' title='bbox 2566 2171 2970 2246; x_wconf 86' lang='lat' dir='ltr'>originalibus,</span> <span class='ocrx_word' id='word_1_325' title='bbox 2993 2173 3112 2230; x_wconf 88' lang='lat' dir='ltr'>sive</span> <span class='ocrx_word' id='word_1_326' title='bbox 3141 2172 3318 2230; x_wconf 89' lang='lat' dir='ltr'>etiam</span> <span class='ocrx_word' id='word_1_327' title='bbox 3336 2171 3538 2229; x_wconf 88' lang='lat' dir='ltr'>volun-</span> 
     </span>
    </p>
   </div>
   <div class='ocr_carea' id='block_1_21' title="bbox 172 2259 3538 2336">
    <p class='ocr_par' dir='ltr' id='par_1_21' title="bbox 172 2259 3538 2336">
     <span class='ocr_line' id='line_1_21' title="bbox 172 2259 3538 2336; baseline -0.001 -18"><span class='ocrx_word' id='word_1_328' title='bbox 172 2262 432 2336; x_wconf 88' lang='lat' dir='ltr'>proprium</span> <span class='ocrx_word' id='word_1_329' title='bbox 462 2260 820 2334; x_wconf 89' lang='lat' dir='ltr'>sanguinem</span> <span class='ocrx_word' id='word_1_330' title='bbox 851 2261 1031 2328; x_wconf 85' lang='lat' dir='ltr'>dedit,</span> <span class='ocrx_word' id='word_1_331' title='bbox 1055 2265 1113 2315; x_wconf 90' lang='lat' dir='ltr'>et</span> <span class='ocrx_word' id='word_1_332' title='bbox 1144 2277 1250 2316; x_wconf 90' lang='lat' dir='ltr'>nos</span> <span class='ocrx_word' id='word_1_333' title='bbox 1273 2260 1343 2316; x_wconf 86' lang='lat' dir='ltr'>de</span> <span class='ocrx_word' id='word_1_334' title='bbox 1364 2260 1642 2316; x_wconf 87' lang='lat' dir='ltr'>servitute</span> <span class='ocrx_word' id='word_1_335' title='bbox 1661 2259 1778 2315; x_wconf 89' lang='lat' dir='ltr'>eri-</span> <span class='ocrx_word' id='word_1_336' title='bbox 1887 2263 2007 2315; x_wconf 90' lang='lat' dir='ltr'>tate</span> <span class='ocrx_word' id='word_1_337' title='bbox 2027 2259 2365 2328; x_wconf 86' lang='lat' dir='ltr'>additis,vel</span> <span class='ocrx_word' id='word_1_338' title='bbox 2389 2261 2732 2334; x_wconf 89' lang='lat' dir='ltr'>ignorando,</span> <span class='ocrx_word' id='word_1_339' title='bbox 2755 2261 2840 2318; x_wconf 90' lang='lat' dir='ltr'>vel</span> <span class='ocrx_word' id='word_1_340' title='bbox 2863 2262 3123 2332; x_wconf 87' lang='lat' dir='ltr'>sciendo,</span> <span class='ocrx_word' id='word_1_341' title='bbox 3146 2277 3252 2319; x_wconf 90' lang='lat' dir='ltr'>nec</span> <span class='ocrx_word' id='word_1_342' title='bbox 3271 2260 3538 2318; x_wconf 80' lang='lat' dir='ltr'>faciendo</span> 
     </span>
    </p>
   </div>
   <div class='ocr_carea' id='block_1_22' title="bbox 171 2349 3540 2424">
    <p class='ocr_par' dir='ltr' id='par_1_22' title="bbox 171 2349 3540 2424">
     <span class='ocr_line' id='line_1_22' title="bbox 171 2349 3540 2424; baseline 0 -16"><span class='ocrx_word' id='word_1_343' title='bbox 171 2351 303 2422; x_wconf 85' lang='lat' dir='ltr'>piens</span> <span class='ocrx_word' id='word_1_344' title='bbox 327 2351 596 2408; x_wconf 81' lang='lat' dir='ltr'>libertate</span> <span class='ocrx_word' id='word_1_345' title='bbox 627 2349 883 2405; x_wconf 83' lang='lat' dir='ltr'>donavit.</span> <span class='ocrx_word' id='word_1_346' title='bbox 905 2349 978 2404; x_wconf 88' lang='lat' dir='ltr'>Et</span> <span class='ocrx_word' id='word_1_347' title='bbox 997 2365 1215 2416; x_wconf 86' lang='lat' dir='ltr'>revera,</span> <span class='ocrx_word' id='word_1_348' title='bbox 1239 2349 1288 2404; x_wconf 92' lang='lat' dir='ltr'>si</span> <span class='ocrx_word' id='word_1_349' title='bbox 1311 2349 1572 2406; x_wconf 88' lang='lat' dir='ltr'>historiis</span> <span class='ocrx_word' id='word_1_350' title='bbox 1593 2349 1781 2423; x_wconf 84' lang='lat' dir='ltr'>genti-</span> <span class='ocrx_word' id='word_1_351' title='bbox 1889 2350 2046 2421; x_wconf 92' lang='lat' dir='ltr'>quod</span> <span class='ocrx_word' id='word_1_352' title='bbox 2068 2350 2302 2420; x_wconf 88' lang='lat' dir='ltr'>justum</span> <span class='ocrx_word' id='word_1_353' title='bbox 2344 2355 2434 2407; x_wconf 88' lang='lat' dir='ltr'>est</span> <span class='ocrx_word' id='word_1_354' title='bbox 2465 2367 2478 2406; x_wconf 92' lang='lat'>:</span> <span class='ocrx_word' id='word_1_355' title='bbox 2515 2355 2572 2406; x_wconf 89' lang='lat' dir='ltr'>et</span> <span class='ocrx_word' id='word_1_356' title='bbox 2618 2368 2721 2424; x_wconf 93' lang='lat' dir='ltr'>pro</span> <span class='ocrx_word' id='word_1_357' title='bbox 2769 2352 3046 2408; x_wconf 90' lang='lat' dir='ltr'>omnibus</span> <span class='ocrx_word' id='word_1_358' title='bbox 3095 2351 3346 2408; x_wconf 86' lang='lat' dir='ltr'>mortuis</span> <span class='ocrx_word' id='word_1_359' title='bbox 3374 2351 3540 2408; x_wconf 84' lang='lat' dir='ltr'>vivus</span> 
     </span>
    </p>
   </div>
   <div class='ocr_carea' id='block_1_23' title="bbox 171 2437 3542 2515">
    <p class='ocr_par' dir='ltr' id='par_1_23' title="bbox 171 2437 3542 2515">
     <span class='ocr_line' id='line_1_23' title="bbox 171 2437 3542 2515; baseline 0.001 -22"><span class='ocrx_word' id='word_1_360' title='bbox 171 2439 286 2496; x_wconf 89' lang='lat' dir='ltr'>lium</span> <span class='ocrx_word' id='word_1_361' title='bbox 313 2440 626 2508; x_wconf 90' lang='lat' dir='ltr'>credimus,</span> <span class='ocrx_word' id='word_1_362' title='bbox 660 2439 818 2511; x_wconf 88' lang='lat' dir='ltr'>quod</span> <span class='ocrx_word' id='word_1_363' title='bbox 866 2437 1112 2504; x_wconf 85' lang='lat' dir='ltr'>Codrus,</span> <span class='ocrx_word' id='word_1_364' title='bbox 1143 2441 1204 2494; x_wconf 89' lang='lat' dir='ltr'>et</span> <span class='ocrx_word' id='word_1_365' title='bbox 1239 2437 1496 2506; x_wconf 87' lang='lat' dir='ltr'>Curtius,</span> <span class='ocrx_word' id='word_1_366' title='bbox 1521 2442 1578 2495; x_wconf 91' lang='lat' dir='ltr'>et</span> <span class='ocrx_word' id='word_1_367' title='bbox 1623 2437 1783 2494; x_wconf 89' lang='lat' dir='ltr'>Decii</span> <span class='ocrx_word' id='word_1_368' title='bbox 1889 2442 2158 2496; x_wconf 87' lang='lat' dir='ltr'>mortuus</span> <span class='ocrx_word' id='word_1_369' title='bbox 2179 2443 2266 2496; x_wconf 91' lang='lat' dir='ltr'>est</span> <span class='ocrx_word' id='word_1_370' title='bbox 2285 2457 2458 2510; x_wconf 91' lang='lat' dir='ltr'>unus,</span> <span class='ocrx_word' id='word_1_371' title='bbox 2474 2441 2532 2496; x_wconf 91' lang='lat' dir='ltr'>id</span> <span class='ocrx_word' id='word_1_372' title='bbox 2554 2445 2643 2498; x_wconf 91' lang='lat' dir='ltr'>est</span> <span class='ocrx_word' id='word_1_373' title='bbox 2663 2440 2894 2498; x_wconf 89' lang='lat' dir='ltr'>nullum</span> <span class='ocrx_word' id='word_1_374' title='bbox 2911 2441 3136 2498; x_wconf 87' lang='lat' dir='ltr'>habens</span> <span class='ocrx_word' id='word_1_375' title='bbox 3152 2441 3392 2499; x_wconf 89' lang='lat' dir='ltr'>omnino</span> <span class='ocrx_word' id='word_1_376' title='bbox 3411 2452 3542 2515; x_wconf 79' lang='lat' dir='ltr'>pee-.</span> 
     </span>
    </p>
   </div>
   <div class='ocr_carea' id='block_1_24' title="bbox 171 2525 3543 2604">
    <p class='ocr_par' dir='ltr' id='par_1_24' title="bbox 171 2525 3543 2604">
     <span class='ocr_line' id='line_1_24' title="bbox 171 2525 3543 2604; baseline 0.001 -20"><span class='ocrx_word' id='word_1_377' title='bbox 171 2528 330 2586; x_wconf 83' lang='lat' dir='ltr'>Mures</span> <span class='ocrx_word' id='word_1_378' title='bbox 354 2529 470 2604; x_wconf 85' lang='lat' dir='ltr'>[al.,</span> <span class='ocrx_word' id='word_1_379' title='bbox 505 2532 758 2594; x_wconf 88' lang='lat' dir='ltr'>mures],</span> <span class='ocrx_word' id='word_1_380' title='bbox 791 2525 1154 2600; x_wconf 86' lang='lat' dir='ltr'>pestilentias</span> <span class='ocrx_word' id='word_1_381' title='bbox 1197 2526 1454 2596; x_wconf 89' lang='lat' dir='ltr'>urbium,</span> <span class='ocrx_word' id='word_1_382' title='bbox 1487 2530 1544 2583; x_wconf 89' lang='lat' dir='ltr'>et</span> <span class='ocrx_word' id='word_1_383' title='bbox 1572 2527 1780 2594; x_wconf 88' lang='lat' dir='ltr'>fames,</span> <span class='ocrx_word' id='word_1_384' title='bbox 1891 2533 2088 2585; x_wconf 91' lang='lat' dir='ltr'>catum</span> <span class='ocrx_word' id='word_1_385' title='bbox 2114 2544 2128 2585; x_wconf 90' lang='lat'><strong>:</strong></span> <span class='ocrx_word' id='word_1_386' title='bbox 2150 2533 2216 2584; x_wconf 90' lang='lat' dir='ltr'>ut</span> <span class='ocrx_word' id='word_1_387' title='bbox 2237 2529 2336 2601; x_wconf 89' lang='lat' dir='ltr'>qui</span> <span class='ocrx_word' id='word_1_388' title='bbox 2361 2546 2464 2601; x_wconf 91' lang='lat' dir='ltr'>per</span> <span class='ocrx_word' id='word_1_389' title='bbox 2483 2529 2892 2588; x_wconf 87' lang='lat' dir='ltr'>remissionem</span> <span class='ocrx_word' id='word_1_390' title='bbox 2923 2534 3296 2604; x_wconf 87' lang='lat' dir='ltr'>peccatorum</span> <span class='ocrx_word' id='word_1_391' title='bbox 3315 2529 3543 2602; x_wconf 85' lang='lat' dir='ltr'>vivunt,</span> 
     </span>
    </p>
   </div>
   <div class='ocr_carea' id='block_1_25' title="bbox 170 2616 3544 2692">
    <p class='ocr_par' dir='ltr' id='par_1_25' title="bbox 170 2616 3544 2692">
     <span class='ocr_line' id='line_1_25' title="bbox 170 2616 3544 2692; baseline 0.001 -21"><span class='ocrx_word' id='word_1_392' title='bbox 170 2622 213 2672; x_wconf 87' lang='lat' dir='ltr'>et</span> <span class='ocrx_word' id='word_1_393' title='bbox 238 2619 370 2676; x_wconf 86' lang='lat' dir='ltr'>bella</span> <span class='ocrx_word' id='word_1_394' title='bbox 397 2617 520 2674; x_wconf 90' lang='lat' dir='ltr'>suis</span> <span class='ocrx_word' id='word_1_395' title='bbox 563 2616 858 2672; x_wconf 87' lang='lat' dir='ltr'>mortibus</span> <span class='ocrx_word' id='word_1_396' title='bbox 904 2617 1307 2689; x_wconf 89' lang='lat' dir='ltr'>represserint,</span> <span class='ocrx_word' id='word_1_397' title='bbox 1341 2621 1561 2688; x_wconf 88' lang='lat' dir='ltr'>quanto</span> <span class='ocrx_word' id='word_1_398' title='bbox 1593 2616 1782 2690; x_wconf 89' lang='lat' dir='ltr'>magis</span> <span class='ocrx_word' id='word_1_399' title='bbox 1882 2618 2009 2689; x_wconf 88' lang='lat' dir='ltr'>jam</span> <span class='ocrx_word' id='word_1_400' title='bbox 2031 2635 2148 2674; x_wconf 89' lang='lat' dir='ltr'>non</span> <span class='ocrx_word' id='word_1_401' title='bbox 2171 2617 2281 2674; x_wconf 91' lang='lat' dir='ltr'>sibi</span> <span class='ocrx_word' id='word_1_402' title='bbox 2303 2617 2516 2690; x_wconf 89' lang='lat' dir='ltr'>vivant,</span> <span class='ocrx_word' id='word_1_403' title='bbox 2531 2619 2633 2675; x_wconf 91' lang='lat' dir='ltr'>sed</span> <span class='ocrx_word' id='word_1_404' title='bbox 2654 2617 2706 2674; x_wconf 89' lang='lat' dir='ltr'>ei</span> <span class='ocrx_word' id='word_1_405' title='bbox 2725 2619 2826 2692; x_wconf 86' lang='lat' dir='ltr'>qui</span> <span class='ocrx_word' id='word_1_406' title='bbox 2848 2636 2952 2692; x_wconf 90' lang='lat' dir='ltr'>pro</span> <span class='ocrx_word' id='word_1_407' title='bbox 2973 2619 3248 2677; x_wconf 88' lang='lat' dir='ltr'>omnibus</span> <span class='ocrx_word' id='word_1_408' title='bbox 3269 2625 3544 2676; x_wconf 82' lang='lat' dir='ltr'>mortuus</span> 
     </span>
    </p>
   </div>
   <div class='ocr_carea' id='block_1_26' title="bbox 169 2704 3544 2782">
    <p class='ocr_par' dir='ltr' id='par_1_26' title="bbox 169 2704 3544 2782">
     <span class='ocr_line' id='line_1_26' title="bbox 169 2704 3544 2782; baseline 0.001 -20"><span class='ocrx_word' id='word_1_409' title='bbox 169 2705 340 2763; x_wconf 86' lang='lat' dir='ltr'>hocin</span> <span class='ocrx_word' id='word_1_410' title='bbox 386 2707 484 2764; x_wconf 89' lang='lat' dir='ltr'>Dei</span> <span class='ocrx_word' id='word_1_411' title='bbox 532 2705 684 2764; x_wconf 88' lang='lat' dir='ltr'>Filio</span> <span class='ocrx_word' id='word_1_412' title='bbox 733 2704 1012 2778; x_wconf 89' lang='lat' dir='ltr'>possibile</span> <span class='ocrx_word' id='word_1_413' title='bbox 1059 2705 1452 2778; x_wconf 89' lang='lat' dir='ltr'>judicandum</span> <span class='ocrx_word' id='word_1_414' title='bbox 1484 2710 1592 2773; x_wconf 90' lang='lat' dir='ltr'>est,</span> <span class='ocrx_word' id='word_1_415' title='bbox 1626 2706 1781 2778; x_wconf 90' lang='lat' dir='ltr'>quod</span> <span class='ocrx_word' id='word_1_416' title='bbox 1891 2713 1982 2764; x_wconf 88' lang='lat' dir='ltr'>est</span> <span class='ocrx_word' id='word_1_417' title='bbox 2013 2711 2248 2780; x_wconf 84' lang='lat' dir='ltr'>propter</span> <span class='ocrx_word' id='word_1_418' title='bbox 2293 2711 2532 2780; x_wconf 88' lang='lat' dir='ltr'>peccata</span> <span class='ocrx_word' id='word_1_419' title='bbox 2579 2711 2798 2776; x_wconf 85' lang='lat' dir='ltr'>nostra,</span> <span class='ocrx_word' id='word_1_420' title='bbox 2831 2713 2889 2765; x_wconf 90' lang='lat' dir='ltr'>et</span> <span class='ocrx_word' id='word_1_421' title='bbox 2940 2707 3257 2765; x_wconf 82' lang='lat' dir='ltr'>resurrexit</span> <span class='ocrx_word' id='word_1_422' title='bbox 3306 2711 3544 2782; x_wconf 86' lang='lat' dir='ltr'>propter</span> 
     </span>
    </p>
   </div>
   <div class='ocr_carea' id='block_1_27' title="bbox 169 2795 3544 2871">
    <p class='ocr_par' dir='ltr' id='par_1_27' title="bbox 169 2795 3544 2871">
     <span class='ocr_line' id='line_1_27' title="bbox 169 2795 3544 2871; baseline 0.001 -21"><span class='ocrx_word' id='word_1_423' title='bbox 169 2811 334 2852; x_wconf 83' lang='lat' dir='ltr'>cruore</span> <span class='ocrx_word' id='word_1_424' title='bbox 361 2813 466 2853; x_wconf 85' lang='lat' dir='ltr'>suo</span> <span class='ocrx_word' id='word_1_425' title='bbox 496 2813 622 2853; x_wconf 91' lang='lat' dir='ltr'>non</span> <span class='ocrx_word' id='word_1_426' title='bbox 653 2795 863 2851; x_wconf 89' lang='lat' dir='ltr'>urbem</span> <span class='ocrx_word' id='word_1_427' title='bbox 895 2811 1074 2850; x_wconf 90' lang='lat' dir='ltr'>unam</span> <span class='ocrx_word' id='word_1_428' title='bbox 1106 2795 1208 2850; x_wconf 89' lang='lat' dir='ltr'>sed</span> <span class='ocrx_word' id='word_1_429' title='bbox 1241 2798 1428 2850; x_wconf 88' lang='lat' dir='ltr'>totum</span> <span class='ocrx_word' id='word_1_430' title='bbox 1460 2799 1668 2868; x_wconf 87' lang='lat' dir='ltr'>purget</span> <span class='ocrx_word' id='word_1_431' title='bbox 1697 2812 1784 2850; x_wconf 86' lang='lat' dir='ltr'>or-</span> <span class='ocrx_word' id='word_1_432' title='bbox 1883 2797 2366 2868; x_wconf 88' lang='lat' dir='ltr'>justiﬁcationem</span> <span class='ocrx_word' id='word_1_433' title='bbox 2390 2801 2707 2853; x_wconf 80' lang='lat' dir='ltr'>nostram.»</span> <span class='ocrx_word' id='word_1_434' title='bbox 2725 2798 2794 2852; x_wconf 89' lang='lat' dir='ltr'>Et</span> <span class='ocrx_word' id='word_1_435' title='bbox 2813 2797 2952 2853; x_wconf 86' lang='lat' dir='ltr'>item</span> <span class='ocrx_word' id='word_1_436' title='bbox 2974 2797 3036 2853; x_wconf 93' lang='lat' dir='ltr'>in</span> <span class='ocrx_word' id='word_1_437' title='bbox 3063 2797 3213 2854; x_wconf 92' lang='lat' dir='ltr'>libro</span> <span class='ocrx_word' id='word_1_438' title='bbox 3236 2801 3443 2871; x_wconf 90' lang='lat' dir='ltr'>quarto</span> <span class='ocrx_word' id='word_1_439' title='bbox 3470 2797 3544 2853; x_wconf 87' lang='lat' dir='ltr'>de</span> 
     </span>
    </p>
   </div>
   <div class='ocr_carea' id='block_1_28' title="bbox 167 2883 3536 2959">
    <p class='ocr_par' dir='ltr' id='par_1_28' title="bbox 167 2883 3536 2959">
     <span class='ocr_line' id='line_1_28' title="bbox 167 2883 3536 2959; baseline 0.001 -21"><span class='ocrx_word' id='word_1_440' title='bbox 167 2883 311 2940; x_wconf 85' lang='lat' dir='ltr'>hem?</span> <span class='ocrx_word' id='word_1_441' title='bbox 331 2907 352 2936; x_wconf 71' lang='grc' dir='ltr'>ι</span> <span class='ocrx_word' id='word_1_442' title='bbox 385 2886 448 2942; x_wconf 92' lang='lat' dir='ltr'>In</span> <span class='ocrx_word' id='word_1_443' title='bbox 479 2883 736 2942; x_wconf 86' lang='lat' dir='ltr'>homilia</span> <span class='ocrx_word' id='word_1_444' title='bbox 762 2883 993 2941; x_wconf 88' lang='lat' dir='ltr'>decima</span> <span class='ocrx_word' id='word_1_445' title='bbox 1021 2888 1230 2956; x_wconf 87' lang='lat' dir='ltr'>quarta</span> <span class='ocrx_word' id='word_1_446' title='bbox 1258 2883 1552 2957; x_wconf 86' lang='lat' dir='ltr'>Evangelii</span> <span class='ocrx_word' id='word_1_447' title='bbox 1583 2900 1786 2940; x_wconf 90' lang='lat' dir='ltr'>sccun-</span> <span class='ocrx_word' id='word_1_448' title='bbox 1892 2885 2175 2942; x_wconf 87' lang='lat' dir='ltr'>&#39;l‘rinitate</span> <span class='ocrx_word' id='word_1_449' title='bbox 2203 2885 2342 2959; x_wconf 89' lang='lat' dir='ltr'>(cap.</span> <span class='ocrx_word' id='word_1_450' title='bbox 2371 2887 2458 2956; x_wconf 90' lang='grc'>13)</span> <span class='ocrx_word' id='word_1_451' title='bbox 2481 2902 2530 2940; x_wconf 83' lang='grc'>;‹‹</span> <span class='ocrx_word' id='word_1_452' title='bbox 2554 2885 2822 2944; x_wconf 87' lang='lat' dir='ltr'>Christus</span> <span class='ocrx_word' id='word_1_453' title='bbox 2853 2885 3084 2943; x_wconf 89' lang='lat' dir='ltr'>occisus</span> <span class='ocrx_word' id='word_1_454' title='bbox 3115 2890 3205 2943; x_wconf 88' lang='lat' dir='ltr'>est</span> <span class='ocrx_word' id='word_1_455' title='bbox 3233 2885 3536 2952; x_wconf 87' lang='lat' dir='ltr'>innocens,</span> 
     </span>
    </p>
   </div>
   <div class='ocr_carea' id='block_1_29' title="bbox 167 2971 3536 3048">
    <p class='ocr_par' dir='ltr' id='par_1_29' title="bbox 167 2971 3536 3048">
     <span class='ocr_line' id='line_1_29' title="bbox 167 2971 3536 3048; baseline 0.001 -20"><span class='ocrx_word' id='word_1_456' title='bbox 167 2971 279 3029; x_wconf 82' lang='lat' dir='ltr'>dum</span> <span class='ocrx_word' id='word_1_457' title='bbox 305 2975 516 3032; x_wconf 87' lang='lat' dir='ltr'>Lucam</span> <span class='ocrx_word' id='word_1_458' title='bbox 543 2992 601 3030; x_wconf 87' lang='lat'>:«</span> <span class='ocrx_word' id='word_1_459' title='bbox 630 2973 769 3030; x_wconf 84' lang='lat' dir='ltr'>Tale</span> <span class='ocrx_word' id='word_1_460' title='bbox 790 2972 902 3029; x_wconf 87' lang='lat' dir='ltr'>fuit</span> <span class='ocrx_word' id='word_1_461' title='bbox 925 2977 984 3030; x_wconf 90' lang='lat' dir='ltr'>et</span> <span class='ocrx_word' id='word_1_462' title='bbox 1001 2989 1108 3045; x_wconf 90' lang='lat' dir='ltr'>par</span> <span class='ocrx_word' id='word_1_463' title='bbox 1125 2976 1444 3028; x_wconf 88' lang='lat' dir='ltr'>turturum.</span> <span class='ocrx_word' id='word_1_464' title='bbox 1468 2973 1594 3028; x_wconf 91' lang='lat' dir='ltr'>Non</span> <span class='ocrx_word' id='word_1_465' title='bbox 1619 2976 1786 3028; x_wconf 87' lang='lat' dir='ltr'>erant</span> <span class='ocrx_word' id='word_1_466' title='bbox 1892 2979 1958 3030; x_wconf 92' lang='lat' dir='ltr'>ut</span> <span class='ocrx_word' id='word_1_467' title='bbox 1977 2973 2275 3030; x_wconf 91' lang='lat' dir='ltr'>diabolum</span> <span class='ocrx_word' id='word_1_468' title='bbox 2292 2975 2428 3047; x_wconf 89' lang='lat' dir='ltr'>jure</span> <span class='ocrx_word' id='word_1_469' title='bbox 2451 2973 2787 3048; x_wconf 69' lang='lat' dir='ltr'>aequissimo</span> <span class='ocrx_word' id='word_1_470' title='bbox 2818 2979 3141 3048; x_wconf 87' lang='lat' dir='ltr'>superaret,</span> <span class='ocrx_word' id='word_1_471' title='bbox 3164 2977 3223 3030; x_wconf 89' lang='lat' dir='ltr'>et</span> <span class='ocrx_word' id='word_1_472' title='bbox 3239 2991 3275 3030; x_wconf 89' lang='lat' dir='ltr'>a</span> <span class='ocrx_word' id='word_1_473' title='bbox 3295 2972 3536 3046; x_wconf 81' lang='lat' dir='ltr'>captivi-</span> 
     </span>
    </p>
   </div>
   <div class='ocr_carea' id='block_1_30' title="bbox 164 3059 3539 3137">
    <p class='ocr_par' dir='ltr' id='par_1_30' title="bbox 164 3059 3539 3137">
     <span class='ocr_line' id='line_1_30' title="bbox 164 3059 3539 3137; baseline 0.001 -21"><span class='ocrx_word' id='word_1_474' title='bbox 164 3059 250 3117; x_wconf 66' lang='lat' dir='ltr'>illa:</span> <span class='ocrx_word' id='word_1_475' title='bbox 275 3062 528 3121; x_wconf 88' lang='lat' dir='ltr'>volucres</span> <span class='ocrx_word' id='word_1_476' title='bbox 563 3067 635 3120; x_wconf 88' lang='lat' dir='ltr'>ut</span> <span class='ocrx_word' id='word_1_477' title='bbox 662 3061 789 3120; x_wconf 82' lang='lat' dir='ltr'>istae</span> <span class='ocrx_word' id='word_1_478' title='bbox 818 3079 946 3136; x_wconf 67' lang='lat' dir='ltr'>qua:</span> <span class='ocrx_word' id='word_1_479' title='bbox 977 3079 1082 3135; x_wconf 88' lang='lat' dir='ltr'>per</span> <span class='ocrx_word' id='word_1_480' title='bbox 1109 3079 1302 3118; x_wconf 89' lang='lat' dir='ltr'>aerem</span> <span class='ocrx_word' id='word_1_481' title='bbox 1333 3061 1546 3131; x_wconf 84' lang='lat' dir='ltr'>volant,</span> <span class='ocrx_word' id='word_1_482' title='bbox 1573 3062 1672 3118; x_wconf 90' lang='lat' dir='ltr'>sed</span> <span class='ocrx_word' id='word_1_483' title='bbox 1695 3061 1782 3116; x_wconf 91' lang='lat' dir='ltr'>di-</span> <span class='ocrx_word' id='word_1_484' title='bbox 1891 3067 2009 3120; x_wconf 88' lang='lat' dir='ltr'>tate</span> <span class='ocrx_word' id='word_1_485' title='bbox 2038 3067 2274 3137; x_wconf 90' lang='lat' dir='ltr'>pr0pter</span> <span class='ocrx_word' id='word_1_486' title='bbox 2302 3067 2606 3136; x_wconf 89' lang='lat' dir='ltr'>peccatum</span> <span class='ocrx_word' id='word_1_487' title='bbox 2629 3063 2796 3137; x_wconf 90' lang='lat' dir='ltr'>justa</span> <span class='ocrx_word' id='word_1_488' title='bbox 2817 3080 2923 3121; x_wconf 90' lang='lat' dir='ltr'>suo</span> <span class='ocrx_word' id='word_1_489' title='bbox 2945 3064 3109 3136; x_wconf 89' lang='lat' dir='ltr'>justo</span> <span class='ocrx_word' id='word_1_490' title='bbox 3130 3062 3420 3136; x_wconf 85' lang='lat' dir='ltr'>sanguine</span> <span class='ocrx_word' id='word_1_491' title='bbox 3447 3060 3539 3118; x_wconf 86' lang='lat' dir='ltr'>in-</span> 
     </span>
    </p>
   </div>
   <div class='ocr_carea' id='block_1_31' title="bbox 164 3149 3646 3226">
    <p class='ocr_par' dir='ltr' id='par_1_31' title="bbox 164 3149 3646 3226">
     <span class='ocr_line' id='line_1_31' title="bbox 164 3149 3646 3226; baseline 0.001 -22"><span class='ocrx_word' id='word_1_492' title='bbox 164 3151 328 3208; x_wconf 86' lang='lat' dir='ltr'>vinum</span> <span class='ocrx_word' id='word_1_493' title='bbox 356 3152 669 3225; x_wconf 87' lang='lat' dir='ltr'>quiddam,</span> <span class='ocrx_word' id='word_1_494' title='bbox 697 3156 754 3208; x_wconf 91' lang='lat' dir='ltr'>et</span> <span class='ocrx_word' id='word_1_495' title='bbox 781 3151 1046 3207; x_wconf 88' lang='lat' dir='ltr'>humana</span> <span class='ocrx_word' id='word_1_496' title='bbox 1075 3149 1565 3224; x_wconf 86' lang='lat' dir='ltr'>contemplatione</span> <span class='ocrx_word' id='word_1_497' title='bbox 1594 3167 1785 3223; x_wconf 88' lang='lat' dir='ltr'>augu-</span> <span class='ocrx_word' id='word_1_498' title='bbox 1883 3155 2046 3226; x_wconf 85' lang='lat' dir='ltr'>juste</span> <span class='ocrx_word' id='word_1_499' title='bbox 2073 3155 2200 3210; x_wconf 86' lang='lat' dir='ltr'>fuso</span> <span class='ocrx_word' id='word_1_500' title='bbox 2232 3151 2438 3209; x_wconf 88' lang='lat' dir='ltr'>mortis</span> <span class='ocrx_word' id='word_1_501' title='bbox 2459 3151 2913 3226; x_wconf 87' lang='lat' dir='ltr'>chirographum</span> <span class='ocrx_word' id='word_1_502' title='bbox 2933 3157 2990 3208; x_wconf 89' lang='lat' dir='ltr'>et</span> <span class='ocrx_word' id='word_1_503' title='bbox 3011 3151 3428 3225; x_wconf 83' lang='lat' dir='ltr'>justiﬁcandos</span> <span class='ocrx_word' id='word_1_504' title='bbox 3447 3165 3542 3206; x_wconf 88' lang='lat' dir='ltr'>re--</span> <span class='ocrx_word' id='word_1_505' title='bbox 3643 3178 3646 3181; x_wconf 92' lang='lat'><strong><em>-</em></strong></span> 
     </span>
    </p>
   </div>
   <div class='ocr_carea' id='block_1_32' title="bbox 163 3240 3545 3316">
    <p class='ocr_par' dir='ltr' id='par_1_32' title="bbox 163 3240 3545 3316">
     <span class='ocr_line' id='line_1_32' title="bbox 163 3240 3545 3316; baseline 0 -21"><span class='ocrx_word' id='word_1_506' title='bbox 163 3240 303 3309; x_wconf 86' lang='lat' dir='ltr'>stius,</span> <span class='ocrx_word' id='word_1_507' title='bbox 323 3243 429 3299; x_wconf 88' lang='lat' dir='ltr'>sub</span> <span class='ocrx_word' id='word_1_508' title='bbox 451 3242 656 3316; x_wconf 89' lang='lat' dir='ltr'>specie</span> <span class='ocrx_word' id='word_1_509' title='bbox 678 3241 962 3298; x_wconf 70' lang='lat' dir='ltr'>columbae</span> <span class='ocrx_word' id='word_1_510' title='bbox 986 3245 1046 3297; x_wconf 91' lang='lat' dir='ltr'>et</span> <span class='ocrx_word' id='word_1_511' title='bbox 1073 3241 1322 3296; x_wconf 77' lang='lat' dir='ltr'>tul-turis</span> <span class='ocrx_word' id='word_1_512' title='bbox 1344 3240 1696 3314; x_wconf 84' lang='lat' dir='ltr'>apparebat:</span> <span class='ocrx_word' id='word_1_513' title='bbox 1721 3243 1787 3295; x_wconf 90' lang='lat' dir='ltr'>ut</span> <span class='ocrx_word' id='word_1_514' title='bbox 1829 3313 1854 3316; x_wconf 26' lang='grc' dir='ltr'><em>η</em></span> <span class='ocrx_word' id='word_1_515' title='bbox 1893 3243 2139 3298; x_wconf 88' lang='lat' dir='ltr'>dimerct</span> <span class='ocrx_word' id='word_1_516' title='bbox 2159 3247 2512 3316; x_wconf 87' lang='lat' dir='ltr'>peccatores.</span> <span class='ocrx_word' id='word_1_517' title='bbox 2536 3241 2677 3298; x_wconf 81' lang='lat' dir='ltr'>Hinc</span> <span class='ocrx_word' id='word_1_518' title='bbox 2699 3241 2876 3299; x_wconf 90' lang='lat' dir='ltr'>etiam</span> <span class='ocrx_word' id='word_1_519' title='bbox 2895 3241 3166 3299; x_wconf 89' lang='lat' dir='ltr'>diabolus</span> <span class='ocrx_word' id='word_1_520' title='bbox 3186 3241 3379 3298; x_wconf 89' lang='lat' dir='ltr'>adhuc</span> <span class='ocrx_word' id='word_1_521' title='bbox 3398 3255 3545 3297; x_wconf 78' lang='lat' dir='ltr'>suos</span> 
     </span>
    </p>
   </div>
   <div class='ocr_carea' id='block_1_33' title="bbox 163 3313 3542 3404">
    <p class='ocr_par' dir='ltr' id='par_1_33' title="bbox 163 3313 3542 3404">
     <span class='ocr_line' id='line_1_33' title="bbox 163 3313 3542 3404; baseline 0.001 -21"><span class='ocrx_word' id='word_1_522' title='bbox 163 3346 254 3385; x_wconf 89' lang='lat' dir='ltr'>non</span> <span class='ocrx_word' id='word_1_523' title='bbox 280 3313 503 3390; x_wconf 74' lang='lat' dir='ltr'>talibus</span> <span class='ocrx_word' id='word_1_524' title='bbox 520 3331 808 3400; x_wconf 85' lang='lat' dir='ltr'>victimis,</span> <span class='ocrx_word' id='word_1_525' title='bbox 833 3330 1110 3404; x_wconf 87' lang='lat' dir='ltr'>qualibus</span> <span class='ocrx_word' id='word_1_526' title='bbox 1141 3347 1344 3387; x_wconf 89' lang='lat' dir='ltr'>omnes</span> <span class='ocrx_word' id='word_1_527' title='bbox 1374 3329 1663 3398; x_wconf 90' lang='lat' dir='ltr'>homines,</span> <span class='ocrx_word' id='word_1_528' title='bbox 1685 3329 1783 3386; x_wconf 90' lang='lat' dir='ltr'>ille</span> <span class='ocrx_word' id='word_1_529' title='bbox 1814 3313 1857 3382; x_wconf 83' lang='lat' dir='ltr'>C</span> <span class='ocrx_word' id='word_1_530' title='bbox 1894 3331 2108 3400; x_wconf 88' lang='lat' dir='ltr'>illudit,</span> <span class='ocrx_word' id='word_1_531' title='bbox 2133 3313 2348 3404; x_wconf 77' lang='lat' dir='ltr'>quibus</span> <span class='ocrx_word' id='word_1_532' title='bbox 2378 3348 2440 3388; x_wconf 89' lang='lat' dir='ltr'>se</span> <span class='ocrx_word' id='word_1_533' title='bbox 2469 3348 2572 3404; x_wconf 90' lang='lat' dir='ltr'>per</span> <span class='ocrx_word' id='word_1_534' title='bbox 2600 3348 2710 3388; x_wconf 90' lang='lat' dir='ltr'>sua</span> <span class='ocrx_word' id='word_1_535' title='bbox 2730 3347 2898 3388; x_wconf 89' lang='lat' dir='ltr'>sacra</span> <span class='ocrx_word' id='word_1_536' title='bbox 2915 3330 3093 3388; x_wconf 87' lang='lat' dir='ltr'>veluti</span> <span class='ocrx_word' id='word_1_537' title='bbox 3111 3328 3458 3404; x_wconf 83' lang='lat' dir='ltr'>purgandis,</span> <span class='ocrx_word' id='word_1_538' title='bbox 3483 3331 3542 3385; x_wconf 73' lang='lat' dir='ltr'>et</span> 
     </span>
    </p>
   </div>
   <div class='ocr_carea' id='block_1_34' title="bbox 162 3418 3546 3496">
    <p class='ocr_par' dir='ltr' id='par_1_34' title="bbox 162 3418 3546 3496">
     <span class='ocr_line' id='line_1_34' title="bbox 162 3418 3546 3496; baseline 0 -22"><span class='ocrx_word' id='word_1_539' title='bbox 162 3418 240 3490; x_wconf 86' lang='lat' dir='ltr'>qui</span> <span class='ocrx_word' id='word_1_540' title='bbox 264 3437 360 3493; x_wconf 90' lang='lat' dir='ltr'>pro</span> <span class='ocrx_word' id='word_1_541' title='bbox 389 3426 510 3479; x_wconf 89' lang='lat' dir='ltr'>toto</span> <span class='ocrx_word' id='word_1_542' title='bbox 569 3421 796 3477; x_wconf 90' lang='lat' dir='ltr'>mundo</span> <span class='ocrx_word' id='word_1_543' title='bbox 835 3421 1206 3488; x_wconf 87' lang='lat' dir='ltr'>nascebatur,</span> <span class='ocrx_word' id='word_1_544' title='bbox 1239 3425 1295 3476; x_wconf 91' lang='lat' dir='ltr'>et</span> <span class='ocrx_word' id='word_1_545' title='bbox 1344 3421 1464 3494; x_wconf 90' lang='lat' dir='ltr'>pati</span> <span class='ocrx_word' id='word_1_546' title='bbox 1513 3420 1782 3489; x_wconf 84' lang='lat' dir='ltr'>habebat,</span> <span class='ocrx_word' id='word_1_547' title='bbox 1895 3419 2470 3496; x_wconf 88' lang='lat' dir='ltr'>potiusapplicandis</span> <span class='ocrx_word' id='word_1_548' title='bbox 2487 3424 2661 3494; x_wconf 89' lang='lat' dir='ltr'>atque</span> <span class='ocrx_word' id='word_1_549' title='bbox 2680 3420 3036 3494; x_wconf 90' lang='lat' dir='ltr'>mergendis,</span> <span class='ocrx_word' id='word_1_550' title='bbox 3057 3419 3546 3478; x_wconf 82' lang='lat' dir='ltr'>falsusmediator</span> 
     </span>
    </p>
   </div>
   <div class='ocr_carea' id='block_1_35' title="bbox 163 3507 3544 3586">
    <p class='ocr_par' dir='ltr' id='par_1_35' title="bbox 163 3507 3544 3586">
     <span class='ocr_line' id='line_1_35' title="bbox 163 3507 3544 3586; baseline 0.001 -24"><span class='ocrx_word' id='word_1_551' title='bbox 163 3523 324 3566; x_wconf 85' lang='lat' dir='ltr'>coram</span> <span class='ocrx_word' id='word_1_552' title='bbox 344 3511 600 3568; x_wconf 89' lang='lat' dir='ltr'>Domino</span> <span class='ocrx_word' id='word_1_553' title='bbox 624 3511 1032 3579; x_wconf 90' lang='lat' dir='ltr'>mundaretur,</span> <span class='ocrx_word' id='word_1_554' title='bbox 1057 3511 1158 3566; x_wconf 90' lang='lat' dir='ltr'>sed</span> <span class='ocrx_word' id='word_1_555' title='bbox 1184 3514 1250 3566; x_wconf 84' lang='lat' dir='ltr'>ut</span> <span class='ocrx_word' id='word_1_556' title='bbox 1270 3510 1628 3584; x_wconf 81' lang='lat' dir='ltr'>dispensatio</span> <span class='ocrx_word' id='word_1_557' title='bbox 1659 3510 1788 3582; x_wconf 83' lang='lat' dir='ltr'>ejus</span> <span class='ocrx_word' id='word_1_558' title='bbox 1895 3511 2156 3586; x_wconf 91' lang='lat' dir='ltr'>opponit,</span> <span class='ocrx_word' id='word_1_559' title='bbox 2181 3511 2337 3584; x_wconf 89' lang='lat' dir='ltr'>quod</span> <span class='ocrx_word' id='word_1_560' title='bbox 2359 3510 2629 3583; x_wconf 89' lang='lat' dir='ltr'>superbis</span> <span class='ocrx_word' id='word_1_561' title='bbox 2649 3509 2924 3567; x_wconf 80' lang='lat' dir='ltr'>facillime</span> <span class='ocrx_word' id='word_1_562' title='bbox 2945 3509 3276 3584; x_wconf 88' lang='lat' dir='ltr'>persuadet,</span> <span class='ocrx_word' id='word_1_563' title='bbox 3301 3507 3544 3564; x_wconf 87' lang='lat' dir='ltr'>irridere</span> 
     </span>
    </p>
   </div>
   <div class='ocr_carea' id='block_1_36' title="bbox 162 3597 3544 3672">
    <p class='ocr_par' dir='ltr' id='par_1_36' title="bbox 162 3597 3544 3672">
     <span class='ocr_line' id='line_1_36' title="bbox 162 3597 3544 3672; baseline 0 -22"><span class='ocrx_word' id='word_1_564' title='bbox 162 3613 282 3654; x_wconf 86' lang='lat' dir='ltr'>nova</span> <span class='ocrx_word' id='word_1_565' title='bbox 307 3600 524 3669; x_wconf 87' lang='lat' dir='ltr'>omnia,</span> <span class='ocrx_word' id='word_1_566' title='bbox 561 3600 652 3656; x_wconf 89' lang='lat' dir='ltr'>ita</span> <span class='ocrx_word' id='word_1_567' title='bbox 681 3616 864 3656; x_wconf 89' lang='lat' dir='ltr'>novas</span> <span class='ocrx_word' id='word_1_568' title='bbox 893 3616 1126 3672; x_wconf 88' lang='lat' dir='ltr'>quoque</span> <span class='ocrx_word' id='word_1_569' title='bbox 1157 3599 1412 3656; x_wconf 87' lang='lat' dir='ltr'>habebat</span> <span class='ocrx_word' id='word_1_570' title='bbox 1441 3599 1664 3656; x_wconf 88' lang='lat' dir='ltr'>hostias</span> <span class='ocrx_word' id='word_1_571' title='bbox 1693 3614 1788 3654; x_wconf 42' lang='lat' dir='ltr'>sed</span> <span class='ocrx_word' id='word_1_572' title='bbox 1898 3605 2072 3672; x_wconf 88' lang='lat' dir='ltr'>atque</span> <span class='ocrx_word' id='word_1_573' title='bbox 2093 3605 2463 3657; x_wconf 89' lang='lat' dir='ltr'>contemnere</span> <span class='ocrx_word' id='word_1_574' title='bbox 2495 3603 2742 3656; x_wconf 89' lang='lat' dir='ltr'>mortem</span> <span class='ocrx_word' id='word_1_575' title='bbox 2763 3599 3181 3672; x_wconf 88' lang='lat' dir='ltr'>Christi,aqua</span> <span class='ocrx_word' id='word_1_576' title='bbox 3198 3597 3324 3672; x_wconf 90' lang='lat' dir='ltr'>ipse</span> <span class='ocrx_word' id='word_1_577' title='bbox 3353 3613 3544 3671; x_wconf 83' lang='lat' dir='ltr'>quan-</span> 
     </span>
    </p>
   </div>
   <div class='ocr_carea' id='block_1_37' title="bbox 160 3685 3544 3762">
    <p class='ocr_par' dir='ltr' id='par_1_37' title="bbox 160 3685 3544 3762">
     <span class='ocr_line' id='line_1_37' title="bbox 160 3685 3544 3762; baseline -0 -20"><span class='ocrx_word' id='word_1_578' title='bbox 160 3689 383 3746; x_wconf 88' lang='lat' dir='ltr'>cundum</span> <span class='ocrx_word' id='word_1_579' title='bbox 410 3691 786 3747; x_wconf 86' lang='lat' dir='ltr'>voluntatem</span> <span class='ocrx_word' id='word_1_580' title='bbox 818 3688 1240 3762; x_wconf 87' lang='lat' dir='ltr'>omnipotentis</span> <span class='ocrx_word' id='word_1_581' title='bbox 1270 3689 1393 3745; x_wconf 89' lang='lat' dir='ltr'>Dei.</span> <span class='ocrx_word' id='word_1_582' title='bbox 1421 3712 1448 3739; x_wconf 87' lang='lat'>»</span> <span class='ocrx_word' id='word_1_583' title='bbox 1896 3695 2024 3746; x_wconf 89' lang='lat' dir='ltr'>tum</span> <span class='ocrx_word' id='word_1_584' title='bbox 2045 3693 2135 3746; x_wconf 88' lang='lat' dir='ltr'>est</span> <span class='ocrx_word' id='word_1_585' title='bbox 2155 3687 2416 3759; x_wconf 88' lang='lat' dir='ltr'>alienior,</span> <span class='ocrx_word' id='word_1_586' title='bbox 2433 3692 2597 3745; x_wconf 87' lang='lat' dir='ltr'>tanto</span> <span class='ocrx_word' id='word_1_587' title='bbox 2619 3689 2691 3745; x_wconf 90' lang='lat' dir='ltr'>ab</span> <span class='ocrx_word' id='word_1_588' title='bbox 2713 3689 2797 3746; x_wconf 89' lang='lat' dir='ltr'>eis</span> <span class='ocrx_word' id='word_1_589' title='bbox 2819 3688 3074 3746; x_wconf 90' lang='lat' dir='ltr'>creditur</span> <span class='ocrx_word' id='word_1_590' title='bbox 3093 3685 3350 3745; x_wconf 88' lang='lat' dir='ltr'>sanctior</span> <span class='ocrx_word' id='word_1_591' title='bbox 3369 3689 3544 3758; x_wconf 84' lang='lat' dir='ltr'>atque</span> 
     </span>
    </p>
   </div>
   <div class='ocr_carea' id='block_1_38' title="bbox 214 3775 3544 3851">
    <p class='ocr_par' dir='ltr' id='par_1_38' title="bbox 214 3775 3544 3851">
     <span class='ocr_line' id='line_1_38' title="bbox 214 3775 3544 3851; baseline -0 -19"><span class='ocrx_word' id='word_1_592' title='bbox 214 3777 273 3832; x_wconf 89' lang='lat' dir='ltr'>Et</span> <span class='ocrx_word' id='word_1_593' title='bbox 291 3783 526 3836; x_wconf 87' lang='lat' dir='ltr'>sanctus</span> <span class='ocrx_word' id='word_1_594' title='bbox 555 3778 932 3851; x_wconf 85' lang='lat' dir='ltr'>Augustinus</span> <span class='ocrx_word' id='word_1_595' title='bbox 963 3777 1024 3834; x_wconf 89' lang='lat' dir='ltr'>in</span> <span class='ocrx_word' id='word_1_596' title='bbox 1054 3777 1202 3834; x_wconf 90' lang='lat' dir='ltr'>libro</span> <span class='ocrx_word' id='word_1_597' title='bbox 1233 3779 1305 3834; x_wconf 90' lang='lat' dir='ltr'>de</span> <span class='ocrx_word' id='word_1_598' title='bbox 1337 3777 1706 3851; x_wconf 77' lang='lat' dir='ltr'>Cor-raptione</span> <span class='ocrx_word' id='word_1_599' title='bbox 1735 3779 1792 3834; x_wconf 88' lang='lat' dir='ltr'>et</span> <span class='ocrx_word' id='word_1_600' title='bbox 1901 3778 2169 3835; x_wconf 88' lang='lat' dir='ltr'>divinior.</span> <span class='ocrx_word' id='word_1_601' title='bbox 2185 3777 2292 3845; x_wconf 88' lang='lat' dir='ltr'>Qui</span> <span class='ocrx_word' id='word_1_602' title='bbox 2314 3781 2510 3834; x_wconf 90' lang='lat' dir='ltr'>tamen</span> <span class='ocrx_word' id='word_1_603' title='bbox 2536 3777 2690 3851; x_wconf 90' lang='lat' dir='ltr'>apud</span> <span class='ocrx_word' id='word_1_604' title='bbox 2711 3791 2846 3834; x_wconf 90' lang='lat' dir='ltr'>eum</span> <span class='ocrx_word' id='word_1_605' title='bbox 2875 3775 3217 3850; x_wconf 89' lang='lat' dir='ltr'>paucissimi</span> <span class='ocrx_word' id='word_1_606' title='bbox 3241 3791 3544 3832; x_wconf 88' lang='lat' dir='ltr'>remanse-</span> 
     </span>
    </p>
   </div>
   <div class='ocr_carea' id='block_1_39' title="bbox 159 3861 3542 3942">
    <p class='ocr_par' dir='ltr' id='par_1_39' title="bbox 159 3861 3542 3942">
     <span class='ocr_line' id='line_1_39' title="bbox 159 3861 3542 3942; baseline -0.001 -20"><span class='ocrx_word' id='word_1_607' title='bbox 159 3866 480 3942; x_wconf 86' lang='lat' dir='ltr'>Gratia(cap.</span> <span class='ocrx_word' id='word_1_608' title='bbox 509 3870 636 3937; x_wconf 84' lang='lat'>16):</span> <span class='ocrx_word' id='word_1_609' title='bbox 663 3867 817 3924; x_wconf 66' lang='lat'>285</span> <span class='ocrx_word' id='word_1_610' title='bbox 837 3867 1050 3924; x_wconf 83' lang='lat' dir='ltr'>«Absit</span> <span class='ocrx_word' id='word_1_611' title='bbox 1069 3871 1134 3922; x_wconf 90' lang='lat' dir='ltr'>ut</span> <span class='ocrx_word' id='word_1_612' title='bbox 1152 3866 1268 3923; x_wconf 89' lang='lat' dir='ltr'>ista</span> <span class='ocrx_word' id='word_1_613' title='bbox 1287 3867 1610 3940; x_wconf 87' lang='lat' dir='ltr'>garrientes</span> <span class='ocrx_word' id='word_1_614' title='bbox 1634 3885 1794 3924; x_wconf 61' lang='lat' dir='ltr'>secu*</span> <span class='ocrx_word' id='word_1_615' title='bbox 1901 3873 2058 3935; x_wconf 89' lang='lat' dir='ltr'>runt,</span> <span class='ocrx_word' id='word_1_616' title='bbox 2081 3867 2534 3941; x_wconf 86' lang='lat' dir='ltr'>agnoscentibus</span> <span class='ocrx_word' id='word_1_617' title='bbox 2562 3867 2856 3939; x_wconf 77' lang='lat' dir='ltr'>gentibus,</span> <span class='ocrx_word' id='word_1_618' title='bbox 2889 3871 2946 3922; x_wconf 89' lang='lat' dir='ltr'>et</span> <span class='ocrx_word' id='word_1_619' title='bbox 2972 3866 3070 3938; x_wconf 89' lang='lat' dir='ltr'>pia</span> <span class='ocrx_word' id='word_1_620' title='bbox 3097 3863 3430 3921; x_wconf 89' lang='lat' dir='ltr'>humilitate</span> <span class='ocrx_word' id='word_1_621' title='bbox 3453 3861 3542 3919; x_wconf 90' lang='lat' dir='ltr'>bi-</span> 
     </span>
    </p>
   </div>
   <div class='ocr_carea' id='block_1_40' title="bbox 159 3951 3544 4030">
    <p class='ocr_par' dir='ltr' id='par_1_40' title="bbox 159 3951 3544 4030">
     <span class='ocr_line' id='line_1_40' title="bbox 159 3951 3544 4030; baseline -0.001 -18"><span class='ocrx_word' id='word_1_622' title='bbox 159 3972 234 4012; x_wconf 87' lang='lat' dir='ltr'>ros</span> <span class='ocrx_word' id='word_1_623' title='bbox 252 3975 350 4014; x_wconf 88' lang='lat' dir='ltr'>nos</span> <span class='ocrx_word' id='word_1_624' title='bbox 368 3958 428 4014; x_wconf 92' lang='lat' dir='ltr'>in</span> <span class='ocrx_word' id='word_1_625' title='bbox 450 3959 566 4015; x_wconf 91' lang='lat' dir='ltr'>hac</span> <span class='ocrx_word' id='word_1_626' title='bbox 593 3955 956 4030; x_wconf 87' lang='lat' dir='ltr'>negligentia</span> <span class='ocrx_word' id='word_1_627' title='bbox 975 3971 1102 4012; x_wconf 89' lang='lat' dir='ltr'>esse</span> <span class='ocrx_word' id='word_1_628' title='bbox 1125 3957 1334 4012; x_wconf 86' lang='lat' dir='ltr'>debere</span> <span class='ocrx_word' id='word_1_629' title='bbox 1357 3957 1796 4014; x_wconf 78' lang='lat' dir='ltr'>credamus.Ve&#39;</span> <span class='ocrx_word' id='word_1_630' title='bbox 1901 3955 2436 4028; x_wconf 88' lang='lat' dir='ltr'>bentibusprctium</span> <span class='ocrx_word' id='word_1_631' title='bbox 2450 3955 2902 4027; x_wconf 85' lang='lat' dir='ltr'>suum,ejusquc</span> <span class='ocrx_word' id='word_1_632' title='bbox 2916 3951 3544 4010; x_wconf 87' lang='lat' dir='ltr'>ﬁduciadeserentibus</span> 
     </span>
    </p>
   </div>
   <div class='ocr_carea' id='block_1_41' title="bbox 158 4039 3544 4120">
    <p class='ocr_par' dir='ltr' id='par_1_41' title="bbox 158 4039 3544 4120">
     <span class='ocr_line' id='line_1_41' title="bbox 158 4039 3544 4120; baseline -0.001 -18"><span class='ocrx_word' id='word_1_633' title='bbox 158 4063 267 4103; x_wconf 85' lang='lat' dir='ltr'>rum</span> <span class='ocrx_word' id='word_1_634' title='bbox 285 4049 549 4105; x_wconf 86' lang='lat' dir='ltr'>estenim</span> <span class='ocrx_word' id='word_1_635' title='bbox 569 4045 715 4120; x_wconf 89' lang='lat' dir='ltr'>quia</span> <span class='ocrx_word' id='word_1_636' title='bbox 731 4063 902 4102; x_wconf 90' lang='lat' dir='ltr'>nemo</span> <span class='ocrx_word' id='word_1_637' title='bbox 919 4045 1091 4118; x_wconf 89' lang='lat' dir='ltr'>periit</span> <span class='ocrx_word' id='word_1_638' title='bbox 1113 4045 1229 4102; x_wconf 87' lang='lat' dir='ltr'>nisi</span> <span class='ocrx_word' id='word_1_639' title='bbox 1251 4047 1407 4104; x_wconf 84' lang='lat' dir='ltr'>ﬁlius</span> <span class='ocrx_word' id='word_1_640' title='bbox 1428 4047 1793 4118; x_wconf 64' lang='lat' dir='ltr'>perditionis</span> <span class='ocrx_word' id='word_1_641' title='bbox 1903 4050 2056 4108; x_wconf 76' lang='lat'><strong>266</strong></span> <span class='ocrx_word' id='word_1_642' title='bbox 2091 4047 2319 4102; x_wconf 91' lang='lat' dir='ltr'>hostem</span> <span class='ocrx_word' id='word_1_643' title='bbox 2352 4061 2548 4112; x_wconf 89' lang='lat' dir='ltr'>suum,</span> <span class='ocrx_word' id='word_1_644' title='bbox 2580 4049 2637 4100; x_wconf 89' lang='lat' dir='ltr'>et</span> <span class='ocrx_word' id='word_1_645' title='bbox 2683 4043 3165 4100; x_wconf 88' lang='lat' dir='ltr'>concurrentibus</span> <span class='ocrx_word' id='word_1_646' title='bbox 3195 4041 3268 4099; x_wconf 90' lang='lat' dir='ltr'>ad</span> <span class='ocrx_word' id='word_1_647' title='bbox 3299 4039 3544 4098; x_wconf 62' lang='lat' dir='ltr'>Redemo</span> 
     </span>
    </p>
   </div>
   <div class='ocr_carea' id='block_1_42' title="bbox 158 4129 3546 4212">
    <p class='ocr_par' dir='ltr' id='par_1_42' title="bbox 158 4129 3546 4212">
     <span class='ocr_line' id='line_1_42' title="bbox 158 4129 3546 4212; baseline -0.001 -20"><span class='ocrx_word' id='word_1_648' title='bbox 158 4136 248 4192; x_wconf 86' lang='lat' dir='ltr'>Sed</span> <span class='ocrx_word' id='word_1_649' title='bbox 267 4137 346 4194; x_wconf 88' lang='lat' dir='ltr'>ait</span> <span class='ocrx_word' id='word_1_650' title='bbox 364 4143 514 4194; x_wconf 88' lang='lat' dir='ltr'>Deus</span> <span class='ocrx_word' id='word_1_651' title='bbox 537 4153 648 4211; x_wconf 90' lang='lat' dir='ltr'>per</span> <span class='ocrx_word' id='word_1_652' title='bbox 668 4135 1028 4192; x_wconf 86' lang='lat' dir='ltr'>Ezechielem</span> <span class='ocrx_word' id='word_1_653' title='bbox 1051 4135 1392 4210; x_wconf 85' lang='lat' dir='ltr'>prophetam</span> <span class='ocrx_word' id='word_1_654' title='bbox 1421 4153 1433 4192; x_wconf 93' lang='lat'>:</span> <span class='ocrx_word' id='word_1_655' title='bbox 1457 4137 1558 4193; x_wconf 84' lang='lat' dir='ltr'>Ille</span> <span class='ocrx_word' id='word_1_656' title='bbox 1579 4136 1796 4210; x_wconf 77' lang='lat' dir='ltr'>quidem</span> <span class='ocrx_word' id='word_1_657' title='bbox 1903 4141 2130 4212; x_wconf 89' lang='lat' dir='ltr'>ptorem</span> <span class='ocrx_word' id='word_1_658' title='bbox 2162 4152 2396 4192; x_wconf 85' lang='lat' dir='ltr'>suum.»</span> <span class='ocrx_word' id='word_1_659' title='bbox 2418 4135 2488 4190; x_wconf 88' lang='lat' dir='ltr'>Et</span> <span class='ocrx_word' id='word_1_660' title='bbox 2514 4133 2574 4190; x_wconf 88' lang='lat' dir='ltr'>in</span> <span class='ocrx_word' id='word_1_661' title='bbox 2601 4149 2870 4190; x_wconf 90' lang='lat' dir='ltr'>sermone</span> <span class='ocrx_word' id='word_1_662' title='bbox 2911 4130 3230 4190; x_wconf 90' lang='lat' dir='ltr'>centesimo</span> <span class='ocrx_word' id='word_1_663' title='bbox 3265 4129 3546 4205; x_wconf 83' lang='lat' dir='ltr'>vigesimo</span> 
     </span>
    </p>
   </div>
   <div class='ocr_carea' id='block_1_43' title="bbox 159 4220 3546 4300">
    <p class='ocr_par' dir='ltr' id='par_1_43' title="bbox 159 4220 3546 4300">
     <span class='ocr_line' id='line_1_43' title="bbox 159 4220 3546 4300; baseline -0.003 -15"><span class='ocrx_word' id='word_1_664' title='bbox 159 4227 312 4284; x_wconf 72' lang='lat' dir='ltr'>insito</span> <span class='ocrx_word' id='word_1_665' title='bbox 333 4235 560 4300; x_wconf 85' lang='lat' dir='ltr'>peccato</span> <span class='ocrx_word' id='word_1_666' title='bbox 591 4227 880 4294; x_wconf 85' lang='lat' dir='ltr'>morietur,</span> <span class='ocrx_word' id='word_1_667' title='bbox 895 4228 1223 4298; x_wconf 81' lang='lat' dir='ltr'>sanguinem</span> <span class='ocrx_word' id='word_1_668' title='bbox 1249 4242 1370 4282; x_wconf 87' lang='lat' dir='ltr'>vero</span> <span class='ocrx_word' id='word_1_669' title='bbox 1389 4227 1506 4298; x_wconf 85' lang='lat' dir='ltr'>ejus</span> <span class='ocrx_word' id='word_1_670' title='bbox 1533 4223 1598 4282; x_wconf 81' lang='lat' dir='ltr'>de</span> <span class='ocrx_word' id='word_1_671' title='bbox 1624 4243 1797 4282; x_wconf 83' lang='lat' dir='ltr'>manu</span> <span class='ocrx_word' id='word_1_672' title='bbox 1903 4225 2200 4300; x_wconf 89' lang='lat' dir='ltr'>Evangelii</span> <span class='ocrx_word' id='word_1_673' title='bbox 2227 4223 2472 4284; x_wconf 87' lang='lat' dir='ltr'>Joannis</span> <span class='ocrx_word' id='word_1_674' title='bbox 2493 4240 2548 4280; x_wconf 68' lang='grc' dir='ltr'>ια</span> <span class='ocrx_word' id='word_1_675' title='bbox 2568 4223 2783 4280; x_wconf 88' lang='lat' dir='ltr'>Omnes</span> <span class='ocrx_word' id='word_1_676' title='bbox 2813 4220 3030 4296; x_wconf 88' lang='lat' dir='ltr'>quippe</span> <span class='ocrx_word' id='word_1_677' title='bbox 3060 4220 3200 4278; x_wconf 87' lang='lat' dir='ltr'>facit</span> <span class='ocrx_word' id='word_1_678' title='bbox 3227 4238 3364 4278; x_wconf 86' lang='lat' dir='ltr'>suas</span> <span class='ocrx_word' id='word_1_679' title='bbox 3391 4227 3546 4292; x_wconf 67' lang='lat' dir='ltr'>oves,</span> 
     </span>
    </p>
   </div>
   <div class='ocr_carea' id='block_1_44' title="bbox 160 4307 3548 4390">
    <p class='ocr_par' dir='ltr' id='par_1_44' title="bbox 160 4307 3548 4390">
     <span class='ocr_line' id='line_1_44' title="bbox 160 4307 3548 4390; baseline -0.001 -20"><span class='ocrx_word' id='word_1_680' title='bbox 160 4319 482 4387; x_wconf 76' lang='lat' dir='ltr'>speculatoris</span> <span class='ocrx_word' id='word_1_681' title='bbox 505 4319 796 4390; x_wconf 82' lang='lat' dir='ltr'>requiram</span> <span class='ocrx_word' id='word_1_682' title='bbox 817 4315 1597 4388; x_wconf 65' lang='lat' dir='ltr'>(Ezech.xxxm,6).Proinde</span> <span class='ocrx_word' id='word_1_683' title='bbox 1621 4331 1800 4388; x_wconf 88' lang='lat' dir='ltr'>quan-</span> <span class='ocrx_word' id='word_1_684' title='bbox 1905 4335 2008 4390; x_wconf 91' lang='lat' dir='ltr'>pro</span> <span class='ocrx_word' id='word_1_685' title='bbox 2041 4315 2256 4390; x_wconf 89' lang='lat' dir='ltr'>quibus</span> <span class='ocrx_word' id='word_1_686' title='bbox 2286 4317 2374 4370; x_wconf 91' lang='lat' dir='ltr'>est</span> <span class='ocrx_word' id='word_1_687' title='bbox 2401 4313 2676 4370; x_wconf 89' lang='lat' dir='ltr'>omnibus</span> <span class='ocrx_word' id='word_1_688' title='bbox 2714 4327 2926 4386; x_wconf 86' lang='lat' dir='ltr'>passus</span> <span class='ocrx_word' id='word_1_689' title='bbox 2960 4328 2974 4368; x_wconf 92' lang='lat'><strong>:</strong></span> <span class='ocrx_word' id='word_1_690' title='bbox 3009 4311 3148 4384; x_wconf 89' lang='lat' dir='ltr'>quia</span> <span class='ocrx_word' id='word_1_691' title='bbox 3185 4314 3252 4367; x_wconf 90' lang='lat' dir='ltr'>ut</span> <span class='ocrx_word' id='word_1_692' title='bbox 3287 4309 3414 4384; x_wconf 87' lang='lat' dir='ltr'>ipse</span> <span class='ocrx_word' id='word_1_693' title='bbox 3441 4307 3548 4382; x_wconf 83' lang='lat' dir='ltr'>pro</span> 
     </span>
    </p>
   </div>
   <div class='ocr_carea' id='block_1_45' title="bbox 159 4397 3549 4482">
    <p class='ocr_par' dir='ltr' id='par_1_45' title="bbox 159 4397 3549 4482">
     <span class='ocr_line' id='line_1_45' title="bbox 159 4397 3549 4482; baseline -0.001 -21"><span class='ocrx_word' id='word_1_694' title='bbox 159 4409 262 4462; x_wconf 85' lang='lat' dir='ltr'>tum</span> <span class='ocrx_word' id='word_1_695' title='bbox 281 4408 350 4464; x_wconf 86' lang='lat' dir='ltr'>ad</span> <span class='ocrx_word' id='word_1_696' title='bbox 370 4425 479 4465; x_wconf 89' lang='lat' dir='ltr'>nos</span> <span class='ocrx_word' id='word_1_697' title='bbox 500 4405 894 4482; x_wconf 89' lang='lat' dir='ltr'>pertinet,qui</span> <span class='ocrx_word' id='word_1_698' title='bbox 916 4404 1364 4478; x_wconf 66' lang='lat' dir='ltr'>praedestinatos</span> <span class='ocrx_word' id='word_1_699' title='bbox 1389 4421 1423 4460; x_wconf 88' lang='lat' dir='ltr'>a</span> <span class='ocrx_word' id='word_1_700' title='bbox 1443 4421 1557 4460; x_wconf 91' lang='lat' dir='ltr'>non</span> <span class='ocrx_word' id='word_1_701' title='bbox 1579 4405 1796 4477; x_wconf 80' lang='lat' dir='ltr'>prcede-</span> <span class='ocrx_word' id='word_1_702' title='bbox 1905 4407 2180 4464; x_wconf 90' lang='lat' dir='ltr'>omnibus</span> <span class='ocrx_word' id='word_1_703' title='bbox 2212 4408 2510 4480; x_wconf 89' lang='lat' dir='ltr'>pateretur</span> <span class='ocrx_word' id='word_1_704' title='bbox 2529 4403 2652 4460; x_wconf 90' lang='lat' dir='ltr'>ovis</span> <span class='ocrx_word' id='word_1_705' title='bbox 2673 4406 2764 4458; x_wconf 89' lang='lat' dir='ltr'>est</span> <span class='ocrx_word' id='word_1_706' title='bbox 2790 4403 3037 4459; x_wconf 79' lang='lat' dir='ltr'>factus.»</span> <span class='ocrx_word' id='word_1_707' title='bbox 3061 4402 3130 4458; x_wconf 88' lang='lat' dir='ltr'>Et</span> <span class='ocrx_word' id='word_1_708' title='bbox 3147 4401 3287 4458; x_wconf 90' lang='lat' dir='ltr'>item</span> <span class='ocrx_word' id='word_1_709' title='bbox 3309 4397 3549 4458; x_wconf 75' lang='lat' dir='ltr'>sanctus</span> 
     </span>
    </p>
   </div>
   <div class='ocr_carea' id='block_1_46' title="bbox 159 4487 3549 4570">
    <p class='ocr_par' dir='ltr' id='par_1_46' title="bbox 159 4487 3549 4570">
     <span class='ocr_line' id='line_1_46' title="bbox 159 4487 3549 4570; baseline -0.001 -21"><span class='ocrx_word' id='word_1_710' title='bbox 159 4493 362 4555; x_wconf 80' lang='lat' dir='ltr'>stinatis</span> <span class='ocrx_word' id='word_1_711' title='bbox 385 4497 728 4555; x_wconf 89' lang='lat' dir='ltr'>discernere</span> <span class='ocrx_word' id='word_1_712' title='bbox 772 4511 889 4552; x_wconf 89' lang='lat' dir='ltr'>non</span> <span class='ocrx_word' id='word_1_713' title='bbox 931 4494 1221 4563; x_wconf 85' lang='lat' dir='ltr'>valemus,</span> <span class='ocrx_word' id='word_1_714' title='bbox 1248 4498 1306 4550; x_wconf 90' lang='lat' dir='ltr'>et</span> <span class='ocrx_word' id='word_1_715' title='bbox 1337 4495 1408 4550; x_wconf 92' lang='lat' dir='ltr'>ob</span> <span class='ocrx_word' id='word_1_716' title='bbox 1439 4493 1547 4550; x_wconf 88' lang='lat' dir='ltr'>hoc</span> <span class='ocrx_word' id='word_1_717' title='bbox 1593 4512 1796 4567; x_wconf 87' lang='lat' dir='ltr'>omnes</span> <span class='ocrx_word' id='word_1_718' title='bbox 1903 4496 2268 4570; x_wconf 87' lang='lat' dir='ltr'>Augustinus</span> <span class='ocrx_word' id='word_1_719' title='bbox 2299 4493 2358 4550; x_wconf 92' lang='lat' dir='ltr'>in</span> <span class='ocrx_word' id='word_1_720' title='bbox 2387 4491 2615 4566; x_wconf 90' lang='lat' dir='ltr'>psalmo</span> <span class='ocrx_word' id='word_1_721' title='bbox 2647 4490 3093 4566; x_wconf 86' lang='lat' dir='ltr'>quadragesimo</span> <span class='ocrx_word' id='word_1_722' title='bbox 3121 4487 3291 4547; x_wconf 90' lang='lat' dir='ltr'>tertio</span> <span class='ocrx_word' id='word_1_723' title='bbox 3315 4504 3330 4545; x_wconf 90' lang='lat'><strong>:</strong></span> <span class='ocrx_word' id='word_1_724' title='bbox 3353 4510 3382 4542; x_wconf 76' lang='grc' dir='ltr'><strong>ι(</strong></span> <span class='ocrx_word' id='word_1_725' title='bbox 3401 4488 3549 4546; x_wconf 89' lang='lat' dir='ltr'>Nam</span> 
     </span>
    </p>
   </div>
   <div class='ocr_carea' id='block_1_47' title="bbox 158 4579 3548 4658">
    <p class='ocr_par' dir='ltr' id='par_1_47' title="bbox 158 4579 3548 4658">
     <span class='ocr_line' id='line_1_47' title="bbox 158 4579 3548 4658; baseline -0.001 -18"><span class='ocrx_word' id='word_1_726' title='bbox 158 4582 322 4644; x_wconf 82' lang='lat' dir='ltr'>salvos</span> <span class='ocrx_word' id='word_1_727' title='bbox 350 4587 478 4644; x_wconf 89' lang='lat' dir='ltr'>ﬁeri</span> <span class='ocrx_word' id='word_1_728' title='bbox 508 4584 662 4643; x_wconf 88' lang='lat' dir='ltr'>velle</span> <span class='ocrx_word' id='word_1_729' title='bbox 693 4583 1001 4652; x_wconf 89' lang='lat' dir='ltr'>debemus,</span> <span class='ocrx_word' id='word_1_730' title='bbox 1027 4584 1302 4642; x_wconf 88' lang='lat' dir='ltr'>omnibus</span> <span class='ocrx_word' id='word_1_731' title='bbox 1329 4601 1400 4640; x_wconf 88' lang='lat' dir='ltr'>ne</span> <span class='ocrx_word' id='word_1_732' title='bbox 1432 4589 1690 4656; x_wconf 89' lang='lat' dir='ltr'>pereant,</span> <span class='ocrx_word' id='word_1_733' title='bbox 1709 4583 1797 4642; x_wconf 86' lang='lat' dir='ltr'>vel</span> <span class='ocrx_word' id='word_1_734' title='bbox 1906 4592 1964 4646; x_wconf 91' lang='lat' dir='ltr'>et</span> <span class='ocrx_word' id='word_1_735' title='bbox 1991 4603 2134 4643; x_wconf 84' lang='lat' dir='ltr'>crux</span> <span class='ocrx_word' id='word_1_736' title='bbox 2162 4585 2292 4658; x_wconf 89' lang='lat' dir='ltr'>ipsa</span> <span class='ocrx_word' id='word_1_737' title='bbox 2318 4587 2377 4640; x_wconf 88' lang='lat' dir='ltr'>et</span> <span class='ocrx_word' id='word_1_738' title='bbox 2406 4600 2510 4657; x_wconf 91' lang='lat' dir='ltr'>pro</span> <span class='ocrx_word' id='word_1_739' title='bbox 2539 4582 2684 4655; x_wconf 89' lang='lat' dir='ltr'>ipsis</span> <span class='ocrx_word' id='word_1_740' title='bbox 2715 4580 3202 4656; x_wconf 89' lang='lat' dir='ltr'>persequentibus</span> <span class='ocrx_word' id='word_1_741' title='bbox 3231 4579 3384 4636; x_wconf 82' lang='lat' dir='ltr'>facta</span> <span class='ocrx_word' id='word_1_742' title='bbox 3410 4581 3501 4636; x_wconf 88' lang='lat' dir='ltr'>est</span> <span class='ocrx_word' id='word_1_743' title='bbox 3531 4592 3548 4636; x_wconf 88' lang='lat'><strong>:</strong></span> 
     </span>
    </p>
   </div>
   <div class='ocr_carea' id='block_1_48' title="bbox 160 4669 3551 4756">
    <p class='ocr_par' dir='ltr' id='par_1_48' title="bbox 160 4669 3551 4756">
     <span class='ocr_line' id='line_1_48' title="bbox 160 4669 3551 4756; baseline -0.001 -29"><span class='ocrx_word' id='word_1_744' title='bbox 160 4675 364 4734; x_wconf 86' lang='lat' dir='ltr'>nealios</span> <span class='ocrx_word' id='word_1_745' title='bbox 384 4677 662 4750; x_wconf 91' lang='lat' dir='ltr'>perdant,</span> <span class='ocrx_word' id='word_1_746' title='bbox 679 4673 1012 4731; x_wconf 88' lang='lat' dir='ltr'>adhibenda</span> <span class='ocrx_word' id='word_1_747' title='bbox 1031 4673 1350 4730; x_wconf 87' lang='lat' dir='ltr'>estanobis</span> <span class='ocrx_word' id='word_1_748' title='bbox 1369 4673 1790 4730; x_wconf 85' lang='lat' dir='ltr'>medicinaliter</span> <span class='ocrx_word' id='word_1_749' title='bbox 1818 4691 1864 4756; x_wconf 82' lang='lat' dir='ltr'><strong>D</strong></span> <span class='ocrx_word' id='word_1_750' title='bbox 1895 4681 2030 4742; x_wconf 80' lang='lat' dir='ltr'>inde</span> <span class='ocrx_word' id='word_1_751' title='bbox 2063 4679 2202 4733; x_wconf 88' lang='lat' dir='ltr'>sunt</span> <span class='ocrx_word' id='word_1_752' title='bbox 2240 4678 2446 4748; x_wconf 91' lang='lat' dir='ltr'>postea</span> <span class='ocrx_word' id='word_1_753' title='bbox 2475 4672 2688 4740; x_wconf 88' lang='lat' dir='ltr'>sanati,</span> <span class='ocrx_word' id='word_1_754' title='bbox 2723 4671 2822 4746; x_wconf 86' lang='lat' dir='ltr'>qui</span> <span class='ocrx_word' id='word_1_755' title='bbox 2883 4671 2944 4728; x_wconf 91' lang='lat' dir='ltr'>in</span> <span class='ocrx_word' id='word_1_756' title='bbox 2993 4687 3130 4727; x_wconf 88' lang='lat' dir='ltr'>eum</span> <span class='ocrx_word' id='word_1_757' title='bbox 3175 4669 3551 4726; x_wconf 87' lang='lat' dir='ltr'>crediderunt</span> 
     </span>
    </p>
   </div>
   <div class='ocr_carea' id='block_1_49' title="bbox 158 4757 3548 4844">
    <p class='ocr_par' dir='ltr' id='par_1_49' title="bbox 158 4757 3548 4844">
     <span class='ocr_line' id='line_1_49' title="bbox 158 4757 3548 4844; baseline -0.002 -26"><span class='ocrx_word' id='word_1_758' title='bbox 158 4777 328 4822; x_wconf 83' lang='lat' dir='ltr'>severa</span> <span class='ocrx_word' id='word_1_759' title='bbox 355 4765 676 4839; x_wconf 88' lang='lat' dir='ltr'>correptio.</span> <span class='ocrx_word' id='word_1_760' title='bbox 694 4763 798 4820; x_wconf 92' lang='lat' dir='ltr'>Dei</span> <span class='ocrx_word' id='word_1_761' title='bbox 818 4769 910 4821; x_wconf 91' lang='lat' dir='ltr'>est</span> <span class='ocrx_word' id='word_1_762' title='bbox 931 4767 1129 4820; x_wconf 90' lang='lat' dir='ltr'>autem</span> <span class='ocrx_word' id='word_1_763' title='bbox 1157 4759 1274 4818; x_wconf 86' lang='lat' dir='ltr'>illis</span> <span class='ocrx_word' id='word_1_764' title='bbox 1304 4779 1433 4820; x_wconf 90' lang='lat' dir='ltr'>eam</span> <span class='ocrx_word' id='word_1_765' title='bbox 1458 4762 1645 4819; x_wconf 84' lang='lat' dir='ltr'>facere</span> <span class='ocrx_word' id='word_1_766' title='bbox 1676 4763 1788 4819; x_wconf 89' lang='lat' dir='ltr'>uti-</span> <span class='ocrx_word' id='word_1_767' title='bbox 1899 4785 2074 4844; x_wconf 82' lang='lat' dir='ltr'>quem</span> <span class='ocrx_word' id='word_1_768' title='bbox 2104 4765 2218 4840; x_wconf 87' lang='lat' dir='ltr'>ipsi</span> <span class='ocrx_word' id='word_1_769' title='bbox 2248 4763 2645 4822; x_wconf 86' lang='lat' dir='ltr'>occiderunt.»</span> <span class='ocrx_word' id='word_1_770' title='bbox 2668 4764 2738 4819; x_wconf 90' lang='lat' dir='ltr'>Et</span> <span class='ocrx_word' id='word_1_771' title='bbox 2757 4761 2817 4818; x_wconf 91' lang='lat' dir='ltr'>in</span> <span class='ocrx_word' id='word_1_772' title='bbox 2841 4760 3068 4836; x_wconf 89' lang='lat' dir='ltr'>psalmo</span> <span class='ocrx_word' id='word_1_773' title='bbox 3097 4757 3548 4832; x_wconf 89' lang='lat' dir='ltr'>quadragesimo</span> 
     </span>
    </p>
   </div>
   <div class='ocr_carea' id='block_1_50' title="bbox 158 4844 3548 4932">
    <p class='ocr_par' dir='ltr' id='par_1_50' title="bbox 158 4844 3548 4932">
     <span class='ocr_line' id='line_1_50' title="bbox 158 4844 3548 4932; baseline -0.002 -25"><span class='ocrx_word' id='word_1_774' title='bbox 158 4849 274 4923; x_wconf 83' lang='lat' dir='ltr'>lem,</span> <span class='ocrx_word' id='word_1_775' title='bbox 295 4872 442 4928; x_wconf 87' lang='lat' dir='ltr'>quos</span> <span class='ocrx_word' id='word_1_776' title='bbox 472 4856 576 4914; x_wconf 91' lang='lat' dir='ltr'>ille</span> <span class='ocrx_word' id='word_1_777' title='bbox 602 4852 893 4928; x_wconf 72' lang='lat' dir='ltr'>prmscivit</span> <span class='ocrx_word' id='word_1_778' title='bbox 922 4856 980 4909; x_wconf 84' lang='lat' dir='ltr'>et</span> <span class='ocrx_word' id='word_1_779' title='bbox 1005 4852 1439 4926; x_wconf 82' lang='lat' dir='ltr'>praedestinavit</span> <span class='ocrx_word' id='word_1_780' title='bbox 1463 4853 1791 4910; x_wconf 83' lang='lat' dir='ltr'>conformes</span> <span class='ocrx_word' id='word_1_781' title='bbox 1899 4859 2142 4932; x_wconf 87' lang='lat' dir='ltr'>quinto:</span> <span class='ocrx_word' id='word_1_782' title='bbox 2169 4879 2197 4907; x_wconf 84' lang='lat'><strong>«</strong></span> <span class='ocrx_word' id='word_1_783' title='bbox 2234 4854 2570 4926; x_wconf 82' lang='lat' dir='ltr'>Cmnpuneti,</span> <span class='ocrx_word' id='word_1_784' title='bbox 2619 4851 2834 4925; x_wconf 90' lang='lat' dir='ltr'>inquit,</span> <span class='ocrx_word' id='word_1_785' title='bbox 2871 4850 3030 4908; x_wconf 85' lang='lat' dir='ltr'>corde</span> <span class='ocrx_word' id='word_1_786' title='bbox 3073 4849 3372 4906; x_wconf 70' lang='lat' dir='ltr'>dixerunt:</span> <span class='ocrx_word' id='word_1_787' title='bbox 3408 4844 3548 4913; x_wconf 83' lang='lat' dir='ltr'>Quid</span> 
     </span>
    </p>
   </div>
   <div class='ocr_carea' id='block_1_51' title="bbox 159 4935 3546 5020">
    <p class='ocr_par' dir='ltr' id='par_1_51' title="bbox 159 4935 3546 5020">
     <span class='ocr_line' id='line_1_51' title="bbox 159 4935 3546 5020; baseline -0.003 -22"><span class='ocrx_word' id='word_1_788' title='bbox 159 4937 407 5017; x_wconf 81' lang='lat' dir='ltr'>imaginis</span> <span class='ocrx_word' id='word_1_789' title='bbox 437 4945 572 5002; x_wconf 84' lang='lat' dir='ltr'>Filii</span> <span class='ocrx_word' id='word_1_790' title='bbox 603 4943 718 5001; x_wconf 89' lang='lat' dir='ltr'>sui.</span> <span class='ocrx_word' id='word_1_791' title='bbox 751 4943 904 5001; x_wconf 90' lang='lat' dir='ltr'>Dicit</span> <span class='ocrx_word' id='word_1_792' title='bbox 930 4943 1086 5000; x_wconf 90' lang='lat' dir='ltr'>enim</span> <span class='ocrx_word' id='word_1_793' title='bbox 1117 4942 1428 5016; x_wconf 89' lang='lat' dir='ltr'>Apostolus</span> <span class='ocrx_word' id='word_1_794' title='bbox 1463 4959 1476 4998; x_wconf 88' lang='lat'><strong>:</strong></span> <span class='ocrx_word' id='word_1_795' title='bbox 1508 4944 1793 4999; x_wconf 78' lang='lat' dir='ltr'>Peecantes</span> <span class='ocrx_word' id='word_1_796' title='bbox 1898 4949 2162 5020; x_wconf 82' lang='lat' dir='ltr'>faciemus</span> <span class='ocrx_word' id='word_1_797' title='bbox 2185 4946 2318 5015; x_wconf 84' lang='lat' dir='ltr'>(Act.</span> <span class='ocrx_word' id='word_1_798' title='bbox 2337 4960 2400 5010; x_wconf 77' lang='grc' dir='ltr'>ιι,</span> <span class='ocrx_word' id='word_1_799' title='bbox 2419 4942 2540 5012; x_wconf 85' lang='lat'>3’7)?</span> <span class='ocrx_word' id='word_1_800' title='bbox 2561 4943 2867 5014; x_wconf 89' lang='lat' dir='ltr'>Tanquam</span> <span class='ocrx_word' id='word_1_801' title='bbox 2889 4955 3102 5013; x_wconf 89' lang='lat' dir='ltr'>magna</span> <span class='ocrx_word' id='word_1_802' title='bbox 3123 4935 3546 5011; x_wconf 88' lang='lat' dir='ltr'>desperatione.</span> 
     </span>
    </p>
   </div>
   <div class='ocr_carea' id='block_1_52' title="bbox 159 5023 3551 5106">
    <p class='ocr_par' dir='ltr' id='par_1_52' title="bbox 159 5023 3551 5106">
     <span class='ocr_line' id='line_1_52' title="bbox 159 5023 3551 5106; baseline -0.007 -3"><span class='ocrx_word' id='word_1_803' title='bbox 159 5045 317 5088; x_wconf 69' lang='grc' dir='ltr'>δοτστη</span> <span class='ocrx_word' id='word_1_804' title='bbox 355 5035 619 5092; x_wconf 65' lang='lat' dir='ltr'>omnibus</span> <span class='ocrx_word' id='word_1_805' title='bbox 668 5035 899 5106; x_wconf 65' lang='lat' dir='ltr'>corripe,</span> <span class='ocrx_word' id='word_1_806' title='bbox 925 5040 990 5088; x_wconf 71' lang='grc' dir='ltr'><em>αι</em></span> <span class='ocrx_word' id='word_1_807' title='bbox 1031 5033 1218 5090; x_wconf 55' lang='lat' dir='ltr'>“litari</span> <span class='ocrx_word' id='word_1_808' title='bbox 1263 5033 1513 5088; x_wconf 65' lang='grc' dir='ltr'>ιίθηονθηι</span> <span class='ocrx_word' id='word_1_809' title='bbox 1563 5033 1795 5088; x_wconf 72' lang='lat' dir='ltr'>habeant</span> <span class='ocrx_word' id='word_1_810' title='bbox 1902 5038 2002 5096; x_wconf 91' lang='lat' dir='ltr'>llle</span> <span class='ocrx_word' id='word_1_811' title='bbox 2024 5040 2224 5093; x_wconf 88' lang='lat' dir='ltr'>tantus</span> <span class='ocrx_word' id='word_1_812' title='bbox 2249 5037 2338 5090; x_wconf 91' lang='lat' dir='ltr'>est</span> <span class='ocrx_word' id='word_1_813' title='bbox 2359 5049 2532 5106; x_wconf 88' lang='lat' dir='ltr'>quem</span> <span class='ocrx_word' id='word_1_814' title='bbox 2555 5047 2662 5087; x_wconf 90' lang='lat' dir='ltr'>nos</span> <span class='ocrx_word' id='word_1_815' title='bbox 2683 5030 3150 5096; x_wconf 90' lang='lat' dir='ltr'>occidimus,nos</span> <span class='ocrx_word' id='word_1_816' title='bbox 3172 5024 3272 5082; x_wconf 92' lang='lat' dir='ltr'>ubi</span> <span class='ocrx_word' id='word_1_817' title='bbox 3293 5023 3551 5080; x_wconf 80' lang='lat' dir='ltr'>erimus?</span> 
     </span>
    </p>
   </div>
   <div class='ocr_carea' id='block_1_53' title="bbox 159 5113 3551 5198">
    <p class='ocr_par' dir='ltr' id='par_1_53' title="bbox 159 5113 3551 5198">
     <span class='ocr_line' id='line_1_53' title="bbox 159 5113 3551 5198; baseline -0.006 -10"><span class='ocrx_word' id='word_1_818' title='bbox 159 5119 197 5188; x_wconf 79' lang='grc' dir='ltr'>(Ι</span> <span class='ocrx_word' id='word_1_819' title='bbox 217 5121 342 5179; x_wconf 70' lang='lat' dir='ltr'>Tim.</span> <span class='ocrx_word' id='word_1_820' title='bbox 363 5143 421 5192; x_wconf 75' lang='grc' dir='ltr'>ν,</span> <span class='ocrx_word' id='word_1_821' title='bbox 445 5127 541 5195; x_wconf 81' lang='grc'>40)</span> <span class='ocrx_word' id='word_1_822' title='bbox 567 5141 580 5182; x_wconf 86' lang='lat'>:</span> <span class='ocrx_word' id='word_1_823' title='bbox 604 5123 767 5198; x_wconf 81' lang='lat' dir='ltr'>quod</span> <span class='ocrx_word' id='word_1_824' title='bbox 789 5123 859 5180; x_wconf 90' lang='lat' dir='ltr'>de</span> <span class='ocrx_word' id='word_1_825' title='bbox 878 5123 972 5180; x_wconf 86' lang='lat' dir='ltr'>his</span> <span class='ocrx_word' id='word_1_826' title='bbox 1003 5121 1256 5195; x_wconf 87' lang='lat' dir='ltr'>peccatis</span> <span class='ocrx_word' id='word_1_827' title='bbox 1277 5123 1681 5194; x_wconf 85' lang='lat' dir='ltr'>accipiendum</span> <span class='ocrx_word' id='word_1_828' title='bbox 1704 5125 1795 5178; x_wconf 89' lang='lat' dir='ltr'>est</span> <span class='ocrx_word' id='word_1_829' title='bbox 1901 5128 1970 5184; x_wconf 87' lang='lat' dir='ltr'>Et</span> <span class='ocrx_word' id='word_1_830' title='bbox 1992 5127 2196 5184; x_wconf 89' lang='lat' dir='ltr'>Petrus</span> <span class='ocrx_word' id='word_1_831' title='bbox 2221 5141 2234 5179; x_wconf 91' lang='lat'><strong>:</strong></span> <span class='ocrx_word' id='word_1_832' title='bbox 2261 5124 2412 5196; x_wconf 81' lang='lat' dir='ltr'>Agite</span> <span class='ocrx_word' id='word_1_833' title='bbox 2435 5122 2830 5194; x_wconf 61' lang='lat' dir='ltr'>paenitentiam,</span> <span class='ocrx_word' id='word_1_834' title='bbox 2853 5125 2906 5176; x_wconf 86' lang='lat' dir='ltr'>et</span> <span class='ocrx_word' id='word_1_835' title='bbox 2934 5118 3234 5190; x_wconf 69' lang='lat' dir='ltr'>baptizatur</span> <span class='ocrx_word' id='word_1_836' title='bbox 3260 5113 3551 5184; x_wconf 79' lang='lat' dir='ltr'>unusquis-</span> 
     </span>
    </p>
   </div>
   <div class='ocr_carea' id='block_1_54' title="bbox 163 5203 3552 5290">
    <p class='ocr_par' dir='ltr' id='par_1_54' title="bbox 163 5203 3552 5290">
     <span class='ocr_line' id='line_1_54' title="bbox 163 5203 3552 5290; baseline -0.003 -23"><span class='ocrx_word' id='word_1_837' title='bbox 163 5207 270 5282; x_wconf 66' lang='lat' dir='ltr'>que</span> <span class='ocrx_word' id='word_1_838' title='bbox 285 5214 716 5284; x_wconf 86' lang='lat' dir='ltr'>nonlatent,ne</span> <span class='ocrx_word' id='word_1_839' title='bbox 732 5211 1542 5270; x_wconf 86' lang='lat' dir='ltr'>contraDominisententiam</span> <span class='ocrx_word' id='word_1_840' title='bbox 1558 5215 1796 5284; x_wconf 88' lang='lat' dir='ltr'>putetur</span> <span class='ocrx_word' id='word_1_841' title='bbox 1903 5233 2005 5290; x_wconf 89' lang='lat' dir='ltr'>que</span> <span class='ocrx_word' id='word_1_842' title='bbox 2049 5215 2376 5273; x_wconf 78' lang='lat' dir='ltr'>vestrumin</span> <span class='ocrx_word' id='word_1_843' title='bbox 2402 5213 2626 5269; x_wconf 63' lang='lat' dir='ltr'>neruine</span> <span class='ocrx_word' id='word_1_844' title='bbox 2668 5213 2795 5268; x_wconf 73' lang='lat' dir='ltr'>Iesu</span> <span class='ocrx_word' id='word_1_845' title='bbox 2844 5209 3074 5274; x_wconf 80' lang='lat' dir='ltr'>Christi,</span> <span class='ocrx_word' id='word_1_846' title='bbox 3105 5213 3158 5261; x_wconf 87' lang='lat' dir='ltr'>et</span> <span class='ocrx_word' id='word_1_847' title='bbox 3199 5203 3552 5260; x_wconf 83' lang='lat' dir='ltr'>dimittuntur</span> 
     </span>
    </p>
   </div>
   <div class='ocr_carea' id='block_1_55' title="bbox 162 5289 3552 5378">
    <p class='ocr_par' dir='ltr' id='par_1_55' title="bbox 162 5289 3552 5378">
     <span class='ocr_line' id='line_1_55' title="bbox 162 5289 3552 5378; baseline -0.006 -22"><span class='ocrx_word' id='word_1_848' title='bbox 162 5294 393 5360; x_wconf 85' lang='lat' dir='ltr'>locutus.</span> <span class='ocrx_word' id='word_1_849' title='bbox 409 5303 516 5360; x_wconf 90' lang='lat' dir='ltr'>Ille</span> <span class='ocrx_word' id='word_1_850' title='bbox 537 5303 696 5359; x_wconf 89' lang='lat' dir='ltr'>enim</span> <span class='ocrx_word' id='word_1_851' title='bbox 717 5301 860 5358; x_wconf 91' lang='lat' dir='ltr'>dicit</span> <span class='ocrx_word' id='word_1_852' title='bbox 882 5317 895 5358; x_wconf 89' lang='lat'>:</span> <span class='ocrx_word' id='word_1_853' title='bbox 915 5301 978 5358; x_wconf 89' lang='lat' dir='ltr'>Si</span> <span class='ocrx_word' id='word_1_854' title='bbox 990 5303 1294 5374; x_wconf 84' lang='lat' dir='ltr'>peccaverit</span> <span class='ocrx_word' id='word_1_855' title='bbox 1313 5301 1373 5356; x_wconf 89' lang='lat' dir='ltr'>in</span> <span class='ocrx_word' id='word_1_856' title='bbox 1393 5309 1442 5357; x_wconf 88' lang='lat' dir='ltr'>te</span> <span class='ocrx_word' id='word_1_857' title='bbox 1459 5302 1632 5372; x_wconf 78' lang='lat' dir='ltr'>frater</span> <span class='ocrx_word' id='word_1_858' title='bbox 1654 5307 1798 5369; x_wconf 86' lang='lat' dir='ltr'>tuus,</span> <span class='ocrx_word' id='word_1_859' title='bbox 1907 5289 2058 5362; x_wconf 49' lang='lat' dir='ltr'>nobis</span> <span class='ocrx_word' id='word_1_860' title='bbox 2082 5311 2298 5378; x_wconf 62' lang='lat' dir='ltr'>peccata</span> <span class='ocrx_word' id='word_1_861' title='bbox 2319 5301 2648 5374; x_wconf 63' lang='lat' dir='ltr'>vestra(,1c¢,</span> <span class='ocrx_word' id='word_1_862' title='bbox 2673 5317 2736 5366; x_wconf 77' lang='grc' dir='ltr'>ιι,</span> <span class='ocrx_word' id='word_1_863' title='bbox 2758 5298 2868 5371; x_wconf 83' lang='grc'>38),</span> <span class='ocrx_word' id='word_1_864' title='bbox 2893 5295 3048 5353; x_wconf 79' lang='lat' dir='ltr'>Nihil</span> <span class='ocrx_word' id='word_1_865' title='bbox 3087 5293 3241 5349; x_wconf 80' lang='lat' dir='ltr'>enim</span> <span class='ocrx_word' id='word_1_866' title='bbox 3275 5289 3385 5348; x_wconf 71' lang='lat' dir='ltr'>hoc</span> <span class='ocrx_word' id='word_1_867' title='bbox 3413 5307 3552 5366; x_wconf 75' lang='lat' dir='ltr'>pec-</span> 
     </span>
    </p>
   </div>
   <div class='ocr_carea' id='block_1_56' title="bbox 159 5383 3557 5468">
    <p class='ocr_par' dir='ltr' id='par_1_56' title="bbox 159 5383 3557 5468">
     <span class='ocr_line' id='line_1_56' title="bbox 159 5383 3557 5468; baseline -0.004 -17"><span class='ocrx_word' id='word_1_868' title='bbox 159 5394 348 5465; x_wconf 79' lang='lat' dir='ltr'>corripe</span> <span class='ocrx_word' id='word_1_869' title='bbox 393 5411 526 5450; x_wconf 88' lang='lat' dir='ltr'>eum</span> <span class='ocrx_word' id='word_1_870' title='bbox 561 5395 708 5450; x_wconf 83' lang='lat' dir='ltr'>inter</span> <span class='ocrx_word' id='word_1_871' title='bbox 744 5401 793 5450; x_wconf 87' lang='lat' dir='ltr'>te</span> <span class='ocrx_word' id='word_1_872' title='bbox 829 5399 882 5449; x_wconf 87' lang='lat' dir='ltr'>et</span> <span class='ocrx_word' id='word_1_873' title='bbox 914 5394 1096 5466; x_wconf 82' lang='lat' dir='ltr'>ipsum</span> <span class='ocrx_word' id='word_1_874' title='bbox 1122 5390 1328 5462; x_wconf 80' lang='lat' dir='ltr'>(Matth.</span> <span class='ocrx_word' id='word_1_875' title='bbox 1366 5407 1526 5461; x_wconf 84' lang='lat' dir='ltr'>xvm,</span> <span class='ocrx_word' id='word_1_876' title='bbox 1553 5391 1662 5460; x_wconf 89' lang='lat'>15).</span> <span class='ocrx_word' id='word_1_877' title='bbox 1683 5389 1798 5445; x_wconf 88' lang='lat' dir='ltr'>Ve-</span> <span class='ocrx_word' id='word_1_878' title='bbox 1909 5399 2038 5452; x_wconf 88' lang='lat' dir='ltr'>cato</span> <span class='ocrx_word' id='word_1_879' title='bbox 2068 5393 2302 5468; x_wconf 86' lang='lat' dir='ltr'>gravius</span> <span class='ocrx_word' id='word_1_880' title='bbox 2333 5391 2586 5464; x_wconf 87' lang='lat' dir='ltr'>cogitare</span> <span class='ocrx_word' id='word_1_881' title='bbox 2615 5391 2950 5462; x_wconf 88' lang='lat' dir='ltr'>potuerunt.</span> <span class='ocrx_word' id='word_1_882' title='bbox 2973 5385 3136 5452; x_wconf 87' lang='lat' dir='ltr'>Quod</span> <span class='ocrx_word' id='word_1_883' title='bbox 3163 5383 3397 5457; x_wconf 88' lang='lat' dir='ltr'>gravius</span> <span class='ocrx_word' id='word_1_884' title='bbox 3428 5397 3557 5456; x_wconf 79' lang='lat' dir='ltr'>pec-</span> 
     </span>
    </p>
   </div>
   <div class='ocr_carea' id='block_1_57' title="bbox 163 5471 3554 5556">
    <p class='ocr_par' dir='ltr' id='par_1_57' title="bbox 163 5471 3554 5556">
     <span class='ocr_line' id='line_1_57' title="bbox 163 5471 3554 5556; baseline -0.001 -23"><span class='ocrx_word' id='word_1_885' title='bbox 163 5485 477 5539; x_wconf 86' lang='lat' dir='ltr'>rumtamen</span> <span class='ocrx_word' id='word_1_886' title='bbox 511 5487 570 5540; x_wconf 87' lang='lat' dir='ltr'>et</span> <span class='ocrx_word' id='word_1_887' title='bbox 599 5482 726 5556; x_wconf 90' lang='lat' dir='ltr'>ipse</span> <span class='ocrx_word' id='word_1_888' title='bbox 747 5481 1116 5538; x_wconf 77' lang='lat' dir='ltr'>Severitatem</span> <span class='ocrx_word' id='word_1_889' title='bbox 1143 5478 1524 5552; x_wconf 89' lang='lat' dir='ltr'>correptionis</span> <span class='ocrx_word' id='word_1_890' title='bbox 1545 5494 1801 5550; x_wconf 89' lang='lat' dir='ltr'>eousque</span> <span class='ocrx_word' id='word_1_891' title='bbox 1910 5489 2106 5541; x_wconf 78' lang='lat' dir='ltr'>catum</span> <span class='ocrx_word' id='word_1_892' title='bbox 2135 5483 2486 5556; x_wconf 65' lang='lat' dir='ltr'>mgri,quam</span> <span class='ocrx_word' id='word_1_893' title='bbox 2519 5477 2727 5534; x_wconf 88' lang='lat' dir='ltr'>medici</span> <span class='ocrx_word' id='word_1_894' title='bbox 2757 5475 3117 5532; x_wconf 82' lang='lat' dir='ltr'>interfectio?</span> <span class='ocrx_word' id='word_1_895' title='bbox 3140 5472 3288 5542; x_wconf 88' lang='lat' dir='ltr'>Quid</span> <span class='ocrx_word' id='word_1_896' title='bbox 3317 5471 3554 5548; x_wconf 88' lang='lat' dir='ltr'>gravius</span> 
     </span>
    </p>
   </div>
   <div class='ocr_carea' id='block_1_58' title="bbox 164 5560 3557 5650">
    <p class='ocr_par' dir='ltr' id='par_1_58' title="bbox 164 5560 3557 5650">
     <span class='ocr_line' id='line_1_58' title="bbox 164 5560 3557 5650; baseline -0.002 -26"><span class='ocrx_word' id='word_1_897' title='bbox 164 5572 414 5640; x_wconf 88' lang='lat' dir='ltr'>perducit</span> <span class='ocrx_word' id='word_1_898' title='bbox 450 5578 522 5630; x_wconf 87' lang='lat' dir='ltr'>ut</span> <span class='ocrx_word' id='word_1_899' title='bbox 551 5574 710 5630; x_wconf 89' lang='lat' dir='ltr'>dicat</span> <span class='ocrx_word' id='word_1_900' title='bbox 741 5587 755 5628; x_wconf 85' lang='lat'><strong>:</strong></span> <span class='ocrx_word' id='word_1_901' title='bbox 789 5572 851 5628; x_wconf 88' lang='lat' dir='ltr'>Si</span> <span class='ocrx_word' id='word_1_902' title='bbox 875 5588 976 5628; x_wconf 81' lang='lat' dir='ltr'>nec</span> <span class='ocrx_word' id='word_1_903' title='bbox 1001 5571 1296 5628; x_wconf 80' lang='lat' dir='ltr'>Ecclesium</span> <span class='ocrx_word' id='word_1_904' title='bbox 1319 5569 1576 5638; x_wconf 76' lang='lat' dir='ltr'>audierit,</span> <span class='ocrx_word' id='word_1_905' title='bbox 1603 5571 1677 5624; x_wconf 85' lang='lat' dir='ltr'>sit</span> <span class='ocrx_word' id='word_1_906' title='bbox 1701 5569 1804 5624; x_wconf 85' lang='lat' dir='ltr'>tibi</span> <span class='ocrx_word' id='word_1_907' title='bbox 1910 5577 2101 5646; x_wconf 80' lang='lat' dir='ltr'>potest</span> <span class='ocrx_word' id='word_1_908' title='bbox 2121 5589 2270 5645; x_wconf 77' lang='lat' dir='ltr'>aeger</span> <span class='ocrx_word' id='word_1_909' title='bbox 2293 5571 2690 5641; x_wconf 84' lang='lat' dir='ltr'>l’acere,quam</span> <span class='ocrx_word' id='word_1_910' title='bbox 2713 5567 2762 5622; x_wconf 90' lang='lat' dir='ltr'>si</span> <span class='ocrx_word' id='word_1_911' title='bbox 2785 5565 3078 5623; x_wconf 87' lang='lat' dir='ltr'>medicum</span> <span class='ocrx_word' id='word_1_912' title='bbox 3095 5582 3272 5623; x_wconf 89' lang='lat' dir='ltr'>suum</span> <span class='ocrx_word' id='word_1_913' title='bbox 3293 5560 3557 5650; x_wconf 82' lang='lat' dir='ltr'>occidat?</span> 
     </span>
    </p>
   </div>
   <div class='ocr_carea' id='block_1_59' title="bbox 161 5650 3553 5741">
    <p class='ocr_par' dir='ltr' id='par_1_59' title="bbox 161 5650 3553 5741">
     <span class='ocr_line' id='line_1_59' title="bbox 161 5650 3553 5741; baseline -0.002 -29"><span class='ocrx_word' id='word_1_914' title='bbox 161 5659 287 5716; x_wconf 65' lang='lat' dir='ltr'>sinit</span> <span class='ocrx_word' id='word_1_915' title='bbox 333 5661 588 5720; x_wconf 83' lang='lat' dir='ltr'>ethnicus</span> <span class='ocrx_word' id='word_1_916' title='bbox 643 5671 697 5721; x_wconf 89' lang='lat' dir='ltr'>et</span> <span class='ocrx_word' id='word_1_917' title='bbox 745 5663 1077 5736; x_wconf 81' lang='lat' dir='ltr'>publicanus</span> <span class='ocrx_word' id='word_1_918' title='bbox 1127 5660 1328 5741; x_wconf 69' lang='lat' dir='ltr'>(Matth.</span> <span class='ocrx_word' id='word_1_919' title='bbox 1379 5677 1538 5728; x_wconf 82' lang='lat' dir='ltr'>xvm,</span> <span class='ocrx_word' id='word_1_920' title='bbox 1590 5659 1698 5730; x_wconf 90' lang='lat'>17).</span> <span class='ocrx_word' id='word_1_921' title='bbox 1732 5659 1804 5714; x_wconf 89' lang='lat' dir='ltr'>Et</span> <span class='ocrx_word' id='word_1_922' title='bbox 1909 5668 2054 5722; x_wconf 84' lang='lat' dir='ltr'>Cum</span> <span class='ocrx_word' id='word_1_923' title='bbox 2081 5662 2192 5718; x_wconf 84' lang='lat' dir='ltr'>hoc</span> <span class='ocrx_word' id='word_1_924' title='bbox 2235 5659 2567 5728; x_wconf 87' lang='lat' dir='ltr'>dimittitur,</span> <span class='ocrx_word' id='word_1_925' title='bbox 2601 5657 2740 5731; x_wconf 89' lang='lat' dir='ltr'>quid</span> <span class='ocrx_word' id='word_1_926' title='bbox 2790 5673 2907 5714; x_wconf 91' lang='lat' dir='ltr'>non</span> <span class='ocrx_word' id='word_1_927' title='bbox 2954 5655 3310 5714; x_wconf 86' lang='lat' dir='ltr'>dimittitur?</span> <span class='ocrx_word' id='word_1_928' title='bbox 3337 5653 3423 5711; x_wconf 85' lang='lat' dir='ltr'>Ab</span> <span class='ocrx_word' id='word_1_929' title='bbox 3453 5650 3553 5741; x_wconf 80' lang='lat' dir='ltr'>illo</span> 
     </span>
    </p>
   </div>
   <div class='ocr_carea' id='block_1_60' title="bbox 164 5735 3556 5833">
    <p class='ocr_par' dir='ltr' id='par_1_60' title="bbox 164 5735 3556 5833">
     <span class='ocr_line' id='line_1_60' title="bbox 164 5735 3556 5833; baseline -0.006 -9"><span class='ocrx_word' id='word_1_930' title='bbox 164 5751 281 5824; x_wconf 56' lang='lat' dir='ltr'>quis</span> <span class='ocrx_word' id='word_1_931' title='bbox 299 5754 492 5831; x_wconf 78' lang='lat' dir='ltr'>magis</span> <span class='ocrx_word' id='word_1_932' title='bbox 516 5743 715 5812; x_wconf 71' lang='lat' dir='ltr'>dilexit</span> <span class='ocrx_word' id='word_1_933' title='bbox 735 5735 1024 5824; x_wconf 76' lang='lat' dir='ltr'>infirmos,</span> <span class='ocrx_word' id='word_1_934' title='bbox 1050 5769 1230 5828; x_wconf 87' lang='lat' dir='ltr'>quam</span> <span class='ocrx_word' id='word_1_935' title='bbox 1249 5735 1348 5810; x_wconf 84' lang='lat' dir='ltr'>ille</span> <span class='ocrx_word' id='word_1_936' title='bbox 1369 5749 1470 5826; x_wconf 84' lang='lat' dir='ltr'>qui</span> <span class='ocrx_word' id='word_1_937' title='bbox 1489 5765 1596 5824; x_wconf 85' lang='lat' dir='ltr'>pro</span> <span class='ocrx_word' id='word_1_938' title='bbox 1618 5745 1800 5806; x_wconf 86' lang='lat' dir='ltr'>omni-</span> <span class='ocrx_word' id='word_1_939' title='bbox 1910 5771 2046 5833; x_wconf 88' lang='lat' dir='ltr'>ergo</span> <span class='ocrx_word' id='word_1_940' title='bbox 2077 5752 2174 5814; x_wconf 88' lang='lat' dir='ltr'>cui</span> <span class='ocrx_word' id='word_1_941' title='bbox 2201 5751 2426 5812; x_wconf 88' lang='lat' dir='ltr'>dictum</span> <span class='ocrx_word' id='word_1_942' title='bbox 2454 5753 2573 5811; x_wconf 86' lang='lat' dir='ltr'>est:</span> <span class='ocrx_word' id='word_1_943' title='bbox 2597 5750 2889 5827; x_wconf 83' lang='lat' dir='ltr'>Refugium</span> <span class='ocrx_word' id='word_1_944' title='bbox 2913 5756 2967 5811; x_wconf 86' lang='lat' dir='ltr'>et</span> <span class='ocrx_word' id='word_1_945' title='bbox 2989 5751 3185 5820; x_wconf 81' lang='lat' dir='ltr'>virtus,</span> <span class='ocrx_word' id='word_1_946' title='bbox 3209 5735 3556 5822; x_wconf 76' lang='lat' dir='ltr'>acceperunt</span> 
     </span>
    </p>
   </div>
   <div class='ocr_carea' id='block_1_61' title="bbox 467 5882 3226 5950">
    <p class='ocr_par' dir='ltr' id='par_1_61' title="bbox 467 5882 3226 5950">
     <span class='ocr_line' id='line_1_61' title="bbox 467 5882 3226 5950; baseline -0.001 -3"><span class='ocrx_word' id='word_1_947' title='bbox 467 5884 745 5950; x_wconf 66' lang='lat' dir='ltr'>Panos.</span> <span class='ocrx_word' id='word_1_948' title='bbox 787 5883 1023 5950; x_wconf 85' lang='lat' dir='ltr'>CXXV.</span> <span class='ocrx_word' id='word_1_949' title='bbox 3155 5882 3226 5944; x_wconf 83' lang='lat'>11</span> 
     </span>
    </p>
   </div>
  </div>
