4020 6450
485 392 596 452 331

1340 383 1797 446 HINCMARUS
1845 381 2294 444 RHEMENSIS
2343 375 3029 442 ARCIIIEPISCOPUS.

3775 377 3888 437 332

483 539 758 596 magnam
809 521 1220 586 securitatem;
1273 518 1574 590 baptizetur
1621 517 1997 589 unusquisque
2041 531 2130 571 υο-
2159 517 2214 583 Α
2245 516 2336 580 de,
2368 530 2485 586 quo
2515 529 2634 579 ore,
2667 529 2792 592 qua
2816 512 3001 568 fronte
3031 509 3302 583 parvulos
3333 515 3598 566 mortuos
3642 509 3888 582 negatis,

481 620 653 668 strum
684 613 744 668 in
783 611 1012 666 nomine
1058 609 1279 664 Domini
1321 613 1455 664 Jesu
1484 607 1710 663 Christi.
1745 605 1806 660 1n
1841 603 1998 660 illius
2034 621 2138 658 no-

485 701 642 757 mine
673 717 848 774 quem
889 697 1188 754 occidistis
1229 695 1633 769 baptizamini,
1667 699 1723 750 ct
1760 693 2140 750 dimittuntur

483 789 649 846 vobis
681 793 922 863 peccata
949 789 1161 843 vestra.
1196 785 1485 841 Medicum
1519 783 1604 838 vel
1637 787 1840 856 postea
1869 780 2136 854 cognovi-

487 879 597 936 stis
630 879 796 952 :jam
828 876 1020 933 securi
1050 873 1229 931 bibite
1260 873 1607 947 sanguinem
1640 889 1816 944 quem
1845 869 2137 926 fudistis.»

486 969 558 1024 Et
608 967 749 1024 item
800 967 860 1022 in
910 963 1140 1039 psalmo
1181 981 1310 1019 XLVI
1344 979 1412 1016 εκ
1436 962 1628 1017 Omnes
1671 969 1869 1033 gentes,
1898 958 2141 1032 plaudite

486 1057 766 1126 mnibus,
800 1055 1078 1129 quoniam
1109 1070 1210 1112 rex
1239 1051 1432 1108 omnis
1487 1056 1652 1107 terra:
1699 1050 1874 1106 Deus.
1897 1049 2022 1104 Non
2055 1047 2138 1108 illi

489 1145 711 1203 sufﬁcit
739 1161 918 1200 unam
946 1145 1180 1217 gentem
1211 1139 1424 1196 habere
1461 1139 1572 1196 sub
1602 1155 1664 1194 se
1699 1155 1712 1193 :
1744 1137 1873 1194 ideo
1905 1143 2138 1194 tantum

488 1234 744 1310 pretium
764 1250 834 1290 ex
852 1232 1036 1288 latere
1055 1231 1236 1297 dedit,
1251 1234 1317 1285 ut
1337 1233 1554 1285 emeret
1567 1228 1766 1284 orbem
1789 1231 2136 1283 terrarum.»

491 1325 636 1382 Item
667 1322 726 1380 in
759 1321 987 1396 psalmo
1010 1338 1140 1377 xux
1163 1337 1210 1376 τι
1237 1318 1343 1386 Qui
1377 1322 1592 1374 terram
1613 1315 1857 1387 vocavit,
1881 1320 1937 1370 et
1955 1320 2138 1386 totam

489 1417 706 1470 terram
737 1410 989 1479 vocavit;
1024 1409 1125 1483 qui
1157 1413 1370 1464 terram
1395 1405 1636 1474 vocavit,
1661 1409 1886 1460 tantam
1918 1404 2142 1460 vocavit

492 1507 774 1576 quantam
805 1499 1130 1556 fabricavit.
1165 1497 1312 1565 Quid
1345 1496 1488 1552 mihi
1528 1498 1850 1567 exsurgunt
1887 1494 2138 1566 pseudo-

493 1591 697 1648 christi
721 1593 778 1648 et
797 1587 1356 1664 pseud0propheta3?
1378 1585 1522 1653 Quid
1547 1588 1635 1641 est
1657 1584 1813 1656 quod
1835 1601 1927 1638 me
1946 1581 2138 1639 verbis

493 1679 768 1754 captiosis
789 1678 1105 1752 illaqueare
1125 1675 1448 1732 moliuntur
1461 1673 1718 1730 dicentes
1737 1689 1749 1728 :
1774 1673 1917 1728 Ecce
1937 1672 2028 1727 hic
2051 1675 2140 1728 est

483 1769 774 1837 Christus,
799 1767 931 1824 ecCe
963 1765 1122 1822 illic?
1151 1766 1274 1821 Non
1307 1763 1480 1820 audio
1511 1763 1885 1819 ostendentes
1917 1766 2134 1834 partes.

483 1857 636 1914 Deus
669 1857 922 1914 Deorum
949 1859 1132 1910 totum
1168 1853 1309 1909 mihi
1343 1853 1619 1920 ostendit,
1644 1851 1741 1924 qui
1766 1851 1987 1952 vocavit
2017 1854 2131 1951 ter-
2160 1886 2209 1952 Β

479 1963 604 2003 ram
633 1964 668 2004 a
697 1945 838 2003 solis
859 1949 990 2001 ortu
1013 1960 1199 2016 usque
1227 1943 1296 1998 ad
1329 1958 1624 2007 occasum,
1648 1943 1836 1995 totum
1860 1939 2125 2006 redemit,

477 2039 673 2108 partes
693 2038 886 2090 autem
905 2033 1334 2089 calumniantes
1351 2029 1816 2085 condemnavit.»
1833 2029 1976 2084 Item
2001 2046 2128 2084 san-

477 2127 607 2179 ctus
634 2121 999 2196 Augustinus
1043 2121 1103 2176 in
1151 2120 1300 2175 libro
1340 2120 1411 2174 de
1441 2119 1816 2190 Correptione
1845 2122 1901 2172 et
1932 2117 2129 2173 Gratia

475 2215 616 2285 (cap.
642 2213 728 2281 11)
755 2227 813 2266 :u
839 2209 1186 2284 Unigenitus
1221 2209 1320 2264 Dei
1367 2207 1568 2272 Filius,
1595 2205 1835 2279 aequalis
1887 2205 2040 2261 Patri
2073 2211 2129 2262 et

475 2303 817 2369 coaternus,
842 2317 946 2372 pro
978 2297 1322 2354 hominibus
1350 2296 1526 2352 homo
1549 2295 1760 2363 factus,
1785 2299 1842 2350 et
1864 2294 1990 2350 sine
2021 2311 2127 2351 suo

477 2387 597 2446 ullo
618 2387 705 2446 vel
727 2387 998 2462 originali
1019 2387 1104 2443 vel
1140 2386 1371 2460 proprio
1405 2389 1660 2458 peccato,
1686 2385 1757 2440 ab
1788 2384 2128 2440 hominibus

477 2477 884 2552 peccatoribus
905 2477 1217 2533 crucifixus
1243 2491 1256 2531 :
1282 2475 1405 2548 qui,
1431 2474 1698 2546 quamvis
1719 2473 1811 2528 die
1840 2473 2010 2530 tertio
2039 2491 2127 2529 re-

479 2567 732 2624 surrexit
761 2583 1066 2639 nunquam
1114 2565 1436 2620 moriturus
1469 2563 1732 2630 ulterius,
1759 2557 2000 2636 pertulit
2035 2569 2127 2618 ta-

481 2673 616 2712 men
648 2672 752 2729 pro
781 2655 1128 2712 mortalibus
1160 2659 1430 2719 mortem,
1464 2653 1561 2724 qui
1598 2657 1868 2707 mortuus
1900 2651 2128 2724 praesti-

480 2746 554 2802 tit
583 2745 783 2812 vitam,
817 2749 881 2800 ut
911 2744 1192 2818 redempti
1229 2743 1356 2814 ejus
1396 2741 1701 2815 sanguine,
1733 2747 1896 2797 tanto
1929 2760 1994 2797 ac
2025 2743 2124 2797 tali

478 2833 722 2908 pignore
759 2837 993 2906 accepto
1024 2833 1281 2888 dicerent
1313 2849 1325 2887 :
1358 2832 1422 2888 Si
1465 2833 1605 2887 Deus
1649 2847 1748 2904 pro
1796 2831 1971 2899 nobis,
2005 2833 2128 2904 quis

477 2925 666 2980 centra
684 2925 822 2979 nos?
851 2923 968 2996 Qui
989 2923 1213 2995 proprio
1255 2921 1395 2976 Filio
1451 2921 1562 2974 vim
1615 2920 1872 2992 pepercit,
1893 2919 1986 2976 sed
2027 2936 2128 2992 pro

475 3011 634 3069 nobis
662 3010 913 3068 omnibus
943 3009 1162 3066 meum
1189 3025 1315 3065 eum
1335 3011 1508 3079 (Rom.
1531 3026 1654 3080 vm,
1677 3010 1766 3078 31,
1791 3009 1948 3076 32).»
1973 3009 2042 3064 Et
2067 3009 2126 3064 in

477 3100 626 3156 libro
683 3104 844 3157 sexto
898 3103 1100 3156 contra
1155 3099 1458 3154 Julianum
1489 3100 1628 3171 (cap.
1661 3099 1798 3170 1);‹‹
1843 3099 1930 3153 Tu
1981 3097 2127 3154 dicis

477 3187 656 3244 etiam
681 3205 782 3261 pro
803 3187 1206 3260 peccatoribus
1227 3193 1527 3244 mortuum
1545 3187 1975 3259 Christum,ego
1996 3185 2125 3243 dico

479 3293 595 3332 non
627 3275 742 3332 nisi
774 3293 876 3350 pro
905 3276 1308 3350 peccatoribus
1338 3282 1660 3345 mortuum,
1688 3275 1769 3332 ita
1801 3279 1865 3331 ut
1894 3293 2126 3349 respon-
2154 3254 2198 3324 (εἶ

480 3366 616 3422 dere
673 3365 913 3438 cogrris,
955 3365 1004 3422 si
1067 3364 1229 3422 nullo
1285 3371 1520 3438 peccato
1578 3363 1803 3438 parvuli
1863 3365 2129 3422 obstricti

481 3457 642 3520 sunt,
675 3471 789 3510 non
822 3469 949 3510 esse
980 3471 1082 3528 pro
1134 3454 1392 3527 parvulis
1423 3457 1742 3510 mortuum.
1774 3453 1927 3510 Dicit
1972 3453 2129 3510 enim

481 3541 794 3616 Apostolus
832 3545 903 3599 ad
933 3540 1265 3600 Corinthios
1301 3561 1313 3598 :
1351 3545 1616 3612 Quoniam
1645 3545 1696 3598 si
1717 3559 1862 3598 unus
1886 3559 1984 3616 pro
2015 3560 2128 3600 om-

481 3631 648 3688 nibus
702 3640 947 3688 mortuus
984 3641 1080 3699 est,
1114 3648 1238 3704 ergo
1268 3647 1451 3688 omnes
1508 3633 1712 3688 mortui
1765 3639 1911 3700 sunt,
1939 3640 1991 3689 et
2028 3648 2130 3705 pro

484 3721 735 3778 omnibus
769 3729 1014 3780 mortuus
1051 3729 1131 3778 est
1155 3722 1227 3791 (ΙΙ
1256 3721 1376 3778 Cor.
1407 3739 1464 3788 v,
1501 3722 1608 3790 14).
1631 3721 1802 3777 Nullo
1834 3721 2005 3777 modo
2033 3721 2130 3778 hic

485 3817 696 3886 negare
728 3811 1104 3884 permitteris,
1140 3828 1254 3866 non
1301 3810 1413 3866 nisi
1471 3827 1575 3883 pro
1632 3810 1724 3866 his
1757 3809 1855 3882 qui
1913 3811 2128 3867 mortui

482 3905 623 3959 sunt
653 3905 952 3958 mortuum
993 3899 1174 3957 fuisse
1211 3901 1435 3957 Jcsum.
1471 3904 1624 3967 Quos
1655 3900 1836 3974 igitur
1864 3900 1974 3956 hoc
2004 3900 2130 3956 loco

480 3990 760 4064 intelligis
809 3990 1120 4047 mortuos?
1170 3991 1435 4062 nunquid
1487 4007 1587 4045 eos
1626 3989 1724 4062 qui
1773 3991 1845 4046 de
1891 4006 2131 4062 corpore

478 4079 788 4136 exierunt?
817 4079 950 4152 quis
979 4079 1062 4135 ita
1092 4078 1338 4152 desipiat
1362 4082 1426 4133 ut
1451 4077 1558 4134 hoc
1582 4077 1816 4151 sapiat?
1845 4079 1924 4134 Eo
1958 4079 2129 4134 modo

481 4168 627 4225 281
663 4166 861 4240 itaque
890 4167 1276 4241 intelligimus
1307 4171 1592 4236 mortuos,
1624 4185 1727 4240 pro
1759 4167 1976 4240 quibus
2005 4185 2129 4224 om-

481 4255 656 4313 nibus
713 4273 868 4313 unus
921 4260 1192 4313 mortuus
1221 4260 1312 4312 cst
1349 4255 1615 4314 Christus
1648 4258 1940 4329 quomodo
1989 4257 2129 4314 alibi

480 4344 660 4402 dicit:
683 4345 748 4401 Et
775 4362 866 4402 vos
897 4362 1018 4401 cum
1047 4348 1230 4402 essetis
1261 4348 1464 4401 mortui
1495 4347 1553 4402 in
1581 4346 1814 4412 delictis,
1837 4355 1888 4402 et
1909 4362 2130 4420 purpu-

479 4437 554 4493 tio
583 4435 768 4490 carnis
802 4443 1014 4503 vestrae,
1045 4437 1342 4507 viviﬁcavit
1369 4452 1492 4491 cum
1522 4436 1618 4492 illo
1649 4436 1788 4504 (Coi.
1821 4452 1881 4502 ιι,
1918 4437 2026 4504 13).
2049 4437 2128 4492 Ac

480 4540 584 4598 per
604 4523 712 4579 hoc
735 4542 908 4592 unus,
925 4524 1254 4598 inquit,pro
1277 4525 1552 4582 omnibus
1577 4531 1845 4583 mortuus
1865 4530 1972 4594 est,
1991 4543 2128 4600 ergo

2247 621 2350 676 pro
2380 602 2595 676 quibus
2620 601 2914 658 Bbristum
2938 604 3240 656 mortuum
3265 617 3380 655 non
3404 598 3672 672 negatis?
3695 597 3889 654 Sinon

2245 697 2334 748 est
2364 709 2466 764 pro
2497 691 2580 748 eis
2612 695 2879 747 mortuus
2899 688 3188 755 Christus,
3213 691 3278 744 ut
3307 687 3448 760 quid
3481 687 3888 760 baptizantur?

2247 781 2591 853 Quicunque
2609 779 2764 836 enim
2789 777 3063 852 baptizati
3085 794 3292 834 sumus
3313 777 3372 832 in
3394 777 3625 833 Christo
3645 777 3809 844 Jesu,
3831 776 3887 834 in

2246 873 2432 926 morte
2463 869 2649 942 ipsius
2689 869 2965 941 baptizati
2995 883 3224 924 sumus.
3258 866 3316 922 Si
3349 870 3545 922 autem
3577 865 3758 922 etiam
3791 883 3889 939 pro

2246 959 2331 1016 eis
2361 962 2630 1015 mortuus
2660 962 2747 1014 est
2769 957 2871 1030 qui
2892 973 3048 1014 unus
3069 972 3172 1028 pro
3194 955 3468 1012 omnibus
3490 959 3764 1012 mortuus
3784 959 3888 1020 est,

2246 1064 2383 1121 ergo
2413 1064 2616 1104 omnes
2664 1047 2881 1102 mortui
2909 1050 3066 1115 sunt,
3091 1049 3148 1101 et
3169 1043 3274 1101 isti
3319 1061 3454 1100 cum
3501 1043 3806 1110 omnibus,
3835 1048 3890 1101 et

2246 1135 2385 1209 quia
2413 1136 2474 1192 in
2505 1139 2739 1209 peccato
2762 1134 2976 1192 mortui
2998 1137 3158 1204 sunt,
3182 1133 3514 1190 moriuntur
3541 1137 3602 1190 et
3632 1138 3886 1206 peccato,

2247 1228 2311 1282 ut
2337 1225 2534 1280 vivant
2579 1224 2696 1280 Deo
2727 1223 2960 1296 quando
3003 1226 3392 1279 renascuntur
3438 1239 3505 1279 ex
3553 1222 3695 1279 Deo.
3730 1222 3886 1290 Quod

2246 1314 2292 1370 si
2349 1313 2636 1385 explicare
2683 1330 2799 1369 non
2849 1329 3092 1386 possum
3123 1311 3414 1384 quomodo
3443 1311 3609 1367 vivus
3655 1316 3888 1384 generet

2245 1407 2566 1468 mortuum,
2591 1407 2858 1458 mortuus
2885 1401 3042 1480 enim
3074 1404 3310 1474 peccato
3349 1417 3561 1472 parens
3597 1405 3658 1456 et
3696 1401 3886 1458 vivens

2244 1492 2380 1560 Deo,
2413 1497 2652 1564 generat
2689 1496 2883 1547 tamen
2933 1489 2992 1546 in
3041 1493 3279 1564 peccato
3328 1494 3656 1557 mortuum,
3691 1489 3805 1547 nisi
3836 1496 3888 1546 et

2245 1580 2370 1653 ipse
2412 1584 2648 1652 peccato
2686 1579 3120 1653 regeneratione
3166 1579 3453 1636 moriatur
3480 1583 3538 1634 et
3565 1579 3724 1635 vivat
3754 1579 3884 1648 Deo,

2245 1669 2507 1741 nunquid
2541 1669 2668 1724 ideo
2698 1668 2913 1725 falsum
2945 1673 3052 1737 est,
3071 1668 3209 1741 quia
3239 1667 3514 1741 explicari
3545 1667 3740 1724 verbis
3775 1686 3886 1726 non

2244 1762 2453 1830 potest,
2486 1757 2573 1814 vel
2604 1757 2950 1814 difficillime
2997 1757 3224 1830 potest?
3263 1759 3350 1814 Tu
3401 1773 3568 1830 nega,
3601 1757 3652 1814 si
3684 1759 3884 1824 audes,

2243 1850 2445 1902 natum
2469 1851 2789 1915 mortuum,
2810 1863 2912 1918 pro
2934 1863 3050 1918 quo
3069 1845 3365 1901 Christum
3393 1862 3509 1902 non
3532 1862 3714 1920 negas
3738 1863 3886 1903 mor-

2239 1939 2430 1991 tuum.
2459 1937 2625 2003 Unus,
2649 1935 2826 2001 enim,
2859 1951 2960 2008 pro
3013 1935 3264 1991 omnibus
3319 1943 3566 1992 mortuus
3612 1944 3713 2003 est,
3767 1953 3887 2010 ergo

2235 2041 2418 2080 mnnes
2462 2026 2667 2081 mortui
2709 2032 2840 2081 sunt
2866 2024 2936 2096 (II
2965 2023 3084 2080 Cor.
3111 2041 3166 2091 ν,
3202 2025 3312 2094 14).
3345 2012 3536 2080 Verba
3578 2029 3723 2081 sunt
3752 2041 3885 2098 apo-

2237 2115 2464 2180 stolica,
2489 2115 2589 2171 sed
2621 2132 2785 2170 arma
2813 2119 2954 2170 sunt
2983 2119 3203 2170 nostra.
3227 2114 3454 2180 Quibus
3481 2119 3680 2172 tamen
3715 2116 3769 2172 si
3805 2134 3886 2173 rc-

2237 2220 2498 2276 pugnare
2530 2202 2700 2273 nolis,
2729 2201 3009 2276 intelligis
3035 2204 3187 2275 quod
3223 2203 3350 2260 sine
3379 2203 3746 2261 dubitatione
3776 2221 3888 2262 cre-

2237 2293 2495 2348 dendum
2525 2297 2632 2360 est,
2657 2291 2887 2348 etiamsi
2915 2308 3033 2348 non
3081 2291 3374 2366 intelligas
3405 2296 3541 2365 (cap.
3565 2293 3642 2365 3).
3673 2295 3884 2350 Audie-

2237 2381 2447 2437 bamus
2470 2399 2503 2437 a
2524 2381 2846 2454 majoribus
2869 2380 3213 2453 nostris,qui
3232 2398 3294 2437 se
3315 2381 3372 2436 id
3397 2399 3568 2439 nosse
3588 2399 3656 2439 ac
3670 2383 3886 2439 vidisse

2237 2471 2526 2539 dicebant,
2563 2469 2933 2526 Fundanium
2983 2469 3352 2544 Carthaginis
3398 2471 3713 2540 rhetorem,
3753 2489 3884 2530 cum

2236 2559 2360 2632 ipse
2381 2559 2665 2616 accidenti
2689 2559 2824 2614 vitio
2850 2557 3052 2616 l'uscus
3073 2563 3246 2628 esset,
3273 2558 3505 2616 luscum
3527 2560 3718 2616 ﬁlium
3752 2578 3886 2634 pro-

2237 2664 2483 2704 creasse.
2517 2650 2638 2713 Quo
2685 2647 2950 2720 exemplo
2979 2647 3258 2703 evertitur
3296 2647 3396 2703 illa
3423 2652 3527 2705 tua
3575 2650 3884 2716 sententia,

2237 2755 2352 2810 qua
2377 2737 2522 2792 dicis
2548 2735 2835 2792 naturalia
2867 2754 2969 2810 per
2989 2735 3259 2792 accidens
3283 2753 3397 2793 non
3423 2738 3701 2795 converti.
3725 2739 3889 2796 Acci-

2235 2827 2380 2883 dens
2411 2826 2626 2899 quippe
2672 2826 2778 2881 fuit
2808 2825 2866 2881 in
2901 2829 3064 2899 patre
3095 2827 3252 2898 quod
3283 2827 3503 2883 factum
3535 2831 3626 2885 est
3666 2829 3732 2886 in
3771 2828 3886 2885 filio

2235 2915 2520 2972 naturale.
2545 2914 2707 2972 Illam
2733 2931 2866 2972 vero
2889 2915 3281 2988 alteram,qua
3303 2913 3498 2972 dicitis
3523 2921 3800 2990 parentes
3829 2918 3886 2974 in

2235 3004 2388 3062 filios
2404 3021 2470 3062 ea
2487 3022 2612 3078 quae
2630 3021 2745 3061 non
2764 3004 2981 3061 habent
2997 3003 3110 3078 ipsi
3130 3021 3246 3060 non
3263 3021 3434 3078 posse
3455 3005 3886 3080 transfundere,

2236 3092 2386 3150 alius
2418 3093 2705 3150 Fundanii
2745 3092 2924 3160 illius,
2949 3094 3106 3167 quod
3157 3093 3411 3150 maxime
3460 3095 3747 3152 usitatum
3780 3101 3886 3164 est,

2235 3199 2370 3240 cum
2399 3183 2630 3240 duobus
2661 3182 2845 3242 oculis
2875 3183 2944 3240 de
2975 3183 3138 3240 lusco
3173 3187 3347 3240 natus
3373 3183 3598 3254 evertit,
3629 3189 3687 3242 et
3715 3185 3887 3243 innu-

2236 3271 2546 3330 merabiles
2563 3271 2662 3345 qui
2681 3275 3005 3329 nascuntur
3015 3271 3228 3328 oculati
3248 3273 3317 3329 de
3337 3274 3680 3346 parentibus
3697 3277 3886 3332 caecis.

2237 3361 2711 3418 Transmittendo
2729 3361 2940 3434 qaippe
2961 3352 3019 3417 in
3041 3377 3140 3418 eos
3159 3378 3308 3434 quos
3328 3362 3578 3436 gignunt
3596 3365 3755 3436 quod
3781 3365 3889 3438 ipsi

2237 3467 2352 3506 non
2383 3450 2620 3518 habent,
2643 3467 2744 3507 vos
2773 3450 2969 3522 potius
2990 3467 3168 3522 quam
3190 3469 3331 3508 suos
3353 3452 3507 3509 ﬁlios
3529 3451 3640 3510 sibi
3665 3453 3890 3511 similes

2237 3557 2364 3596 esse
2395 3539 2818 3607 demonstrant,
2843 3538 2945 3612 qui
2973 3543 3094 3594 tam
3126 3539 3322 3597 fuistis
3352 3539 3413 3598 in
3444 3542 3652 3598 vestris
3682 3543 3890 3600 deﬁni-

2236 3627 2498 3685 tionibus
2527 3627 2682 3685 caaci.
2708 3652 2736 3678 ››
2758 3629 2826 3684 Et
2857 3628 2996 3684 item
3028 3627 3089 3684 in
3115 3629 3318 3686 eodem
3350 3629 3500 3687 libro
3531 3632 3672 3704 (cap.
3704 3633 3888 3704 eod.):

2238 3719 2372 3784 Qua:
2405 3718 2522 3773 sint
2549 3717 2704 3772 enim
2729 3734 2797 3773 ex
2826 3717 3190 3790 parentibus,
3213 3718 3301 3775 vel
3334 3724 3533 3776 utrum
3561 3720 3682 3777 sint
3712 3721 3891 3778 etiam

2239 3805 2354 3863 alia
2383 3806 2654 3880 contagia
2690 3811 3082 3878 peccatorum,
3117 3807 3368 3864 liberum
3414 3809 3584 3865 nobis
3613 3815 3706 3867 est
3737 3827 3895 3884 quaa-

2239 3913 2383 3964 rere,
2415 3895 2536 3951 sivc
2565 3895 2642 3951 sit
2685 3895 2874 3965 facile,
2909 3895 3028 3953 sive
3070 3896 3331 3966 difficile,
3363 3897 3483 3954 sive
3527 3899 3895 3972 impossibile

2238 3985 2489 4058 reperire
2513 4002 2526 4040 :
2555 4003 2658 4058 per
2687 4002 2871 4041 unum
2903 3989 3100 4042 tamen
3129 3985 3429 4043 hominem
3459 3987 3518 4042 in
3541 3987 3700 4046 hunc
3725 4007 3896 4046 mun-

2237 4075 2378 4130 dum
2410 4073 2661 4130 intrasse
2691 4078 3014 4147 peccatum,
3047 4079 3103 4131 et
3145 4092 3248 4148 per
3276 4081 3582 4148 peccatum
3615 4085 3892 4145 mortem,

2237 4165 2388 4222 268
2420 4168 2476 4221 et
2504 4151 2586 4220 ita
2616 4163 2676 4220 in
2706 4181 2911 4221 omnes
2942 4164 3208 4222 homines
3241 4167 3651 4238 pertransisse,
3678 4167 3740 4226 in
3777 4187 3894 4243 quo

2237 4270 2440 4309 omnes
2472 4259 2878 4326 peccaverunt,
2909 4252 3078 4309 aliter
3123 4255 3293 4313 nobis
3325 4255 3412 4312 fas
3453 4273 3586 4314 esse
3625 4275 3742 4314 non
3774 4259 3894 4316 exi-

2237 4343 2546 4399 stimemus
2569 4342 2850 4414 accipere,
2870 4341 2983 4398 nisi
3005 4347 3071 4399 ut
3093 4360 3298 4400 omnes
3328 4350 3594 4403 mortuos
3615 4363 3748 4404 esse
3768 4365 3895 4404 cre-

2237 4433 2460 4506 damus.
2481 4431 2539 4486 in
2574 4431 2747 4504 primi
2779 4431 3038 4488 hominis
3069 4436 3327 4504 peccato,
3348 4451 3453 4506 pro
3485 4435 3702 4508 quibus
3737 4454 3894 4493 mor-

2236 4515 2376 4578 tuus
2397 4525 2487 4578 est
2507 4521 2794 4588 Christus,
2809 4525 2866 4577 et
2885 4538 3090 4578 omnes
3114 4523 3262 4579 mori
3295 4528 3530 4596 peccato
3551 4524 3894 4599 quicunque

481 4630 685 4670 omnes
711 4613 923 4670 mortui
949 4619 1106 4683 sunt,
1135 4616 1449 4671 ostendens
1483 4614 1602 4670 ﬁcri
1635 4632 1750 4670 non
1783 4615 2043 4688 potuisse
2064 4620 2131 4672 ut
2158 4631 2204 4696 D
2233 4611 2605 4686 baptizantur
2631 4611 2692 4668 in
2713 4611 2964 4668 Christo.
2991 4634 3020 4662 »
3041 4612 3110 4668 Et
3141 4613 3280 4669 item
3311 4612 3368 4668 in
3392 4614 3597 4671 eodem
3618 4617 3766 4688 (cap.
3795 4617 3850 4688 4)
3874 4633 3889 4671 :

482 4707 804 4759 moreretur
830 4703 946 4760 nisi
975 4721 1080 4777 pro
1124 4704 1392 4760 mortuis.
1428 4704 1508 4759 Ex
1538 4703 1647 4760 hoc
1676 4705 1834 4760 enim
1865 4705 2130 4777 probavit

480 4809 684 4848 omnes
706 4797 968 4848 mortuos
985 4793 1277 4866 essc,quia
1297 4810 1400 4867 pro
1419 4793 1694 4850 omnibus
1711 4793 1959 4850 mortuis
1981 4811 2130 4850 mor-

478 4887 619 4939 tuus
645 4885 736 4938 est
761 4899 937 4938 unus.
962 4881 1246 4956 Impinge,
1270 4883 1518 4953 inculco,
1545 4881 1786 4939 infarcio
1810 4884 2124 4940 recusanti.

475 4971 706 5046 Accipe,
721 4971 954 5028 salubre
975 4975 1080 5040 cst,
1099 4971 1232 5028 nolo
1259 4972 1709 5044 moriaris,unus
1731 4989 1834 5045 pro
1851 4973 2127 5031 omnibus

474 5067 745 5119 mortuus
770 5064 877 5130 est,
894 5078 1029 5134 ergo
1050 5077 1254 5117 omnes
1275 5063 1489 5118 mortui
1513 5061 1820 5118 sunt.Vide
1837 5062 1977 5135 quia
1996 5080 2128 5119 con-

471 5167 726 5224 sequens
743 5168 872 5207 esse
889 5150 1164 5218 voluit,ut
1185 5150 1586 5224 intelligantur
1599 5168 1804 5208 omnes
1821 5152 2058 5222 mortui,
2073 5153 2124 5208 si

471 5256 574 5312 pro
595 5241 868 5297 omnibus
899 5244 1168 5297 mortuus
1190 5247 1296 5297 est.
1313 5241 1457 5308 Quia
1475 5257 1614 5314 ergo
1639 5258 1754 5296 non
1777 5241 1834 5295 in
1858 5258 2118 5314 corpore,

470 5332 651 5384 restat
673 5334 736 5383 ut
758 5331 815 5384 in
837 5335 1076 5403 peccato
1099 5348 1228 5386 esse
1251 5335 1512 5386 mortuos
1535 5347 1761 5396 omnes,
1788 5330 1834 5386 si
1863 5348 1966 5404 pro
1989 5348 2120 5386 om-

467 5416 919 5475 nibusChristus
943 5424 1211 5476 mortuus
1233 5424 1340 5486 est,
1363 5435 1532 5475 nemo
1555 5424 1746 5491 neget,
1763 5435 1934 5475 nemo
1956 5419 2118 5476 dubi-

467 5510 568 5576 tet,
595 5505 695 5579 qui
723 5523 784 5562 se
806 5525 920 5563 non
945 5513 1117 5582 negat
1137 5512 1238 5565 aut
1263 5507 1491 5564 dubitat
1511 5525 1640 5564 esse
1660 5507 2113 5565 Christianum.»

468 5595 540 5653 Et
568 5595 708 5652 item
736 5594 796 5652 in
825 5598 1029 5654 eodem
1059 5598 1209 5654 libro
1239 5602 1378 5670 (βαρ.
1407 5597 1492 5670 11)
1518 5614 1531 5652 :
1561 5620 1588 5648 ‹‹
1609 5596 1772 5654 Unus
1803 5615 1905 5670 pro
1927 5598 2116 5656 omni-

473 5687 584 5752 bus
607 5688 875 5745 mortuus
901 5691 1009 5760 est,
1027 5705 1162 5766 ergo
1184 5704 1388 5748 omnes
1419 5687 1634 5746 mortui
1657 5692 1812 5746 sunt.
1837 5690 1959 5762 Quo
1990 5706 2116 5748 cor-

2237 4726 2264 4753 ((
2289 4703 2434 4758 Nam
2459 4702 2507 4758 si
2529 4718 2630 4758 vos
2651 4701 3000 4758 sententiam
3037 4705 3252 4758 rectam
3279 4702 3337 4758 in
3368 4706 3629 4760 vestrum
3659 4708 3886 4761 tortum

2237 4807 2478 4847 sensum
2510 4795 2781 4863 torquere
2811 4789 3064 4859 nolletis,
3089 4791 3372 4848 audiretis
3399 4792 3741 4865 Apostolum
3774 4793 3887 4851 hoc

2235 4880 2485 4937 breviter
2513 4879 2917 4952 explicantem,
2941 4880 3042 4953 qui
3075 4897 3258 4937 unum
3280 4880 3426 4937 dixit
3447 4881 3650 4950 fuisse,
3673 4882 3733 4938 in
3767 4899 3887 4956 quo

2234 4987 2438 5026 omnes
2473 4974 2872 5042 peccaverunt.
2904 4970 2966 5026 In
2991 4969 3089 5026 illo
3114 4987 3228 5026 uno
3254 4972 3468 5026 mortui
3491 4975 3633 5028 sunt
3657 4989 3890 5039 omnes,

2235 5063 2298 5115 ut
2330 5063 2652 5116 moreretur
2681 5059 2834 5116 alius
2865 5076 3019 5114 unus
3063 5077 3166 5132 pro
3198 5059 3492 5117 omnibus.
3527 5060 3692 5118 Unus
3725 5062 3890 5118 enim

2233 5165 2336 5222 pro
2357 5149 2632 5204 omnibus
2663 5152 2930 5204 mortuus
2952 5153 3060 5216 est,
3081 5165 3218 5222 ergo
3240 5166 3446 5205 omnes
3472 5150 3689 5206 mortui
3724 5156 3888 5219 sunt,

2230 5254 2334 5310 pro
2355 5237 2571 5310 quibus
2590 5237 2855 5293 Christus
2879 5241 3146 5294 mortuus
3173 5242 3281 5294 est.
3303 5237 3582 5306 Audisne,
3607 5238 3889 5296 Juliane?

2229 5327 2358 5383 Hmc
2377 5326 2636 5399 Apostoli
2663 5327 2858 5395 verba,
2887 5343 3002 5383 non
3035 5343 3167 5384 mea
3197 5332 3356 5386 sunt.
3381 5327 3529 5394 Quid
3551 5346 3586 5384 a
3606 5345 3702 5385 me
3723 5345 3886 5402 quae-

2227 5415 2308 5474 ris
2339 5433 2452 5490 quo
2484 5416 2563 5472 sit
2607 5417 2828 5472 factum
2873 5417 3067 5485 modo,
3101 5433 3236 5474 cum
3267 5417 3466 5474 videas
3497 5417 3723 5476 factum
3755 5435 3886 5476 esse

2225 5523 2576 5580 quocunque
2607 5507 2780 5562 modo
2800 5506 2829 5562 ’ἶ
2859 5506 2909 5562 si
2937 5506 3212 5580 Apostolo
3257 5507 3446 5564 credis
3476 5506 3883 5580 aliquomodo,

2225 5596 2327 5670 qui
2356 5597 2428 5652 de
2477 5594 2704 5652 Christo
2735 5598 2792 5651 et
2819 5595 2889 5652 de
2929 5595 3022 5652 his
3071 5613 3176 5670 pro
3223 5597 3438 5671 quibus
3487 5601 3762 5654 mortuus
3793 5602 3887 5656 est

2223 5685 2490 5748 Christus
2519 5683 2756 5744 mentiri
2787 5685 2978 5762 potuit
3001 5685 3164 5748 nullo
3195 5687 3389 5746 modo.
3415 5708 3443 5740 ››
3467 5685 3538 5746 Et
3567 5685 3710 5746 item
3733 5691 3882 5764 (cap.
