4020 6484
213 474 312 533 333

882 469 986 528 DE
1027 469 1796 532 PREDESTINA'I‘IONE
1840 472 2361 538 DISSER’I‘ATIO
2402 478 2867 542 POSTERIOR.

2090 18 2710 52 ﬂ???"
2731 16 2744 24 ’
2783 14 2826 27 “iv
2845 12 2880 27 "

3455 470 3573 546 334

207 605 328 674 eod.)
357 625 384 655 «
412 600 602 658 Merito
640 607 796 672 ergo
818 599 1236 688 intelliguntur
1284 602 1500 659 mortui
1547 603 1650 675 qui
1699 621 1812 660 non
1841 604 1898 672 Α
1927 606 2169 680 ceperis,
2202 624 2336 664 cum
2369 591 2680 666 adversum
2711 576 2980 680 matrem,
3012 629 3138 685 quae
3169 618 3226 670 te
3255 615 3547 688 spirituali

208 693 396 749 habent
413 689 714 760 vitam,pro
731 687 948 761 quibus
965 688 1232 745 Christus
1248 694 1338 745 cst
1355 692 1734 748 mortuus.Un
1745 710 1813 748 us

208 781 338 839 enim
365 796 462 854 pro
491 776 763 834 omnibus
791 781 1062 834 mortuus
1083 783 1190 848 est,
1215 797 1351 852 ergo
1373 797 1576 837 omnes
1597 781 1812 837 mortui

207 874 338 926 sunt.
370 869 492 924 Ideo
521 871 720 924 autem
751 870 1022 923 mortuus
1053 871 1160 936 est,
1195 867 1347 924 sicut
1375 867 1589 943 legitur
1609 871 1681 926 ad
1703 870 1814 926 He-

205 959 453 1028 brzros,Ut
471 973 569 1030 per
594 964 822 1012 mortem
859 965 1145 1013 evacuaret
1192 973 1318 1014 eum
1365 961 1463 1031 qui
1503 966 1816 1032 potestatem

205 1049 404 1107 habebat
423 1044 693 1112 mortis,id
727 1049 817 1101 cst
845 1045 1168 1102 diabolum.
1202 1069 1230 1095 »
1261 1048 1329 1102 Et
1359 1046 1501 1103 item
1533 1053 1673 1121 (cap.
1707 1047 1762 1122 5)
1796 1065 1810 1104 :

205 1163 228 1191 κ
255 1140 472 1211 Propter
496 1136 629 1204 hoc,
649 1135 916 1209 inquam,
939 1135 1245 1192 vinculum
1267 1137 1474 1194 mortis
1495 1138 1712 1194 mortui
1735 1155 1817 1194 re-

202 1229 478 1303 periuntur
505 1226 757 1282 infantes
791 1243 804 1281 :
838 1241 953 1281 non
985 1225 1102 1282 ista
1131 1229 1314 1282 morte
1342 1227 1672 1298 notissima,
1688 1230 1814 1302 qum

203 1337 230 1376 a
256 1333 472 1390 corpore
501 1315 760 1372 animam
791 1319 1041 1388 separat,
1077 1316 1178 1372 sed
1210 1333 1278 1372 ea
1306 1321 1494 1373 morte
1523 1335 1642 1390 qua
1663 1324 1818 1376 tene-

200 1409 387 1466 bantur
412 1423 636 1473 omnes,
668 1422 772 1478 pro
805 1405 1022 1478 quibus
1072 1411 1342 1462 mortuus
1386 1410 1475 1464 est
1524 1407 1813 1466 Christus.

199 1497 401 1554 Scimus
421 1494 600 1562 enim,
624 1493 705 1550 ait
724 1493 1056 1568 Apostolus,
1077 1495 1229 1566 quod
1251 1511 1286 1550 a
1303 1495 1470 1552 nobis
1492 1497 1816 1570 saepissime

197 1585 548 1660 repetendum
580 1588 688 1652 est,
723 1581 1003 1656 quoniam
1039 1585 1185 1641 Unus
1232 1600 1330 1656 pro
1377 1585 1630 1642 omnibus
1675 1603 1817 1644 mor-

199 1685 300 1732 tuus
339 1683 430 1746 est,
469 1690 600 1746 ergo
647 1690 830 1731 omnes
876 1675 1082 1730 mortui
1125 1681 1274 1744 sunt,
1321 1681 1372 1731 et
1415 1691 1517 1748 pro
1562 1677 1814 1734 omnibus

194 1773 410 1822 mortuus
435 1771 517 1822 est
546 1763 818 1836 Christus,
849 1769 912 1819 ut
949 1763 1047 1836 qui
1091 1765 1284 1820 vivunt
1297 1765 1421 1838 jam
1446 1781 1559 1822 non
1582 1767 1694 1822 sibi
1736 1767 1816 1822 vi-

195 1861 314 1922 vant,
337 1853 426 1910 sed
451 1856 507 1910 ei
533 1853 637 1928 qui
671 1869 772 1926 pro
819 1853 1073 1908 omnibus
1117 1860 1364 1910 mortuus
1409 1863 1489 1912 est
1531 1862 1584 1911 et
1626 1871 1812 1912 resur-

1923 698 2014 750 ter
2044 697 2288 768 peperit,
2321 699 2502 754 armis
2531 699 2848 772 impietatis
2877 699 3159 756 induaris.
3187 723 3214 752 »
3234 703 3306 759 Et
3327 704 3388 759 in
3417 705 3568 763 libro

1924 790 2133 856 quarto
2185 787 2256 840 de
2315 787 2583 844 Doctrina
2639 787 2970 846 Christiana
3018 789 3156 863 (cap.
3187 792 3298 864 21),
3330 799 3570 852 sanctus

1923 891 2156 947 quoque
2184 875 2552 945 Ambrosius,
2580 893 2714 933 cum
2745 882 2880 952 agat
2909 894 3033 934 rem
3054 895 3330 952 magnam
3352 881 3424 938 de
3446 883 3572 956 Spi-

1923 961 2040 1018 ritu
2071 967 2366 1034 sancto,ut
2386 983 2520 1022 eum
2550 965 2704 1022 Patri
2735 971 2792 1022 et
2822 967 2964 1023 Filio
2995 967 3356 1026 demonstret
3383 987 3573 1044 aequa-

1923 1051 2362 1120 lem,submisso
2381 1059 2574 1111 tamen
2599 1055 2827 1112 dicendi
2848 1072 3060 1130 genere
3081 1057 3570 1130 utitur,quoniam

1923 1158 2016 1198 res
2074 1147 2364 1216 suscepta,
2396 1161 2513 1200 non
2569 1149 2914 1202 ornamenta
2965 1147 3299 1220 verborum,
3349 1152 3450 1204 aut
3497 1149 3570 1206 ad

1923 1231 2242 1288 ﬂectendos
2272 1231 2500 1290 animos
2529 1233 2949 1291 commotiones
2971 1235 3314 1306 affectuum,
3349 1238 3451 1295 sed
3481 1255 3571 1296 re-

1924 1337 2056 1377 rum
2107 1320 2462 1378 documenta
2507 1322 2822 1380 desiderat.
2856 1323 3006 1397 Ergo
3055 1323 3208 1382 inter
3253 1329 3461 1384 caetera
3507 1327 3568 1384 in

1923 1409 2209 1483 principio
2245 1411 2425 1484 hujus
2473 1412 2689 1484 operis,
2722 1411 2802 1468 ait
2833 1429 2848 1468 :
2885 1435 2914 1463 «
2945 1413 3286 1472 Commotus
3333 1417 3566 1474 oraculo

1924 1497 2155 1554 Gedeon
2187 1499 2338 1569 (Jud.
2373 1490 2451 1568 vi,
2480 1501 2592 1574 21),
2618 1517 2754 1557 cum
2785 1501 3050 1558 audisset
3069 1503 3225 1576 quod
3248 1505 3566 1562 deﬁcienti-

1923 1588 2036 1644 bus
2066 1587 2200 1644 licet
2225 1589 2577 1662 populorum
2607 1589 2890 1660 millibus,
2915 1589 2974 1646 in
3000 1609 3116 1648 uno
3137 1592 3258 1650 viro
3287 1593 3567 1652 Dominus

1890 1676 2152 1755 ‘plebem
2183 1694 2354 1734 suam
2383 1679 2456 1735 ab
2488 1677 2758 1736 hostibus
2781 1678 3072 1750 liberaret,
3097 1681 3313 1738 obtulit
3331 1682 3566 1742 haedum

1923 1783 2253 1839 caprarum,
2287 1767 2458 1840 cujus
2486 1783 2744 1835 carnem,
2778 1769 3100 1826 secundum
3131 1769 3322 1844 angeli
3353 1788 3566 1844 praece-

1923 1858 2040 1928 pta,
2073 1861 2132 1911 et
2156 1873 2359 1930 azyma
2387 1873 2567 1930 supra
2591 1859 2815 1930 petram
2847 1857 3066 1930 posuit,
3096 1862 3154 1916 et
3181 1875 3248 1915 ea
3269 1859 3405 1931 jure
3435 1877 3566 1934 per-

194 1946 317 2044 rexit
339 1943 412 2014 (II
433 1943 558 2000 Cor.
592 1960 648 2012 v,
684 1943 796 2014 14).
827 1941 914 2044 Illi
948 1957 1082 2046 ergq
1113 1942 1332 2046 vivqpt,
1367 1960 1470 2046 pro
1507 1944 1816 2045 quibusut
1847 1981 1892 2046 Β
1926 1944 2123 2046 fudit‘:
2158 1961 2296 2046 quas.
2315 1943 2582 2046 simuiut
2600 1945 2771 2018 virgea
2791 1945 3114 2012 cacumine,
3129 1963 3307 2020 quam
3327 1949 3566 2021 gerebat

193 2033 361 2089 vivant
387 2036 662 2089 mortuus
691 2035 781 2088 est
811 2030 912 2104 qui
941 2031 1189 2088 vivebat.
1223 2033 1388 2098 Quod
1435 2033 1694 2106 apertius
1734 2033 1816 2089 ita

193 2121 394 2192 dicitur,
428 2121 516 2179 Illi
552 2125 697 2178 sunt
727 2139 762 2177 a
782 2121 987 2176 mortis
1009 2119 1259 2178 vinculis
1278 2121 1578 2195 liberi,pro
1599 2122 1814 2196 quibus

193 2217 431 2270 mortuus
469 2215 566 2268 est
619 2211 774 2267 inter
823 2214 1086 2267 mortuos
1135 2209 1282 2266 liber
1314 2227 1326 2265 :
1358 2209 1447 2266 vel
1497 2210 1579 2267 sic
1629 2211 1814 2267 multo

191 2300 439 2374 apertius,
483 2299 580 2357 Illi
629 2303 772 2356 sunt
814 2297 1044 2355 liberati
1073 2315 1108 2354 a
1137 2303 1392 2372 peccato,
1443 2316 1548 2373 pro
1598 2299 1814 2373 quibus

191 2394 427 2446 mortuus
447 2395 538 2446 est
561 2389 666 2462 qui
688 2404 994 2462 nunquam
1017 2388 1206 2444 fuerat
1225 2387 1284 2443 in
1310 2392 1576 2461 peccato;
1601 2393 1811 2445 etcum

190 2477 342 2535 semel
372 2479 447 2535 sit
477 2481 776 2546 mortuus,
799 2481 998 2534 tamen
1030 2493 1134 2550 pro
1164 2493 1519 2550 unoquoque
1538 2480 1817 2533 tuncmo-

191 2567 328 2636 ritur,
347 2568 586 2640 quando
607 2567 667 2622 in
689 2567 819 2639 ejus
836 2569 1022 2622 morte
1041 2565 1418 2638 quantrelibet
1436 2564 1622 2622 aetatis
1638 2565 1816 2622 fuerit

189 2656 508 2730 baptizatur,
543 2657 609 2712 id
641 2660 750 2726 est,
784 2660 926 2712 tunc
953 2654 1004 2712 ei
1036 2654 1294 2728 proderit
1323 2671 1480 2713 mors
1529 2657 1659 2728 ejus
1709 2655 1812 2728 qui

191 2745 280 2814 fuit
305 2748 423 2804 sine
451 2751 720 2821 peccato,
757 2745 990 2819 quando
1011 2743 1071 2799 in
1093 2744 1220 2815 ejus
1249 2747 1433 2800 morte
1462 2745 1810 2818 baptizatur,

189 2835 228 2891 si
253 2841 508 2893 mortuus
539 2834 722 2892 fuerit
749 2833 926 2891 etiam
957 2832 1082 2906 ipse
1115 2836 1378 2906 peccato,
1411 2833 1510 2905 qui
1545 2838 1812 2890 mortuus

188 2924 346 2982 fuerat
366 2925 426 2981 in
457 2928 727 3000 peccato.
752 2945 779 2974 »
807 2923 879 2980 Et
906 2923 1045 2978 item
1080 2939 1093 2978 :
1127 2944 1156 2972 «
1188 2923 1234 2977 A
1260 2926 1446 2978 morte
1477 2921 1692 2995 quippe
1712 2922 1812 2994 ju-

187 3013 432 3072 stissima!
461 3013 870 3072 damnationis
902 3028 1006 3086 per
1025 3027 1211 3068 unum
1233 3011 1615 3068 mediatorem
1639 3009 1734 3068 Dei
1758 3015 1816 3068 et

186 3103 466 3162 hominum
493 3105 790 3162 liberatur
818 3119 1004 3178 genus
1033 3101 1383 3170 humanum,
1418 3117 1534 3156 non
1563 3117 1598 3156 a
1626 3104 1816 3158 morte

187 3195 416 3267 corporis
447 3197 713 3261 tantum,
737 3193 839 3249 sed
863 3210 898 3248 a
926 3195 1112 3248 morte
1142 3208 1260 3264 qua
1288 3189 1500 3246 mortui
1525 3195 1688 3258 sunt,
1709 3207 1812 3262 pro

179 3282 368 3355 quibus
387 3303 546 3342 unus
572 3286 848 3340 mortuus
870 3285 978 3350 est,
994 3295 1130 3354 ergo
1153 3297 1356 3336 omnes
1379 3278 1592 3336 mortui
1617 3283 1812 3334 sunt.»

1926 2033 2168 2108 angelus
2198 2033 2320 2103 Dei,
2355 2033 2622 2106 contigit,
2655 2035 2726 2090 de
2755 2038 2920 2107 petra
2949 2034 3104 2108 ignis
3144 2037 3358 2110 erupit,
3391 2034 3579 2112 atque

1921 2121 2004 2177 ita
2033 2121 2388 2177 sacrificium
2419 2123 2574 2194 quod
2624 2121 2974 2178 offerebatur
3020 2121 3400 2196 absumptum
3451 2128 3562 2181 est.

1922 2213 2044 2278 Quo
2074 2210 2287 2268 indicio
2319 2210 2677 2267 declaratum
2703 2209 2932 2266 videtur
2961 2212 3118 2284 quod
3147 2215 3312 2284 petra
3340 2211 3442 2269 illa
3471 2216 3567 2286 ty-

1921 2317 2063 2372 pum
2093 2300 2368 2356 habuerit
2387 2298 2647 2373 corporis
2675 2299 2908 2368 Christi,
2944 2300 3086 2373 quia
3115 2300 3400 2375 scriptum
3427 2307 3516 2358 est
3547 2319 3562 2360 :

1921 2391 2187 2446 Bibebant
2211 2390 2276 2446 de
2303 2396 2656 2463 consequente
2694 2405 2782 2446 eos
2822 2397 2997 2462 petra.
3026 2397 3182 2464 petra
3225 2398 3407 2448 autem
3451 2399 3568 2449 erat

1923 2479 2167 2536 Christus
2199 2480 2247 2552 (Ι
2273 2479 2395 2536 Cor.
2424 2496 2524 2548 vn,
2555 2479 2660 2549 10).
2699 2479 2862 2546 Quod
2893 2479 3100 2552 utique
3151 2497 3267 2536 non
3313 2481 3386 2537 ad
3417 2479 3564 2537 divi-

1922 2567 2164 2625 nitatem
2194 2568 2342 2640 ejus,
2376 2568 2477 2624 sed
2510 2567 2582 2624 ad
2618 2583 2855 2623 carnem
2903 2566 3154 2624 relatum
3183 2571 3294 2638 est,
3328 2585 3454 2642 quae
3485 2569 3565 2626 si-

1921 2657 2188 2713 tientium
2207 2658 2382 2712 corda
2397 2655 2744 2730 populorum
2764 2655 3004 2730 perenni
3021 2655 3140 2712 rivo
3154 2657 3246 2713 sui
3259 2657 3568 2732 sanguinis

1919 2745 2226 2802 inundavit
2267 2747 2400 2802 Jam
2426 2749 2567 2801 tunc
2597 2743 2778 2818 igitur
2806 2744 2866 2800 in
2899 2745 3174 2819 mysterio
3205 2744 3566 2802 declaratum

1921 2839 2028 2903 est,
2063 2835 2201 2908 quia
2232 2835 2511 2891 Dominus
2539 2835 2712 2890 Jesus
2741 2833 2802 2888 in
2832 2850 3008 2890 carne
3031 2851 3139 2891 sua
3157 2835 3338 2891 totius
3360 2835 3565 2891 mundi

1920 2928 2159 2996 peccata
2189 2923 2503 2979 cruciﬁxus
2531 2921 2787 2978 aboleret
2819 2938 2832 2978 :
2867 2939 2972 2978 nec
3003 2921 3194 2980 solum
3241 2923 3452 2980 delicta
3481 2923 3565 2980 fa-

1921 3013 2276 3080 ctorum,sed
2307 3011 2483 3068 etiam
2506 3009 2858 3084 cupiditates
2877 3009 3384 3068 animorum.Caro
3405 3011 3565 3068 enim

1920 3102 2068 3158 haedi
2101 3103 2173 3158 ad
2203 3100 2434 3174 culpam
2466 3099 2600 3156 facti
2631 3099 3000 3172 refertur,jus
3031 3101 3102 3156 ad
3137 3098 3441 3157 illecebras
3471 3117 3568 3158 cu-

1921 3190 2416 3266 piditatum,sicut
2430 3189 2715 3263 scriptum
2738 3189 2994 3260 est,Quia
3009 3191 3319 3263 concupivit
3330 3191 3566 3264 populus

1921 3281 2270 3355 cupiditatem
2279 3281 2648 3354 pessimam,et
2664 3279 2943 3356 diluerunt,
2952 3280 3096 3354 Quis
3115 3296 3213 3337 nos
3232 3279 3437 3338 cibabit
3452 3297 3571 3337 car-

179 3350 238 3428 lit
263 3373 316 3430 in
363 3375 513 3432 libro
569 3373 764 3448 primo
814 3371 954 3444 (cap.
992 3350 1088 3440 11)
1115 3387 1128 3424 :
1166 3391 1194 3420 ‹‹
1226 3369 1524 3424 Postremo
1575 3373 1813 3424 sanctus
1843 3350 1886 3418 C
1919 3350 2001 3427 ηε-
2015 3372 2199 3442 (Num.
2232 3350 2310 3437 xi,
2345 3369 2476 3443 18)?
2507 3368 2671 3436 Quod
2701 3350 2883 3441 igitur
2910 3350 3170 3426 extendit
3190 3369 3433 3444 angelus
3451 3369 3566 3426 vir-

179 3461 405 3522 Joannes
419 3465 776 3536 dicit,quem
798 3465 861 3517 tu
881 3457 1302 3518 honorabiliter
1317 3457 1810 3526 commemorasti,

181 3567 328 3623 quem
355 3558 418 3610 tu
438 3553 604 3610 sicut
627 3554 902 3608 sanctum
923 3547 1336 3620 eruditumque
1357 3545 1814 3618 laudasti,quem

181 3641 231 3696 tu
260 3641 666 3700 testimonium
695 3643 752 3696 et
799 3637 1045 3712 gloriam
1095 3637 1166 3692 de
1213 3635 1505 3691 consortio
1554 3635 1813 3691 veritatis

181 3731 484 3805 suscepisse
504 3729 712 3787 dixisti
723 3727 923 3797 ,etiam
945 3727 1070 3800 ipse
1083 3724 1434 3793 dicit,Adam
1449 3723 1532 3779 sic
1543 3739 1814 3795 peccasse

181 3816 303 3875 illud
329 3837 504 3895 grave
536 3821 874 3894 peccatum,
898 3819 964 3872 ut
984 3831 1156 3872 omne
1185 3829 1373 3886 genus
1402 3813 1730 3868 humanum
1753 3812 1815 3867 in

181 3923 466 3967 commune
497 3911 837 3966 damnaret.
871 3928 898 3956 »
929 3906 1001 3962 Et
1031 3907 1164 3978 post
1205 3919 1388 3975 pauca
1423 3918 1436 3958 :
1467 3925 1492 3952 ‹‹
1528 3900 1678 3956 Dicit
1706 3901 1806 3958 Ju-

181 3995 346 4054 daeum
369 4003 691 4074 negantem
712 3995 926 4052 virtute
949 3993 1127 4050 unius
1149 3991 1363 4048 Christi
1389 3991 1674 4046 mundum
1688 4007 1818 4064 pos-

181 4100 232 4140 se
259 4087 485 4145 salvari.
525 4112 555 4139 »
591 4088 740 4142 Item
769 4083 828 4140 in
873 4081 1021 4138 libro
1069 4080 1240 4136 tertio
1272 4081 1410 4154 (cap.
1446 4081 1534 4150 12)
1567 4097 1580 4136 :
1615 4103 1642 4130 ‹‹
1678 4079 1817 4146 Quis

182 4179 354 4232 autem
373 4175 753 4234 Christianus
771 4172 1000 4247 ignoret
1015 4169 1171 4243 quod
1188 4168 1307 4241 ille,
1323 4168 1422 4241 qui
1443 4169 1697 4241 primum
1723 4167 1821 4224 ho-

184 4264 381 4322 minem
415 4269 578 4324 269
617 4263 752 4321 fecit
783 4279 852 4319 ex
881 4259 1138 4335 pulvere,
1173 4275 1378 4314 omnes
1407 4256 1722 4313 fabricetur
1751 4275 1821 4314 ex

183 4355 428 4412 semine?
458 4355 580 4412 Sed
613 4369 683 4410 ex
712 4351 938 4409 semine
956 4349 1082 4421 jam
1101 4346 1303 4402 vitiato
1325 4351 1500 4419 atque
1522 4349 1820 4418 damnato,

181 4443 264 4513 qui
295 4443 512 4517 partim
545 4458 654 4516 per
697 4439 1002 4498 veritatem
1050 4439 1352 4493 remaneat
1399 4435 1459 4490 in
1511 4436 1822 4510 supplicio,

181 4532 372 4602 partim
423 4551 532 4608 per
581 4527 1050 4588 misericordiam
1099 4525 1380 4582 liberetur
1410 4525 1644 4582 amato.
1697 4526 1822 4582 Non

181 4619 360 4692 igitur,
394 4627 464 4680 ut
495 4625 679 4697 putas
709 4622 886 4693 atque
925 4615 1245 4684 concludis,
1285 4613 1421 4670 ullis
1450 4613 1676 4688 laqueis
1704 4617 1826 4675 tuis

1922 3477 2078 3535 gam,
2112 3463 2168 3516 et
2199 3459 2392 3532 tetigit
2420 3461 2669 3532 petram,
2701 3458 2772 3514 de
2803 3475 2922 3531 qua
2947 3457 3103 3531 ignis
3131 3458 3292 3526 exiit,
3315 3458 3571 3516 ostendit

1923 3550 2076 3622 quod
2094 3565 2228 3604 caro
2245 3546 2499 3615 Domini,
2515 3546 2724 3620 spiritu
2742 3545 2962 3620 repleta
2978 3547 3192 3618 divino,
3200 3551 3436 3622 peccata
3451 3565 3570 3604 om-

1923 3639 2021 3695 nia
2041 3639 2310 3694 humanas
2333 3636 2686 3694 conditionis
2717 3640 3000 3694 exureret.
3023 3637 3186 3693 Unde
3209 3641 3266 3694 et
3284 3637 3570 3694 Dominus

1923 3728 2216 3798 ait,lgnem
2245 3729 2372 3784 veni
2397 3727 2610 3783 mittere
2631 3733 2834 3783 terram
2855 3725 3566 3800 (Luc.xu,li9),etczetera.»

1993 3817 2243 3873 Sanctus
2291 3814 2676 3872 nihilominus
2725 3814 2972 3887 Prosper
3007 3814 3067 3870 in
3099 3814 3247 3870 libro
3277 3815 3468 3887 primo
3499 3815 3570 3871 de

1921 3904 2235 3961 Vocatione
2266 3903 2528 3978 gentium
2580 3902 2722 3958 dicit
2752 3906 2890 3975 (cap.
2928 3902 3014 3975 19)
3048 3919 3062 3958 :
3095 3927 3124 3954 «
3152 3903 3218 3958 Et
3244 3911 3322 3972 tu,
3351 3903 3566 3975 inquit,

1918 4010 2077 4068 puer,
2106 3995 2362 4067 propheta
2388 3993 2659 4048 Altissimi
2680 3992 2954 4047 vocaberis
2975 4009 2994 4046 :
3012 3991 3242 4064 praeibis
3270 3991 3418 4046 enim
3445 3997 3572 4048 ante

1923 4085 2122 4156 faciem
2149 4083 2371 4140 Domini
2384 4097 2586 4155 parare
2607 4082 2721 4136 rias
2739 4081 2892 4154 ejus;
2921 4079 2992 4136 ad
3022 4079 3259 4136 dandam
3287 4081 3572 4136 scientiam

1925 4173 2120 4230 salutis
2141 4173 2340 4245 popqu
2372 4171 2488 4244 ejus
2528 4172 2589 4226 in
2633 4171 3009 4226 remissionem
3050 4178 3382 4242 peccatorem
3427 4171 3570 4242 ipso-

1927 4279 2054 4318 rum
2083 4281 2102 4317 :
2127 4269 2350 4334 propter
2376 4263 2582 4317 viscera
2611 4259 3009 4316 misericordiae
3033 4259 3272 4326 Domini,
3285 4261 3347 4316 in
3376 4259 3574 4333 quibus

1929 4353 2171 4410 visitavit
2195 4367 2294 4406 nos
2321 4351 2502 4408 oriens
2531 4367 2600 4406 ea:
2630 4351 2756 4418 alto,
2787 4349 2966 4405 lucere
2991 4349 3079 4404 his
3108 4351 3204 4422 qui
3231 4351 3292 4404 in
3340 4349 3576 4406 tenebris

1932 4441 2087 4498 270
2109 4447 2162 4497 et
2191 4441 2249 4496 in
2278 4440 2477 4495 umbra
2497 4440 2688 4494 mortis
2715 4437 2918 4506 sedent,
2954 4437 3024 4493 ad
3059 4437 3370 4510 dirigendos
3417 4437 3577 4512 pedes

1930 4537 2142 4587 nostros
2185 4530 2246 4584 in
2289 4529 2440 4584 viam
2479 4529 2634 4600 pacis
2687 4527 2836 4600 (Luc.
2869 4545 2909 4596 1,
2939 4529 3010 4583 76
3037 4535 3089 4585 et
3115 4527 3284 4601 seqq.)
3317 4526 3454 4601 (cap.
3485 4527 3578 4596 20)

1932 4623 2068 4674 Haec
2099 4609 2293 4675 autem
2323 4617 2549 4674 viscera
2577 4615 2988 4674 misericordiae
3017 4617 3325 4688 Dominus,
3358 4633 3474 4673 non
3507 4615 3581 4671 ad

181 4714 384 4782 peccati
423 4709 726 4768 naturalis
775 4699 1099 4768 suffocatur
1148 4702 1412 4760 assertio.
1443 4703 1825 4777 Depravatam
1859 4723 1906 4788 Ι)
1939 4709 2116 4765 unius
2145 4711 2377 4763 tantum
2396 4705 2596 4780 populi
2618 4705 3207 4781 redemptionem,sed
3226 4705 3299 4762 ad
3316 4705 3582 4762 omnium

183 4799 381 4875 quippe
399 4800 586 4876 primi
612 4794 1070 4871 transgressoris
1089 4792 1390 4849 voluntate
1412 4796 1829 4863 na‘turam,non
1940 4797 2244 4854 nationum
2275 4795 2564 4870 impendit
2587 4794 3018 4853 salutem.Dicit
3042 4792 3429 4868 Evangelista,
3445 4791 3586 4865 quia

184 4891 274 4946 tua
299 4891 569 4948 defensio
600 4887 794 4945 verbis
826 4883 1104 4942 inanibus
1143 4886 1359 4956 purgat
1402 4899 1505 4956 per
1554 4883 1838 4946 novitium
1945 4890 2098 4946 Iesus
2129 4888 2430 4944 moriturus
2458 4893 2576 4943 erat
2598 4901 2698 4958 pro
2725 4893 2904 4958 gente,
2927 4900 3039 4940 non
3067 4891 3278 4940 tantum
3292 4897 3395 4954 pro
3413 4887 3584 4953 gente,

186 4977 388 5051 dogma
415 4983 710 5046 vestrum,
740 4975 842 5032 sed
873 4973 1063 5049 gratia
1079 4972 1178 5028 Dei
1200 4989 1300 5044 per
1315 4973 1518 5028 Jesum
1541 4973 1839 5034 Christum
1947 4977 2040 5034 sed
2064 4977 2231 5034 etiam
2259 4983 2318 5031 ut
2344 4976 2488 5046 ﬁlios
2518 4975 2616 5030 Dei
2641 4974 2908 5047 dispersos
2955 4979 3299 5046 congregaret
3326 4972 3386 5026 in
3414 4985 3590 5024 unum

185 5065 496 5126 Dominum
530 5071 824 5125 nostrum.
860 5087 888 5115 ››
919 5065 990 5120 Et
1019 5063 1158 5118 item
1191 5061 1253 5116 in
1299 5061 1448 5117 libro
1497 5067 1656 5120 sexto
1701 5066 1838 5140 (cap.

189 5155 268 5228 14)
297 5175 310 5214 :
344 5181 374 5209 «
416 5159 575 5216 Unus
625 5157 775 5214 enim
817 5171 918 5228 pro
978 5152 1233 5211 omnibus
1289 5160 1536 5207 mortuus
1583 5161 1678 5222 est,
1719 5172 1844 5228 ergo

191 5260 363 5305 omnes
420 5249 639 5305 mortui
683 5252 832 5314 sunt,
884 5251 938 5300 et
976 5259 1078 5316 pro
1137 5243 1390 5299 omnibus
1445 5249 1692 5300 mortuus
1746 5253 1842 5302 est.

193 5333 300 5393 Nec
349 5336 544 5410 aliqui
593 5337 870 5408 poterunt
911 5333 1103 5388 vivere
1151 5348 1254 5404 pro
1315 5329 1529 5403 quibus
1586 5349 1701 5388 non
1757 5339 1848 5390 est

193 5429 476 5496 mortuus,
537 5424 679 5498 quia
725 5439 830 5496 pro
879 5421 1131 5478 mortuis
1182 5420 1350 5476 vivus
1405 5424 1496 5476 est
1554 5426 1844 5480 mortuus.

191 5510 312 5572 Haec
359 5531 615 5590 negans,
663 5513 760 5569 his
805 5527 1162 5586 repugnans,
1193 5511 1310 5566 ista
1359 5508 1676 5566 convellere
1724 5529 1846 5568 mo-

194 5600 355 5673 liens,
385 5602 694 5676 catholicae
726 5601 862 5658 ﬁdei
903 5600 1273 5657 munimenta
1319 5598 1598 5672 ipsosque
1646 5617 1850 5660 nervos

199 5690 567 5769 disrumpere
625 5691 970 5750 Christianis
1027 5688 1354 5762 religionis,
1398 5705 1546 5744 verae
1595 5688 1848 5763 pietatis,

205 5784 381 5844 audes
410 5785 662 5862 insuper
691 5782 884 5843 dicere
914 5781 1070 5860 quod
1097 5782 1296 5839 contra
1326 5777 1539 5854 impios
1560 5777 1711 5838 bella
1730 5797 1856 5844 sus-

1951 5069 2126 5142 (Joan.
2160 5084 2236 5136 x1,
2267 5065 2356 5134 51,
2388 5065 2501 5134 52).
2545 5064 2660 5119 Hoc
2707 5063 2864 5118 enim
2911 5064 2992 5119 ait
3035 5061 3138 5118 illa
3178 5077 3286 5117 vox
3331 5056 3587 5126 Domini,

1950 5175 2078 5230 quae
2097 5173 2199 5229 per
2213 5153 2529 5227 quamdam
2548 5151 2783 5226 pietatis
2797 5151 3001 5208 tubam
3019 5155 3138 5206 toto
3156 5153 3439 5206 terrarum
3453 5146 3592 5204 orbe

1954 5250 2261 5302 sonantem
2291 5259 2495 5298 omnes
2526 5241 2794 5297 homines
2823 5240 3030 5296 invitat
3058 5243 3116 5294 et
3135 5235 3422 5294 convenit.
3444 5235 3593 5292 Nam

1955 5352 2092 5392 cum
2139 5333 2405 5398 dixisset,
2441 5331 2704 5402 Conﬁteor
2749 5330 2866 5397 tibi,
2900 5331 3083 5397 Pater,
3126 5329 3352 5384 Domine
3396 5327 3520 5383 caeli
3546 5332 3600 5383 et

1957 5433 2138 5492 terrae,
2173 5424 2304 5496 quia
2334 5421 2664 5477 abscondisti
2692 5420 2811 5476 lare
2837 5435 2871 5474 a
2897 5419 3237 5490 sapientibus
3253 5424 3306 5474 et
3319 5415 3602 5490 prudenti-

1959 5517 2078 5580 bus,
2109 5521 2161 5570 et
2187 5512 2440 5568 revetasti
2465 5527 2530 5565 ea
2563 5509 2837 5582 parvulis.
2869 5513 2974 5577 Ita,
3005 5509 3188 5574 Pater,
3221 5509 3478 5581 qaoniam
3519 5506 3602 5561 sic

1959 5604 2354 5677 beneplacitum
2379 5607 2459 5656 est
2482 5607 2606 5656 ante
2631 5606 2698 5666 te,
2731 5597 2955 5654 addidit
2978 5613 2992 5654 :
3014 5598 3211 5654 Omnia
3229 5597 3372 5654 mihi
3395 5594 3605 5654 tradita

1957 5701 2088 5753 sunt
2113 5711 2146 5750 a
2172 5694 2337 5748 Patre
2361 5705 2497 5759 meo,
2523 5695 2580 5744 et
2599 5704 2756 5745 nemo
2791 5689 2946 5746 novit
2991 5689 3219 5756 Filium,
3249 5688 3366 5746 nisi
3409 5687 3604 5754 Pater;

1957 5799 2134 5864 neque
2163 5783 2383 5844 Patrem
2413 5779 2535 5858 quis
2557 5779 2850 5854 novit,nisi
2866 5779 3044 5842 Filius
3062 5786 3118 5842 et
3141 5779 3236 5840 cui
3259 5776 3493 5840 voluerit
3517 5773 3608 5834 Fi-
