  <div class='ocr_page' id='page_1' title='image "/cluster/home/n/w/nwhite01/storage/ocr_20150623/125/umn.31951002477418t/187.png"; bbox 0 0 4020 6448; ppageno 0'>
   <div class='ocr_carea' id='block_1_1' title="bbox 458 432 586 494">
    <p class='ocr_par' dir='ltr' id='par_1_1' title="bbox 458 432 586 494">
     <span class='ocr_line' id='line_1_1' title="bbox 458 432 586 494; baseline -0.016 0"><span class='ocrx_word' id='word_1_1' title='bbox 458 432 586 494; x_wconf 70' lang='lat'><strong><em>335</em></strong></span> 
     </span>
    </p>
   </div>
   <div class='ocr_carea' id='block_1_2' title="bbox 1397 414 2926 491">
    <p class='ocr_par' dir='ltr' id='par_1_2' title="bbox 1397 414 2926 491">
     <span class='ocr_line' id='line_1_2' title="bbox 1397 414 2926 491; baseline -0.001 -2"><span class='ocrx_word' id='word_1_2' title='bbox 1397 426 1776 491; x_wconf 79' lang='lat' dir='ltr'><strong><em>HINCMARI</em></strong></span> <span class='ocrx_word' id='word_1_3' title='bbox 1818 426 2261 490; x_wconf 68' lang='lat' dir='ltr'><strong><em>RHENENSIS</em></strong></span> <span class='ocrx_word' id='word_1_4' title='bbox 2304 414 2926 490; x_wconf 78' lang='lat' dir='ltr'><strong><em>ARCHIEPISCOPI.</em></strong></span> 
     </span>
    </p>
   </div>
   <div class='ocr_carea' id='block_1_3' title="bbox 466 538 3865 632">
    <p class='ocr_par' dir='ltr' id='par_1_3' title="bbox 466 538 3865 632">
     <span class='ocr_line' id='line_1_3' title="bbox 466 538 3865 632; baseline -0.001 -10"><span class='ocrx_word' id='word_1_5' title='bbox 466 564 578 623; x_wconf 75' lang='lat' dir='ltr'><strong><em>lius</em></strong></span> <span class='ocrx_word' id='word_1_6' title='bbox 606 562 881 632; x_wconf 67' lang='lat' dir='ltr'><strong><em>reuelare,-</em></strong></span> <span class='ocrx_word' id='word_1_7' title='bbox 906 577 974 618; x_wconf 69' lang='grc' dir='ltr'><strong><em>ιω</em></strong></span> <span class='ocrx_word' id='word_1_8' title='bbox 1002 560 1215 618; x_wconf 88' lang='lat' dir='ltr'><strong><em>deinde</em></strong></span> <span class='ocrx_word' id='word_1_9' title='bbox 1239 559 1473 632; x_wconf 82' lang='lat' dir='ltr'><strong><em>adjecit,</em></strong></span> <span class='ocrx_word' id='word_1_10' title='bbox 1494 538 1690 617; x_wconf 72' lang='lat' dir='ltr'><strong><em>Venite</em></strong></span> <span class='ocrx_word' id='word_1_11' title='bbox 1714 559 1786 616; x_wconf 86' lang='lat' dir='ltr'><strong><em>ad</em></strong></span> <span class='ocrx_word' id='word_1_12' title='bbox 1799 576 1904 630; x_wconf 88' lang='lat' dir='ltr'><strong><em>me,</em></strong></span> <span class='ocrx_word' id='word_1_13' title='bbox 1927 574 2111 617; x_wconf 87' lang='lat' dir='ltr'><strong><em>omnes</em></strong></span> <span class='ocrx_word' id='word_1_14' title='bbox 2136 558 2190 627; x_wconf 72' lang='grc' dir='ltr'><strong>Α</strong></span> <span class='ocrx_word' id='word_1_15' title='bbox 2216 563 2333 616; x_wconf 82' lang='lat' dir='ltr'><strong><em>est.</em></strong></span> <span class='ocrx_word' id='word_1_16' title='bbox 2366 561 2502 626; x_wconf 75' lang='lat' dir='ltr'><strong><em>Quae</em></strong></span> <span class='ocrx_word' id='word_1_17' title='bbox 2532 558 2690 618; x_wconf 88' lang='lat' dir='ltr'><strong><em>enim</em></strong></span> <span class='ocrx_word' id='word_1_18' title='bbox 2713 558 2870 616; x_wconf 89' lang='lat' dir='ltr'><strong><em>Deus</em></strong></span> <span class='ocrx_word' id='word_1_19' title='bbox 2896 556 3128 616; x_wconf 88' lang='lat' dir='ltr'><strong><em>occulta</em></strong></span> <span class='ocrx_word' id='word_1_20' title='bbox 3155 574 3285 616; x_wconf 87' lang='lat' dir='ltr'><strong><em>esse</em></strong></span> <span class='ocrx_word' id='word_1_21' title='bbox 3323 554 3526 629; x_wconf 87' lang='lat' dir='ltr'><strong><em>voluit,</em></strong></span> <span class='ocrx_word' id='word_1_22' title='bbox 3560 574 3681 616; x_wconf 81' lang='lat' dir='ltr'><strong><em>non</em></strong></span> <span class='ocrx_word' id='word_1_23' title='bbox 3726 565 3865 618; x_wconf 82' lang='lat' dir='ltr'><strong><em>sunt</em></strong></span> 
     </span>
    </p>
   </div>
   <div class='ocr_carea' id='block_1_4' title="bbox 459 649 2106 726">
    <p class='ocr_par' dir='ltr' id='par_1_4' title="bbox 459 649 2106 726">
     <span class='ocr_line' id='line_1_4' title="bbox 459 649 2106 726; baseline -0.004 -16"><span class='ocrx_word' id='word_1_24' title='bbox 459 654 563 726; x_wconf 82' lang='lat' dir='ltr'><strong><em>qui</em></strong></span> <span class='ocrx_word' id='word_1_25' title='bbox 588 651 849 710; x_wconf 76' lang='lat' dir='ltr'><strong><em>iaboratis</em></strong></span> <span class='ocrx_word' id='word_1_26' title='bbox 876 665 929 709; x_wconf 87' lang='lat' dir='ltr'><strong><em>et</em></strong></span> <span class='ocrx_word' id='word_1_27' title='bbox 953 650 1165 708; x_wconf 84' lang='lat' dir='ltr'><strong><em>onerati</em></strong></span> <span class='ocrx_word' id='word_1_28' title='bbox 1191 650 1339 717; x_wconf 72' lang='lat' dir='ltr'><strong><em>estis,</em></strong></span> <span class='ocrx_word' id='word_1_29' title='bbox 1373 656 1424 706; x_wconf 87' lang='lat' dir='ltr'><strong><em>et</em></strong></span> <span class='ocrx_word' id='word_1_30' title='bbox 1446 665 1542 722; x_wconf 83' lang='lat' dir='ltr'><strong><em>ego</em></strong></span> <span class='ocrx_word' id='word_1_31' title='bbox 1574 649 1815 721; x_wconf 72' lang='lat' dir='ltr'><strong><em>reﬁciam</em></strong></span> <span class='ocrx_word' id='word_1_32' title='bbox 1842 664 1953 705; x_wconf 82' lang='lat' dir='ltr'><strong><em>vos.</em></strong></span> <span class='ocrx_word' id='word_1_33' title='bbox 1990 649 2106 705; x_wconf 82' lang='lat' dir='ltr'><strong><em>Tol-</em></strong></span> 
     </span>
    </p>
   </div>
   <div class='ocr_carea' id='block_1_5' title="bbox 458 737 2106 814">
    <p class='ocr_par' dir='ltr' id='par_1_5' title="bbox 458 737 2106 814">
     <span class='ocr_line' id='line_1_5' title="bbox 458 737 2106 814; baseline -0.002 -15"><span class='ocrx_word' id='word_1_34' title='bbox 458 740 559 799; x_wconf 74' lang='lat' dir='ltr'><strong><em>lite</em></strong></span> <span class='ocrx_word' id='word_1_35' title='bbox 575 742 776 814; x_wconf 85' lang='lat' dir='ltr'><strong><em>jugum</em></strong></span> <span class='ocrx_word' id='word_1_36' title='bbox 800 756 984 797; x_wconf 85' lang='lat' dir='ltr'><strong><em>meum</em></strong></span> <span class='ocrx_word' id='word_1_37' title='bbox 1011 755 1174 813; x_wconf 87' lang='lat' dir='ltr'><strong><em>super</em></strong></span> <span class='ocrx_word' id='word_1_38' title='bbox 1201 755 1315 808; x_wconf 87' lang='lat' dir='ltr'><strong><em>vos,</em></strong></span> <span class='ocrx_word' id='word_1_39' title='bbox 1345 745 1397 795; x_wconf 89' lang='lat' dir='ltr'><strong><em>et</em></strong></span> <span class='ocrx_word' id='word_1_40' title='bbox 1420 737 1613 795; x_wconf 88' lang='lat' dir='ltr'><strong><em>discite</em></strong></span> <span class='ocrx_word' id='word_1_41' title='bbox 1631 754 1666 794; x_wconf 89' lang='lat' dir='ltr'><strong><em>a</em></strong></span> <span class='ocrx_word' id='word_1_42' title='bbox 1683 755 1771 795; x_wconf 84' lang='lat' dir='ltr'><strong><em>me</em></strong></span> <span class='ocrx_word' id='word_1_43' title='bbox 1797 740 1929 811; x_wconf 84' lang='lat' dir='ltr'><strong><em>quia</em></strong></span> <span class='ocrx_word' id='word_1_44' title='bbox 1955 739 2106 796; x_wconf 84' lang='lat' dir='ltr'><strong><em>mitis</em></strong></span> 
     </span>
    </p>
   </div>
   <div class='ocr_carea' id='block_1_6' title="bbox 456 827 2106 901">
    <p class='ocr_par' dir='ltr' id='par_1_6' title="bbox 456 827 2106 901">
     <span class='ocr_line' id='line_1_6' title="bbox 456 827 2106 901; baseline -0.002 -13"><span class='ocrx_word' id='word_1_45' title='bbox 456 847 586 888; x_wconf 83' lang='lat' dir='ltr'><strong><em>sum</em></strong></span> <span class='ocrx_word' id='word_1_46' title='bbox 612 837 665 887; x_wconf 87' lang='lat' dir='ltr'><strong><em>et</em></strong></span> <span class='ocrx_word' id='word_1_47' title='bbox 683 829 914 886; x_wconf 77' lang='lat' dir='ltr'><strong><em>humilis</em></strong></span> <span class='ocrx_word' id='word_1_48' title='bbox 940 828 1118 896; x_wconf 88' lang='lat' dir='ltr'><strong><em>corde,</em></strong></span> <span class='ocrx_word' id='word_1_49' title='bbox 1151 836 1202 886; x_wconf 87' lang='lat' dir='ltr'><strong><em>et</em></strong></span> <span class='ocrx_word' id='word_1_50' title='bbox 1227 828 1518 885; x_wconf 78' lang='lat' dir='ltr'><strong><em>invenietis</em></strong></span> <span class='ocrx_word' id='word_1_51' title='bbox 1544 829 1788 901; x_wconf 80' lang='lat' dir='ltr'><strong><em>requiem</em></strong></span> <span class='ocrx_word' id='word_1_52' title='bbox 1816 827 2106 884; x_wconf 74' lang='lat' dir='ltr'><strong><em>animabus</em></strong></span> 
     </span>
    </p>
   </div>
   <div class='ocr_carea' id='block_1_7' title="bbox 459 919 2107 994">
    <p class='ocr_par' dir='ltr' id='par_1_7' title="bbox 459 919 2107 994">
     <span class='ocr_line' id='line_1_7' title="bbox 459 919 2107 994; baseline -0.004 -16"><span class='ocrx_word' id='word_1_53' title='bbox 459 921 656 978; x_wconf 76' lang='lat' dir='ltr'><strong><em>vestris</em></strong></span> <span class='ocrx_word' id='word_1_54' title='bbox 673 919 916 994; x_wconf 87' lang='lat' dir='ltr'><strong><em>:jugum</em></strong></span> <span class='ocrx_word' id='word_1_55' title='bbox 941 919 1091 975; x_wconf 89' lang='lat' dir='ltr'><strong><em>enim</em></strong></span> <span class='ocrx_word' id='word_1_56' title='bbox 1114 933 1297 974; x_wconf 86' lang='lat' dir='ltr'><strong><em>meum</em></strong></span> <span class='ocrx_word' id='word_1_57' title='bbox 1321 933 1488 975; x_wconf 82' lang='lat' dir='ltr'><strong><em>suave</em></strong></span> <span class='ocrx_word' id='word_1_58' title='bbox 1522 924 1618 987; x_wconf 87' lang='lat' dir='ltr'><strong><em>est,</em></strong></span> <span class='ocrx_word' id='word_1_59' title='bbox 1650 924 1703 974; x_wconf 92' lang='lat' dir='ltr'><strong><em>et</em></strong></span> <span class='ocrx_word' id='word_1_60' title='bbox 1747 931 1884 973; x_wconf 86' lang='lat' dir='ltr'><strong><em>onus</em></strong></span> <span class='ocrx_word' id='word_1_61' title='bbox 1924 932 2107 973; x_wconf 84' lang='lat' dir='ltr'><strong><em>meum</em></strong></span> 
     </span>
    </p>
   </div>
   <div class='ocr_carea' id='block_1_8' title="bbox 460 1004 2105 1080">
    <p class='ocr_par' dir='ltr' id='par_1_8' title="bbox 460 1004 2105 1080">
     <span class='ocr_line' id='line_1_8' title="bbox 460 1004 2105 1080; baseline -0.004 -12"><span class='ocrx_word' id='word_1_62' title='bbox 460 1010 579 1068; x_wconf 85' lang='lat' dir='ltr'><strong><em>leue</em></strong></span> <span class='ocrx_word' id='word_1_63' title='bbox 622 1006 829 1080; x_wconf 69' lang='lat' dir='ltr'><strong><em>(Matth.</em></strong></span> <span class='ocrx_word' id='word_1_64' title='bbox 866 1022 948 1078; x_wconf 69' lang='grc' dir='ltr'><strong><em>χι,</em></strong></span> <span class='ocrx_word' id='word_1_65' title='bbox 978 1005 1199 1078; x_wconf 84' lang='lat'><strong><em>25-29).</em></strong></span> <span class='ocrx_word' id='word_1_66' title='bbox 1228 1006 1488 1064; x_wconf 81' lang='lat' dir='ltr'><strong><em>Joannes</em></strong></span> <span class='ocrx_word' id='word_1_67' title='bbox 1542 1021 1675 1063; x_wconf 88' lang='lat' dir='ltr'><strong><em>vero</em></strong></span> <span class='ocrx_word' id='word_1_68' title='bbox 1733 1005 1997 1078; x_wconf 80' lang='lat' dir='ltr'><strong><em>Baptista</em></strong></span> <span class='ocrx_word' id='word_1_69' title='bbox 2043 1004 2105 1062; x_wconf 90' lang='lat' dir='ltr'><strong><em>in</em></strong></span> 
     </span>
    </p>
   </div>
   <div class='ocr_carea' id='block_1_9' title="bbox 460 1093 2108 1171">
    <p class='ocr_par' dir='ltr' id='par_1_9' title="bbox 460 1093 2108 1171">
     <span class='ocr_line' id='line_1_9' title="bbox 460 1093 2108 1171; baseline -0.004 -15"><span class='ocrx_word' id='word_1_70' title='bbox 460 1094 774 1171; x_wconf 79' lang='lat' dir='ltr'><strong><em>Evangelia</em></strong></span> <span class='ocrx_word' id='word_1_71' title='bbox 818 1095 1066 1153; x_wconf 83' lang='lat' dir='ltr'><strong><em>Joannis</em></strong></span> <span class='ocrx_word' id='word_1_72' title='bbox 1109 1094 1447 1169; x_wconf 83' lang='lat' dir='ltr'><strong><em>prophetico</em></strong></span> <span class='ocrx_word' id='word_1_73' title='bbox 1492 1093 1703 1169; x_wconf 87' lang='lat' dir='ltr'><strong><em>spiritu</em></strong></span> <span class='ocrx_word' id='word_1_74' title='bbox 1750 1098 2108 1168; x_wconf 81' lang='lat' dir='ltr'><strong><em>protostalur</em></strong></span> 
     </span>
    </p>
   </div>
   <div class='ocr_carea' id='block_1_10' title="bbox 456 1182 2108 1258">
    <p class='ocr_par' dir='ltr' id='par_1_10' title="bbox 456 1182 2108 1258">
     <span class='ocr_line' id='line_1_10' title="bbox 456 1182 2108 1258; baseline -0.003 -13"><span class='ocrx_word' id='word_1_75' title='bbox 456 1186 702 1245; x_wconf 81' lang='lat' dir='ltr'><strong><em>dicens:</em></strong></span> <span class='ocrx_word' id='word_1_76' title='bbox 726 1185 834 1256; x_wconf 78' lang='lat' dir='ltr'><strong><em>Qui</em></strong></span> <span class='ocrx_word' id='word_1_77' title='bbox 857 1184 924 1243; x_wconf 85' lang='lat' dir='ltr'><strong><em>de</em></strong></span> <span class='ocrx_word' id='word_1_78' title='bbox 951 1184 1082 1245; x_wconf 73' lang='lat' dir='ltr'><strong><em>emta</em></strong></span> <span class='ocrx_word' id='word_1_79' title='bbox 1110 1184 1258 1242; x_wconf 66' lang='lat' dir='ltr'><strong><em>vertit</em></strong></span> <span class='ocrx_word' id='word_1_80' title='bbox 1299 1200 1464 1258; x_wconf 82' lang='lat' dir='ltr'><strong><em>super</em></strong></span> <span class='ocrx_word' id='word_1_81' title='bbox 1509 1199 1693 1242; x_wconf 73' lang='lat' dir='ltr'><strong><em>ornnes</em></strong></span> <span class='ocrx_word' id='word_1_82' title='bbox 1738 1191 1834 1253; x_wconf 86' lang='lat' dir='ltr'><strong><em>est,</em></strong></span> <span class='ocrx_word' id='word_1_83' title='bbox 1864 1190 1919 1240; x_wconf 84' lang='lat' dir='ltr'><strong><em>et</em></strong></span> <span class='ocrx_word' id='word_1_84' title='bbox 1965 1182 2108 1257; x_wconf 87' lang='lat' dir='ltr'><strong><em>quod</em></strong></span> 
     </span>
    </p>
   </div>
   <div class='ocr_carea' id='block_1_11' title="bbox 459 1273 2106 1347">
    <p class='ocr_par' dir='ltr' id='par_1_11' title="bbox 459 1273 2106 1347">
     <span class='ocr_line' id='line_1_11' title="bbox 459 1273 2106 1347; baseline -0.002 -13"><span class='ocrx_word' id='word_1_85' title='bbox 459 1276 604 1334; x_wconf 76' lang='lat' dir='ltr'><strong><em>vidit</em></strong></span> <span class='ocrx_word' id='word_1_86' title='bbox 623 1281 683 1333; x_wconf 82' lang='lat' dir='ltr'><strong><em>et</em></strong></span> <span class='ocrx_word' id='word_1_87' title='bbox 707 1274 922 1333; x_wconf 75' lang='lat' dir='ltr'><strong><em>audivit</em></strong></span> <span class='ocrx_word' id='word_1_88' title='bbox 949 1273 1052 1332; x_wconf 80' lang='lat' dir='ltr'><strong><em>hoc</em></strong></span> <span class='ocrx_word' id='word_1_89' title='bbox 1078 1281 1324 1342; x_wconf 84' lang='lat' dir='ltr'><strong><em>testatur,</em></strong></span> <span class='ocrx_word' id='word_1_90' title='bbox 1342 1281 1396 1330; x_wconf 88' lang='lat' dir='ltr'><strong><em>et</em></strong></span> <span class='ocrx_word' id='word_1_91' title='bbox 1420 1275 1790 1330; x_wconf 83' lang='lat' dir='ltr'><strong><em>testimonium</em></strong></span> <span class='ocrx_word' id='word_1_92' title='bbox 1815 1274 1932 1347; x_wconf 87' lang='lat' dir='ltr'><strong><em>ejus</em></strong></span> <span class='ocrx_word' id='word_1_93' title='bbox 1949 1287 2106 1330; x_wconf 84' lang='lat' dir='ltr'><strong><em>nemo</em></strong></span> 
     </span>
    </p>
   </div>
   <div class='ocr_carea' id='block_1_12' title="bbox 459 1362 2104 1441">
    <p class='ocr_par' dir='ltr' id='par_1_12' title="bbox 459 1362 2104 1441">
     <span class='ocr_line' id='line_1_12' title="bbox 459 1362 2104 1441; baseline -0.004 -17"><span class='ocrx_word' id='word_1_94' title='bbox 459 1366 679 1441; x_wconf 79' lang='lat' dir='ltr'><strong><em>awipit,</em></strong></span> <span class='ocrx_word' id='word_1_95' title='bbox 707 1365 806 1438; x_wconf 75' lang='lat' dir='ltr'><strong><em>qui</em></strong></span> <span class='ocrx_word' id='word_1_96' title='bbox 826 1365 1030 1437; x_wconf 79' lang='lat' dir='ltr'><strong><em>accipit</em></strong></span> <span class='ocrx_word' id='word_1_97' title='bbox 1054 1364 1428 1421; x_wconf 83' lang='lat' dir='ltr'><strong><em>testimonium</em></strong></span> <span class='ocrx_word' id='word_1_98' title='bbox 1444 1363 1561 1436; x_wconf 90' lang='lat' dir='ltr'><strong><em>ejus</em></strong></span> <span class='ocrx_word' id='word_1_99' title='bbox 1577 1363 1821 1434; x_wconf 82' lang='lat' dir='ltr'><strong><em>sig-navit</em></strong></span> <span class='ocrx_word' id='word_1_100' title='bbox 1849 1362 2104 1434; x_wconf 80' lang='lat' dir='ltr'><strong><em>quoniam</em></strong></span> 
     </span>
    </p>
   </div>
   <div class='ocr_carea' id='block_1_13' title="bbox 462 1451 2105 1526">
    <p class='ocr_par' dir='ltr' id='par_1_13' title="bbox 462 1451 2105 1526">
     <span class='ocr_line' id='line_1_13' title="bbox 462 1451 2105 1526; baseline -0.003 -14"><span class='ocrx_word' id='word_1_101' title='bbox 462 1458 617 1512; x_wconf 76' lang='lat' dir='ltr'><strong><em>Deus</em></strong></span> <span class='ocrx_word' id='word_1_102' title='bbox 666 1468 837 1512; x_wconf 65' lang='lat' dir='ltr'><strong><em>meo:</em></strong></span> <span class='ocrx_word' id='word_1_103' title='bbox 883 1461 964 1512; x_wconf 88' lang='lat' dir='ltr'><strong><em>est</em></strong></span> <span class='ocrx_word' id='word_1_104' title='bbox 1007 1453 1187 1526; x_wconf 84' lang='lat' dir='ltr'><strong><em>(Joan.</em></strong></span> <span class='ocrx_word' id='word_1_105' title='bbox 1229 1469 1315 1520; x_wconf 81' lang='grc' dir='ltr'>ιιι,</span> <span class='ocrx_word' id='word_1_106' title='bbox 1346 1451 1560 1519; x_wconf 83' lang='grc'><strong><em>31-33).</em></strong></span> <span class='ocrx_word' id='word_1_107' title='bbox 1593 1451 1780 1524; x_wconf 80' lang='lat' dir='ltr'><strong><em>Igitur</em></strong></span> <span class='ocrx_word' id='word_1_108' title='bbox 1814 1452 2105 1524; x_wconf 88' lang='lat' dir='ltr'><strong><em>quantum</em></strong></span> 
     </span>
    </p>
   </div>
   <div class='ocr_carea' id='block_1_14' title="bbox 461 1539 2104 1615">
    <p class='ocr_par' dir='ltr' id='par_1_14' title="bbox 461 1539 2104 1615">
     <span class='ocr_line' id='line_1_14' title="bbox 461 1539 2104 1615; baseline -0.004 -13"><span class='ocrx_word' id='word_1_109' title='bbox 461 1541 756 1602; x_wconf 69' lang='lat' dir='ltr'><strong><em>attinetad</em></strong></span> <span class='ocrx_word' id='word_1_110' title='bbox 776 1541 1022 1599; x_wconf 80' lang='lat' dir='ltr'><strong><em>humani</em></strong></span> <span class='ocrx_word' id='word_1_111' title='bbox 1044 1541 1274 1615; x_wconf 81' lang='lat' dir='ltr'><strong><em>generis</em></strong></span> <span class='ocrx_word' id='word_1_112' title='bbox 1295 1541 1634 1611; x_wconf 65' lang='lat' dir='ltr'><strong><em>caecitatem,</em></strong></span> <span class='ocrx_word' id='word_1_113' title='bbox 1650 1539 2104 1615; x_wconf 52' lang='lat' dir='ltr'><strong><em>longaignoran.</em></strong></span> 
     </span>
    </p>
   </div>
   <div class='ocr_carea' id='block_1_15' title="bbox 461 1629 2105 1706">
    <p class='ocr_par' dir='ltr' id='par_1_15' title="bbox 461 1629 2105 1706">
     <span class='ocr_line' id='line_1_15' title="bbox 461 1629 2105 1706; baseline -0.002 -15"><span class='ocrx_word' id='word_1_114' title='bbox 461 1633 558 1691; x_wconf 73' lang='lat' dir='ltr'><strong><em>tite</em></strong></span> <span class='ocrx_word' id='word_1_115' title='bbox 572 1636 634 1690; x_wconf 85' lang='lat' dir='ltr'><strong><em>et</em></strong></span> <span class='ocrx_word' id='word_1_116' title='bbox 654 1631 941 1706; x_wconf 75' lang='lat' dir='ltr'><strong><em>superbia:</em></strong></span> <span class='ocrx_word' id='word_1_117' title='bbox 960 1635 1129 1688; x_wconf 87' lang='lat' dir='ltr'><strong><em>nocte</em></strong></span> <span class='ocrx_word' id='word_1_118' title='bbox 1149 1635 1532 1700; x_wconf 87' lang='lat' dir='ltr'><strong><em>contractam,</em></strong></span> <span class='ocrx_word' id='word_1_119' title='bbox 1548 1629 1708 1687; x_wconf 88' lang='lat' dir='ltr'><strong><em>venit</em></strong></span> <span class='ocrx_word' id='word_1_120' title='bbox 1729 1629 1791 1686; x_wconf 91' lang='lat' dir='ltr'><strong><em>in</em></strong></span> <span class='ocrx_word' id='word_1_121' title='bbox 1814 1631 2105 1689; x_wconf 86' lang='lat' dir='ltr'><strong><em>mundum</em></strong></span> 
     </span>
    </p>
   </div>
   <div class='ocr_carea' id='block_1_16' title="bbox 459 1718 2102 1792">
    <p class='ocr_par' dir='ltr' id='par_1_16' title="bbox 459 1718 2102 1792">
     <span class='ocr_line' id='line_1_16' title="bbox 459 1718 2102 1792; baseline -0.004 -12"><span class='ocrx_word' id='word_1_122' title='bbox 459 1721 695 1780; x_wconf 87' lang='lat' dir='ltr'><strong><em>Creator</em></strong></span> <span class='ocrx_word' id='word_1_123' title='bbox 722 1721 949 1790; x_wconf 88' lang='lat' dir='ltr'><strong><em>mundi,</em></strong></span> <span class='ocrx_word' id='word_1_124' title='bbox 980 1727 1034 1778; x_wconf 88' lang='lat' dir='ltr'><strong><em>et</em></strong></span> <span class='ocrx_word' id='word_1_125' title='bbox 1058 1719 1296 1777; x_wconf 85' lang='lat' dir='ltr'><strong><em>mundus</em></strong></span> <span class='ocrx_word' id='word_1_126' title='bbox 1324 1736 1449 1777; x_wconf 87' lang='lat' dir='ltr'><strong><em>eum</em></strong></span> <span class='ocrx_word' id='word_1_127' title='bbox 1475 1735 1589 1777; x_wconf 84' lang='lat' dir='ltr'><strong><em>non</em></strong></span> <span class='ocrx_word' id='word_1_128' title='bbox 1614 1720 1862 1792; x_wconf 83' lang='lat' dir='ltr'><strong><em>cognovit</em></strong></span> <span class='ocrx_word' id='word_1_129' title='bbox 1881 1718 2102 1792; x_wconf 80' lang='lat' dir='ltr'><strong><em>(Joan.1,</em></strong></span> 
     </span>
    </p>
   </div>
   <div class='ocr_carea' id='block_1_17' title="bbox 354 1809 2107 1880">
    <p class='ocr_par' dir='ltr' id='par_1_17' title="bbox 354 1809 2107 1880">
     <span class='ocr_line' id='line_1_17' title="bbox 354 1809 2107 1880; baseline -0.001 -12"><span class='ocrx_word' id='word_1_130' title='bbox 354 1872 366 1879; x_wconf 61' lang='grc'><strong><em>,</em></strong></span> <span class='ocrx_word' id='word_1_131' title='bbox 461 1811 570 1880; x_wconf 79' lang='grc'>10).</span> <span class='ocrx_word' id='word_1_132' title='bbox 593 1811 716 1868; x_wconf 72' lang='lat' dir='ltr'><strong><em>Luse</em></strong></span> <span class='ocrx_word' id='word_1_133' title='bbox 744 1810 887 1869; x_wconf 80' lang='lat' dir='ltr'><strong><em>lueet</em></strong></span> <span class='ocrx_word' id='word_1_134' title='bbox 912 1812 974 1868; x_wconf 88' lang='lat' dir='ltr'><strong><em>in</em></strong></span> <span class='ocrx_word' id='word_1_135' title='bbox 1003 1809 1238 1868; x_wconf 77' lang='lat' dir='ltr'><strong><em>tenebris</em></strong></span> <span class='ocrx_word' id='word_1_136' title='bbox 1264 1818 1317 1871; x_wconf 86' lang='lat' dir='ltr'><strong><em>et</em></strong></span> <span class='ocrx_word' id='word_1_137' title='bbox 1360 1810 1600 1869; x_wconf 67' lang='lat' dir='ltr'><strong><em>tenebrae</em></strong></span> <span class='ocrx_word' id='word_1_138' title='bbox 1646 1824 1768 1866; x_wconf 88' lang='lat' dir='ltr'><strong><em>eam</em></strong></span> <span class='ocrx_word' id='word_1_139' title='bbox 1811 1823 1920 1866; x_wconf 87' lang='lat' dir='ltr'><strong><em>non</em></strong></span> <span class='ocrx_word' id='word_1_140' title='bbox 1968 1823 2107 1866; x_wconf 86' lang='lat' dir='ltr'><strong><em>eom-</em></strong></span> 
     </span>
    </p>
   </div>
   <div class='ocr_carea' id='block_1_18' title="bbox 2214 646 3861 722">
    <p class='ocr_par' dir='ltr' id='par_1_18' title="bbox 2214 646 3861 722">
     <span class='ocr_line' id='line_1_18' title="bbox 2214 646 3861 722; baseline 0.001 -18"><span class='ocrx_word' id='word_1_141' title='bbox 2214 649 2530 705; x_wconf 86' lang='lat' dir='ltr'><strong><em>scrutanda</em></strong></span> <span class='ocrx_word' id='word_1_142' title='bbox 2561 665 2576 704; x_wconf 87' lang='lat'><strong>:</strong></span> <span class='ocrx_word' id='word_1_143' title='bbox 2611 665 2738 722; x_wconf 60' lang='lat' dir='ltr'><strong><em>qua:</em></strong></span> <span class='ocrx_word' id='word_1_144' title='bbox 2768 651 2966 704; x_wconf 88' lang='lat' dir='ltr'><strong><em>autem</em></strong></span> <span class='ocrx_word' id='word_1_145' title='bbox 3010 646 3326 705; x_wconf 84' lang='lat' dir='ltr'><strong><em>manifesta</em></strong></span> <span class='ocrx_word' id='word_1_146' title='bbox 3365 646 3522 717; x_wconf 79' lang='lat' dir='ltr'><strong><em>fecit,</em></strong></span> <span class='ocrx_word' id='word_1_147' title='bbox 3550 664 3678 705; x_wconf 84' lang='lat' dir='ltr'><strong><em>non</em></strong></span> <span class='ocrx_word' id='word_1_148' title='bbox 3726 652 3861 706; x_wconf 88' lang='lat' dir='ltr'><strong><em>sunt</em></strong></span> 
     </span>
    </p>
   </div>
   <div class='ocr_carea' id='block_1_19' title="bbox 2215 735 3863 813">
    <p class='ocr_par' dir='ltr' id='par_1_19' title="bbox 2215 735 3863 813">
     <span class='ocr_line' id='line_1_19' title="bbox 2215 735 3863 813; baseline 0.001 -19"><span class='ocrx_word' id='word_1_149' title='bbox 2215 738 2502 812; x_wconf 88' lang='lat' dir='ltr'><strong><em>neganda.</em></strong></span> <span class='ocrx_word' id='word_1_150' title='bbox 2536 760 2566 789; x_wconf 85' lang='grc'><strong><em>››</em></strong></span> <span class='ocrx_word' id='word_1_151' title='bbox 2594 738 2665 794; x_wconf 88' lang='lat' dir='ltr'><strong><em>Et</em></strong></span> <span class='ocrx_word' id='word_1_152' title='bbox 2691 737 2832 794; x_wconf 88' lang='lat' dir='ltr'><strong><em>item</em></strong></span> <span class='ocrx_word' id='word_1_153' title='bbox 2859 739 3000 811; x_wconf 86' lang='lat' dir='ltr'><strong><em>(cap.</em></strong></span> <span class='ocrx_word' id='word_1_154' title='bbox 3029 735 3172 810; x_wconf 84' lang='lat' dir='ltr'><strong><em>eod.)</em></strong></span> <span class='ocrx_word' id='word_1_155' title='bbox 3204 753 3222 792; x_wconf 85' lang='lat'><strong>:</strong></span> <span class='ocrx_word' id='word_1_156' title='bbox 3255 759 3285 788; x_wconf 88' lang='grc'><strong><em>‹‹</em></strong></span> <span class='ocrx_word' id='word_1_157' title='bbox 3316 735 3465 794; x_wconf 88' lang='lat' dir='ltr'><strong><em>Cum</em></strong></span> <span class='ocrx_word' id='word_1_158' title='bbox 3498 736 3706 813; x_wconf 89' lang='lat' dir='ltr'><strong><em>utique</em></strong></span> <span class='ocrx_word' id='word_1_159' title='bbox 3734 753 3863 795; x_wconf 76' lang='lat' dir='ltr'><strong><em>con~</em></strong></span> 
     </span>
    </p>
   </div>
   <div class='ocr_carea' id='block_1_20' title="bbox 2213 825 3856 901">
    <p class='ocr_par' dir='ltr' id='par_1_20' title="bbox 2213 825 3856 901">
     <span class='ocr_line' id='line_1_20' title="bbox 2213 825 3856 901; baseline 0.001 -17"><span class='ocrx_word' id='word_1_160' title='bbox 2213 831 2306 884; x_wconf 89' lang='lat' dir='ltr'><strong><em>tra</em></strong></span> <span class='ocrx_word' id='word_1_161' title='bbox 2334 826 2563 885; x_wconf 78' lang='lat' dir='ltr'><strong><em>hostem</em></strong></span> <span class='ocrx_word' id='word_1_162' title='bbox 2594 843 2712 884; x_wconf 85' lang='lat' dir='ltr'><strong><em>non</em></strong></span> <span class='ocrx_word' id='word_1_163' title='bbox 2743 825 2977 900; x_wconf 84' lang='lat' dir='ltr'><strong><em>expedit</em></strong></span> <span class='ocrx_word' id='word_1_164' title='bbox 3008 825 3135 883; x_wconf 83' lang='lat' dir='ltr'><strong>sine</strong></span> <span class='ocrx_word' id='word_1_165' title='bbox 3161 828 3489 900; x_wconf 88' lang='lat' dir='ltr'><strong><em>protectore</em></strong></span> <span class='ocrx_word' id='word_1_166' title='bbox 3508 825 3856 901; x_wconf 79' lang='lat' dir='ltr'><strong><em>conﬂigere:</em></strong></span> 
     </span>
    </p>
   </div>
   <div class='ocr_carea' id='block_1_21' title="bbox 2213 914 3860 989">
    <p class='ocr_par' dir='ltr' id='par_1_21' title="bbox 2213 914 3860 989">
     <span class='ocr_line' id='line_1_21' title="bbox 2213 914 3860 989; baseline 0.001 -17"><span class='ocrx_word' id='word_1_167' title='bbox 2213 932 2349 974; x_wconf 88' lang='lat' dir='ltr'><strong><em>cum</em></strong></span> <span class='ocrx_word' id='word_1_168' title='bbox 2378 914 2480 977; x_wconf 87' lang='lat' dir='ltr'><strong><em>illo</em></strong></span> <span class='ocrx_word' id='word_1_169' title='bbox 2508 916 2667 974; x_wconf 80' lang='lat' dir='ltr'><strong><em>enim</em></strong></span> <span class='ocrx_word' id='word_1_170' title='bbox 2696 915 2874 973; x_wconf 88' lang='lat' dir='ltr'><strong><em>habet</em></strong></span> <span class='ocrx_word' id='word_1_171' title='bbox 2888 918 3210 984; x_wconf 84' lang='lat' dir='ltr'><strong><em>certamen,</em></strong></span> <span class='ocrx_word' id='word_1_172' title='bbox 3234 932 3269 972; x_wconf 90' lang='lat' dir='ltr'><strong><em>a</em></strong></span> <span class='ocrx_word' id='word_1_173' title='bbox 3291 931 3407 989; x_wconf 91' lang='lat' dir='ltr'><strong><em>quo</em></strong></span> <span class='ocrx_word' id='word_1_174' title='bbox 3431 914 3751 989; x_wconf 76' lang='lat' dir='ltr'><strong><em>aliquando</em></strong></span> <span class='ocrx_word' id='word_1_175' title='bbox 3768 932 3860 974; x_wconf 87' lang='lat' dir='ltr'><strong><em>su-</em></strong></span> 
     </span>
    </p>
   </div>
   <div class='ocr_carea' id='block_1_22' title="bbox 2212 1004 3857 1081">
    <p class='ocr_par' dir='ltr' id='par_1_22' title="bbox 2212 1004 3857 1081">
     <span class='ocr_line' id='line_1_22' title="bbox 2212 1004 3857 1081; baseline -0.001 -16"><span class='ocrx_word' id='word_1_176' title='bbox 2212 1011 2450 1081; x_wconf 87' lang='lat' dir='ltr'><strong><em>peratus</em></strong></span> <span class='ocrx_word' id='word_1_177' title='bbox 2480 1011 2588 1064; x_wconf 87' lang='lat' dir='ltr'><strong><em>est.</em></strong></span> <span class='ocrx_word' id='word_1_178' title='bbox 2620 1004 2747 1064; x_wconf 85' lang='lat' dir='ltr'><strong><em>Non</em></strong></span> <span class='ocrx_word' id='word_1_179' title='bbox 2771 1022 2909 1081; x_wconf 86' lang='lat' dir='ltr'><strong><em>ergo</em></strong></span> <span class='ocrx_word' id='word_1_180' title='bbox 2939 1006 3086 1064; x_wconf 82' lang='lat' dir='ltr'><strong><em>ﬁdat</em></strong></span> <span class='ocrx_word' id='word_1_181' title='bbox 3108 1004 3334 1062; x_wconf 89' lang='lat' dir='ltr'><strong><em>viribus</em></strong></span> <span class='ocrx_word' id='word_1_182' title='bbox 3355 1005 3503 1073; x_wconf 88' lang='lat' dir='ltr'><strong><em>suis,</em></strong></span> <span class='ocrx_word' id='word_1_183' title='bbox 3528 1021 3662 1079; x_wconf 70' lang='lat' dir='ltr'><strong><em>quae</em></strong></span> <span class='ocrx_word' id='word_1_184' title='bbox 3682 1005 3857 1063; x_wconf 74' lang='lat' dir='ltr'><strong><em>etiam</em></strong></span> 
     </span>
    </p>
   </div>
   <div class='ocr_carea' id='block_1_23' title="bbox 2212 1093 3858 1170">
    <p class='ocr_par' dir='ltr' id='par_1_23' title="bbox 2212 1093 3858 1170">
     <span class='ocr_line' id='line_1_23' title="bbox 2212 1093 3858 1170; baseline -0.001 -16"><span class='ocrx_word' id='word_1_185' title='bbox 2212 1112 2347 1154; x_wconf 86' lang='lat' dir='ltr'><strong><em>cum</em></strong></span> <span class='ocrx_word' id='word_1_186' title='bbox 2378 1099 2576 1154; x_wconf 84' lang='lat' dir='ltr'><strong><em>essent</em></strong></span> <span class='ocrx_word' id='word_1_187' title='bbox 2603 1097 2842 1170; x_wconf 76' lang='lat' dir='ltr'><strong><em>integras</em></strong></span> <span class='ocrx_word' id='word_1_188' title='bbox 2874 1113 2992 1154; x_wconf 90' lang='lat' dir='ltr'><strong><em>non</em></strong></span> <span class='ocrx_word' id='word_1_189' title='bbox 3041 1098 3356 1164; x_wconf 86' lang='lat' dir='ltr'><strong><em>steterunt,</em></strong></span> <span class='ocrx_word' id='word_1_190' title='bbox 3389 1095 3490 1152; x_wconf 83' lang='lat' dir='ltr'><strong><em>sed</em></strong></span> <span class='ocrx_word' id='word_1_191' title='bbox 3541 1111 3649 1168; x_wconf 87' lang='lat' dir='ltr'><strong><em>per</em></strong></span> <span class='ocrx_word' id='word_1_192' title='bbox 3692 1093 3858 1152; x_wconf 88' lang='lat' dir='ltr'><strong><em>illum</em></strong></span> 
     </span>
    </p>
   </div>
   <div class='ocr_carea' id='block_1_24' title="bbox 2212 1183 3862 1261">
    <p class='ocr_par' dir='ltr' id='par_1_24' title="bbox 2212 1183 3862 1261">
     <span class='ocr_line' id='line_1_24' title="bbox 2212 1183 3862 1261; baseline -0.001 -18"><span class='ocrx_word' id='word_1_193' title='bbox 2212 1189 2436 1259; x_wconf 79' lang='lat' dir='ltr'><strong><em>quaerat</em></strong></span> <span class='ocrx_word' id='word_1_194' title='bbox 2460 1184 2801 1254; x_wconf 74' lang='lat' dir='ltr'><strong><em>vindictam,</em></strong></span> <span class='ocrx_word' id='word_1_195' title='bbox 2835 1184 2938 1261; x_wconf 89' lang='lat' dir='ltr'><strong><em>qui</em></strong></span> <span class='ocrx_word' id='word_1_196' title='bbox 2960 1183 3123 1242; x_wconf 89' lang='lat' dir='ltr'><strong><em>solus</em></strong></span> <span class='ocrx_word' id='word_1_197' title='bbox 3144 1201 3263 1241; x_wconf 89' lang='lat' dir='ltr'><strong><em>non</em></strong></span> <span class='ocrx_word' id='word_1_198' title='bbox 3282 1188 3373 1242; x_wconf 86' lang='lat' dir='ltr'><strong><em>est</em></strong></span> <span class='ocrx_word' id='word_1_199' title='bbox 3390 1183 3583 1242; x_wconf 88' lang='lat' dir='ltr'><strong><em>vietus</em></strong></span> <span class='ocrx_word' id='word_1_200' title='bbox 3602 1188 3663 1242; x_wconf 86' lang='lat' dir='ltr'><strong><em>et</em></strong></span> <span class='ocrx_word' id='word_1_201' title='bbox 3682 1183 3862 1242; x_wconf 78' lang='lat' dir='ltr'><strong><em>omni-</em></strong></span> 
     </span>
    </p>
   </div>
   <div class='ocr_carea' id='block_1_25' title="bbox 2210 1272 3860 1348">
    <p class='ocr_par' dir='ltr' id='par_1_25' title="bbox 2210 1272 3860 1348">
     <span class='ocr_line' id='line_1_25' title="bbox 2210 1272 3860 1348; baseline -0.001 -16"><span class='ocrx_word' id='word_1_202' title='bbox 2210 1275 2326 1332; x_wconf 80' lang='lat' dir='ltr'><strong><em>bus</em></strong></span> <span class='ocrx_word' id='word_1_203' title='bbox 2352 1273 2492 1331; x_wconf 89' lang='lat' dir='ltr'><strong><em>vicit</em></strong></span> <span class='ocrx_word' id='word_1_204' title='bbox 2521 1291 2536 1332; x_wconf 88' lang='lat'>:</span> <span class='ocrx_word' id='word_1_205' title='bbox 2567 1278 2627 1332; x_wconf 88' lang='lat' dir='ltr'><strong><em>et</em></strong></span> <span class='ocrx_word' id='word_1_206' title='bbox 2654 1273 2705 1331; x_wconf 91' lang='lat' dir='ltr'><strong><em>si</em></strong></span> <span class='ocrx_word' id='word_1_207' title='bbox 2737 1274 2966 1348; x_wconf 68' lang='lat' dir='ltr'><strong><em>quaerit,</em></strong></span> <span class='ocrx_word' id='word_1_208' title='bbox 3001 1288 3119 1331; x_wconf 87' lang='lat' dir='ltr'><strong><em>non</em></strong></span> <span class='ocrx_word' id='word_1_209' title='bbox 3148 1273 3382 1331; x_wconf 82' lang='lat' dir='ltr'><strong><em>dubitet</em></strong></span> <span class='ocrx_word' id='word_1_210' title='bbox 3406 1273 3712 1348; x_wconf 68' lang='lat' dir='ltr'><strong><em>querendi</em></strong></span> <span class='ocrx_word' id='word_1_211' title='bbox 3734 1272 3860 1331; x_wconf 71' lang='lat' dir='ltr'><strong><em>alie-</em></strong></span> 
     </span>
    </p>
   </div>
   <div class='ocr_carea' id='block_1_26' title="bbox 2212 1360 3861 1437">
    <p class='ocr_par' dir='ltr' id='par_1_26' title="bbox 2212 1360 3861 1437">
     <span class='ocr_line' id='line_1_26' title="bbox 2212 1360 3861 1437; baseline -0.001 -16"><span class='ocrx_word' id='word_1_212' title='bbox 2212 1360 2374 1421; x_wconf 83' lang='lat' dir='ltr'><strong><em>c‘tum</em></strong></span> <span class='ocrx_word' id='word_1_213' title='bbox 2404 1362 2608 1421; x_wconf 87' lang='lat' dir='ltr'><strong><em>abillo</em></strong></span> <span class='ocrx_word' id='word_1_214' title='bbox 2632 1379 2698 1421; x_wconf 89' lang='lat' dir='ltr'><strong><em>se</em></strong></span> <span class='ocrx_word' id='word_1_215' title='bbox 2738 1361 3034 1437; x_wconf 88' lang='lat' dir='ltr'><strong><em>accepisse</em></strong></span> <span class='ocrx_word' id='word_1_216' title='bbox 3083 1378 3259 1436; x_wconf 83' lang='lat' dir='ltr'><strong><em>quem</em></strong></span> <span class='ocrx_word' id='word_1_217' title='bbox 3304 1361 3535 1437; x_wconf 70' lang='lat' dir='ltr'><strong><em>quierit,</em></strong></span> <span class='ocrx_word' id='word_1_218' title='bbox 3566 1376 3679 1420; x_wconf 85' lang='lat' dir='ltr'><strong><em>nec</em></strong></span> <span class='ocrx_word' id='word_1_219' title='bbox 3726 1361 3861 1436; x_wconf 83' lang='lat' dir='ltr'><strong><em>quia</em></strong></span> 
     </span>
    </p>
   </div>
   <div class='ocr_carea' id='block_1_27' title="bbox 2212 1448 3857 1528">
    <p class='ocr_par' dir='ltr' id='par_1_27' title="bbox 2212 1448 3857 1528">
     <span class='ocr_line' id='line_1_27' title="bbox 2212 1448 3857 1528; baseline 0 -19"><span class='ocrx_word' id='word_1_220' title='bbox 2212 1452 2432 1527; x_wconf 75' lang='lat' dir='ltr'><strong><em>Spiritu</em></strong></span> <span class='ocrx_word' id='word_1_221' title='bbox 2463 1451 2564 1510; x_wconf 90' lang='lat' dir='ltr'><strong><em>Dei</em></strong></span> <span class='ocrx_word' id='word_1_222' title='bbox 2595 1453 2809 1528; x_wconf 85' lang='lat' dir='ltr'><strong><em>agitur,</em></strong></span> <span class='ocrx_word' id='word_1_223' title='bbox 2831 1451 2964 1510; x_wconf 90' lang='lat' dir='ltr'><strong><em>ideo</em></strong></span> <span class='ocrx_word' id='word_1_224' title='bbox 2994 1468 3058 1510; x_wconf 89' lang='lat' dir='ltr'><strong><em>se</em></strong></span> <span class='ocrx_word' id='word_1_225' title='bbox 3087 1454 3252 1526; x_wconf 85' lang='lat' dir='ltr'><strong><em>putet</em></strong></span> <span class='ocrx_word' id='word_1_226' title='bbox 3272 1448 3525 1510; x_wconf 85' lang='lat' dir='ltr'><strong><em>liberum</em></strong></span> <span class='ocrx_word' id='word_1_227' title='bbox 3549 1450 3857 1510; x_wconf 84' lang='lat' dir='ltr'><strong><em>arbitrium</em></strong></span> 
     </span>
    </p>
   </div>
   <div class='ocr_carea' id='block_1_28' title="bbox 2212 1540 3858 1616">
    <p class='ocr_par' dir='ltr' id='par_1_28' title="bbox 2212 1540 3858 1616">
     <span class='ocr_line' id='line_1_28' title="bbox 2212 1540 3858 1616; baseline -0.001 -16"><span class='ocrx_word' id='word_1_228' title='bbox 2212 1559 2330 1600; x_wconf 90' lang='lat' dir='ltr'><strong><em>non</em></strong></span> <span class='ocrx_word' id='word_1_229' title='bbox 2359 1541 2595 1611; x_wconf 84' lang='lat' dir='ltr'><strong><em>habere,</em></strong></span> <span class='ocrx_word' id='word_1_230' title='bbox 2626 1543 2784 1616; x_wconf 88' lang='lat' dir='ltr'><strong><em>quod</em></strong></span> <span class='ocrx_word' id='word_1_231' title='bbox 2812 1558 2886 1598; x_wconf 90' lang='lat' dir='ltr'><strong><em>ne</em></strong></span> <span class='ocrx_word' id='word_1_232' title='bbox 2914 1545 3056 1599; x_wconf 87' lang='lat' dir='ltr'><strong><em>tunc</em></strong></span> <span class='ocrx_word' id='word_1_233' title='bbox 3087 1540 3325 1615; x_wconf 86' lang='lat' dir='ltr'><strong><em>quidem</em></strong></span> <span class='ocrx_word' id='word_1_234' title='bbox 3346 1540 3607 1615; x_wconf 81' lang='lat' dir='ltr'><strong><em>perdidit</em></strong></span> <span class='ocrx_word' id='word_1_235' title='bbox 3628 1541 3858 1615; x_wconf 85' lang='lat' dir='ltr'><strong><em>quando</em></strong></span> 
     </span>
    </p>
   </div>
   <div class='ocr_carea' id='block_1_29' title="bbox 2212 1626 3859 1704">
    <p class='ocr_par' dir='ltr' id='par_1_29' title="bbox 2212 1626 3859 1704">
     <span class='ocr_line' id='line_1_29' title="bbox 2212 1626 3859 1704; baseline -0.001 -14"><span class='ocrx_word' id='word_1_236' title='bbox 2212 1631 2427 1690; x_wconf 83' lang='lat' dir='ltr'><strong><em>diaboli</em></strong></span> <span class='ocrx_word' id='word_1_237' title='bbox 2452 1631 2739 1689; x_wconf 79' lang='lat' dir='ltr'><strong><em>voluntati</em></strong></span> <span class='ocrx_word' id='word_1_238' title='bbox 2758 1648 2824 1689; x_wconf 88' lang='lat' dir='ltr'><strong><em>se</em></strong></span> <span class='ocrx_word' id='word_1_239' title='bbox 2843 1631 3024 1699; x_wconf 85' lang='lat' dir='ltr'><strong><em>dedit,</em></strong></span> <span class='ocrx_word' id='word_1_240' title='bbox 3043 1648 3079 1688; x_wconf 86' lang='lat' dir='ltr'><strong><em>a</em></strong></span> <span class='ocrx_word' id='word_1_241' title='bbox 3092 1647 3210 1704; x_wconf 91' lang='lat' dir='ltr'><strong><em>quo</em></strong></span> <span class='ocrx_word' id='word_1_242' title='bbox 3227 1630 3525 1704; x_wconf 85' lang='lat' dir='ltr'><strong><em>judicium</em></strong></span> <span class='ocrx_word' id='word_1_243' title='bbox 3540 1626 3859 1689; x_wconf 72' lang='lat' dir='ltr'><strong><em>voluntatis</em></strong></span> 
     </span>
    </p>
   </div>
   <div class='ocr_carea' id='block_1_30' title="bbox 2212 1718 3858 1796">
    <p class='ocr_par' dir='ltr' id='par_1_30' title="bbox 2212 1718 3858 1796">
     <span class='ocr_line' id='line_1_30' title="bbox 2212 1718 3858 1796; baseline -0.001 -17"><span class='ocrx_word' id='word_1_244' title='bbox 2212 1718 2592 1796; x_wconf 80' lang='lat' dir='ltr'><strong><em>depravatum</em></strong></span> <span class='ocrx_word' id='word_1_245' title='bbox 2623 1725 2731 1792; x_wconf 89' lang='lat' dir='ltr'><strong><em>est,</em></strong></span> <span class='ocrx_word' id='word_1_246' title='bbox 2754 1738 2871 1778; x_wconf 89' lang='lat' dir='ltr'><strong><em>non</em></strong></span> <span class='ocrx_word' id='word_1_247' title='bbox 2903 1720 3189 1778; x_wconf 85' lang='lat' dir='ltr'><strong><em>ablatum.</em></strong></span> <span class='ocrx_word' id='word_1_248' title='bbox 3212 1743 3244 1774; x_wconf 76' lang='grc' dir='ltr'><strong><em>υ</em></strong></span> <span class='ocrx_word' id='word_1_249' title='bbox 3261 1718 3334 1777; x_wconf 82' lang='lat' dir='ltr'><strong><em>Et</em></strong></span> <span class='ocrx_word' id='word_1_250' title='bbox 3352 1719 3494 1778; x_wconf 86' lang='lat' dir='ltr'><strong><em>item</em></strong></span> <span class='ocrx_word' id='word_1_251' title='bbox 3512 1720 3576 1778; x_wconf 86' lang='lat' dir='ltr'><strong><em>in</em></strong></span> <span class='ocrx_word' id='word_1_252' title='bbox 3600 1721 3858 1780; x_wconf 83' lang='lat' dir='ltr'><strong><em>secundo</em></strong></span> 
     </span>
    </p>
   </div>
   <div class='ocr_carea' id='block_1_31' title="bbox 2210 1807 3856 1885">
    <p class='ocr_par' dir='ltr' id='par_1_31' title="bbox 2210 1807 3856 1885">
     <span class='ocr_line' id='line_1_31' title="bbox 2210 1807 3856 1885; baseline 0 -19"><span class='ocrx_word' id='word_1_253' title='bbox 2210 1807 2362 1868; x_wconf 89' lang='lat' dir='ltr'><strong><em>libro</em></strong></span> <span class='ocrx_word' id='word_1_254' title='bbox 2388 1814 2530 1885; x_wconf 79' lang='lat' dir='ltr'><strong><em>(cap.</em></strong></span> <span class='ocrx_word' id='word_1_255' title='bbox 2565 1810 2652 1885; x_wconf 78' lang='grc'>16)</span> <span class='ocrx_word' id='word_1_256' title='bbox 2685 1827 2699 1868; x_wconf 85' lang='lat'><strong>:</strong></span> <span class='ocrx_word' id='word_1_257' title='bbox 2736 1831 2767 1863; x_wconf 83' lang='lat'>«</span> <span class='ocrx_word' id='word_1_258' title='bbox 2790 1809 2972 1868; x_wconf 80' lang='lat' dir='ltr'><strong><em>Nulla</em></strong></span> <span class='ocrx_word' id='word_1_259' title='bbox 2998 1807 3182 1884; x_wconf 81' lang='lat' dir='ltr'><strong><em>igitur</em></strong></span> <span class='ocrx_word' id='word_1_260' title='bbox 3208 1809 3358 1867; x_wconf 84' lang='lat' dir='ltr'><strong><em>ratio</em></strong></span> <span class='ocrx_word' id='word_1_261' title='bbox 3402 1808 3723 1868; x_wconf 80' lang='lat' dir='ltr'><strong><em>dubitandi</em></strong></span> <span class='ocrx_word' id='word_1_262' title='bbox 3752 1813 3856 1882; x_wconf 85' lang='lat' dir='ltr'><strong><em>est,</em></strong></span> 
     </span>
    </p>
   </div>
   <div class='ocr_carea' id='block_1_32' title="bbox 453 1896 3859 2003">
    <p class='ocr_par' dir='ltr' id='par_1_32' title="bbox 453 1896 3859 2003">
     <span class='ocr_line' id='line_1_32' title="bbox 453 1896 3859 2003; baseline -0 -46"><span class='ocrx_word' id='word_1_263' title='bbox 882 1898 1067 2000; x_wconf 64' lang='lat' dir='ltr'><strong><em>(ibid,</em></strong></span> <span class='ocrx_word' id='word_1_264' title='bbox 1098 1900 1177 1973; x_wconf 89' lang='grc'><strong><em>5).</em></strong></span> <span class='ocrx_word' id='word_1_265' title='bbox 1210 1898 1319 1967; x_wconf 87' lang='lat' dir='ltr'><strong><em>Qui</em></strong></span> <span class='ocrx_word' id='word_1_266' title='bbox 1351 1914 1531 2003; x_wconf 73' lang='lat' dir='ltr'><strong><em>super</em></strong></span> <span class='ocrx_word' id='word_1_267' title='bbox 1571 1913 1776 1999; x_wconf 80' lang='lat' dir='ltr'><strong><em>omnes</em></strong></span> <span class='ocrx_word' id='word_1_268' title='bbox 1809 1900 1907 1999; x_wconf 71' lang='lat' dir='ltr'><strong><em>est</em></strong></span> <span class='ocrx_word' id='word_1_269' title='bbox 1949 1897 2102 1971; x_wconf 86' lang='lat' dir='ltr'><strong><em>quod</em></strong></span> <span class='ocrx_word' id='word_1_270' title='bbox 2133 1934 2182 2003; x_wconf 77' lang='grc' dir='ltr'>Β</span> <span class='ocrx_word' id='word_1_271' title='bbox 2209 1898 2414 1958; x_wconf 84' lang='lat' dir='ltr'><strong><em>Jesum</em></strong></span> <span class='ocrx_word' id='word_1_272' title='bbox 2443 1899 2743 2003; x_wconf 75' lang='lat' dir='ltr'><strong><em>Christum</em></strong></span> <span class='ocrx_word' id='word_1_273' title='bbox 2772 1899 3089 1957; x_wconf 88' lang='lat' dir='ltr'><strong><em>Dominum</em></strong></span> <span class='ocrx_word' id='word_1_274' title='bbox 3137 1902 3405 1957; x_wconf 86' lang='lat' dir='ltr'><strong><em>nostrum</em></strong></span> <span class='ocrx_word' id='word_1_275' title='bbox 3434 1915 3542 1973; x_wconf 85' lang='lat' dir='ltr'><strong><em>pro</em></strong></span> <span class='ocrx_word' id='word_1_276' title='bbox 3572 1896 3778 2003; x_wconf 65' lang='lat' dir='ltr'><strong><em>impiis</em></strong></span> <span class='ocrx_word' id='word_1_277' title='bbox 3800 1901 3859 2003; x_wconf 76' lang='lat' dir='ltr'><strong><em>et</em></strong></span> 
     </span>
    </p>
   </div>
   <div class='ocr_carea' id='block_1_33' title="bbox 455 1985 2103 2059">
    <p class='ocr_par' dir='ltr' id='par_1_33' title="bbox 455 1985 2103 2059">
     <span class='ocr_line' id='line_1_33' title="bbox 455 1985 2103 2059; baseline -0.002 -13"><span class='ocrx_word' id='word_1_278' title='bbox 455 1988 604 2047; x_wconf 83' lang='lat' dir='ltr'><strong><em>vidit</em></strong></span> <span class='ocrx_word' id='word_1_279' title='bbox 628 1992 690 2047; x_wconf 89' lang='lat' dir='ltr'><strong><em>et</em></strong></span> <span class='ocrx_word' id='word_1_280' title='bbox 717 1987 939 2046; x_wconf 84' lang='lat' dir='ltr'><strong><em>audivit</em></strong></span> <span class='ocrx_word' id='word_1_281' title='bbox 958 1992 1227 2057; x_wconf 86' lang='lat' dir='ltr'><strong><em>testatur,</em></strong></span> <span class='ocrx_word' id='word_1_282' title='bbox 1259 1992 1317 2045; x_wconf 89' lang='lat' dir='ltr'><strong><em>et</em></strong></span> <span class='ocrx_word' id='word_1_283' title='bbox 1336 1985 1740 2044; x_wconf 88' lang='lat' dir='ltr'><strong><em>testimonium</em></strong></span> <span class='ocrx_word' id='word_1_284' title='bbox 1771 1987 1902 2059; x_wconf 84' lang='lat' dir='ltr'><strong><em>ejus</em></strong></span> <span class='ocrx_word' id='word_1_285' title='bbox 1929 2002 2103 2043; x_wconf 88' lang='lat' dir='ltr'><strong><em>nemo</em></strong></span> 
     </span>
    </p>
   </div>
   <div class='ocr_carea' id='block_1_34' title="bbox 461 2073 2106 2152">
    <p class='ocr_par' dir='ltr' id='par_1_34' title="bbox 461 2073 2106 2152">
     <span class='ocr_line' id='line_1_34' title="bbox 461 2073 2106 2152; baseline -0.002 -17"><span class='ocrx_word' id='word_1_286' title='bbox 461 2075 695 2152; x_wconf 81' lang='lat' dir='ltr'><strong><em>accipit.</em></strong></span> <span class='ocrx_word' id='word_1_287' title='bbox 716 2077 831 2135; x_wconf 87' lang='lat' dir='ltr'><strong><em>Sed</em></strong></span> <span class='ocrx_word' id='word_1_288' title='bbox 853 2076 994 2150; x_wconf 87' lang='lat' dir='ltr'><strong><em>quia</em></strong></span> <span class='ocrx_word' id='word_1_289' title='bbox 1023 2094 1140 2134; x_wconf 92' lang='lat' dir='ltr'><strong><em>non</em></strong></span> <span class='ocrx_word' id='word_1_290' title='bbox 1170 2077 1392 2134; x_wconf 77' lang='lat' dir='ltr'><strong><em>frustra</em></strong></span> <span class='ocrx_word' id='word_1_291' title='bbox 1419 2077 1574 2134; x_wconf 86' lang='lat' dir='ltr'><strong><em>Deus</em></strong></span> <span class='ocrx_word' id='word_1_292' title='bbox 1604 2075 1707 2132; x_wconf 87' lang='lat' dir='ltr'><strong><em>Dei</em></strong></span> <span class='ocrx_word' id='word_1_293' title='bbox 1737 2073 1920 2132; x_wconf 90' lang='lat' dir='ltr'><strong><em>Filius</em></strong></span> <span class='ocrx_word' id='word_1_294' title='bbox 1946 2075 2106 2132; x_wconf 87' lang='lat' dir='ltr'><strong><em>venit</em></strong></span> 
     </span>
    </p>
   </div>
   <div class='ocr_carea' id='block_1_35' title="bbox 459 2162 2106 2240">
    <p class='ocr_par' dir='ltr' id='par_1_35' title="bbox 459 2162 2106 2240">
     <span class='ocr_line' id='line_1_35' title="bbox 459 2162 2106 2240; baseline -0.001 -16"><span class='ocrx_word' id='word_1_295' title='bbox 459 2166 522 2225; x_wconf 88' lang='lat' dir='ltr'><strong><em>in</em></strong></span> <span class='ocrx_word' id='word_1_296' title='bbox 551 2166 867 2237; x_wconf 85' lang='lat' dir='ltr'><strong><em>mundum,</em></strong></span> <span class='ocrx_word' id='word_1_297' title='bbox 894 2171 953 2223; x_wconf 88' lang='lat' dir='ltr'><strong><em>et</em></strong></span> <span class='ocrx_word' id='word_1_298' title='bbox 978 2166 1142 2223; x_wconf 89' lang='lat' dir='ltr'><strong><em>dedit</em></strong></span> <span class='ocrx_word' id='word_1_299' title='bbox 1169 2167 1552 2240; x_wconf 87' lang='lat' dir='ltr'><strong><em>semetipsum</em></strong></span> <span class='ocrx_word' id='word_1_300' title='bbox 1585 2181 1688 2238; x_wconf 85' lang='lat' dir='ltr'><strong><em>pro</em></strong></span> <span class='ocrx_word' id='word_1_301' title='bbox 1718 2162 2015 2232; x_wconf 89' lang='lat' dir='ltr'><strong><em>omnibus,</em></strong></span> <span class='ocrx_word' id='word_1_302' title='bbox 2047 2166 2106 2222; x_wconf 82' lang='lat' dir='ltr'><strong><em>et</em></strong></span> 
     </span>
    </p>
   </div>
   <div class='ocr_carea' id='block_1_36' title="bbox 459 2255 2103 2330">
    <p class='ocr_par' dir='ltr' id='par_1_36' title="bbox 459 2255 2103 2330">
     <span class='ocr_line' id='line_1_36' title="bbox 459 2255 2103 2330; baseline -0.002 -17"><span class='ocrx_word' id='word_1_303' title='bbox 459 2259 595 2330; x_wconf 88' lang='lat' dir='ltr'><strong><em>post</em></strong></span> <span class='ocrx_word' id='word_1_304' title='bbox 617 2258 888 2315; x_wconf 81' lang='lat' dir='ltr'><strong><em>mortuus</em></strong></span> <span class='ocrx_word' id='word_1_305' title='bbox 915 2256 1026 2324; x_wconf 88' lang='lat' dir='ltr'><strong><em>est,</em></strong></span> <span class='ocrx_word' id='word_1_306' title='bbox 1051 2273 1166 2314; x_wconf 90' lang='lat' dir='ltr'><strong><em>non</em></strong></span> <span class='ocrx_word' id='word_1_307' title='bbox 1195 2265 1426 2314; x_wconf 84' lang='lat' dir='ltr'><strong><em>tantum</em></strong></span> <span class='ocrx_word' id='word_1_308' title='bbox 1450 2272 1562 2330; x_wconf 78' lang='lat' dir='ltr'><strong><em>pro</em></strong></span> <span class='ocrx_word' id='word_1_309' title='bbox 1589 2263 1774 2326; x_wconf 86' lang='lat' dir='ltr'><strong><em>gente,</em></strong></span> <span class='ocrx_word' id='word_1_310' title='bbox 1795 2255 1901 2312; x_wconf 86' lang='lat' dir='ltr'><strong><em>sed</em></strong></span> <span class='ocrx_word' id='word_1_311' title='bbox 1925 2255 2103 2312; x_wconf 83' lang='lat' dir='ltr'><strong><em>etiam</em></strong></span> 
     </span>
    </p>
   </div>
   <div class='ocr_carea' id='block_1_37' title="bbox 457 2343 2108 2420">
    <p class='ocr_par' dir='ltr' id='par_1_37' title="bbox 457 2343 2108 2420">
     <span class='ocr_line' id='line_1_37' title="bbox 457 2343 2108 2420; baseline -0.001 -18"><span class='ocrx_word' id='word_1_312' title='bbox 457 2350 522 2402; x_wconf 77' lang='lat' dir='ltr'><strong><em>ut</em></strong></span> <span class='ocrx_word' id='word_1_313' title='bbox 549 2343 711 2416; x_wconf 78' lang='lat' dir='ltr'><strong><em>ﬁlios</em></strong></span> <span class='ocrx_word' id='word_1_314' title='bbox 740 2346 851 2402; x_wconf 86' lang='lat' dir='ltr'><strong><em>Dei</em></strong></span> <span class='ocrx_word' id='word_1_315' title='bbox 871 2344 1166 2418; x_wconf 78' lang='lat' dir='ltr'><strong><em>dispersos</em></strong></span> <span class='ocrx_word' id='word_1_316' title='bbox 1193 2353 1581 2420; x_wconf 79' lang='lat' dir='ltr'><strong><em>congregaret</em></strong></span> <span class='ocrx_word' id='word_1_317' title='bbox 1610 2345 1674 2401; x_wconf 86' lang='lat' dir='ltr'><strong><em>in</em></strong></span> <span class='ocrx_word' id='word_1_318' title='bbox 1703 2360 1882 2401; x_wconf 84' lang='lat' dir='ltr'><strong><em>unum</em></strong></span> <span class='ocrx_word' id='word_1_319' title='bbox 1900 2349 1959 2402; x_wconf 89' lang='lat' dir='ltr'><strong><em>et</em></strong></span> <span class='ocrx_word' id='word_1_320' title='bbox 1979 2344 2108 2402; x_wconf 89' lang='lat' dir='ltr'><strong><em>uni-</em></strong></span> 
     </span>
    </p>
   </div>
   <div class='ocr_carea' id='block_1_38' title="bbox 349 2433 2105 2509">
    <p class='ocr_par' dir='ltr' id='par_1_38' title="bbox 349 2433 2105 2509">
     <span class='ocr_line' id='line_1_38' title="bbox 349 2433 2105 2509; baseline 0 -17"><span class='ocrx_word' id='word_1_321' title='bbox 349 2487 365 2501; x_wconf 85' lang='grc'><strong><em>,</em></strong></span> <span class='ocrx_word' id='word_1_322' title='bbox 455 2433 1120 2504; x_wconf 78' lang='lat' dir='ltr'><strong><em>versisdicit,Venitead</em></strong></span> <span class='ocrx_word' id='word_1_323' title='bbox 1137 2451 1452 2506; x_wconf 85' lang='lat' dir='ltr'><strong><em>me,omnes</em></strong></span> <span class='ocrx_word' id='word_1_324' title='bbox 1468 2436 1575 2509; x_wconf 87' lang='lat' dir='ltr'><strong><em>qui</em></strong></span> <span class='ocrx_word' id='word_1_325' title='bbox 1593 2433 1881 2492; x_wconf 78' lang='lat' dir='ltr'><strong><em>laboratis</em></strong></span> <span class='ocrx_word' id='word_1_326' title='bbox 1900 2442 1958 2492; x_wconf 86' lang='lat' dir='ltr'><strong><em>et</em></strong></span> <span class='ocrx_word' id='word_1_327' title='bbox 1974 2450 2105 2492; x_wconf 81' lang='lat' dir='ltr'><strong><em>one-</em></strong></span> 
     </span>
    </p>
   </div>
   <div class='ocr_carea' id='block_1_39' title="bbox 457 2521 2102 2598">
    <p class='ocr_par' dir='ltr' id='par_1_39' title="bbox 457 2521 2102 2598">
     <span class='ocr_line' id='line_1_39' title="bbox 457 2521 2102 2598; baseline 0.001 -18"><span class='ocrx_word' id='word_1_328' title='bbox 457 2525 582 2580; x_wconf 80' lang='lat' dir='ltr'><strong><em>rati</em></strong></span> <span class='ocrx_word' id='word_1_329' title='bbox 608 2523 768 2592; x_wconf 82' lang='lat' dir='ltr'><strong><em>estis,</em></strong></span> <span class='ocrx_word' id='word_1_330' title='bbox 799 2526 876 2596; x_wconf 88' lang='lat' dir='ltr'><strong><em>et,</em></strong></span> <span class='ocrx_word' id='word_1_331' title='bbox 910 2528 1138 2581; x_wconf 87' lang='lat' dir='ltr'><strong><em>servato</em></strong></span> <span class='ocrx_word' id='word_1_332' title='bbox 1175 2522 1287 2580; x_wconf 86' lang='lat' dir='ltr'><strong><em>sibi</em></strong></span> <span class='ocrx_word' id='word_1_333' title='bbox 1334 2521 1813 2598; x_wconf 87' lang='lat' dir='ltr'><strong><em>incognoscibilis</em></strong></span> <span class='ocrx_word' id='word_1_334' title='bbox 1860 2522 2102 2582; x_wconf 86' lang='lat' dir='ltr'><strong><em>arbitrio</em></strong></span> 
     </span>
    </p>
   </div>
   <div class='ocr_carea' id='block_1_40' title="bbox 457 2610 2102 2686">
    <p class='ocr_par' dir='ltr' id='par_1_40' title="bbox 457 2610 2102 2686">
     <span class='ocr_line' id='line_1_40' title="bbox 457 2610 2102 2686; baseline 0.001 -17"><span class='ocrx_word' id='word_1_335' title='bbox 457 2610 890 2683; x_wconf 77' lang='lat' dir='ltr'><strong><em>electionis,dat</em></strong></span> <span class='ocrx_word' id='word_1_336' title='bbox 909 2611 1001 2669; x_wconf 87' lang='lat' dir='ltr'><strong><em>sui</em></strong></span> <span class='ocrx_word' id='word_1_337' title='bbox 1023 2610 1211 2670; x_wconf 85' lang='lat' dir='ltr'><strong><em>Patris</em></strong></span> <span class='ocrx_word' id='word_1_338' title='bbox 1230 2611 1496 2670; x_wconf 84' lang='lat' dir='ltr'><strong><em>notitiam</em></strong></span> <span class='ocrx_word' id='word_1_339' title='bbox 1518 2613 1736 2686; x_wconf 88' lang='lat' dir='ltr'><strong><em>quibus</em></strong></span> <span class='ocrx_word' id='word_1_340' title='bbox 1755 2628 1886 2669; x_wconf 89' lang='lat' dir='ltr'><strong><em>eam</em></strong></span> <span class='ocrx_word' id='word_1_341' title='bbox 1903 2611 2102 2670; x_wconf 84' lang='lat' dir='ltr'><strong><em>volue-</em></strong></span> 
     </span>
    </p>
   </div>
   <div class='ocr_carea' id='block_1_41' title="bbox 458 2699 2101 2775">
    <p class='ocr_par' dir='ltr' id='par_1_41' title="bbox 458 2699 2101 2775">
     <span class='ocr_line' id='line_1_41' title="bbox 458 2699 2101 2775; baseline -0.001 -18"><span class='ocrx_word' id='word_1_342' title='bbox 458 2701 535 2758; x_wconf 86' lang='lat' dir='ltr'><strong><em>rit</em></strong></span> <span class='ocrx_word' id='word_1_343' title='bbox 552 2699 836 2758; x_wconf 83' lang='lat' dir='ltr'><strong><em>revelare:</em></strong></span> <span class='ocrx_word' id='word_1_344' title='bbox 862 2717 1071 2761; x_wconf 85' lang='lat' dir='ltr'><strong><em>omnes</em></strong></span> <span class='ocrx_word' id='word_1_345' title='bbox 1092 2701 1196 2758; x_wconf 78' lang='lat' dir='ltr'><strong><em>filii</em></strong></span> <span class='ocrx_word' id='word_1_346' title='bbox 1228 2700 1399 2769; x_wconf 87' lang='lat' dir='ltr'><strong><em>lucis,</em></strong></span> <span class='ocrx_word' id='word_1_347' title='bbox 1423 2700 1530 2757; x_wconf 86' lang='lat' dir='ltr'><strong><em>ﬁlii</em></strong></span> <span class='ocrx_word' id='word_1_348' title='bbox 1561 2700 2101 2775; x_wconf 81' lang='lat' dir='ltr'><strong><em>promissionis,ﬁlii</em></strong></span> 
     </span>
    </p>
   </div>
   <div class='ocr_carea' id='block_1_42' title="bbox 451 2788 2098 2865">
    <p class='ocr_par' dir='ltr' id='par_1_42' title="bbox 451 2788 2098 2865">
     <span class='ocr_line' id='line_1_42' title="bbox 451 2788 2098 2865; baseline 0.001 -20"><span class='ocrx_word' id='word_1_349' title='bbox 451 2789 717 2860; x_wconf 71' lang='lat' dir='ltr'><strong><em>Abrahae,</em></strong></span> <span class='ocrx_word' id='word_1_350' title='bbox 734 2789 841 2845; x_wconf 78' lang='lat' dir='ltr'><strong><em>ﬁlii</em></strong></span> <span class='ocrx_word' id='word_1_351' title='bbox 862 2790 1181 2865; x_wconf 87' lang='lat' dir='ltr'><strong><em>Dei,genus</em></strong></span> <span class='ocrx_word' id='word_1_352' title='bbox 1196 2789 1667 2864; x_wconf 86' lang='lat' dir='ltr'><strong><em>clectum,regale</em></strong></span> <span class='ocrx_word' id='word_1_353' title='bbox 1683 2788 2098 2859; x_wconf 86' lang='lat' dir='ltr'><strong><em>sacerdotium,</em></strong></span> 
     </span>
    </p>
   </div>
   <div class='ocr_carea' id='block_1_43' title="bbox 448 2877 2101 2954">
    <p class='ocr_par' dir='ltr' id='par_1_43' title="bbox 448 2877 2101 2954">
     <span class='ocr_line' id='line_1_43' title="bbox 448 2877 2101 2954; baseline 0.001 -19"><span class='ocrx_word' id='word_1_354' title='bbox 448 2877 559 2935; x_wconf 80' lang='lat' dir='ltr'><strong><em>viri</em></strong></span> <span class='ocrx_word' id='word_1_355' title='bbox 588 2877 866 2937; x_wconf 63' lang='lat' dir='ltr'><strong><em>Israelita:</em></strong></span> <span class='ocrx_word' id='word_1_356' title='bbox 894 2878 1232 2954; x_wconf 64' lang='lat' dir='ltr'><strong><em>praecogniti</em></strong></span> <span class='ocrx_word' id='word_1_357' title='bbox 1261 2883 1321 2936; x_wconf 89' lang='lat' dir='ltr'><strong><em>et</em></strong></span> <span class='ocrx_word' id='word_1_358' title='bbox 1348 2878 1720 2952; x_wconf 67' lang='lat' dir='ltr'><strong><em>prmordinati</em></strong></span> <span class='ocrx_word' id='word_1_359' title='bbox 1748 2879 1820 2936; x_wconf 90' lang='lat' dir='ltr'><strong><em>ad</em></strong></span> <span class='ocrx_word' id='word_1_360' title='bbox 1852 2894 2101 2953; x_wconf 83' lang='lat' dir='ltr'><strong><em>regnum</em></strong></span> 
     </span>
    </p>
   </div>
   <div class='ocr_carea' id='block_1_44' title="bbox 453 2966 2101 3041">
    <p class='ocr_par' dir='ltr' id='par_1_44' title="bbox 453 2966 2101 3041">
     <span class='ocr_line' id='line_1_44' title="bbox 453 2966 2101 3041; baseline 0.001 -17"><span class='ocrx_word' id='word_1_361' title='bbox 453 2966 579 3038; x_wconf 73' lang='lat' dir='ltr'><strong><em>Del,</em></strong></span> <span class='ocrx_word' id='word_1_362' title='bbox 610 2966 712 3041; x_wconf 87' lang='lat' dir='ltr'><strong><em>qui</em></strong></span> <span class='ocrx_word' id='word_1_363' title='bbox 738 2984 842 3025; x_wconf 85' lang='lat' dir='ltr'><strong><em>eos</em></strong></span> <span class='ocrx_word' id='word_1_364' title='bbox 868 2967 1094 3025; x_wconf 86' lang='lat' dir='ltr'><strong><em>vocavit</em></strong></span> <span class='ocrx_word' id='word_1_365' title='bbox 1113 2983 1231 3024; x_wconf 91' lang='lat' dir='ltr'><strong><em>non</em></strong></span> <span class='ocrx_word' id='word_1_366' title='bbox 1250 2966 1447 3025; x_wconf 88' lang='lat' dir='ltr'><strong><em>solum</em></strong></span> <span class='ocrx_word' id='word_1_367' title='bbox 1468 2984 1538 3024; x_wconf 83' lang='lat' dir='ltr'><strong><em>cx</em></strong></span> <span class='ocrx_word' id='word_1_368' title='bbox 1552 2966 1905 3037; x_wconf 70' lang='lat' dir='ltr'><strong><em>Judaais,scd</em></strong></span> <span class='ocrx_word' id='word_1_369' title='bbox 1924 2966 2101 3026; x_wconf 86' lang='lat' dir='ltr'><strong><em>etiam</em></strong></span> 
     </span>
    </p>
   </div>
   <div class='ocr_carea' id='block_1_45' title="bbox 456 3055 2104 3132">
    <p class='ocr_par' dir='ltr' id='par_1_45' title="bbox 456 3055 2104 3132">
     <span class='ocr_line' id='line_1_45' title="bbox 456 3055 2104 3132; baseline 0 -18"><span class='ocrx_word' id='word_1_370' title='bbox 456 3071 528 3114; x_wconf 67' lang='lat' dir='ltr'><strong><em>es</em></strong></span> <span class='ocrx_word' id='word_1_371' title='bbox 551 3055 829 3132; x_wconf 73' lang='lat' dir='ltr'><strong><em>gentibus</em></strong></span> <span class='ocrx_word' id='word_1_372' title='bbox 858 3056 1032 3128; x_wconf 82' lang='lat' dir='ltr'><strong><em>(Rom.</em></strong></span> <span class='ocrx_word' id='word_1_373' title='bbox 1066 3074 1144 3128; x_wconf 72' lang='grc' dir='ltr'><strong><em>ιχ,</em></strong></span> <span class='ocrx_word' id='word_1_374' title='bbox 1163 3058 1278 3128; x_wconf 88' lang='grc'>24),</span> <span class='ocrx_word' id='word_1_375' title='bbox 1298 3055 1704 3115; x_wconf 86' lang='lat' dir='ltr'><strong><em>testimonium</em></strong></span> <span class='ocrx_word' id='word_1_376' title='bbox 1735 3057 1867 3130; x_wconf 85' lang='lat' dir='ltr'><strong><em>ejus</em></strong></span> <span class='ocrx_word' id='word_1_377' title='bbox 1898 3057 1999 3131; x_wconf 91' lang='lat' dir='ltr'><strong><em>qui</em></strong></span> <span class='ocrx_word' id='word_1_378' title='bbox 2030 3058 2104 3115; x_wconf 88' lang='lat' dir='ltr'><strong><em>de</em></strong></span> 
     </span>
    </p>
   </div>
   <div class='ocr_carea' id='block_1_46' title="bbox 457 3144 2099 3221">
    <p class='ocr_par' dir='ltr' id='par_1_46' title="bbox 457 3144 2099 3221">
     <span class='ocr_line' id='line_1_46' title="bbox 457 3144 2099 3221; baseline -0.001 -17"><span class='ocrx_word' id='word_1_379' title='bbox 457 3144 603 3204; x_wconf 59' lang='lat' dir='ltr'><strong><em>caelo</em></strong></span> <span class='ocrx_word' id='word_1_380' title='bbox 629 3145 792 3204; x_wconf 83' lang='lat' dir='ltr'><strong><em>venit</em></strong></span> <span class='ocrx_word' id='word_1_381' title='bbox 808 3145 1126 3220; x_wconf 87' lang='lat' dir='ltr'><strong><em>accipiunt,</em></strong></span> <span class='ocrx_word' id='word_1_382' title='bbox 1141 3145 1442 3221; x_wconf 85' lang='lat' dir='ltr'><strong><em>signantes</em></strong></span> <span class='ocrx_word' id='word_1_383' title='bbox 1462 3146 1602 3220; x_wconf 86' lang='lat' dir='ltr'><strong><em>quia</em></strong></span> <span class='ocrx_word' id='word_1_384' title='bbox 1620 3146 1775 3207; x_wconf 86' lang='lat' dir='ltr'><strong><em>Deus</em></strong></span> <span class='ocrx_word' id='word_1_385' title='bbox 1795 3163 1969 3204; x_wconf 83' lang='lat' dir='ltr'><strong><em>verax</em></strong></span> <span class='ocrx_word' id='word_1_386' title='bbox 1988 3151 2099 3217; x_wconf 86' lang='lat' dir='ltr'><strong><em>est,</em></strong></span> 
     </span>
    </p>
   </div>
   <div class='ocr_carea' id='block_1_47' title="bbox 457 3234 2104 3310">
    <p class='ocr_par' dir='ltr' id='par_1_47' title="bbox 457 3234 2104 3310">
     <span class='ocr_line' id='line_1_47' title="bbox 457 3234 2104 3310; baseline 0.002 -19"><span class='ocrx_word' id='word_1_387' title='bbox 457 3235 518 3292; x_wconf 90' lang='lat' dir='ltr'><strong><em>id</em></strong></span> <span class='ocrx_word' id='word_1_388' title='bbox 546 3237 660 3304; x_wconf 85' lang='lat' dir='ltr'><strong><em>est,</em></strong></span> <span class='ocrx_word' id='word_1_389' title='bbox 690 3250 963 3308; x_wconf 81' lang='lat' dir='ltr'><strong><em>expresse</em></strong></span> <span class='ocrx_word' id='word_1_390' title='bbox 992 3235 1395 3309; x_wconf 81' lang='lat' dir='ltr'><strong><em>signiﬁcantes</em></strong></span> <span class='ocrx_word' id='word_1_391' title='bbox 1415 3235 1477 3292; x_wconf 91' lang='lat' dir='ltr'><strong><em>in</em></strong></span> <span class='ocrx_word' id='word_1_392' title='bbox 1499 3235 1589 3292; x_wconf 90' lang='lat' dir='ltr'><strong><em>sui</em></strong></span> <span class='ocrx_word' id='word_1_393' title='bbox 1612 3234 2104 3310; x_wconf 83' lang='lat' dir='ltr'><strong><em>salvatione,quo-</em></strong></span> 
     </span>
    </p>
   </div>
   <div class='ocr_carea' id='block_1_48' title="bbox 2212 1986 3860 2065">
    <p class='ocr_par' dir='ltr' id='par_1_48' title="bbox 2212 1986 3860 2065">
     <span class='ocr_line' id='line_1_48' title="bbox 2212 1986 3860 2065; baseline -0.001 -19"><span class='ocrx_word' id='word_1_394' title='bbox 2212 1989 2614 2062; x_wconf 88' lang='lat' dir='ltr'><strong><em>peccatoribus</em></strong></span> <span class='ocrx_word' id='word_1_395' title='bbox 2637 1994 3006 2058; x_wconf 88' lang='lat' dir='ltr'><strong><em>mortuum,a</em></strong></span> <span class='ocrx_word' id='word_1_396' title='bbox 3029 2004 3280 2062; x_wconf 85' lang='lat' dir='ltr'><strong><em>quorum</em></strong></span> <span class='ocrx_word' id='word_1_397' title='bbox 3305 2003 3552 2046; x_wconf 86' lang='lat' dir='ltr'><strong><em>numero</em></strong></span> <span class='ocrx_word' id='word_1_398' title='bbox 3574 1987 3627 2047; x_wconf 88' lang='lat' dir='ltr'><strong><em>si</em></strong></span> <span class='ocrx_word' id='word_1_399' title='bbox 3650 1986 3860 2065; x_wconf 81' lang='lat' dir='ltr'><strong><em>aliquis</em></strong></span> 
     </span>
    </p>
   </div>
   <div class='ocr_carea' id='block_1_49' title="bbox 2211 2077 3862 2152">
    <p class='ocr_par' dir='ltr' id='par_1_49' title="bbox 2211 2077 3862 2152">
     <span class='ocr_line' id='line_1_49' title="bbox 2211 2077 3862 2152; baseline 0.001 -18"><span class='ocrx_word' id='word_1_400' title='bbox 2211 2077 2361 2134; x_wconf 85' lang='lat' dir='ltr'><strong><em>liber</em></strong></span> <span class='ocrx_word' id='word_1_401' title='bbox 2382 2078 2657 2136; x_wconf 86' lang='lat' dir='ltr'><strong><em>inventus</em></strong></span> <span class='ocrx_word' id='word_1_402' title='bbox 2685 2083 2794 2146; x_wconf 86' lang='lat' dir='ltr'><strong><em>est,</em></strong></span> <span class='ocrx_word' id='word_1_403' title='bbox 2827 2094 2945 2135; x_wconf 90' lang='lat' dir='ltr'><strong><em>non</em></strong></span> <span class='ocrx_word' id='word_1_404' title='bbox 2985 2082 3074 2135; x_wconf 89' lang='lat' dir='ltr'><strong><em>est</em></strong></span> <span class='ocrx_word' id='word_1_405' title='bbox 3122 2094 3226 2152; x_wconf 87' lang='lat' dir='ltr'><strong><em>pro</em></strong></span> <span class='ocrx_word' id='word_1_406' title='bbox 3270 2077 3546 2135; x_wconf 86' lang='lat' dir='ltr'><strong><em>omnibus</em></strong></span> <span class='ocrx_word' id='word_1_407' title='bbox 3593 2080 3862 2135; x_wconf 86' lang='lat' dir='ltr'><strong><em>mortuus</em></strong></span> 
     </span>
    </p>
   </div>
   <div class='ocr_carea' id='block_1_50' title="bbox 2211 2166 3859 2241">
    <p class='ocr_par' dir='ltr' id='par_1_50' title="bbox 2211 2166 3859 2241">
     <span class='ocr_line' id='line_1_50' title="bbox 2211 2166 3859 2241; baseline 0 -18"><span class='ocrx_word' id='word_1_408' title='bbox 2211 2166 2499 2224; x_wconf 84' lang='lat' dir='ltr'><strong><em>Christus.</em></strong></span> <span class='ocrx_word' id='word_1_409' title='bbox 2530 2167 2645 2224; x_wconf 87' lang='lat' dir='ltr'><strong><em>Sed</em></strong></span> <span class='ocrx_word' id='word_1_410' title='bbox 2678 2184 2921 2241; x_wconf 89' lang='lat' dir='ltr'><strong><em>prorsus</em></strong></span> <span class='ocrx_word' id='word_1_411' title='bbox 2966 2183 3072 2240; x_wconf 86' lang='lat' dir='ltr'><strong><em>pro</em></strong></span> <span class='ocrx_word' id='word_1_412' title='bbox 3117 2167 3395 2224; x_wconf 87' lang='lat' dir='ltr'><strong><em>omnibus</em></strong></span> <span class='ocrx_word' id='word_1_413' title='bbox 3446 2169 3725 2224; x_wconf 83' lang='lat' dir='ltr'><strong><em>mortuus</em></strong></span> <span class='ocrx_word' id='word_1_414' title='bbox 3752 2170 3859 2224; x_wconf 83' lang='lat' dir='ltr'><strong><em>est.</em></strong></span> 
     </span>
    </p>
   </div>
   <div class='ocr_carea' id='block_1_51' title="bbox 2212 2252 3863 2330">
    <p class='ocr_par' dir='ltr' id='par_1_51' title="bbox 2212 2252 3863 2330">
     <span class='ocr_line' id='line_1_51' title="bbox 2212 2252 3863 2330; baseline 0.001 -17"><span class='ocrx_word' id='word_1_415' title='bbox 2212 2256 2394 2314; x_wconf 87' lang='lat' dir='ltr'><strong><em>Nemo</em></strong></span> <span class='ocrx_word' id='word_1_416' title='bbox 2422 2255 2604 2330; x_wconf 85' lang='lat' dir='ltr'><strong><em>igitur</em></strong></span> <span class='ocrx_word' id='word_1_417' title='bbox 2632 2255 2898 2313; x_wconf 90' lang='lat' dir='ltr'><strong><em>omnium</em></strong></span> <span class='ocrx_word' id='word_1_418' title='bbox 2929 2255 3262 2326; x_wconf 87' lang='lat' dir='ltr'><strong><em>hominum,</em></strong></span> <span class='ocrx_word' id='word_1_419' title='bbox 3285 2259 3422 2313; x_wconf 86' lang='lat' dir='ltr'><strong><em>ante</em></strong></span> <span class='ocrx_word' id='word_1_420' title='bbox 3446 2252 3863 2314; x_wconf 86' lang='lat' dir='ltr'><strong><em>reconciliatio-</em></strong></span> 
     </span>
    </p>
   </div>
   <div class='ocr_carea' id='block_1_52' title="bbox 2212 2344 3863 2419">
    <p class='ocr_par' dir='ltr' id='par_1_52' title="bbox 2212 2344 3863 2419">
     <span class='ocr_line' id='line_1_52' title="bbox 2212 2344 3863 2419; baseline 0 -17"><span class='ocrx_word' id='word_1_421' title='bbox 2212 2361 2348 2402; x_wconf 86' lang='lat' dir='ltr'><strong><em>nem</em></strong></span> <span class='ocrx_word' id='word_1_422' title='bbox 2375 2361 2505 2418; x_wconf 75' lang='lat' dir='ltr'><strong><em>quas</em></strong></span> <span class='ocrx_word' id='word_1_423' title='bbox 2535 2361 2641 2419; x_wconf 89' lang='lat' dir='ltr'><strong><em>per</em></strong></span> <span class='ocrx_word' id='word_1_424' title='bbox 2666 2345 2882 2402; x_wconf 86' lang='lat' dir='ltr'><strong><em>Christi</em></strong></span> <span class='ocrx_word' id='word_1_425' title='bbox 2912 2344 3262 2419; x_wconf 85' lang='lat' dir='ltr'><strong><em>sanguinem</em></strong></span> <span class='ocrx_word' id='word_1_426' title='bbox 3292 2345 3448 2402; x_wconf 83' lang='lat' dir='ltr'><strong><em>facta</em></strong></span> <span class='ocrx_word' id='word_1_427' title='bbox 3475 2348 3584 2413; x_wconf 81' lang='lat' dir='ltr'><strong><em>est,</em></strong></span> <span class='ocrx_word' id='word_1_428' title='bbox 3609 2360 3731 2402; x_wconf 87' lang='lat' dir='ltr'><strong><em>non</em></strong></span> <span class='ocrx_word' id='word_1_429' title='bbox 3765 2348 3863 2402; x_wconf 84' lang='lat' dir='ltr'><strong><em>aut</em></strong></span> 
     </span>
    </p>
   </div>
   <div class='ocr_carea' id='block_1_53' title="bbox 2211 2432 3863 2510">
    <p class='ocr_par' dir='ltr' id='par_1_53' title="bbox 2211 2432 3863 2510">
     <span class='ocr_line' id='line_1_53' title="bbox 2211 2432 3863 2510; baseline 0 -18"><span class='ocrx_word' id='word_1_430' title='bbox 2211 2439 2481 2510; x_wconf 86' lang='lat' dir='ltr'><strong><em>peccator</em></strong></span> <span class='ocrx_word' id='word_1_431' title='bbox 2507 2439 2610 2493; x_wconf 87' lang='lat' dir='ltr'><strong><em>aut</em></strong></span> <span class='ocrx_word' id='word_1_432' title='bbox 2632 2434 2854 2508; x_wconf 87' lang='lat' dir='ltr'><strong><em>impius</em></strong></span> <span class='ocrx_word' id='word_1_433' title='bbox 2882 2434 3012 2504; x_wconf 86' lang='lat' dir='ltr'><strong><em>fuit,</em></strong></span> <span class='ocrx_word' id='word_1_434' title='bbox 3033 2435 3265 2492; x_wconf 87' lang='lat' dir='ltr'><strong><em>dicente</em></strong></span> <span class='ocrx_word' id='word_1_435' title='bbox 3295 2432 3572 2508; x_wconf 82' lang='lat' dir='ltr'><strong><em>Apostolo</em></strong></span> <span class='ocrx_word' id='word_1_436' title='bbox 3597 2450 3613 2492; x_wconf 89' lang='lat'><strong>:</strong></span> <span class='ocrx_word' id='word_1_437' title='bbox 3634 2433 3701 2492; x_wconf 88' lang='lat' dir='ltr'><strong><em>Si</em></strong></span> <span class='ocrx_word' id='word_1_438' title='bbox 3715 2435 3863 2492; x_wconf 60' lang='lat' dir='ltr'><strong><em>enirn</em></strong></span> 
     </span>
    </p>
   </div>
   <div class='ocr_carea' id='block_1_54' title="bbox 2211 2523 3863 2598">
    <p class='ocr_par' dir='ltr' id='par_1_54' title="bbox 2211 2523 3863 2598">
     <span class='ocr_line' id='line_1_54' title="bbox 2211 2523 3863 2598; baseline 0 -16"><span class='ocrx_word' id='word_1_439' title='bbox 2211 2524 2477 2590; x_wconf 77' lang='lat' dir='ltr'><strong><em>Christus,</em></strong></span> <span class='ocrx_word' id='word_1_440' title='bbox 2510 2541 2634 2582; x_wconf 88' lang='lat' dir='ltr'><strong><em>eum</em></strong></span> <span class='ocrx_word' id='word_1_441' title='bbox 2678 2523 2858 2582; x_wconf 86' lang='lat' dir='ltr'><strong><em>adhuc</em></strong></span> <span class='ocrx_word' id='word_1_442' title='bbox 2902 2525 3120 2597; x_wconf 76' lang='lat' dir='ltr'><strong><em>inﬁrmi</em></strong></span> <span class='ocrx_word' id='word_1_443' title='bbox 3163 2539 3421 2594; x_wconf 87' lang='lat' dir='ltr'><strong><em>essemus,</em></strong></span> <span class='ocrx_word' id='word_1_444' title='bbox 3442 2525 3612 2598; x_wconf 67' lang='lat' dir='ltr'><strong><em>juxta</em></strong></span> <span class='ocrx_word' id='word_1_445' title='bbox 3650 2530 3863 2598; x_wconf 67' lang='lat' dir='ltr'><strong><em>tam</em></strong></span> 
     </span>
    </p>
   </div>
   <div class='ocr_carea' id='block_1_55' title="bbox 2207 2613 3863 2688">
    <p class='ocr_par' dir='ltr' id='par_1_55' title="bbox 2207 2613 3863 2688">
     <span class='ocr_line' id='line_1_55' title="bbox 2207 2613 3863 2688; baseline -0.001 -16"><span class='ocrx_word' id='word_1_446' title='bbox 2207 2631 2307 2688; x_wconf 76' lang='lat' dir='ltr'><strong><em>pro</em></strong></span> <span class='ocrx_word' id='word_1_447' title='bbox 2337 2616 2526 2688; x_wconf 84' lang='lat' dir='ltr'><strong><em>impiis</em></strong></span> <span class='ocrx_word' id='word_1_448' title='bbox 2550 2622 2798 2672; x_wconf 85' lang='lat' dir='ltr'><strong><em>mortuus</em></strong></span> <span class='ocrx_word' id='word_1_449' title='bbox 2827 2621 2926 2682; x_wconf 87' lang='lat' dir='ltr'><strong><em>est,</em></strong></span> <span class='ocrx_word' id='word_1_450' title='bbox 2957 2615 3056 2672; x_wconf 71' lang='lat' dir='ltr'><strong><em>vix</em></strong></span> <span class='ocrx_word' id='word_1_451' title='bbox 3081 2615 3230 2672; x_wconf 82' lang='lat' dir='ltr'><strong><em>enim</em></strong></span> <span class='ocrx_word' id='word_1_452' title='bbox 3249 2629 3352 2688; x_wconf 85' lang='lat' dir='ltr'><strong><em>pro</em></strong></span> <span class='ocrx_word' id='word_1_453' title='bbox 3369 2614 3520 2688; x_wconf 83' lang='lat' dir='ltr'><strong><em>justo</em></strong></span> <span class='ocrx_word' id='word_1_454' title='bbox 3546 2613 3863 2687; x_wconf 70' lang='lat' dir='ltr'><strong><em>quismorio</em></strong></span> 
     </span>
    </p>
   </div>
   <div class='ocr_carea' id='block_1_56' title="bbox 2208 2698 3860 2779">
    <p class='ocr_par' dir='ltr' id='par_1_56' title="bbox 2208 2698 3860 2779">
     <span class='ocr_line' id='line_1_56' title="bbox 2208 2698 3860 2779; baseline -0.001 -17"><span class='ocrx_word' id='word_1_455' title='bbox 2208 2712 2302 2762; x_wconf 86' lang='lat' dir='ltr'><strong><em>tur</em></strong></span> <span class='ocrx_word' id='word_1_456' title='bbox 2330 2721 2345 2761; x_wconf 90' lang='lat'>:</span> <span class='ocrx_word' id='word_1_457' title='bbox 2376 2720 2508 2761; x_wconf 88' lang='lat' dir='ltr'><strong><em>nam</em></strong></span> <span class='ocrx_word' id='word_1_458' title='bbox 2532 2720 2634 2778; x_wconf 85' lang='lat' dir='ltr'><strong><em>pro</em></strong></span> <span class='ocrx_word' id='word_1_459' title='bbox 2663 2704 2798 2763; x_wconf 81' lang='lat' dir='ltr'><strong><em>bono</em></strong></span> <span class='ocrx_word' id='word_1_460' title='bbox 2820 2704 3060 2778; x_wconf 78' lang='lat' dir='ltr'><strong><em>forsitan</em></strong></span> <span class='ocrx_word' id='word_1_461' title='bbox 3102 2704 3227 2779; x_wconf 84' lang='lat' dir='ltr'><strong><em>quis</em></strong></span> <span class='ocrx_word' id='word_1_462' title='bbox 3273 2698 3474 2761; x_wconf 70' lang='lat' dir='ltr'><strong><em>amicat</em></strong></span> <span class='ocrx_word' id='word_1_463' title='bbox 3512 2704 3663 2760; x_wconf 82' lang='lat' dir='ltr'><strong><em>mori</em></strong></span> <span class='ocrx_word' id='word_1_464' title='bbox 3687 2702 3860 2777; x_wconf 80' lang='lat' dir='ltr'><strong><em>(Rom.</em></strong></span> 
     </span>
    </p>
   </div>
   <div class='ocr_carea' id='block_1_57' title="bbox 2207 2788 3862 2867">
    <p class='ocr_par' dir='ltr' id='par_1_57' title="bbox 2207 2788 3862 2867">
     <span class='ocr_line' id='line_1_57' title="bbox 2207 2788 3862 2867; baseline 0 -16"><span class='ocrx_word' id='word_1_465' title='bbox 2207 2811 2263 2863; x_wconf 76' lang='grc' dir='ltr'><em>ν,</em></span> <span class='ocrx_word' id='word_1_466' title='bbox 2295 2795 2350 2864; x_wconf 86' lang='grc'><em>6,</em></span> <span class='ocrx_word' id='word_1_467' title='bbox 2381 2794 2461 2867; x_wconf 91' lang='grc'><strong><em>7),</em></strong></span> <span class='ocrx_word' id='word_1_468' title='bbox 2494 2798 2561 2851; x_wconf 81' lang='grc' dir='ltr'><strong><em>ιιι</em></strong></span> <span class='ocrx_word' id='word_1_469' title='bbox 2588 2798 2646 2851; x_wconf 89' lang='lat' dir='ltr'><strong><em>et</em></strong></span> <span class='ocrx_word' id='word_1_470' title='bbox 2675 2792 2776 2867; x_wconf 90' lang='lat' dir='ltr'><strong><em>qui</em></strong></span> <span class='ocrx_word' id='word_1_471' title='bbox 2801 2792 3007 2850; x_wconf 89' lang='lat' dir='ltr'><strong><em>vivunt</em></strong></span> <span class='ocrx_word' id='word_1_472' title='bbox 3026 2792 3154 2865; x_wconf 84' lang='lat' dir='ltr'><strong><em>jam</em></strong></span> <span class='ocrx_word' id='word_1_473' title='bbox 3199 2806 3316 2849; x_wconf 93' lang='lat' dir='ltr'><strong><em>non</em></strong></span> <span class='ocrx_word' id='word_1_474' title='bbox 3365 2788 3482 2849; x_wconf 90' lang='lat' dir='ltr'><strong><em>sibi</em></strong></span> <span class='ocrx_word' id='word_1_475' title='bbox 3508 2790 3728 2862; x_wconf 84' lang='lat' dir='ltr'><strong><em>vivant,</em></strong></span> <span class='ocrx_word' id='word_1_476' title='bbox 3758 2793 3862 2851; x_wconf 82' lang='lat' dir='ltr'><strong><em>sed</em></strong></span> 
     </span>
    </p>
   </div>
   <div class='ocr_carea' id='block_1_58' title="bbox 2208 2878 3864 2956">
    <p class='ocr_par' dir='ltr' id='par_1_58' title="bbox 2208 2878 3864 2956">
     <span class='ocr_line' id='line_1_58' title="bbox 2208 2878 3864 2956; baseline -0.001 -17"><span class='ocrx_word' id='word_1_477' title='bbox 2208 2880 2263 2939; x_wconf 88' lang='lat' dir='ltr'><strong><em>ei</em></strong></span> <span class='ocrx_word' id='word_1_478' title='bbox 2311 2881 2413 2954; x_wconf 91' lang='lat' dir='ltr'><strong><em>qui</em></strong></span> <span class='ocrx_word' id='word_1_479' title='bbox 2461 2898 2567 2956; x_wconf 90' lang='lat' dir='ltr'><strong><em>pro</em></strong></span> <span class='ocrx_word' id='word_1_480' title='bbox 2613 2879 2760 2956; x_wconf 87' lang='lat' dir='ltr'><strong><em>ipsis</em></strong></span> <span class='ocrx_word' id='word_1_481' title='bbox 2808 2882 3080 2938; x_wconf 89' lang='lat' dir='ltr'><strong><em>mortuus</em></strong></span> <span class='ocrx_word' id='word_1_482' title='bbox 3126 2885 3237 2937; x_wconf 87' lang='lat' dir='ltr'><strong><em>est.</em></strong></span> <span class='ocrx_word' id='word_1_483' title='bbox 3281 2878 3633 2938; x_wconf 72' lang='lat' dir='ltr'><strong><em>Commendat</em></strong></span> <span class='ocrx_word' id='word_1_484' title='bbox 3680 2887 3864 2938; x_wconf 80' lang='lat' dir='ltr'><strong><em>autem</em></strong></span> 
     </span>
    </p>
   </div>
   <div class='ocr_carea' id='block_1_59' title="bbox 2207 2968 3862 3043">
    <p class='ocr_par' dir='ltr' id='par_1_59' title="bbox 2207 2968 3862 3043">
     <span class='ocr_line' id='line_1_59' title="bbox 2207 2968 3862 3043; baseline -0.001 -16"><span class='ocrx_word' id='word_1_485' title='bbox 2207 2986 2367 3028; x_wconf 84' lang='lat' dir='ltr'><strong><em>suam</em></strong></span> <span class='ocrx_word' id='word_1_486' title='bbox 2392 2970 2716 3027; x_wconf 84' lang='lat' dir='ltr'><strong><em>eharitatem</em></strong></span> <span class='ocrx_word' id='word_1_487' title='bbox 2760 2969 2902 3026; x_wconf 85' lang='lat' dir='ltr'><strong><em>Deus</em></strong></span> <span class='ocrx_word' id='word_1_488' title='bbox 2932 2969 2997 3025; x_wconf 82' lang='lat' dir='ltr'><strong><em>in</em></strong></span> <span class='ocrx_word' id='word_1_489' title='bbox 3022 2968 3202 3039; x_wconf 84' lang='lat' dir='ltr'><strong><em>nobis,</em></strong></span> <span class='ocrx_word' id='word_1_490' title='bbox 3235 2970 3499 3043; x_wconf 88' lang='lat' dir='ltr'><strong><em>quoniam</em></strong></span> <span class='ocrx_word' id='word_1_491' title='bbox 3520 2969 3574 3028; x_wconf 86' lang='lat' dir='ltr'><strong><em>si</em></strong></span> <span class='ocrx_word' id='word_1_492' title='bbox 3598 2985 3730 3028; x_wconf 69' lang='lat' dir='ltr'><strong><em>cum</em></strong></span> <span class='ocrx_word' id='word_1_493' title='bbox 3757 2968 3862 3026; x_wconf 87' lang='lat' dir='ltr'><strong><em>ad-</em></strong></span> 
     </span>
    </p>
   </div>
   <div class='ocr_carea' id='block_1_60' title="bbox 2208 3057 3863 3133">
    <p class='ocr_par' dir='ltr' id='par_1_60' title="bbox 2208 3057 3863 3133">
     <span class='ocr_line' id='line_1_60' title="bbox 2208 3057 3863 3133; baseline 0 -16"><span class='ocrx_word' id='word_1_494' title='bbox 2208 3058 2317 3117; x_wconf 77' lang='lat' dir='ltr'><strong><em>huc</em></strong></span> <span class='ocrx_word' id='word_1_495' title='bbox 2335 3066 2638 3133; x_wconf 85' lang='lat' dir='ltr'><strong><em>peceatores</em></strong></span> <span class='ocrx_word' id='word_1_496' title='bbox 2683 3074 2921 3116; x_wconf 84' lang='lat' dir='ltr'><strong><em>essemus</em></strong></span> <span class='ocrx_word' id='word_1_497' title='bbox 2968 3057 3219 3116; x_wconf 80' lang='lat' dir='ltr'><strong><em>Christus</em></strong></span> <span class='ocrx_word' id='word_1_498' title='bbox 3263 3074 3367 3132; x_wconf 84' lang='lat' dir='ltr'><strong><em>pro</em></strong></span> <span class='ocrx_word' id='word_1_499' title='bbox 3407 3059 3569 3116; x_wconf 76' lang='lat' dir='ltr'><strong><em>nobis</em></strong></span> <span class='ocrx_word' id='word_1_500' title='bbox 3610 3067 3863 3117; x_wconf 68' lang='lat' dir='ltr'><strong><em>mem</em></strong></span> 
     </span>
    </p>
   </div>
   <div class='ocr_carea' id='block_1_61' title="bbox 2207 3148 3864 3222">
    <p class='ocr_par' dir='ltr' id='par_1_61' title="bbox 2207 3148 3864 3222">
     <span class='ocr_line' id='line_1_61' title="bbox 2207 3148 3864 3222; baseline -0.001 -15"><span class='ocrx_word' id='word_1_501' title='bbox 2207 3157 2304 3220; x_wconf 86' lang='lat' dir='ltr'><strong><em>est,</em></strong></span> <span class='ocrx_word' id='word_1_502' title='bbox 2333 3149 2506 3208; x_wconf 81' lang='lat' dir='ltr'><strong><em>multo</em></strong></span> <span class='ocrx_word' id='word_1_503' title='bbox 2529 3150 2707 3222; x_wconf 85' lang='lat' dir='ltr'><strong><em>magis</em></strong></span> <span class='ocrx_word' id='word_1_504' title='bbox 2725 3148 3028 3222; x_wconf 76' lang='lat' dir='ltr'><strong><em>justi/ictui</em></strong></span> <span class='ocrx_word' id='word_1_505' title='bbox 3067 3149 3132 3206; x_wconf 88' lang='lat' dir='ltr'><strong><em>in</em></strong></span> <span class='ocrx_word' id='word_1_506' title='bbox 3174 3149 3450 3220; x_wconf 76' lang='lat' dir='ltr'><strong><em>sanguine</em></strong></span> <span class='ocrx_word' id='word_1_507' title='bbox 3492 3149 3672 3222; x_wconf 85' lang='lat' dir='ltr'><strong><em>ipsius</em></strong></span> <span class='ocrx_word' id='word_1_508' title='bbox 3717 3149 3864 3207; x_wconf 71' lang='lat' dir='ltr'><strong><em>satin</em></strong></span> 
     </span>
    </p>
   </div>
   <div class='ocr_carea' id='block_1_62' title="bbox 2205 3237 3862 3312">
    <p class='ocr_par' dir='ltr' id='par_1_62' title="bbox 2205 3237 3862 3312">
     <span class='ocr_line' id='line_1_62' title="bbox 2205 3237 3862 3312; baseline 0 -16"><span class='ocrx_word' id='word_1_509' title='bbox 2205 3239 2415 3296; x_wconf 86' lang='lat' dir='ltr'><strong><em>erimus</em></strong></span> <span class='ocrx_word' id='word_1_510' title='bbox 2445 3237 2513 3295; x_wconf 86' lang='lat' dir='ltr'><strong><em>ab</em></strong></span> <span class='ocrx_word' id='word_1_511' title='bbox 2543 3240 2632 3295; x_wconf 88' lang='lat' dir='ltr'><strong><em>ira</em></strong></span> <span class='ocrx_word' id='word_1_512' title='bbox 2655 3254 2758 3312; x_wconf 85' lang='lat' dir='ltr'><strong><em>per</em></strong></span> <span class='ocrx_word' id='word_1_513' title='bbox 2785 3239 2988 3310; x_wconf 87' lang='lat' dir='ltr'><strong><em>ipsum.</em></strong></span> <span class='ocrx_word' id='word_1_514' title='bbox 3018 3237 3083 3295; x_wconf 89' lang='lat' dir='ltr'><strong><em>Si</em></strong></span> <span class='ocrx_word' id='word_1_515' title='bbox 3109 3239 3261 3294; x_wconf 79' lang='lat' dir='ltr'><strong><em>enim</em></strong></span> <span class='ocrx_word' id='word_1_516' title='bbox 3306 3252 3432 3295; x_wconf 84' lang='lat' dir='ltr'><strong><em>cum</em></strong></span> <span class='ocrx_word' id='word_1_517' title='bbox 3468 3239 3697 3295; x_wconf 72' lang='lat' dir='ltr'><strong><em>mimici</em></strong></span> <span class='ocrx_word' id='word_1_518' title='bbox 3719 3252 3862 3296; x_wconf 83' lang='lat' dir='ltr'><strong><em>esse-</em></strong></span> 
     </span>
    </p>
   </div>
   <div class='ocr_carea' id='block_1_63' title="bbox 459 3309 3863 3401">
    <p class='ocr_par' dir='ltr' id='par_1_63' title="bbox 459 3309 3863 3401">
     <span class='ocr_line' id='line_1_63' title="bbox 459 3309 3863 3401; baseline 0.001 -22"><span class='ocrx_word' id='word_1_519' title='bbox 459 3321 622 3380; x_wconf 82' lang='lat' dir='ltr'><strong><em>niam</em></strong></span> <span class='ocrx_word' id='word_1_520' title='bbox 660 3321 817 3380; x_wconf 86' lang='lat' dir='ltr'><strong><em>Deus</em></strong></span> <span class='ocrx_word' id='word_1_521' title='bbox 863 3340 1037 3380; x_wconf 81' lang='lat' dir='ltr'><strong><em>vorax</em></strong></span> <span class='ocrx_word' id='word_1_522' title='bbox 1082 3326 1193 3397; x_wconf 88' lang='lat' dir='ltr'><strong><em>est,</em></strong></span> <span class='ocrx_word' id='word_1_523' title='bbox 1226 3322 1482 3399; x_wconf 81' lang='lat' dir='ltr'><strong><em>impleas</em></strong></span> <span class='ocrx_word' id='word_1_524' title='bbox 1509 3328 1568 3382; x_wconf 88' lang='lat' dir='ltr'><strong><em>et</em></strong></span> <span class='ocrx_word' id='word_1_525' title='bbox 1595 3323 1901 3398; x_wconf 83' lang='lat' dir='ltr'><strong><em>perﬁciens</em></strong></span> <span class='ocrx_word' id='word_1_526' title='bbox 1938 3325 2104 3399; x_wconf 81' lang='lat' dir='ltr'><strong><em>’quod</em></strong></span> <span class='ocrx_word' id='word_1_527' title='bbox 2130 3309 2174 3382; x_wconf 72' lang='grc' dir='ltr'>Ο</span> <span class='ocrx_word' id='word_1_528' title='bbox 2208 3344 2354 3398; x_wconf 87' lang='lat' dir='ltr'><strong><em>mus,</em></strong></span> <span class='ocrx_word' id='word_1_529' title='bbox 2380 3309 2722 3386; x_wconf 77' lang='lat' dir='ltr'><strong><em>reconciliati</em></strong></span> <span class='ocrx_word' id='word_1_530' title='bbox 2759 3309 2949 3385; x_wconf 80' lang='lat' dir='ltr'><strong><em>sumus</em></strong></span> <span class='ocrx_word' id='word_1_531' title='bbox 2998 3328 3114 3385; x_wconf 86' lang='lat' dir='ltr'><strong><em>Deo</em></strong></span> <span class='ocrx_word' id='word_1_532' title='bbox 3136 3342 3238 3401; x_wconf 85' lang='lat' dir='ltr'><strong><em>per</em></strong></span> <span class='ocrx_word' id='word_1_533' title='bbox 3261 3335 3491 3385; x_wconf 84' lang='lat' dir='ltr'><strong><em>mortem</em></strong></span> <span class='ocrx_word' id='word_1_534' title='bbox 3535 3327 3673 3384; x_wconf 78' lang='lat' dir='ltr'><strong><em>Filii</em></strong></span> <span class='ocrx_word' id='word_1_535' title='bbox 3716 3329 3863 3401; x_wconf 80' lang='lat' dir='ltr'><strong><em>ejus,</em></strong></span> 
     </span>
    </p>
   </div>
   <div class='ocr_carea' id='block_1_64' title="bbox 457 3410 2103 3488">
    <p class='ocr_par' dir='ltr' id='par_1_64' title="bbox 457 3410 2103 3488">
     <span class='ocr_line' id='line_1_64' title="bbox 457 3410 2103 3488; baseline 0.001 -20"><span class='ocrx_word' id='word_1_536' title='bbox 457 3410 730 3486; x_wconf 79' lang='lat' dir='ltr'><strong><em>promisit</em></strong></span> <span class='ocrx_word' id='word_1_537' title='bbox 754 3412 1000 3470; x_wconf 66' lang='lat' dir='ltr'><strong><em>Abrahae</em></strong></span> <span class='ocrx_word' id='word_1_538' title='bbox 1047 3413 1312 3471; x_wconf 90' lang='lat' dir='ltr'><strong><em>omnium</em></strong></span> <span class='ocrx_word' id='word_1_539' title='bbox 1341 3413 1610 3488; x_wconf 86' lang='lat' dir='ltr'><strong><em>gentium</em></strong></span> <span class='ocrx_word' id='word_1_540' title='bbox 1641 3413 1815 3487; x_wconf 87' lang='lat' dir='ltr'><strong><em>patri,</em></strong></span> <span class='ocrx_word' id='word_1_541' title='bbox 1846 3415 1948 3487; x_wconf 89' lang='lat' dir='ltr'><strong><em>qui</em></strong></span> <span class='ocrx_word' id='word_1_542' title='bbox 1978 3413 2103 3487; x_wconf 88' lang='lat' dir='ltr'><strong><em>pol-</em></strong></span> 
     </span>
    </p>
   </div>
   <div class='ocr_carea' id='block_1_65' title="bbox 455 3499 2106 3576">
    <p class='ocr_par' dir='ltr' id='par_1_65' title="bbox 455 3499 2106 3576">
     <span class='ocr_line' id='line_1_65' title="bbox 455 3499 2106 3576; baseline 0.003 -19"><span class='ocrx_word' id='word_1_543' title='bbox 455 3499 669 3559; x_wconf 75' lang='lat' dir='ltr'><strong><em>licente</em></strong></span> <span class='ocrx_word' id='word_1_544' title='bbox 697 3501 812 3559; x_wconf 86' lang='lat' dir='ltr'><strong><em>Deo</em></strong></span> <span class='ocrx_word' id='word_1_545' title='bbox 841 3503 997 3576; x_wconf 91' lang='lat' dir='ltr'><strong><em>quod</em></strong></span> <span class='ocrx_word' id='word_1_546' title='bbox 1025 3502 1212 3560; x_wconf 62' lang='lat' dir='ltr'><strong><em>haeres</em></strong></span> <span class='ocrx_word' id='word_1_547' title='bbox 1252 3503 1487 3560; x_wconf 87' lang='lat' dir='ltr'><strong><em>futurus</em></strong></span> <span class='ocrx_word' id='word_1_548' title='bbox 1531 3507 1688 3560; x_wconf 86' lang='lat' dir='ltr'><strong><em>esset</em></strong></span> <span class='ocrx_word' id='word_1_549' title='bbox 1734 3503 1962 3574; x_wconf 85' lang='lat' dir='ltr'><strong><em>mundi,</em></strong></span> <span class='ocrx_word' id='word_1_550' title='bbox 1990 3520 2106 3562; x_wconf 81' lang='lat' dir='ltr'><strong><em>non</em></strong></span> 
     </span>
    </p>
   </div>
   <div class='ocr_carea' id='block_1_66' title="bbox 456 3589 2105 3666">
    <p class='ocr_par' dir='ltr' id='par_1_66' title="bbox 456 3589 2105 3666">
     <span class='ocr_line' id='line_1_66' title="bbox 456 3589 2105 3666; baseline 0.001 -16"><span class='ocrx_word' id='word_1_551' title='bbox 456 3589 737 3650; x_wconf 66' lang='lat' dir='ltr'><strong><em>haesitavit</em></strong></span> <span class='ocrx_word' id='word_1_552' title='bbox 789 3591 1121 3666; x_wconf 73' lang='lat' dir='ltr'><strong><em>diﬁ‘identia,</em></strong></span> <span class='ocrx_word' id='word_1_553' title='bbox 1167 3593 1261 3651; x_wconf 88' lang='lat' dir='ltr'><strong><em>sed</em></strong></span> <span class='ocrx_word' id='word_1_554' title='bbox 1304 3594 1639 3665; x_wconf 82' lang='lat' dir='ltr'><strong><em>confortatus</em></strong></span> <span class='ocrx_word' id='word_1_555' title='bbox 1684 3601 1765 3650; x_wconf 86' lang='lat' dir='ltr'><strong><em>est</em></strong></span> <span class='ocrx_word' id='word_1_556' title='bbox 1809 3591 1932 3666; x_wconf 75' lang='lat' dir='ltr'><strong><em>ﬁde,</em></strong></span> <span class='ocrx_word' id='word_1_557' title='bbox 1963 3592 2105 3652; x_wconf 84' lang='lat' dir='ltr'><strong><em>dans</em></strong></span> 
     </span>
    </p>
   </div>
   <div class='ocr_carea' id='block_1_67' title="bbox 454 3682 2104 3757">
    <p class='ocr_par' dir='ltr' id='par_1_67' title="bbox 454 3682 2104 3757">
     <span class='ocr_line' id='line_1_67' title="bbox 454 3682 2104 3757; baseline 0.001 -17"><span class='ocrx_word' id='word_1_558' title='bbox 454 3682 689 3756; x_wconf 80' lang='lat' dir='ltr'><strong><em>gloriam</em></strong></span> <span class='ocrx_word' id='word_1_559' title='bbox 711 3684 836 3754; x_wconf 88' lang='lat' dir='ltr'><strong><em>Deo,</em></strong></span> <span class='ocrx_word' id='word_1_560' title='bbox 868 3691 922 3740; x_wconf 89' lang='lat' dir='ltr'><strong><em>et</em></strong></span> <span class='ocrx_word' id='word_1_561' title='bbox 946 3683 1266 3757; x_wconf 82' lang='lat' dir='ltr'><strong><em>plenissime</em></strong></span> <span class='ocrx_word' id='word_1_562' title='bbox 1291 3685 1490 3750; x_wconf 78' lang='lat' dir='ltr'><strong><em>sciens,</em></strong></span> <span class='ocrx_word' id='word_1_563' title='bbox 1515 3684 1777 3756; x_wconf 87' lang='lat' dir='ltr'><strong><em>quoniam</em></strong></span> <span class='ocrx_word' id='word_1_564' title='bbox 1805 3683 1946 3756; x_wconf 86' lang='lat' dir='ltr'><strong><em>quod</em></strong></span> <span class='ocrx_word' id='word_1_565' title='bbox 1969 3700 2104 3756; x_wconf 84' lang='lat' dir='ltr'><strong><em>pro-</em></strong></span> 
     </span>
    </p>
   </div>
   <div class='ocr_carea' id='block_1_68' title="bbox 452 3771 2102 3846">
    <p class='ocr_par' dir='ltr' id='par_1_68' title="bbox 452 3771 2102 3846">
     <span class='ocr_line' id='line_1_68' title="bbox 452 3771 2102 3846; baseline 0.002 -20"><span class='ocrx_word' id='word_1_566' title='bbox 452 3772 613 3829; x_wconf 85' lang='lat' dir='ltr'><strong><em>misit</em></strong></span> <span class='ocrx_word' id='word_1_567' title='bbox 630 3781 820 3846; x_wconf 77' lang='lat' dir='ltr'><strong><em>potens</em></strong></span> <span class='ocrx_word' id='word_1_568' title='bbox 843 3781 927 3831; x_wconf 86' lang='lat' dir='ltr'><strong><em>est</em></strong></span> <span class='ocrx_word' id='word_1_569' title='bbox 950 3781 1004 3830; x_wconf 89' lang='lat' dir='ltr'><strong><em>et</em></strong></span> <span class='ocrx_word' id='word_1_570' title='bbox 1035 3774 1218 3846; x_wconf 78' lang='lat' dir='ltr'><strong><em>facere</em></strong></span> <span class='ocrx_word' id='word_1_571' title='bbox 1263 3772 1437 3842; x_wconf 78' lang='lat' dir='ltr'><strong><em>(Rom.</em></strong></span> <span class='ocrx_word' id='word_1_572' title='bbox 1471 3785 1548 3842; x_wconf 85' lang='lat' dir='ltr'><strong><em>IV,</em></strong></span> <span class='ocrx_word' id='word_1_573' title='bbox 1568 3773 1684 3840; x_wconf 88' lang='lat'><strong><em>20).</em></strong></span> <span class='ocrx_word' id='word_1_574' title='bbox 1714 3771 1858 3840; x_wconf 87' lang='lat' dir='ltr'><strong><em>Quis</em></strong></span> <span class='ocrx_word' id='word_1_575' title='bbox 1903 3777 2102 3830; x_wconf 89' lang='lat' dir='ltr'><strong><em>autem</em></strong></span> 
     </span>
    </p>
   </div>
   <div class='ocr_carea' id='block_1_69' title="bbox 453 3857 2106 3935">
    <p class='ocr_par' dir='ltr' id='par_1_69' title="bbox 453 3857 2106 3935">
     <span class='ocr_line' id='line_1_69' title="bbox 453 3857 2106 3935; baseline -0.001 -16"><span class='ocrx_word' id='word_1_576' title='bbox 453 3864 577 3919; x_wconf 85' lang='lat' dir='ltr'><strong><em>tam</em></strong></span> <span class='ocrx_word' id='word_1_577' title='bbox 607 3861 836 3919; x_wconf 88' lang='lat' dir='ltr'><strong><em>alienus</em></strong></span> <span class='ocrx_word' id='word_1_578' title='bbox 864 3865 954 3920; x_wconf 86' lang='lat' dir='ltr'><strong><em>est</em></strong></span> <span class='ocrx_word' id='word_1_579' title='bbox 982 3880 1018 3919; x_wconf 92' lang='lat' dir='ltr'><strong><em>a</em></strong></span> <span class='ocrx_word' id='word_1_580' title='bbox 1038 3862 1155 3918; x_wconf 87' lang='lat' dir='ltr'><strong><em>ﬁde</em></strong></span> <span class='ocrx_word' id='word_1_581' title='bbox 1180 3860 1446 3930; x_wconf 63' lang='lat' dir='ltr'><strong><em>Abrahae,</em></strong></span> <span class='ocrx_word' id='word_1_582' title='bbox 1467 3865 1591 3918; x_wconf 87' lang='lat' dir='ltr'><strong><em>tam</em></strong></span> <span class='ocrx_word' id='word_1_583' title='bbox 1613 3861 1866 3935; x_wconf 85' lang='lat' dir='ltr'><strong><em>degener</em></strong></span> <span class='ocrx_word' id='word_1_584' title='bbox 1885 3857 1957 3919; x_wconf 86' lang='lat' dir='ltr'><strong><em>ab</em></strong></span> <span class='ocrx_word' id='word_1_585' title='bbox 1979 3860 2106 3918; x_wconf 88' lang='lat' dir='ltr'><strong><em>uni-</em></strong></span> 
     </span>
    </p>
   </div>
   <div class='ocr_carea' id='block_1_70' title="bbox 450 3949 2100 4025">
    <p class='ocr_par' dir='ltr' id='par_1_70' title="bbox 450 3949 2100 4025">
     <span class='ocr_line' id='line_1_70' title="bbox 450 3949 2100 4025; baseline 0 -17"><span class='ocrx_word' id='word_1_586' title='bbox 450 3966 753 4008; x_wconf 81' lang='lat' dir='ltr'><strong><em>versarum</em></strong></span> <span class='ocrx_word' id='word_1_587' title='bbox 782 3951 1048 4025; x_wconf 89' lang='lat' dir='ltr'><strong><em>gentium</em></strong></span> <span class='ocrx_word' id='word_1_588' title='bbox 1068 3954 1254 4024; x_wconf 87' lang='lat' dir='ltr'><strong><em>patre,</em></strong></span> <span class='ocrx_word' id='word_1_589' title='bbox 1270 3949 1371 4024; x_wconf 90' lang='lat' dir='ltr'><strong><em>qui</em></strong></span> <span class='ocrx_word' id='word_1_590' title='bbox 1394 3949 1844 4024; x_wconf 87' lang='lat' dir='ltr'><strong><em>promissionem</em></strong></span> <span class='ocrx_word' id='word_1_591' title='bbox 1864 3955 1967 4009; x_wconf 91' lang='lat' dir='ltr'><strong><em>aut</em></strong></span> <span class='ocrx_word' id='word_1_592' title='bbox 1982 3967 2100 4008; x_wconf 88' lang='lat' dir='ltr'><strong><em>non</em></strong></span> 
     </span>
    </p>
   </div>
   <div class='ocr_carea' id='block_1_71' title="bbox 452 4038 2104 4113">
    <p class='ocr_par' dir='ltr' id='par_1_71' title="bbox 452 4038 2104 4113">
     <span class='ocr_line' id='line_1_71' title="bbox 452 4038 2104 4113; baseline 0.002 -18"><span class='ocrx_word' id='word_1_593' title='bbox 452 4038 704 4112; x_wconf 84' lang='lat' dir='ltr'><strong><em>impleri,</em></strong></span> <span class='ocrx_word' id='word_1_594' title='bbox 732 4043 839 4096; x_wconf 88' lang='lat' dir='ltr'><strong><em>aut</em></strong></span> <span class='ocrx_word' id='word_1_595' title='bbox 861 4039 935 4096; x_wconf 87' lang='lat' dir='ltr'><strong><em>ab</em></strong></span> <span class='ocrx_word' id='word_1_596' title='bbox 965 4038 1078 4097; x_wconf 88' lang='lat' dir='ltr'><strong><em>alio</em></strong></span> <span class='ocrx_word' id='word_1_597' title='bbox 1108 4043 1319 4113; x_wconf 82' lang='lat' dir='ltr'><strong><em>praeter</em></strong></span> <span class='ocrx_word' id='word_1_598' title='bbox 1347 4056 1483 4096; x_wconf 89' lang='lat' dir='ltr'><strong><em>eum</em></strong></span> <span class='ocrx_word' id='word_1_599' title='bbox 1514 4039 1613 4113; x_wconf 89' lang='lat' dir='ltr'><strong><em>qui</em></strong></span> <span class='ocrx_word' id='word_1_600' title='bbox 1646 4038 1916 4113; x_wconf 89' lang='lat' dir='ltr'><strong><em>promisit</em></strong></span> <span class='ocrx_word' id='word_1_601' title='bbox 1943 4039 2104 4098; x_wconf 84' lang='lat' dir='ltr'><strong><em>dicat</em></strong></span> 
     </span>
    </p>
   </div>
   <div class='ocr_carea' id='block_1_72' title="bbox 451 4125 2102 4202">
    <p class='ocr_par' dir='ltr' id='par_1_72' title="bbox 451 4125 2102 4202">
     <span class='ocr_line' id='line_1_72' title="bbox 451 4125 2102 4202; baseline 0.001 -18"><span class='ocrx_word' id='word_1_602' title='bbox 451 4125 684 4200; x_wconf 79' lang='lat' dir='ltr'><strong><em>impleri</em></strong></span> <span class='ocrx_word' id='word_1_603' title='bbox 697 4127 727 4184; x_wconf 74' lang='grc' dir='ltr'><em>ἳ</em></span> <span class='ocrx_word' id='word_1_604' title='bbox 743 4127 846 4184; x_wconf 86' lang='lat' dir='ltr'><strong><em>Ille</em></strong></span> <span class='ocrx_word' id='word_1_605' title='bbox 865 4128 1104 4202; x_wconf 87' lang='lat' dir='ltr'><strong><em>quidem</em></strong></span> <span class='ocrx_word' id='word_1_606' title='bbox 1125 4128 1235 4186; x_wconf 86' lang='lat' dir='ltr'><strong><em>erit</em></strong></span> <span class='ocrx_word' id='word_1_607' title='bbox 1256 4128 1691 4198; x_wconf 81' lang='lat' dir='ltr'><strong><em>mendax,Dous</em></strong></span> <span class='ocrx_word' id='word_1_608' title='bbox 1711 4134 1910 4186; x_wconf 88' lang='lat' dir='ltr'><strong><em>autem</em></strong></span> <span class='ocrx_word' id='word_1_609' title='bbox 1927 4144 2102 4186; x_wconf 82' lang='lat' dir='ltr'><strong><em>verax</em></strong></span> 
     </span>
    </p>
   </div>
   <div class='ocr_carea' id='block_1_73' title="bbox 451 4214 2103 4291">
    <p class='ocr_par' dir='ltr' id='par_1_73' title="bbox 451 4214 2103 4291">
     <span class='ocr_line' id='line_1_73' title="bbox 451 4214 2103 4291; baseline 0.002 -18"><span class='ocrx_word' id='word_1_610' title='bbox 451 4219 512 4273; x_wconf 82' lang='lat' dir='ltr'><strong><em>et</em></strong></span> <span class='ocrx_word' id='word_1_611' title='bbox 524 4214 720 4273; x_wconf 87' lang='lat' dir='ltr'><strong><em>omnis</em></strong></span> <span class='ocrx_word' id='word_1_612' title='bbox 733 4216 837 4289; x_wconf 88' lang='lat' dir='ltr'><strong><em>qui</em></strong></span> <span class='ocrx_word' id='word_1_613' title='bbox 851 4217 1065 4291; x_wconf 87' lang='lat' dir='ltr'><strong><em>accipit</em></strong></span> <span class='ocrx_word' id='word_1_614' title='bbox 1079 4217 1483 4276; x_wconf 85' lang='lat' dir='ltr'><strong><em>testimonium</em></strong></span> <span class='ocrx_word' id='word_1_615' title='bbox 1499 4219 1628 4290; x_wconf 88' lang='lat' dir='ltr'><strong><em>ejus</em></strong></span> <span class='ocrx_word' id='word_1_616' title='bbox 1643 4216 1754 4274; x_wconf 90' lang='lat' dir='ltr'><strong><em>hoc</em></strong></span> <span class='ocrx_word' id='word_1_617' title='bbox 1771 4217 2103 4291; x_wconf 85' lang='lat' dir='ltr'><strong><em>signat,hoc</em></strong></span> 
     </span>
    </p>
   </div>
   <div class='ocr_carea' id='block_1_74' title="bbox 451 4303 2103 4379">
    <p class='ocr_par' dir='ltr' id='par_1_74' title="bbox 451 4303 2103 4379">
     <span class='ocr_line' id='line_1_74' title="bbox 451 4303 2103 4379; baseline 0.002 -19"><span class='ocrx_word' id='word_1_618' title='bbox 451 4303 695 4377; x_wconf 84' lang='lat' dir='ltr'><strong><em>indicat,</em></strong></span> <span class='ocrx_word' id='word_1_619' title='bbox 725 4304 881 4379; x_wconf 88' lang='lat' dir='ltr'><strong><em>quod</em></strong></span> <span class='ocrx_word' id='word_1_620' title='bbox 919 4321 1024 4378; x_wconf 88' lang='lat' dir='ltr'><strong><em>per</em></strong></span> <span class='ocrx_word' id='word_1_621' title='bbox 1070 4305 1263 4364; x_wconf 86' lang='lat' dir='ltr'><strong><em>lucem</em></strong></span> <span class='ocrx_word' id='word_1_622' title='bbox 1314 4305 1749 4364; x_wconf 88' lang='lat' dir='ltr'><strong><em>illuminantem</em></strong></span> <span class='ocrx_word' id='word_1_623' title='bbox 1796 4306 1988 4364; x_wconf 80' lang='lat' dir='ltr'><strong><em>factus</em></strong></span> <span class='ocrx_word' id='word_1_624' title='bbox 2012 4311 2103 4364; x_wconf 89' lang='lat' dir='ltr'><strong><em>est</em></strong></span> 
     </span>
    </p>
   </div>
   <div class='ocr_carea' id='block_1_75' title="bbox 452 4392 2103 4470">
    <p class='ocr_par' dir='ltr' id='par_1_75' title="bbox 452 4392 2103 4470">
     <span class='ocr_line' id='line_1_75' title="bbox 452 4392 2103 4470; baseline 0.002 -20"><span class='ocrx_word' id='word_1_625' title='bbox 452 4392 677 4464; x_wconf 82' lang='lat' dir='ltr'><strong><em>videns,</em></strong></span> <span class='ocrx_word' id='word_1_626' title='bbox 707 4393 898 4452; x_wconf 83' lang='lat' dir='ltr'><strong><em>factus</em></strong></span> <span class='ocrx_word' id='word_1_627' title='bbox 926 4399 1019 4452; x_wconf 90' lang='lat' dir='ltr'><strong><em>est</em></strong></span> <span class='ocrx_word' id='word_1_628' title='bbox 1048 4395 1349 4463; x_wconf 88' lang='lat' dir='ltr'><strong><em>obcdiens,</em></strong></span> <span class='ocrx_word' id='word_1_629' title='bbox 1372 4395 1562 4452; x_wconf 84' lang='lat' dir='ltr'><strong><em>factus</em></strong></span> <span class='ocrx_word' id='word_1_630' title='bbox 1583 4393 2103 4470; x_wconf 88' lang='lat' dir='ltr'><strong><em>intelligens,sicut</em></strong></span> 
     </span>
    </p>
   </div>
   <div class='ocr_carea' id='block_1_76' title="bbox 450 4482 2103 4560">
    <p class='ocr_par' dir='ltr' id='par_1_76' title="bbox 450 4482 2103 4560">
     <span class='ocr_line' id='line_1_76' title="bbox 450 4482 2103 4560; baseline 0 -17"><span class='ocrx_word' id='word_1_631' title='bbox 450 4482 709 4544; x_wconf 79' lang='lat' dir='ltr'><strong><em>Joannes</em></strong></span> <span class='ocrx_word' id='word_1_632' title='bbox 737 4483 1095 4558; x_wconf 86' lang='lat' dir='ltr'><strong><em>evangelista</em></strong></span> <span class='ocrx_word' id='word_1_633' title='bbox 1130 4488 1382 4542; x_wconf 84' lang='lat' dir='ltr'><strong><em>testatur</em></strong></span> <span class='ocrx_word' id='word_1_634' title='bbox 1425 4485 1629 4543; x_wconf 88' lang='lat' dir='ltr'><strong><em>dicens</em></strong></span> <span class='ocrx_word' id='word_1_635' title='bbox 1659 4501 1672 4541; x_wconf 92' lang='lat'><strong>:</strong></span> <span class='ocrx_word' id='word_1_636' title='bbox 1704 4485 1923 4542; x_wconf 85' lang='lat' dir='ltr'><strong><em>Scimus</em></strong></span> <span class='ocrx_word' id='word_1_637' title='bbox 1967 4487 2103 4560; x_wconf 83' lang='lat' dir='ltr'><strong><em>quia</em></strong></span> 
     </span>
    </p>
   </div>
   <div class='ocr_carea' id='block_1_77' title="bbox 447 4571 2101 4648">
    <p class='ocr_par' dir='ltr' id='par_1_77' title="bbox 447 4571 2101 4648">
     <span class='ocr_line' id='line_1_77' title="bbox 447 4571 2101 4648; baseline 0.001 -18"><span class='ocrx_word' id='word_1_638' title='bbox 447 4571 689 4630; x_wconf 78' lang='lat' dir='ltr'><strong><em>mumius</em></strong></span> <span class='ocrx_word' id='word_1_639' title='bbox 717 4580 857 4633; x_wconf 75' lang='lat' dir='ltr'><strong><em>totus</em></strong></span> <span class='ocrx_word' id='word_1_640' title='bbox 886 4575 949 4630; x_wconf 88' lang='lat' dir='ltr'><strong><em>in</em></strong></span> <span class='ocrx_word' id='word_1_641' title='bbox 976 4574 1222 4648; x_wconf 83' lang='lat' dir='ltr'><strong><em>maligno</em></strong></span> <span class='ocrx_word' id='word_1_642' title='bbox 1246 4575 1457 4647; x_wconf 86' lang='lat' dir='ltr'><strong><em>positus</em></strong></span> <span class='ocrx_word' id='word_1_643' title='bbox 1492 4581 1592 4642; x_wconf 86' lang='lat' dir='ltr'><strong><em>est,</em></strong></span> <span class='ocrx_word' id='word_1_644' title='bbox 1622 4581 1673 4632; x_wconf 84' lang='lat' dir='ltr'><strong><em>et</em></strong></span> <span class='ocrx_word' id='word_1_645' title='bbox 1716 4576 1921 4632; x_wconf 82' lang='lat' dir='ltr'><strong><em>scimus</em></strong></span> <span class='ocrx_word' id='word_1_646' title='bbox 1969 4577 2101 4648; x_wconf 87' lang='lat' dir='ltr'><strong><em>quia</em></strong></span> 
     </span>
    </p>
   </div>
   <div class='ocr_carea' id='block_1_78' title="bbox 449 4662 2174 4754">
    <p class='ocr_par' dir='ltr' id='par_1_78' title="bbox 449 4662 2174 4754">
     <span class='ocr_line' id='line_1_78' title="bbox 449 4662 2174 4754; baseline 0.003 -35"><span class='ocrx_word' id='word_1_647' title='bbox 449 4662 627 4719; x_wconf 82' lang='lat' dir='ltr'><strong><em>Filius</em></strong></span> <span class='ocrx_word' id='word_1_648' title='bbox 648 4663 744 4720; x_wconf 66' lang='lat'><strong><em>21</em></strong></span> <span class='ocrx_word' id='word_1_649' title='bbox 753 4664 797 4719; x_wconf 89' lang='lat' dir='ltr'><strong><em>‘l</em></strong></span> <span class='ocrx_word' id='word_1_650' title='bbox 824 4662 924 4720; x_wconf 88' lang='lat' dir='ltr'><strong><em>Dei</em></strong></span> <span class='ocrx_word' id='word_1_651' title='bbox 953 4665 1118 4754; x_wconf 71' lang='lat' dir='ltr'><strong><em>uenit,</em></strong></span> <span class='ocrx_word' id='word_1_652' title='bbox 1138 4670 1194 4721; x_wconf 90' lang='lat' dir='ltr'><strong><em>et</em></strong></span> <span class='ocrx_word' id='word_1_653' title='bbox 1208 4662 1358 4720; x_wconf 84' lang='lat' dir='ltr'><strong><em>dedit</em></strong></span> <span class='ocrx_word' id='word_1_654' title='bbox 1378 4664 1538 4722; x_wconf 85' lang='lat' dir='ltr'><strong><em>nobis</em></strong></span> <span class='ocrx_word' id='word_1_655' title='bbox 1564 4680 1786 4721; x_wconf 86' lang='lat' dir='ltr'><strong><em>sensum</em></strong></span> <span class='ocrx_word' id='word_1_656' title='bbox 1812 4672 1876 4721; x_wconf 92' lang='lat' dir='ltr'><strong><em>ut</em></strong></span> <span class='ocrx_word' id='word_1_657' title='bbox 1901 4681 2099 4739; x_wconf 85' lang='lat' dir='ltr'><strong><em>cogno-</em></strong></span> <span class='ocrx_word' id='word_1_658' title='bbox 2126 4687 2174 4754; x_wconf 70' lang='grc' dir='ltr'>Β</span> 
     </span>
    </p>
   </div>
   <div class='ocr_carea' id='block_1_79' title="bbox 447 4753 2102 4830">
    <p class='ocr_par' dir='ltr' id='par_1_79' title="bbox 447 4753 2102 4830">
     <span class='ocr_line' id='line_1_79' title="bbox 447 4753 2102 4830; baseline 0.002 -20"><span class='ocrx_word' id='word_1_659' title='bbox 447 4767 666 4811; x_wconf 81' lang='lat' dir='ltr'><strong><em>scamus</em></strong></span> <span class='ocrx_word' id='word_1_660' title='bbox 706 4768 899 4810; x_wconf 79' lang='lat' dir='ltr'><strong><em>verum</em></strong></span> <span class='ocrx_word' id='word_1_661' title='bbox 944 4753 1133 4824; x_wconf 85' lang='lat' dir='ltr'><strong><em>Deum,</em></strong></span> <span class='ocrx_word' id='word_1_662' title='bbox 1164 4761 1219 4811; x_wconf 89' lang='lat' dir='ltr'><strong><em>et</em></strong></span> <span class='ocrx_word' id='word_1_663' title='bbox 1242 4754 1418 4810; x_wconf 87' lang='lat' dir='ltr'><strong><em>simus</em></strong></span> <span class='ocrx_word' id='word_1_664' title='bbox 1463 4755 1523 4810; x_wconf 91' lang='lat' dir='ltr'><strong><em>in</em></strong></span> <span class='ocrx_word' id='word_1_665' title='bbox 1569 4768 1695 4813; x_wconf 76' lang='lat' dir='ltr'><strong><em>vero</em></strong></span> <span class='ocrx_word' id='word_1_666' title='bbox 1735 4754 1857 4828; x_wconf 77' lang='lat' dir='ltr'><strong><em>ﬁlio</em></strong></span> <span class='ocrx_word' id='word_1_667' title='bbox 1903 4757 2020 4828; x_wconf 84' lang='lat' dir='ltr'><strong><em>ejus</em></strong></span> <span class='ocrx_word' id='word_1_668' title='bbox 2051 4755 2102 4830; x_wconf 89' lang='grc' dir='ltr'><strong><em>(ι</em></strong></span> 
     </span>
    </p>
   </div>
   <div class='ocr_carea' id='block_1_80' title="bbox 445 4839 2095 4916">
    <p class='ocr_par' dir='ltr' id='par_1_80' title="bbox 445 4839 2095 4916">
     <span class='ocr_line' id='line_1_80' title="bbox 445 4839 2095 4916; baseline 0.001 -15"><span class='ocrx_word' id='word_1_669' title='bbox 445 4843 602 4901; x_wconf 71' lang='lat' dir='ltr'><strong><em>lacn.</em></strong></span> <span class='ocrx_word' id='word_1_670' title='bbox 633 4839 834 4916; x_wconf 56' lang='lat' dir='ltr'><strong><em>&#39;v,&#39;19).</em></strong></span> <span class='ocrx_word' id='word_1_671' title='bbox 868 4842 1025 4916; x_wconf 86' lang='lat' dir='ltr'><strong><em>(Cap.</em></strong></span> <span class='ocrx_word' id='word_1_672' title='bbox 1056 4842 1172 4916; x_wconf 87' lang='grc'>21.)</span> <span class='ocrx_word' id='word_1_673' title='bbox 1207 4841 1268 4899; x_wconf 90' lang='lat' dir='ltr'><strong><em>Si</em></strong></span> <span class='ocrx_word' id='word_1_674' title='bbox 1291 4858 1425 4900; x_wconf 87' lang='lat' dir='ltr'><strong><em>vero</em></strong></span> <span class='ocrx_word' id='word_1_675' title='bbox 1455 4842 1735 4916; x_wconf 70' lang='lat' dir='ltr'><strong><em>quaeritur</em></strong></span> <span class='ocrx_word' id='word_1_676' title='bbox 1757 4860 1864 4900; x_wconf 89' lang='lat' dir='ltr'><strong><em>cur</em></strong></span> <span class='ocrx_word' id='word_1_677' title='bbox 1889 4842 2095 4902; x_wconf 85' lang='lat' dir='ltr'><strong><em>Salva-</em></strong></span> 
     </span>
    </p>
   </div>
   <div class='ocr_carea' id='block_1_81' title="bbox 448 4931 2094 4991">
    <p class='ocr_par' dir='ltr' id='par_1_81' title="bbox 448 4931 2094 4991">
     <span class='ocr_line' id='line_1_81' title="bbox 448 4931 2094 4991; baseline 0.001 -1"><span class='ocrx_word' id='word_1_678' title='bbox 448 4934 542 4990; x_wconf 80' lang='lat' dir='ltr'><strong><em>tor</em></strong></span> <span class='ocrx_word' id='word_1_679' title='bbox 562 4931 829 4990; x_wconf 87' lang='lat' dir='ltr'><strong><em>omnium</em></strong></span> <span class='ocrx_word' id='word_1_680' title='bbox 860 4931 1172 4988; x_wconf 88' lang='lat' dir='ltr'><strong><em>hominum</em></strong></span> <span class='ocrx_word' id='word_1_681' title='bbox 1200 4946 1318 4988; x_wconf 90' lang='lat' dir='ltr'><strong><em>non</em></strong></span> <span class='ocrx_word' id='word_1_682' title='bbox 1349 4932 1626 4990; x_wconf 88' lang='lat' dir='ltr'><strong><em>omnibus</em></strong></span> <span class='ocrx_word' id='word_1_683' title='bbox 1654 4931 1881 4990; x_wconf 89' lang='lat' dir='ltr'><strong><em>dederit</em></strong></span> <span class='ocrx_word' id='word_1_684' title='bbox 1907 4941 2094 4991; x_wconf 84' lang='lat' dir='ltr'><strong><em>unum</em></strong></span> 
     </span>
    </p>
   </div>
   <div class='ocr_carea' id='block_1_82' title="bbox 446 5022 2093 5096">
    <p class='ocr_par' dir='ltr' id='par_1_82' title="bbox 446 5022 2093 5096">
     <span class='ocr_line' id='line_1_82' title="bbox 446 5022 2093 5096; baseline 0 -15"><span class='ocrx_word' id='word_1_685' title='bbox 446 5037 709 5094; x_wconf 74' lang='lat' dir='ltr'><strong><em>sensum,</em></strong></span> <span class='ocrx_word' id='word_1_686' title='bbox 732 5027 800 5080; x_wconf 90' lang='lat' dir='ltr'><strong><em>ut</em></strong></span> <span class='ocrx_word' id='word_1_687' title='bbox 827 5025 1247 5096; x_wconf 88' lang='lat' dir='ltr'><strong><em>cognoscerent</em></strong></span> <span class='ocrx_word' id='word_1_688' title='bbox 1272 5038 1476 5079; x_wconf 88' lang='lat' dir='ltr'><strong><em>verum</em></strong></span> <span class='ocrx_word' id='word_1_689' title='bbox 1502 5022 1712 5092; x_wconf 89' lang='lat' dir='ltr'><strong><em>Deum,</em></strong></span> <span class='ocrx_word' id='word_1_690' title='bbox 1731 5024 1790 5079; x_wconf 91' lang='lat' dir='ltr'><strong><em>et</em></strong></span> <span class='ocrx_word' id='word_1_691' title='bbox 1808 5022 2093 5092; x_wconf 87' lang='lat' dir='ltr'><strong><em>essent,id</em></strong></span> 
     </span>
    </p>
   </div>
   <div class='ocr_carea' id='block_1_83' title="bbox 446 5110 2093 5185">
    <p class='ocr_par' dir='ltr' id='par_1_83' title="bbox 446 5110 2093 5185">
     <span class='ocr_line' id='line_1_83' title="bbox 446 5110 2093 5185; baseline 0.002 -19"><span class='ocrx_word' id='word_1_692' title='bbox 446 5114 556 5178; x_wconf 82' lang='lat' dir='ltr'><strong><em>est,</em></strong></span> <span class='ocrx_word' id='word_1_693' title='bbox 588 5115 997 5185; x_wconf 85' lang='lat' dir='ltr'><strong><em>permanerent</em></strong></span> <span class='ocrx_word' id='word_1_694' title='bbox 1018 5110 1080 5168; x_wconf 92' lang='lat' dir='ltr'><strong><em>in</em></strong></span> <span class='ocrx_word' id='word_1_695' title='bbox 1110 5128 1245 5169; x_wconf 88' lang='lat' dir='ltr'><strong><em>vero</em></strong></span> <span class='ocrx_word' id='word_1_696' title='bbox 1275 5110 1454 5181; x_wconf 85' lang='lat' dir='ltr'><strong><em>Filio;</em></strong></span> <span class='ocrx_word' id='word_1_697' title='bbox 1486 5110 1755 5185; x_wconf 88' lang='lat' dir='ltr'><strong><em>quamvis</em></strong></span> <span class='ocrx_word' id='word_1_698' title='bbox 1785 5112 2093 5170; x_wconf 88' lang='lat' dir='ltr'><strong><em>credamus</em></strong></span> 
     </span>
    </p>
   </div>
   <div class='ocr_carea' id='block_1_84' title="bbox 447 5197 2096 5274">
    <p class='ocr_par' dir='ltr' id='par_1_84' title="bbox 447 5197 2096 5274">
     <span class='ocr_line' id='line_1_84' title="bbox 447 5197 2096 5274; baseline 0.002 -21"><span class='ocrx_word' id='word_1_699' title='bbox 447 5197 628 5258; x_wconf 87' lang='lat' dir='ltr'><strong><em>nullis</em></strong></span> <span class='ocrx_word' id='word_1_700' title='bbox 656 5198 1000 5259; x_wconf 90' lang='lat' dir='ltr'><strong><em>hominibus</em></strong></span> <span class='ocrx_word' id='word_1_701' title='bbox 1029 5216 1200 5274; x_wconf 87' lang='lat' dir='ltr'><strong><em>opem</em></strong></span> <span class='ocrx_word' id='word_1_702' title='bbox 1229 5200 1428 5273; x_wconf 69' lang='lat' dir='ltr'><strong><em>gratia:</em></strong></span> <span class='ocrx_word' id='word_1_703' title='bbox 1453 5198 1513 5257; x_wconf 92' lang='lat' dir='ltr'><strong><em>in</em></strong></span> <span class='ocrx_word' id='word_1_704' title='bbox 1543 5204 1737 5258; x_wconf 87' lang='lat' dir='ltr'><strong><em>totum</em></strong></span> <span class='ocrx_word' id='word_1_705' title='bbox 1757 5199 1941 5258; x_wconf 84' lang='lat' dir='ltr'><strong><em>fuisse</em></strong></span> <span class='ocrx_word' id='word_1_706' title='bbox 1960 5201 2096 5258; x_wconf 60' lang='lat' dir='ltr'><strong><em>sub.</em></strong></span> 
     </span>
    </p>
   </div>
   <div class='ocr_carea' id='block_1_85' title="bbox 446 5287 2092 5359">
    <p class='ocr_par' dir='ltr' id='par_1_85' title="bbox 446 5287 2092 5359">
     <span class='ocr_line' id='line_1_85' title="bbox 446 5287 2092 5359; baseline 0.004 -17"><span class='ocrx_word' id='word_1_707' title='bbox 446 5289 716 5358; x_wconf 81' lang='lat' dir='ltr'><strong><em>tractam,</em></strong></span> <span class='ocrx_word' id='word_1_708' title='bbox 741 5293 939 5348; x_wconf 85' lang='lat' dir='ltr'><strong><em>tamen</em></strong></span> <span class='ocrx_word' id='word_1_709' title='bbox 970 5289 1053 5348; x_wconf 86' lang='lat' dir='ltr'><strong><em>ita</em></strong></span> <span class='ocrx_word' id='word_1_710' title='bbox 1074 5290 1222 5347; x_wconf 84' lang='lat' dir='ltr'><strong><em>forte</em></strong></span> <span class='ocrx_word' id='word_1_711' title='bbox 1250 5290 1361 5346; x_wconf 88' lang='lat' dir='ltr'><strong><em>hoc</em></strong></span> <span class='ocrx_word' id='word_1_712' title='bbox 1386 5287 1643 5346; x_wconf 80' lang='lat' dir='ltr'><strong><em>velatum</em></strong></span> <span class='ocrx_word' id='word_1_713' title='bbox 1665 5289 1759 5359; x_wconf 89' lang='lat' dir='ltr'><strong><em>sit,</em></strong></span> <span class='ocrx_word' id='word_1_714' title='bbox 1773 5289 1929 5347; x_wconf 89' lang='lat' dir='ltr'><strong><em>sicut</em></strong></span> <span class='ocrx_word' id='word_1_715' title='bbox 1946 5288 2092 5348; x_wconf 89' lang='lat' dir='ltr'><strong><em>illud</em></strong></span> 
     </span>
    </p>
   </div>
   <div class='ocr_carea' id='block_1_86' title="bbox 446 5373 2093 5454">
    <p class='ocr_par' dir='ltr' id='par_1_86' title="bbox 446 5373 2093 5454">
     <span class='ocr_line' id='line_1_86' title="bbox 446 5373 2093 5454; baseline 0.003 -22"><span class='ocrx_word' id='word_1_716' title='bbox 446 5373 857 5437; x_wconf 81' lang='lat' dir='ltr'><strong><em>absconditum</em></strong></span> <span class='ocrx_word' id='word_1_717' title='bbox 880 5383 988 5451; x_wconf 88' lang='lat' dir='ltr'><strong><em>est,</em></strong></span> <span class='ocrx_word' id='word_1_718' title='bbox 1010 5396 1135 5449; x_wconf 89' lang='lat' dir='ltr'><strong><em>cur,</em></strong></span> <span class='ocrx_word' id='word_1_719' title='bbox 1159 5378 1438 5436; x_wconf 90' lang='lat' dir='ltr'><strong><em>omnibus</em></strong></span> <span class='ocrx_word' id='word_1_720' title='bbox 1457 5379 1731 5454; x_wconf 86' lang='lat' dir='ltr'><strong><em>gentibus</em></strong></span> <span class='ocrx_word' id='word_1_721' title='bbox 1748 5379 2093 5453; x_wconf 68' lang='lat' dir='ltr'><strong><em>praetermis-</em></strong></span> 
     </span>
    </p>
   </div>
   <div class='ocr_carea' id='block_1_87' title="bbox 446 5461 2094 5542">
    <p class='ocr_par' dir='ltr' id='par_1_87' title="bbox 446 5461 2094 5542">
     <span class='ocr_line' id='line_1_87' title="bbox 446 5461 2094 5542; baseline 0.004 -22"><span class='ocrx_word' id='word_1_722' title='bbox 446 5461 554 5534; x_wconf 81' lang='lat' dir='ltr'><strong><em>sis,</em></strong></span> <span class='ocrx_word' id='word_1_723' title='bbox 576 5480 765 5522; x_wconf 85' lang='lat' dir='ltr'><strong><em>unum</em></strong></span> <span class='ocrx_word' id='word_1_724' title='bbox 783 5467 897 5526; x_wconf 87' lang='lat' dir='ltr'><strong><em>sibi</em></strong></span> <span class='ocrx_word' id='word_1_725' title='bbox 920 5469 1224 5542; x_wconf 89' lang='lat' dir='ltr'><strong><em>populum,</em></strong></span> <span class='ocrx_word' id='word_1_726' title='bbox 1244 5485 1421 5542; x_wconf 88' lang='lat' dir='ltr'><strong><em>quem</em></strong></span> <span class='ocrx_word' id='word_1_727' title='bbox 1442 5469 1514 5526; x_wconf 91' lang='lat' dir='ltr'><strong><em>ad</em></strong></span> <span class='ocrx_word' id='word_1_728' title='bbox 1534 5468 1794 5526; x_wconf 87' lang='lat' dir='ltr'><strong><em>veritatis</em></strong></span> <span class='ocrx_word' id='word_1_729' title='bbox 1814 5467 2094 5542; x_wconf 84' lang='lat' dir='ltr'><strong><em>cognitio-</em></strong></span> 
     </span>
    </p>
   </div>
   <div class='ocr_carea' id='block_1_88' title="bbox 445 5553 2090 5632">
    <p class='ocr_par' dir='ltr' id='par_1_88' title="bbox 445 5553 2090 5632">
     <span class='ocr_line' id='line_1_88' title="bbox 445 5553 2090 5632; baseline 0.004 -23"><span class='ocrx_word' id='word_1_730' title='bbox 445 5568 585 5610; x_wconf 82' lang='lat' dir='ltr'><strong><em>nem</em></strong></span> <span class='ocrx_word' id='word_1_731' title='bbox 614 5553 891 5625; x_wconf 86' lang='lat' dir='ltr'><strong><em>orudiret,</em></strong></span> <span class='ocrx_word' id='word_1_732' title='bbox 925 5558 1235 5632; x_wconf 84' lang='lat' dir='ltr'><strong><em>exceperit.</em></strong></span> <span class='ocrx_word' id='word_1_733' title='bbox 1268 5559 1350 5616; x_wconf 92' lang='lat' dir='ltr'><strong><em>Dc</em></strong></span> <span class='ocrx_word' id='word_1_734' title='bbox 1379 5574 1495 5631; x_wconf 91' lang='lat' dir='ltr'><strong><em>quo</em></strong></span> <span class='ocrx_word' id='word_1_735' title='bbox 1518 5557 1745 5630; x_wconf 90' lang='lat' dir='ltr'><strong><em>judicio</em></strong></span> <span class='ocrx_word' id='word_1_736' title='bbox 1774 5556 1877 5615; x_wconf 88' lang='lat' dir='ltr'><strong><em>Dei</em></strong></span> <span class='ocrx_word' id='word_1_737' title='bbox 1897 5557 1947 5614; x_wconf 90' lang='lat' dir='ltr'><strong><em>si</em></strong></span> <span class='ocrx_word' id='word_1_738' title='bbox 1973 5575 2090 5616; x_wconf 90' lang='lat' dir='ltr'><strong><em>non</em></strong></span> 
     </span>
    </p>
   </div>
   <div class='ocr_carea' id='block_1_89' title="bbox 444 5642 2088 5721">
    <p class='ocr_par' dir='ltr' id='par_1_89' title="bbox 444 5642 2088 5721">
     <span class='ocr_line' id='line_1_89' title="bbox 444 5642 2088 5721; baseline 0.001 -16"><span class='ocrx_word' id='word_1_739' title='bbox 444 5645 537 5705; x_wconf 79' lang='lat' dir='ltr'><strong><em>est</em></strong></span> <span class='ocrx_word' id='word_1_740' title='bbox 563 5642 1048 5718; x_wconf 85' lang='lat' dir='ltr'><strong><em>conquirendum,</em></strong></span> <span class='ocrx_word' id='word_1_741' title='bbox 1082 5646 1267 5705; x_wconf 90' lang='lat' dir='ltr'><strong><em>multo</em></strong></span> <span class='ocrx_word' id='word_1_742' title='bbox 1297 5647 1498 5704; x_wconf 90' lang='lat' dir='ltr'><strong><em>minus</em></strong></span> <span class='ocrx_word' id='word_1_743' title='bbox 1526 5647 1599 5704; x_wconf 88' lang='lat' dir='ltr'><strong><em>de</em></strong></span> <span class='ocrx_word' id='word_1_744' title='bbox 1625 5646 1736 5704; x_wconf 88' lang='lat' dir='ltr'><strong><em>hoc</em></strong></span> <span class='ocrx_word' id='word_1_745' title='bbox 1766 5647 1923 5721; x_wconf 91' lang='lat' dir='ltr'><strong><em>quod</em></strong></span> <span class='ocrx_word' id='word_1_746' title='bbox 1953 5665 2088 5707; x_wconf 88' lang='lat' dir='ltr'><strong><em>cum</em></strong></span> 
     </span>
    </p>
   </div>
   <div class='ocr_carea' id='block_1_90' title="bbox 438 5730 2087 5818">
    <p class='ocr_par' dir='ltr' id='par_1_90' title="bbox 438 5730 2087 5818">
     <span class='ocr_line' id='line_1_90' title="bbox 438 5730 2087 5818; baseline 0.006 -26"><span class='ocrx_word' id='word_1_747' title='bbox 438 5730 727 5795; x_wconf 85' lang='lat' dir='ltr'><strong><em>electione</em></strong></span> <span class='ocrx_word' id='word_1_748' title='bbox 753 5733 1020 5796; x_wconf 85' lang='lat' dir='ltr'><strong><em>omnium</em></strong></span> <span class='ocrx_word' id='word_1_749' title='bbox 1047 5734 1313 5813; x_wconf 87' lang='lat' dir='ltr'><strong><em>gentium</em></strong></span> <span class='ocrx_word' id='word_1_750' title='bbox 1341 5735 1566 5818; x_wconf 82' lang='lat' dir='ltr'><strong><em>geritur</em></strong></span> <span class='ocrx_word' id='word_1_751' title='bbox 1590 5737 2087 5802; x_wconf 83' lang='lat' dir='ltr'><strong><em>murmurandum</em></strong></span> 
     </span>
    </p>
   </div>
   <div class='ocr_carea' id='block_1_91' title="bbox 2209 3415 3863 3490">
    <p class='ocr_par' dir='ltr' id='par_1_91' title="bbox 2209 3415 3863 3490">
     <span class='ocr_line' id='line_1_91' title="bbox 2209 3415 3863 3490; baseline 0 -17"><span class='ocrx_word' id='word_1_752' title='bbox 2209 3417 2381 3473; x_wconf 83' lang='lat' dir='ltr'><strong><em>multo</em></strong></span> <span class='ocrx_word' id='word_1_753' title='bbox 2408 3417 2587 3487; x_wconf 85' lang='lat' dir='ltr'><strong><em>magis</em></strong></span> <span class='ocrx_word' id='word_1_754' title='bbox 2613 3417 2758 3473; x_wconf 77' lang='lat' dir='ltr'><strong><em>salvi</em></strong></span> <span class='ocrx_word' id='word_1_755' title='bbox 2782 3417 2990 3474; x_wconf 84' lang='lat' dir='ltr'><strong><em>erimus</em></strong></span> <span class='ocrx_word' id='word_1_756' title='bbox 3017 3416 3078 3472; x_wconf 87' lang='lat' dir='ltr'><strong><em>in</em></strong></span> <span class='ocrx_word' id='word_1_757' title='bbox 3109 3417 3224 3473; x_wconf 79' lang='lat' dir='ltr'><strong><em>vita</em></strong></span> <span class='ocrx_word' id='word_1_758' title='bbox 3270 3417 3447 3490; x_wconf 87' lang='lat' dir='ltr'><strong><em>ipsius</em></strong></span> <span class='ocrx_word' id='word_1_759' title='bbox 3476 3415 3663 3486; x_wconf 61' lang='grc' dir='ltr'><strong><em>(ἤθεά,</em></strong></span> <span class='ocrx_word' id='word_1_760' title='bbox 3688 3417 3863 3489; x_wconf 81' lang='grc'><strong><em>8-10).</em></strong></span> 
     </span>
    </p>
   </div>
   <div class='ocr_carea' id='block_1_92' title="bbox 2211 3502 3862 3577">
    <p class='ocr_par' dir='ltr' id='par_1_92' title="bbox 2211 3502 3862 3577">
     <span class='ocr_line' id='line_1_92' title="bbox 2211 3502 3862 3577; baseline 0.001 -15"><span class='ocrx_word' id='word_1_761' title='bbox 2211 3505 2373 3562; x_wconf 88' lang='lat' dir='ltr'><strong><em>Idem</em></strong></span> <span class='ocrx_word' id='word_1_762' title='bbox 2389 3509 2586 3562; x_wconf 88' lang='lat' dir='ltr'><strong><em>autem</em></strong></span> <span class='ocrx_word' id='word_1_763' title='bbox 2602 3502 2916 3577; x_wconf 87' lang='lat' dir='ltr'><strong><em>Apostolus</em></strong></span> <span class='ocrx_word' id='word_1_764' title='bbox 2932 3503 2994 3561; x_wconf 90' lang='lat' dir='ltr'><strong><em>in</em></strong></span> <span class='ocrx_word' id='word_1_765' title='bbox 3009 3504 3271 3562; x_wconf 85' lang='lat' dir='ltr'><strong><em>secunda</em></strong></span> <span class='ocrx_word' id='word_1_766' title='bbox 3288 3505 3360 3562; x_wconf 85' lang='lat' dir='ltr'><strong><em>ad</em></strong></span> <span class='ocrx_word' id='word_1_767' title='bbox 3383 3503 3720 3562; x_wconf 82' lang='lat' dir='ltr'><strong><em>Corinthios</em></strong></span> <span class='ocrx_word' id='word_1_768' title='bbox 3739 3505 3826 3562; x_wconf 84' lang='lat' dir='ltr'><strong><em>ait</em></strong></span> <span class='ocrx_word' id='word_1_769' title='bbox 3845 3521 3862 3564; x_wconf 91' lang='lat'><strong>:</strong></span> 
     </span>
    </p>
   </div>
   <div class='ocr_carea' id='block_1_93' title="bbox 2210 3593 3874 3668">
    <p class='ocr_par' dir='ltr' id='par_1_93' title="bbox 2210 3593 3874 3668">
     <span class='ocr_line' id='line_1_93' title="bbox 2210 3593 3874 3668; baseline 0 -16"><span class='ocrx_word' id='word_1_770' title='bbox 2210 3594 2458 3652; x_wconf 82' lang='lat' dir='ltr'><strong><em>Charitas</em></strong></span> <span class='ocrx_word' id='word_1_771' title='bbox 2485 3595 2635 3652; x_wconf 84' lang='lat' dir='ltr'><strong><em>enim</em></strong></span> <span class='ocrx_word' id='word_1_772' title='bbox 2664 3594 2872 3652; x_wconf 87' lang='lat' dir='ltr'><strong><em>Christi</em></strong></span> <span class='ocrx_word' id='word_1_773' title='bbox 2897 3601 3055 3668; x_wconf 89' lang='lat' dir='ltr'><strong><em>urget</em></strong></span> <span class='ocrx_word' id='word_1_774' title='bbox 3091 3609 3211 3665; x_wconf 88' lang='lat' dir='ltr'><strong><em>nos,</em></strong></span> <span class='ocrx_word' id='word_1_775' title='bbox 3231 3593 3546 3668; x_wconf 85' lang='lat' dir='ltr'><strong><em>judieantes</em></strong></span> <span class='ocrx_word' id='word_1_776' title='bbox 3589 3594 3714 3663; x_wconf 79' lang='lat' dir='ltr'><strong><em>hoc,</em></strong></span> <span class='ocrx_word' id='word_1_777' title='bbox 3745 3608 3874 3668; x_wconf 81' lang='lat' dir='ltr'><strong><em>quo-</em></strong></span> 
     </span>
    </p>
   </div>
   <div class='ocr_carea' id='block_1_94' title="bbox 2208 3683 3874 3758">
    <p class='ocr_par' dir='ltr' id='par_1_94' title="bbox 2208 3683 3874 3758">
     <span class='ocr_line' id='line_1_94' title="bbox 2208 3683 3874 3758; baseline -0.001 -16"><span class='ocrx_word' id='word_1_778' title='bbox 2208 3686 2367 3742; x_wconf 87' lang='lat' dir='ltr'><strong><em>niam</em></strong></span> <span class='ocrx_word' id='word_1_779' title='bbox 2391 3685 2444 3741; x_wconf 89' lang='lat' dir='ltr'><strong><em>si</em></strong></span> <span class='ocrx_word' id='word_1_780' title='bbox 2469 3699 2616 3742; x_wconf 86' lang='lat' dir='ltr'><strong><em>unus</em></strong></span> <span class='ocrx_word' id='word_1_781' title='bbox 2638 3699 2741 3758; x_wconf 84' lang='lat' dir='ltr'><strong><em>pro</em></strong></span> <span class='ocrx_word' id='word_1_782' title='bbox 2779 3683 3038 3742; x_wconf 87' lang='lat' dir='ltr'><strong><em>omnibus</em></strong></span> <span class='ocrx_word' id='word_1_783' title='bbox 3083 3690 3330 3742; x_wconf 83' lang='lat' dir='ltr'><strong><em>mortuus</em></strong></span> <span class='ocrx_word' id='word_1_784' title='bbox 3376 3690 3475 3753; x_wconf 90' lang='lat' dir='ltr'><strong><em>est,</em></strong></span> <span class='ocrx_word' id='word_1_785' title='bbox 3504 3698 3632 3756; x_wconf 84' lang='lat' dir='ltr'><strong><em>ergo</em></strong></span> <span class='ocrx_word' id='word_1_786' title='bbox 3682 3698 3874 3741; x_wconf 80' lang='lat' dir='ltr'><strong><em>omnes</em></strong></span> 
     </span>
    </p>
   </div>
   <div class='ocr_carea' id='block_1_95' title="bbox 2207 3773 3874 3847">
    <p class='ocr_par' dir='ltr' id='par_1_95' title="bbox 2207 3773 3874 3847">
     <span class='ocr_line' id='line_1_95' title="bbox 2207 3773 3874 3847; baseline 0 -17"><span class='ocrx_word' id='word_1_787' title='bbox 2207 3774 2414 3830; x_wconf 87' lang='lat' dir='ltr'><strong><em>mortui</em></strong></span> <span class='ocrx_word' id='word_1_788' title='bbox 2436 3780 2586 3846; x_wconf 86' lang='lat' dir='ltr'><strong><em>sunt,</em></strong></span> <span class='ocrx_word' id='word_1_789' title='bbox 2617 3780 2669 3830; x_wconf 89' lang='lat' dir='ltr'><strong><em>et</em></strong></span> <span class='ocrx_word' id='word_1_790' title='bbox 2693 3789 2798 3847; x_wconf 83' lang='lat' dir='ltr'><strong><em>pro</em></strong></span> <span class='ocrx_word' id='word_1_791' title='bbox 2826 3773 3080 3830; x_wconf 78' lang='lat' dir='ltr'><strong><em>omnibus</em></strong></span> <span class='ocrx_word' id='word_1_792' title='bbox 3117 3779 3368 3830; x_wconf 76' lang='lat' dir='ltr'><strong><em>mortuus</em></strong></span> <span class='ocrx_word' id='word_1_793' title='bbox 3414 3779 3512 3842; x_wconf 82' lang='lat' dir='ltr'><strong><em>est,</em></strong></span> <span class='ocrx_word' id='word_1_794' title='bbox 3545 3779 3601 3830; x_wconf 85' lang='lat' dir='ltr'><strong><em>et</em></strong></span> <span class='ocrx_word' id='word_1_795' title='bbox 3626 3788 3874 3831; x_wconf 75' lang='lat' dir='ltr'><strong><em>resumo-</em></strong></span> 
     </span>
    </p>
   </div>
   <div class='ocr_carea' id='block_1_96' title="bbox 2207 3861 3874 3936">
    <p class='ocr_par' dir='ltr' id='par_1_96' title="bbox 2207 3861 3874 3936">
     <span class='ocr_line' id='line_1_96' title="bbox 2207 3861 3874 3936; baseline 0.001 -17"><span class='ocrx_word' id='word_1_796' title='bbox 2207 3864 2296 3919; x_wconf 76' lang='lat' dir='ltr'><strong><em>xit</em></strong></span> <span class='ocrx_word' id='word_1_797' title='bbox 2317 3863 2391 3933; x_wconf 84' lang='grc' dir='ltr'><strong><em>(ΙΙ</em></strong></span> <span class='ocrx_word' id='word_1_798' title='bbox 2419 3862 2542 3920; x_wconf 91' lang='lat' dir='ltr'><strong><em>Cor.</em></strong></span> <span class='ocrx_word' id='word_1_799' title='bbox 2572 3878 2629 3931; x_wconf 87' lang='grc' dir='ltr'><em>ν,</em></span> <span class='ocrx_word' id='word_1_800' title='bbox 2664 3861 2774 3936; x_wconf 86' lang='grc'>14).</span> <span class='ocrx_word' id='word_1_801' title='bbox 2805 3862 2886 3919; x_wconf 90' lang='lat' dir='ltr'><strong><em>De</em></strong></span> <span class='ocrx_word' id='word_1_802' title='bbox 2916 3863 3110 3936; x_wconf 85' lang='lat' dir='ltr'><strong><em>seipse</em></strong></span> <span class='ocrx_word' id='word_1_803' title='bbox 3148 3879 3288 3920; x_wconf 87' lang='lat' dir='ltr'><strong><em>vero</em></strong></span> <span class='ocrx_word' id='word_1_804' title='bbox 3334 3861 3480 3936; x_wconf 89' lang='lat' dir='ltr'><strong><em>quid</em></strong></span> <span class='ocrx_word' id='word_1_805' title='bbox 3525 3863 3874 3936; x_wconf 79' lang='lat' dir='ltr'><strong><em>pronuntiet</em></strong></span> 
     </span>
    </p>
   </div>
   <div class='ocr_carea' id='block_1_97' title="bbox 2208 3949 3874 4027">
    <p class='ocr_par' dir='ltr' id='par_1_97' title="bbox 2208 3949 3874 4027">
     <span class='ocr_line' id='line_1_97' title="bbox 2208 3949 3874 4027; baseline 0.001 -19"><span class='ocrx_word' id='word_1_806' title='bbox 2208 3951 2522 4009; x_wconf 86' lang='lat' dir='ltr'><strong><em>audiamus</em></strong></span> <span class='ocrx_word' id='word_1_807' title='bbox 2544 3969 2559 4008; x_wconf 87' lang='lat'><strong>:</strong></span> <span class='ocrx_word' id='word_1_808' title='bbox 2582 3949 3334 4025; x_wconf 78' lang='lat' dir='ltr'><strong><em>Fidelis,inquit,senno,et</em></strong></span> <span class='ocrx_word' id='word_1_809' title='bbox 3352 3953 3520 4008; x_wconf 84' lang='lat' dir='ltr'><strong><em>omni</em></strong></span> <span class='ocrx_word' id='word_1_810' title='bbox 3534 3953 3874 4027; x_wconf 74' lang='lat' dir='ltr'><strong><em>acceptione</em></strong></span> 
     </span>
    </p>
   </div>
   <div class='ocr_carea' id='block_1_98' title="bbox 2206 4041 3872 4117">
    <p class='ocr_par' dir='ltr' id='par_1_98' title="bbox 2206 4041 3872 4117">
     <span class='ocr_line' id='line_1_98' title="bbox 2206 4041 3872 4117; baseline 0.002 -19"><span class='ocrx_word' id='word_1_811' title='bbox 2206 4041 2440 4116; x_wconf 86' lang='lat' dir='ltr'><strong><em>dignus,</em></strong></span> <span class='ocrx_word' id='word_1_812' title='bbox 2467 4043 2615 4117; x_wconf 80' lang='lat' dir='ltr'><strong><em>quia</em></strong></span> <span class='ocrx_word' id='word_1_813' title='bbox 2645 4041 2920 4099; x_wconf 84' lang='lat' dir='ltr'><strong><em>Christus</em></strong></span> <span class='ocrx_word' id='word_1_814' title='bbox 2945 4045 3118 4100; x_wconf 74' lang='lat' dir='ltr'><strong><em>Iesus</em></strong></span> <span class='ocrx_word' id='word_1_815' title='bbox 3143 4043 3298 4100; x_wconf 82' lang='lat' dir='ltr'><strong><em>venit</em></strong></span> <span class='ocrx_word' id='word_1_816' title='bbox 3317 4044 3383 4100; x_wconf 86' lang='lat' dir='ltr'><strong><em>in</em></strong></span> <span class='ocrx_word' id='word_1_817' title='bbox 3405 4041 3558 4100; x_wconf 75' lang='lat' dir='ltr'><strong><em>hunc</em></strong></span> <span class='ocrx_word' id='word_1_818' title='bbox 3585 4045 3872 4101; x_wconf 74' lang='lat' dir='ltr'><strong><em>mundum</em></strong></span> 
     </span>
    </p>
   </div>
   <div class='ocr_carea' id='block_1_99' title="bbox 2195 4130 3870 4207">
    <p class='ocr_par' dir='ltr' id='par_1_99' title="bbox 2195 4130 3870 4207">
     <span class='ocr_line' id='line_1_99' title="bbox 2195 4130 3870 4207; baseline 0.002 -20"><span class='ocrx_word' id='word_1_819' title='bbox 2195 4137 2505 4204; x_wconf 82' lang='lat' dir='ltr'><strong><em>pecatores</em></strong></span> <span class='ocrx_word' id='word_1_820' title='bbox 2513 4132 2707 4189; x_wconf 82' lang='lat' dir='ltr'><strong><em>salvos</em></strong></span> <span class='ocrx_word' id='word_1_821' title='bbox 2717 4130 3188 4207; x_wconf 81' lang='lat' dir='ltr'><strong><em>facere,quorum</em></strong></span> <span class='ocrx_word' id='word_1_822' title='bbox 3215 4133 3448 4204; x_wconf 82' lang='lat' dir='ltr'><strong><em>primus</em></strong></span> <span class='ocrx_word' id='word_1_823' title='bbox 3460 4147 3570 4207; x_wconf 84' lang='lat' dir='ltr'><strong><em>ego</em></strong></span> <span class='ocrx_word' id='word_1_824' title='bbox 3584 4148 3719 4190; x_wconf 82' lang='lat' dir='ltr'><strong><em>sum</em></strong></span> <span class='ocrx_word' id='word_1_825' title='bbox 3727 4175 3742 4189; x_wconf 90' lang='lat'><strong><em>.</em></strong></span> <span class='ocrx_word' id='word_1_826' title='bbox 3754 4133 3870 4192; x_wconf 71' lang='lat' dir='ltr'><strong><em>Sed</em></strong></span> 
     </span>
    </p>
   </div>
   <div class='ocr_carea' id='block_1_100' title="bbox 2206 4219 3873 4297">
    <p class='ocr_par' dir='ltr' id='par_1_100' title="bbox 2206 4219 3873 4297">
     <span class='ocr_line' id='line_1_100' title="bbox 2206 4219 3873 4297; baseline 0.002 -19"><span class='ocrx_word' id='word_1_827' title='bbox 2206 4220 2344 4278; x_wconf 82' lang='lat' dir='ltr'><strong><em>ideo</em></strong></span> <span class='ocrx_word' id='word_1_828' title='bbox 2369 4219 2842 4278; x_wconf 84' lang='lat' dir='ltr'><strong><em>misericordiam</em></strong></span> <span class='ocrx_word' id='word_1_829' title='bbox 2860 4226 3201 4278; x_wconf 82' lang='lat' dir='ltr'><strong><em>consecutus</em></strong></span> <span class='ocrx_word' id='word_1_830' title='bbox 3218 4238 3367 4294; x_wconf 88' lang='lat' dir='ltr'><strong><em>sum,</em></strong></span> <span class='ocrx_word' id='word_1_831' title='bbox 3384 4227 3450 4278; x_wconf 82' lang='lat' dir='ltr'><strong><em>ut</em></strong></span> <span class='ocrx_word' id='word_1_832' title='bbox 3472 4223 3537 4279; x_wconf 80' lang='lat' dir='ltr'><strong><em>in</em></strong></span> <span class='ocrx_word' id='word_1_833' title='bbox 3560 4239 3654 4279; x_wconf 79' lang='lat' dir='ltr'><strong><em>me</em></strong></span> <span class='ocrx_word' id='word_1_834' title='bbox 3667 4224 3873 4297; x_wconf 70' lang='lat' dir='ltr'><strong><em>primo</em></strong></span> 
     </span>
    </p>
   </div>
   <div class='ocr_carea' id='block_1_101' title="bbox 2205 4309 3873 4384">
    <p class='ocr_par' dir='ltr' id='par_1_101' title="bbox 2205 4309 3873 4384">
     <span class='ocr_line' id='line_1_101' title="bbox 2205 4309 3873 4384; baseline 0.003 -18"><span class='ocrx_word' id='word_1_835' title='bbox 2205 4310 2531 4368; x_wconf 82' lang='lat' dir='ltr'><strong><em>ostenderet</em></strong></span> <span class='ocrx_word' id='word_1_836' title='bbox 2559 4309 2818 4367; x_wconf 80' lang='lat' dir='ltr'><strong><em>Christus</em></strong></span> <span class='ocrx_word' id='word_1_837' title='bbox 2843 4313 3019 4368; x_wconf 85' lang='lat' dir='ltr'><strong><em>Jesus</em></strong></span> <span class='ocrx_word' id='word_1_838' title='bbox 3047 4327 3273 4368; x_wconf 84' lang='lat' dir='ltr'><strong><em>omnem</em></strong></span> <span class='ocrx_word' id='word_1_839' title='bbox 3289 4311 3773 4384; x_wconf 53' lang='lat' dir='ltr'><strong><em>patientiam,“</em></strong></span> <span class='ocrx_word' id='word_1_840' title='bbox 3786 4314 3873 4370; x_wconf 78' lang='lat' dir='ltr'><strong><em>in-</em></strong></span> 
     </span>
    </p>
   </div>
   <div class='ocr_carea' id='block_1_102' title="bbox 2204 4396 3871 4475">
    <p class='ocr_par' dir='ltr' id='par_1_102' title="bbox 2204 4396 3871 4475">
     <span class='ocr_line' id='line_1_102' title="bbox 2204 4396 3871 4475; baseline 0.004 -21"><span class='ocrx_word' id='word_1_841' title='bbox 2204 4396 2627 4472; x_wconf 77' lang='lat' dir='ltr'><strong><em>formationem</em></strong></span> <span class='ocrx_word' id='word_1_842' title='bbox 2656 4415 2861 4457; x_wconf 86' lang='lat' dir='ltr'><strong><em>eorum</em></strong></span> <span class='ocrx_word' id='word_1_843' title='bbox 2888 4399 2987 4475; x_wconf 84' lang='lat' dir='ltr'><strong><em>qui</em></strong></span> <span class='ocrx_word' id='word_1_844' title='bbox 3008 4400 3309 4458; x_wconf 83' lang='lat' dir='ltr'><strong><em>credituri</em></strong></span> <span class='ocrx_word' id='word_1_845' title='bbox 3329 4406 3464 4458; x_wconf 66' lang='lat' dir='ltr'><strong><em>sum</em></strong></span> <span class='ocrx_word' id='word_1_846' title='bbox 3484 4399 3581 4458; x_wconf 84' lang='lat' dir='ltr'><strong><em>illi</em></strong></span> <span class='ocrx_word' id='word_1_847' title='bbox 3597 4401 3659 4458; x_wconf 86' lang='lat' dir='ltr'><strong><em>in</em></strong></span> <span class='ocrx_word' id='word_1_848' title='bbox 3678 4404 3871 4460; x_wconf 66' lang='lat' dir='ltr'><strong><em>vitam</em></strong></span> 
     </span>
    </p>
   </div>
   <div class='ocr_carea' id='block_1_103' title="bbox 2170 4488 3871 4564">
    <p class='ocr_par' dir='ltr' id='par_1_103' title="bbox 2170 4488 3871 4564">
     <span class='ocr_line' id='line_1_103' title="bbox 2170 4488 3871 4564; baseline 0.001 -17"><span class='ocrx_word' id='word_1_849' title='bbox 2170 4493 2490 4547; x_wconf 54' lang='lat' dir='ltr'><strong><em>.mternam</em></strong></span> <span class='ocrx_word' id='word_1_850' title='bbox 2517 4488 2569 4560; x_wconf 85' lang='grc' dir='ltr'><strong><em>(Ι</em></strong></span> <span class='ocrx_word' id='word_1_851' title='bbox 2599 4489 2747 4544; x_wconf 88' lang='lat' dir='ltr'><strong><em>Tim.</em></strong></span> <span class='ocrx_word' id='word_1_852' title='bbox 2779 4506 2820 4559; x_wconf 82' lang='grc' dir='ltr'><em>ι,</em></span> <span class='ocrx_word' id='word_1_853' title='bbox 2855 4489 2925 4546; x_wconf 90' lang='grc'><strong>15</strong></span> <span class='ocrx_word' id='word_1_854' title='bbox 2951 4492 3009 4546; x_wconf 84' lang='lat' dir='ltr'><strong><em>et</em></strong></span> <span class='ocrx_word' id='word_1_855' title='bbox 3035 4490 3231 4564; x_wconf 84' lang='lat' dir='ltr'><strong><em>seqq.).</em></strong></span> <span class='ocrx_word' id='word_1_856' title='bbox 3264 4489 3396 4547; x_wconf 90' lang='lat' dir='ltr'><strong><em>Sive</em></strong></span> <span class='ocrx_word' id='word_1_857' title='bbox 3422 4504 3564 4564; x_wconf 87' lang='lat' dir='ltr'><strong><em>ergo</em></strong></span> <span class='ocrx_word' id='word_1_858' title='bbox 3608 4489 3871 4548; x_wconf 77' lang='lat' dir='ltr'><strong><em>circum-</em></strong></span> 
     </span>
    </p>
   </div>
   <div class='ocr_carea' id='block_1_104' title="bbox 2203 4577 3875 4652">
    <p class='ocr_par' dir='ltr' id='par_1_104' title="bbox 2203 4577 3875 4652">
     <span class='ocr_line' id='line_1_104' title="bbox 2203 4577 3875 4652; baseline 0.002 -18"><span class='ocrx_word' id='word_1_859' title='bbox 2203 4577 2368 4648; x_wconf 87' lang='lat' dir='ltr'><strong><em>cisio,</em></strong></span> <span class='ocrx_word' id='word_1_860' title='bbox 2402 4577 2524 4635; x_wconf 89' lang='lat' dir='ltr'><strong><em>sive</em></strong></span> <span class='ocrx_word' id='word_1_861' title='bbox 2545 4577 2922 4652; x_wconf 65' lang='lat' dir='ltr'><strong><em>praeputium,</em></strong></span> <span class='ocrx_word' id='word_1_862' title='bbox 2937 4582 3176 4652; x_wconf 89' lang='lat' dir='ltr'><strong><em>peccato</em></strong></span> <span class='ocrx_word' id='word_1_863' title='bbox 3200 4577 3614 4636; x_wconf 85' lang='lat' dir='ltr'><strong><em>universaliter</em></strong></span> <span class='ocrx_word' id='word_1_864' title='bbox 3632 4580 3875 4638; x_wconf 86' lang='lat' dir='ltr'><strong><em>conclu-</em></strong></span> 
     </span>
    </p>
   </div>
   <div class='ocr_carea' id='block_1_105' title="bbox 2205 4665 3871 4740">
    <p class='ocr_par' dir='ltr' id='par_1_105' title="bbox 2205 4665 3871 4740">
     <span class='ocr_line' id='line_1_105' title="bbox 2205 4665 3871 4740; baseline 0.004 -18"><span class='ocrx_word' id='word_1_865' title='bbox 2205 4665 2472 4735; x_wconf 85' lang='lat' dir='ltr'><strong><em>debatur,</em></strong></span> <span class='ocrx_word' id='word_1_866' title='bbox 2501 4682 2775 4738; x_wconf 89' lang='lat' dir='ltr'><strong><em>unusque</em></strong></span> <span class='ocrx_word' id='word_1_867' title='bbox 2804 4683 3012 4724; x_wconf 89' lang='lat' dir='ltr'><strong><em>omnes</em></strong></span> <span class='ocrx_word' id='word_1_868' title='bbox 3040 4670 3240 4725; x_wconf 89' lang='lat' dir='ltr'><strong><em>reatus</em></strong></span> <span class='ocrx_word' id='word_1_869' title='bbox 3271 4667 3661 4740; x_wconf 78' lang='lat' dir='ltr'><strong><em>obstinxerat,</em></strong></span> <span class='ocrx_word' id='word_1_870' title='bbox 3687 4674 3751 4727; x_wconf 88' lang='lat' dir='ltr'><strong><em>et</em></strong></span> <span class='ocrx_word' id='word_1_871' title='bbox 3777 4669 3871 4728; x_wconf 87' lang='lat' dir='ltr'><strong><em>iu-</em></strong></span> 
     </span>
    </p>
   </div>
   <div class='ocr_carea' id='block_1_106' title="bbox 2208 4754 3872 4833">
    <p class='ocr_par' dir='ltr' id='par_1_106' title="bbox 2208 4754 3872 4833">
     <span class='ocr_line' id='line_1_106' title="bbox 2208 4754 3872 4833; baseline 0.002 -19"><span class='ocrx_word' id='word_1_872' title='bbox 2208 4759 2298 4814; x_wconf 88' lang='lat' dir='ltr'><strong><em>ter</em></strong></span> <span class='ocrx_word' id='word_1_873' title='bbox 2326 4754 2517 4829; x_wconf 88' lang='lat' dir='ltr'><strong><em>magis</em></strong></span> <span class='ocrx_word' id='word_1_874' title='bbox 2548 4755 2864 4830; x_wconf 88' lang='lat' dir='ltr'><strong><em>minusque</em></strong></span> <span class='ocrx_word' id='word_1_875' title='bbox 2892 4756 3107 4831; x_wconf 88' lang='lat' dir='ltr'><strong><em>impios</em></strong></span> <span class='ocrx_word' id='word_1_876' title='bbox 3139 4772 3312 4816; x_wconf 86' lang='lat' dir='ltr'><strong><em>nemo</em></strong></span> <span class='ocrx_word' id='word_1_877' title='bbox 3341 4761 3470 4816; x_wconf 88' lang='lat' dir='ltr'><strong><em>erat</em></strong></span> <span class='ocrx_word' id='word_1_878' title='bbox 3512 4758 3615 4832; x_wconf 91' lang='lat' dir='ltr'><strong><em>qui</em></strong></span> <span class='ocrx_word' id='word_1_879' title='bbox 3664 4764 3872 4833; x_wconf 82' lang='lat' dir='ltr'><strong><em>posset</em></strong></span> 
     </span>
    </p>
   </div>
   <div class='ocr_carea' id='block_1_107' title="bbox 2203 4843 3870 4924">
    <p class='ocr_par' dir='ltr' id='par_1_107' title="bbox 2203 4843 3870 4924">
     <span class='ocr_line' id='line_1_107' title="bbox 2203 4843 3870 4924; baseline 0.004 -24"><span class='ocrx_word' id='word_1_880' title='bbox 2203 4845 2427 4918; x_wconf 85' lang='lat' dir='ltr'><strong><em>absque</em></strong></span> <span class='ocrx_word' id='word_1_881' title='bbox 2456 4843 2670 4902; x_wconf 86' lang='lat' dir='ltr'><strong><em>Christi</em></strong></span> <span class='ocrx_word' id='word_1_882' title='bbox 2702 4846 3103 4920; x_wconf 88' lang='lat' dir='ltr'><strong><em>redemptione</em></strong></span> <span class='ocrx_word' id='word_1_883' title='bbox 3122 4845 3357 4905; x_wconf 85' lang='lat' dir='ltr'><strong><em>salvari.</em></strong></span> <span class='ocrx_word' id='word_1_884' title='bbox 3377 4849 3514 4915; x_wconf 56' lang='lat' dir='ltr'><strong><em>Quae</em></strong></span> <span class='ocrx_word' id='word_1_885' title='bbox 3533 4848 3870 4924; x_wconf 84' lang='lat' dir='ltr'><strong><em>redemptio</em></strong></span> 
     </span>
    </p>
   </div>
   <div class='ocr_carea' id='block_1_108' title="bbox 2203 4933 3873 5009">
    <p class='ocr_par' dir='ltr' id='par_1_108' title="bbox 2203 4933 3873 5009">
     <span class='ocr_line' id='line_1_108' title="bbox 2203 4933 3873 5009; baseline 0.003 -19"><span class='ocrx_word' id='word_1_886' title='bbox 2203 4933 2474 4991; x_wconf 86' lang='lat' dir='ltr'><strong><em>universo</em></strong></span> <span class='ocrx_word' id='word_1_887' title='bbox 2497 4934 2651 4992; x_wconf 69' lang='lat'><strong><em>212</em></strong></span> <span class='ocrx_word' id='word_1_888' title='bbox 2672 4950 2802 4992; x_wconf 89' lang='lat' dir='ltr'><strong><em>sese</em></strong></span> <span class='ocrx_word' id='word_1_889' title='bbox 2823 4934 3022 4992; x_wconf 90' lang='lat' dir='ltr'><strong><em>intulit</em></strong></span> <span class='ocrx_word' id='word_1_890' title='bbox 3041 4936 3285 5009; x_wconf 91' lang='lat' dir='ltr'><strong><em>mundo,</em></strong></span> <span class='ocrx_word' id='word_1_891' title='bbox 3299 4941 3356 4994; x_wconf 89' lang='lat' dir='ltr'><strong><em>et</em></strong></span> <span class='ocrx_word' id='word_1_892' title='bbox 3370 4935 3653 4995; x_wconf 89' lang='lat' dir='ltr'><strong><em>omnibus</em></strong></span> <span class='ocrx_word' id='word_1_893' title='bbox 3672 4937 3873 4997; x_wconf 56' lang='lat' dir='ltr'><strong><em>hami.</em></strong></span> 
     </span>
    </p>
   </div>
   <div class='ocr_carea' id='block_1_109' title="bbox 2201 5023 3871 5086">
    <p class='ocr_par' dir='ltr' id='par_1_109' title="bbox 2201 5023 3871 5086">
     <span class='ocr_line' id='line_1_109' title="bbox 2201 5023 3871 5086; baseline 0.004 -6"><span class='ocrx_word' id='word_1_894' title='bbox 2201 5023 2378 5082; x_wconf 90' lang='lat' dir='ltr'><strong><em>nibus</em></strong></span> <span class='ocrx_word' id='word_1_895' title='bbox 2408 5023 2806 5083; x_wconf 75' lang='lat' dir='ltr'><strong><em>indifferenter</em></strong></span> <span class='ocrx_word' id='word_1_896' title='bbox 2834 5025 3111 5083; x_wconf 89' lang='lat' dir='ltr'><strong><em>innotuit.</em></strong></span> <span class='ocrx_word' id='word_1_897' title='bbox 3142 5048 3172 5077; x_wconf 82' lang='lat'><strong>»</strong></span> <span class='ocrx_word' id='word_1_898' title='bbox 3201 5026 3272 5083; x_wconf 86' lang='lat' dir='ltr'><strong><em>Et</em></strong></span> <span class='ocrx_word' id='word_1_899' title='bbox 3300 5030 3505 5083; x_wconf 87' lang='lat' dir='ltr'><strong><em>contra</em></strong></span> <span class='ocrx_word' id='word_1_900' title='bbox 3533 5025 3740 5086; x_wconf 87' lang='lat' dir='ltr'><strong><em>Gallos</em></strong></span> <span class='ocrx_word' id='word_1_901' title='bbox 3768 5028 3871 5086; x_wconf 90' lang='lat' dir='ltr'><strong><em>ob-</em></strong></span> 
     </span>
    </p>
   </div>
   <div class='ocr_carea' id='block_1_110' title="bbox 2193 5113 3868 5187">
    <p class='ocr_par' dir='ltr' id='par_1_110' title="bbox 2193 5113 3868 5187">
     <span class='ocr_line' id='line_1_110' title="bbox 2193 5113 3868 5187; baseline 0.004 -17"><span class='ocrx_word' id='word_1_902' title='bbox 2193 5113 2449 5187; x_wconf 83' lang='lat' dir='ltr'><strong><em>jections</em></strong></span> <span class='ocrx_word' id='word_1_903' title='bbox 2480 5131 2635 5174; x_wconf 88' lang='lat' dir='ltr'><strong><em>nona</em></strong></span> <span class='ocrx_word' id='word_1_904' title='bbox 2656 5130 2671 5172; x_wconf 92' lang='lat'><strong>:</strong></span> <span class='ocrx_word' id='word_1_905' title='bbox 2695 5138 2724 5167; x_wconf 87' lang='lat'>«</span> <span class='ocrx_word' id='word_1_906' title='bbox 2745 5115 2958 5173; x_wconf 88' lang='lat' dir='ltr'><strong><em>Nullus</em></strong></span> <span class='ocrx_word' id='word_1_907' title='bbox 2987 5115 3229 5174; x_wconf 90' lang='lat' dir='ltr'><strong><em>omnino</em></strong></span> <span class='ocrx_word' id='word_1_908' title='bbox 3250 5119 3339 5174; x_wconf 88' lang='lat' dir='ltr'><strong><em>est</em></strong></span> <span class='ocrx_word' id='word_1_909' title='bbox 3357 5132 3429 5173; x_wconf 83' lang='lat' dir='ltr'><strong><em>ex</em></strong></span> <span class='ocrx_word' id='word_1_910' title='bbox 3447 5115 3734 5175; x_wconf 89' lang='lat' dir='ltr'><strong><em>omnibus</em></strong></span> <span class='ocrx_word' id='word_1_911' title='bbox 3759 5117 3868 5176; x_wconf 85' lang='lat' dir='ltr'><strong><em>bo-</em></strong></span> 
     </span>
    </p>
   </div>
   <div class='ocr_carea' id='block_1_111' title="bbox 2200 5202 3869 5282">
    <p class='ocr_par' dir='ltr' id='par_1_111' title="bbox 2200 5202 3869 5282">
     <span class='ocr_line' id='line_1_111' title="bbox 2200 5202 3869 5282; baseline 0.002 -22"><span class='ocrx_word' id='word_1_912' title='bbox 2200 5202 2485 5277; x_wconf 87' lang='lat' dir='ltr'><strong><em>minibus,</em></strong></span> <span class='ocrx_word' id='word_1_913' title='bbox 2507 5205 2678 5277; x_wconf 87' lang='lat' dir='ltr'><strong><em>cujus</em></strong></span> <span class='ocrx_word' id='word_1_914' title='bbox 2708 5208 2922 5262; x_wconf 87' lang='lat' dir='ltr'><strong><em>natura</em></strong></span> <span class='ocrx_word' id='word_1_915' title='bbox 2949 5204 3011 5260; x_wconf 91' lang='lat' dir='ltr'><strong><em>in</em></strong></span> <span class='ocrx_word' id='word_1_916' title='bbox 3040 5203 3272 5264; x_wconf 81' lang='lat' dir='ltr'><strong><em>Christo</em></strong></span> <span class='ocrx_word' id='word_1_917' title='bbox 3303 5205 3549 5264; x_wconf 88' lang='lat' dir='ltr'><strong><em>Domino</em></strong></span> <span class='ocrx_word' id='word_1_918' title='bbox 3581 5211 3869 5282; x_wconf 83' lang='lat' dir='ltr'><strong><em>suscepta</em></strong></span> 
     </span>
    </p>
   </div>
   <div class='ocr_carea' id='block_1_112' title="bbox 2204 5291 3865 5368">
    <p class='ocr_par' dir='ltr' id='par_1_112' title="bbox 2204 5291 3865 5368">
     <span class='ocr_line' id='line_1_112' title="bbox 2204 5291 3865 5368; baseline 0.003 -19"><span class='ocrx_word' id='word_1_919' title='bbox 2204 5309 2322 5350; x_wconf 90' lang='lat' dir='ltr'><strong><em>non</em></strong></span> <span class='ocrx_word' id='word_1_920' title='bbox 2350 5291 2546 5361; x_wconf 82' lang='lat' dir='ltr'><strong><em>tuerit,</em></strong></span> <span class='ocrx_word' id='word_1_921' title='bbox 2578 5293 2849 5368; x_wconf 90' lang='lat' dir='ltr'><strong><em>quamvis</em></strong></span> <span class='ocrx_word' id='word_1_922' title='bbox 2875 5291 2977 5351; x_wconf 89' lang='lat' dir='ltr'><strong><em>ille</em></strong></span> <span class='ocrx_word' id='word_1_923' title='bbox 3005 5299 3181 5351; x_wconf 88' lang='lat' dir='ltr'><strong><em>natus</em></strong></span> <span class='ocrx_word' id='word_1_924' title='bbox 3209 5293 3288 5352; x_wconf 89' lang='lat' dir='ltr'><strong><em>sit</em></strong></span> <span class='ocrx_word' id='word_1_925' title='bbox 3304 5294 3366 5352; x_wconf 89' lang='lat' dir='ltr'><strong><em>in</em></strong></span> <span class='ocrx_word' id='word_1_926' title='bbox 3398 5294 3865 5354; x_wconf 86' lang='lat' dir='ltr'><strong><em>similitudinem</em></strong></span> 
     </span>
    </p>
   </div>
   <div class='ocr_carea' id='block_1_113' title="bbox 2199 5381 3868 5457">
    <p class='ocr_par' dir='ltr' id='par_1_113' title="bbox 2199 5381 3868 5457">
     <span class='ocr_line' id='line_1_113' title="bbox 2199 5381 3868 5457; baseline 0.002 -17"><span class='ocrx_word' id='word_1_927' title='bbox 2199 5381 2394 5440; x_wconf 82' lang='lat' dir='ltr'><strong><em>carnis</em></strong></span> <span class='ocrx_word' id='word_1_928' title='bbox 2419 5381 2663 5457; x_wconf 86' lang='lat' dir='ltr'><strong><em>peccati,</em></strong></span> <span class='ocrx_word' id='word_1_929' title='bbox 2693 5381 2887 5440; x_wconf 90' lang='lat' dir='ltr'><strong><em>omnis</em></strong></span> <span class='ocrx_word' id='word_1_930' title='bbox 2912 5387 3114 5440; x_wconf 89' lang='lat' dir='ltr'><strong><em>autem</em></strong></span> <span class='ocrx_word' id='word_1_931' title='bbox 3142 5382 3318 5442; x_wconf 89' lang='lat' dir='ltr'><strong><em>homo</em></strong></span> <span class='ocrx_word' id='word_1_932' title='bbox 3350 5389 3634 5442; x_wconf 90' lang='lat' dir='ltr'><strong><em>nascatur</em></strong></span> <span class='ocrx_word' id='word_1_933' title='bbox 3652 5386 3715 5442; x_wconf 92' lang='lat' dir='ltr'><strong><em>in</em></strong></span> <span class='ocrx_word' id='word_1_934' title='bbox 3738 5402 3868 5444; x_wconf 53' lang='lat' dir='ltr'><strong><em>can</em></strong></span> 
     </span>
    </p>
   </div>
   <div class='ocr_carea' id='block_1_114' title="bbox 2198 5471 3865 5547">
    <p class='ocr_par' dir='ltr' id='par_1_114' title="bbox 2198 5471 3865 5547">
     <span class='ocr_line' id='line_1_114' title="bbox 2198 5471 3865 5547; baseline 0.002 -17"><span class='ocrx_word' id='word_1_935' title='bbox 2198 5489 2274 5530; x_wconf 87' lang='lat' dir='ltr'><strong><em>ne</em></strong></span> <span class='ocrx_word' id='word_1_936' title='bbox 2299 5472 2545 5547; x_wconf 90' lang='lat' dir='ltr'><strong><em>peccati.</em></strong></span> <span class='ocrx_word' id='word_1_937' title='bbox 2576 5476 2732 5530; x_wconf 89' lang='lat' dir='ltr'><strong><em>Deus</em></strong></span> <span class='ocrx_word' id='word_1_938' title='bbox 2759 5487 2897 5546; x_wconf 88' lang='lat' dir='ltr'><strong><em>ergo</em></strong></span> <span class='ocrx_word' id='word_1_939' title='bbox 2943 5472 3047 5530; x_wconf 89' lang='lat' dir='ltr'><strong><em>Dei</em></strong></span> <span class='ocrx_word' id='word_1_940' title='bbox 3092 5471 3275 5531; x_wconf 83' lang='lat' dir='ltr'><strong><em>Filius</em></strong></span> <span class='ocrx_word' id='word_1_941' title='bbox 3321 5471 3709 5533; x_wconf 86' lang='lat' dir='ltr'><strong><em>mortalitatis</em></strong></span> <span class='ocrx_word' id='word_1_942' title='bbox 3738 5475 3865 5532; x_wconf 84' lang='lat' dir='ltr'><strong><em>hu-</em></strong></span> 
     </span>
    </p>
   </div>
   <div class='ocr_carea' id='block_1_115' title="bbox 2197 5556 3861 5639">
    <p class='ocr_par' dir='ltr' id='par_1_115' title="bbox 2197 5556 3861 5639">
     <span class='ocr_line' id='line_1_115' title="bbox 2197 5556 3861 5639; baseline 0.002 -21"><span class='ocrx_word' id='word_1_943' title='bbox 2197 5577 2385 5619; x_wconf 73' lang='lat' dir='ltr'><strong><em>manas</em></strong></span> <span class='ocrx_word' id='word_1_944' title='bbox 2414 5559 2707 5636; x_wconf 88' lang='lat' dir='ltr'><strong><em>particeps</em></strong></span> <span class='ocrx_word' id='word_1_945' title='bbox 2735 5560 2925 5619; x_wconf 86' lang='lat' dir='ltr'><strong><em>factus</em></strong></span> <span class='ocrx_word' id='word_1_946' title='bbox 2955 5561 3180 5636; x_wconf 88' lang='lat' dir='ltr'><strong><em>absque</em></strong></span> <span class='ocrx_word' id='word_1_947' title='bbox 3204 5566 3467 5639; x_wconf 84' lang='lat' dir='ltr'><strong><em>peccato,</em></strong></span> <span class='ocrx_word' id='word_1_948' title='bbox 3498 5561 3609 5620; x_wconf 87' lang='lat' dir='ltr'><strong><em>hoc</em></strong></span> <span class='ocrx_word' id='word_1_949' title='bbox 3646 5556 3861 5638; x_wconf 61' lang='lat' dir='ltr'><strong><em>pacem</em></strong></span> 
     </span>
    </p>
   </div>
   <div class='ocr_carea' id='block_1_116' title="bbox 2194 5647 3862 5728">
    <p class='ocr_par' dir='ltr' id='par_1_116' title="bbox 2194 5647 3862 5728">
     <span class='ocr_line' id='line_1_116' title="bbox 2194 5647 3862 5728; baseline 0.002 -20"><span class='ocrx_word' id='word_1_950' title='bbox 2194 5650 2426 5708; x_wconf 87' lang='lat' dir='ltr'><strong><em>toribus</em></strong></span> <span class='ocrx_word' id='word_1_951' title='bbox 2445 5654 2504 5708; x_wconf 88' lang='lat' dir='ltr'><strong><em>et</em></strong></span> <span class='ocrx_word' id='word_1_952' title='bbox 2521 5647 2869 5709; x_wconf 86' lang='lat' dir='ltr'><strong><em>mortalibus</em></strong></span> <span class='ocrx_word' id='word_1_953' title='bbox 2887 5651 3158 5722; x_wconf 89' lang='lat' dir='ltr'><strong><em>contulit,</em></strong></span> <span class='ocrx_word' id='word_1_954' title='bbox 3172 5656 3240 5710; x_wconf 88' lang='lat' dir='ltr'><strong><em>ut</em></strong></span> <span class='ocrx_word' id='word_1_955' title='bbox 3249 5651 3352 5727; x_wconf 90' lang='lat' dir='ltr'><strong><em>qui</em></strong></span> <span class='ocrx_word' id='word_1_956' title='bbox 3371 5651 3700 5712; x_wconf 74' lang='lat' dir='ltr'><strong><em>nativitatis</em></strong></span> <span class='ocrx_word' id='word_1_957' title='bbox 3722 5654 3862 5728; x_wconf 78' lang='lat' dir='ltr'><strong><em>ejus</em></strong></span> 
     </span>
    </p>
   </div>
   <div class='ocr_carea' id='block_1_117' title="bbox 2194 5737 3857 5822">
    <p class='ocr_par' dir='ltr' id='par_1_117' title="bbox 2194 5737 3857 5822">
     <span class='ocr_line' id='line_1_117' title="bbox 2194 5737 3857 5822; baseline -0.001 -18"><span class='ocrx_word' id='word_1_958' title='bbox 2194 5743 2499 5804; x_wconf 77' lang='lat' dir='ltr'><strong><em>consortes</em></strong></span> <span class='ocrx_word' id='word_1_959' title='bbox 2522 5737 2792 5814; x_wconf 76' lang='lat' dir='ltr'><strong><em>fuissent,</em></strong></span> <span class='ocrx_word' id='word_1_960' title='bbox 2824 5740 3126 5803; x_wconf 85' lang='lat' dir='ltr'><strong><em>vinculum</em></strong></span> <span class='ocrx_word' id='word_1_961' title='bbox 3151 5741 3377 5822; x_wconf 84' lang='lat' dir='ltr'><strong><em>peccati</em></strong></span> <span class='ocrx_word' id='word_1_962' title='bbox 3398 5745 3459 5803; x_wconf 84' lang='lat' dir='ltr'><strong><em>et</em></strong></span> <span class='ocrx_word' id='word_1_963' title='bbox 3486 5742 3699 5804; x_wconf 87' lang='lat' dir='ltr'><strong><em>mortis</em></strong></span> <span class='ocrx_word' id='word_1_964' title='bbox 3717 5759 3857 5806; x_wconf 79' lang='lat' dir='ltr'><strong><em>eva-</em></strong></span> 
     </span>
    </p>
   </div>
  </div>
