4020 6474
203 449 308 518 397

900 449 1001 510 DE
1044 449 1804 516 PRIEDESTINATIONE
1850 453 2361 520 DI‘SSERTA’I‘IO
2406 457 2864 524 POSTEBIOR.

3469 467 3599 529 3383

203 583 404 642 darent.
435 578 600 638 Sicut
629 579 830 655 itaque
859 599 977 639 non
1007 583 1230 641 sufﬁcit
1254 584 1568 644 hominum
1599 603 1835 644 renova-
1858 587 1916 656 Α
1941 590 2157 650 vulnus
2188 591 2490 668 originalis
2529 594 2771 668 peccati,
2803 610 2918 668 quo
2968 596 3028 652 in
3083 597 3268 654 Adam
3316 597 3596 656 omnium;

203 669 330 730 tioni
358 673 560 726 natum
590 687 722 726 esse
742 669 1046 728 hominem
1067 673 1271 730 Jesum
1297 674 1741 745 Christum,nisi
1766 677 1826 733 in

202 761 310 836 ipso
337 761 534 816 eodem
567 760 638 843 dc
666 777 782 834 quo
813 761 940 834 ipse
963 766 1126 818 ortus
1153 768 1244 820 est
1273 765 1484 838 spiritu
1517 781 1825 822 renascan-

201 855 300 920 tur,
330 848 409 906 sic
440 865 556 905 non
589 849 810 906 sufﬁcit
837 849 1146 908 hominum
1179 854 1564 928 redemptioni
1598 855 1828 912 cruciﬁ-

200 956 318 998 xum
346 955 472 996 esse
499 939 818 996 Dominum
847 941 1052 998 Jesum
1084 941 1402 1012 Christum,
1431 943 1546 1000 nisi
1577 961 1830 1001 commo-

200 1029 403 1085 riantur
421 1031 482 1084 et
500 1028 978 1102 consepeliantur
1003 1031 1061 1088 in
1093 1031 1410 1106 baptismo.
1426 1031 1659 1106 Alioqui
1691 1037 1826 1090 nato

199 1117 472 1176 Salvatore
501 1116 562 1172 in
593 1133 769 1174 carne
808 1119 1154 1177 substantiae
1197 1125 1430 1190 nostris,
1463 1125 1521 1178 et
1551 1123 1826 1179 cruciﬁxo
1859 1117 1868 1124 ’

197 1223 285 1279 pro
303 1205 576 1263 omnibus
596 1207 788 1280 nobis,
813 1225 930 1265 non
953 1209 1145 1266 fuerat
1161 1210 1558 1268 necessarium
1579 1215 1646 1267 ut
1667 1229 1830 1268 rena-

197 1311 494 1364 sceremur,
517 1299 574 1352 et
603 1296 986 1354 similitudini
1014 1299 1220 1356 mortis
1252 1301 1382 1372 ejus
1410 1299 1832 1375 complantare-

196 1402 326 1444 mur.
359 1385 472 1442 Sed
505 1401 652 1442 cum.
671 1385 798 1442 sine
844 1386 955 1443 hoc
1003 1393 1372 1446 sacramento
1418 1407 1589 1448 nemo
1636 1389 1826 1446 homi-

195 1491 317 1534 num
343 1479 744 1548 consequatur
771 1475 952 1532 vitam
985 1481 1418 1548 aaternam,non
1451 1482 1540 1536 est
1569 1478 1829 1538 salvatus

192 1580 338 1622 cruce
365 1563 608 1632 Christi,
642 1565 744 1638 qui
796 1583 910 1622 non
958 1569 1048 1624 est
1097 1567 1414 1624 cruciﬁxus
1451 1566 1512 1624 in
1543 1567 1774 1625 Christo
1808 1585 1822 1624 :

193 1669 290 1710 non
335 1656 426 1710 est
475 1656 674 1710 autem
723 1654 1038 1712 cruciﬁxus
1081 1655 1141 1712 in
1173 1656 1424 1726 Christo,
1458 1657 1560 1731 qui
1590 1675 1707 1714 non
1737 1661 1828 1715 est

193 1741 503 1801 membrum
525 1743 1022 1818 corporisChristi
1046 1762 1064 1800 ε
1095 1763 1201 1802 nec
1221 1751 1312 1803 est
1335 1749 1666 1805 membrum
1697 1765 1824 1804 cor-

191 1831 326 1904 poris
351 1831 597 1904 Christi,
617 1833 719 1906 qui
753 1851 869 1890 non
902 1851 1006 1907 per
1035 1851 1250 1907 aquam
1283 1839 1340 1893 et
1369 1837 1656 1909 Spiritum
1688 1854 1822 1893 san-

191 1925 327 1977 ctum
341 1919 541 2021 induit
571 1921 896 2026 Christum,
917 1922 1017 1996 qui
1035 1923 1166 2022 ideo
1183 1924 1242 1980 in
1264 1925 1608 1983 inﬁrmitate
1623 1931 1825 1983 nostra
1854 1961 1910 2026 Β

191 2009 650 2067 communionem
683 2009 868 2066 subiit
896 2011 1205 2079 mortis,ut
1235 2029 1342 2068 nos
1371 2012 1430 2068 in
1463 2013 1679 2070 virtute
1695 2015 1825 2086 ejus

189 2097 527 2158 haberemus
557 2099 920 2157 consortium
952 2101 1417 2158 resurrectionis.
1451 2101 1598 2158 Cum
1625 2101 1824 2176 itaque

190 2188 500 2246 rectissime
521 2189 752 2245 dicatur
773 2189 1039 2246 Salvator
1054 2207 1158 2264 pro
1177 2190 1358 2246 totius
1377 2191 1582 2247 mundi
1605 2193 1824 2248 redem-

187 2277 362 2351 ptione
388 2277 733 2348 cruciﬁxus,
767 2282 1006 2352 propter
1032 2295 1229 2336 veram
1279 2279 1552 2336 humanae
1601 2286 1822 2337 naturae

186 2368 626 2442 susceptionem,
661 2372 717 2425 et
747 2373 983 2442 propter
1011 2384 1385 2425 communem
1418 2368 1478 2424 in
1508 2369 1696 2442 primo
1725 2370 1825 2426 ho-

186 2453 321 2513 mine
349 2455 628 2512 omnium
660 2455 1068 2528 perditionem,
1101 2459 1296 2528 potest
1343 2459 1540 2513 tamen
1573 2457 1686 2513 dici
1717 2475 1822 2530 pro

183 2541 266 2600 his
287 2547 523 2602 tantum
556 2543 894 2613 cruciﬁxus,
927 2544 1145 2618 quibus
1176 2561 1336 2601 mors
1367 2544 1555 2618 ipsius
1581 2545 1819 2619 profuit.

183 2631 320 2690 Dixit
364 2633 532 2689 enim
579 2631 948 2706 Evangelista
1005 2634 1146 2706 quia
1187 2635 1342 2690 Iesus
1380 2637 1678 2691 moriturus
1708 2643 1832 2691 erat

177 2738 261 2795 pro
285 2731 461 2796 gente,
487 2737 603 2779 non
649 2729 863 2778 tantum
913 2738 1016 2794 pro
1063 2730 1236 2794 gente,
1268 2723 1362 2778 sed
1397 2725 1564 2779 etiam
1592 2731 1654 2779 ut
1679 2725 1822 2796 ﬁlios

182 2811 266 2868 Dei
292 2811 570 2885 dispersos
597 2819 946 2884 congregaret
973 2813 1034 2868 in
1060 2829 1235 2868 unum
1263 2813 1442 2882 (Joan.
1475 2829 1552 2880 ιι,
1583 2813 1675 2884 51,
1706 2814 1819 2882 52).

182 2900 237 2956 In
255 2917 357 2958 sua
383 2901 552 2957 enim
582 2901 749 2972 venit,
782 2908 835 2957 et
857 2901 952 2958 sui
976 2917 1104 2957 eum
1129 2917 1240 2958 non
1271 2909 1588 2974 receperunt
1615 2919 1634 2956 :
1665 2909 1821 2974 quot-

183 2996 292 3060 (μοι
313 2997 503 3046 autem
530 2996 850 3062 receperunt
877 3005 1021 3058 eum,
1053 2987 1201 3046 dedit
1228 2991 1308 3046 eis
1339 2996 1650 3062 potestatem
1679 2991 1824 3062 ﬁlios

181 3076 266 3134 Dei
286 3079 430 3149 ﬁeri,
469 3080 573 3152 qui
599 3094 710 3135 non
738 3095 808 3134 ea:
834 3079 1219 3150 sanguiuibus,
1251 3095 1424 3152 neque
1451 3095 1522 3135 ex
1553 3080 1824 3136 voluntate

182 3168 374 3238 carnis,
403 3184 590 3241 neque
617 3184 686 3224 ex
714 3168 989 3225 voluntate
1017 3169 1150 3231 viri.
1179 3167 1273 3224 sed
1301 3184 1370 3224 ea:
1397 3169 1502 3225 Deo
1549 3170 1669 3224 nati
1695 3176 1826 3225 sunt

181 3255 339 3324 (Joau.
371 3274 412 3325 1,
449 3257 542 3324 11,
581 3258 692 3327 13).
725 3257 964 3314 Diversa
1012 3274 1148 3332 ergo
1198 3258 1272 3314 ab
1301 3257 1430 3314 istis
1461 3275 1588 3315 sors
1618 3275 1820 3314 eorum

1937 681 2248 739 hominum
2268 687 2544 756 corrupta
2563 688 2621 740 et
2640 684 2993 741 mortiﬁcata
3009 688 3220 742 natura
3239 690 3348 755 est,
3363 689 3586 746 etunde

1936 772 2200 828 Omnium
2225 773 2832 846 concupiscentiarum
2861 775 3103 831 morbus
3120 773 3580 848 inolevit,verum

1936 863 1994 917 et
2014 865 2224 934 potens
2254 879 2320 918 ac
2351 861 2648 936 singulare
2680 863 3006 920 remedium
3037 879 3197 920 mors
3227 863 3356 920 Filii
3387 866 3458 922 de
3480 866 3588 922 Do-

1936 949 2082 1007 mini
2102 953 2286 1007 nostri
2307 952 2340 1009 J
2344 969 2447 1008 esu
2469 952 2702 1021 Christi,
2725 952 2826 1026 qui
2847 951 2996 1009 liber
3015 969 3050 1008 a
3068 953 3274 1010 mortis
3294 953 3512 1021 debito,
3525 959 3584 1011 et

1936 1038 2097 1097 solus
2129 1041 2350 1114 absque
2382 1045 2640 1114 peccato,
2655 1059 2759 1114 pro
2791 1041 3192 1115 peccatoribus
3221 1045 3279 1098 et
3308 1042 3582 1099 debitori-

1935 1127 2048 1184 bus
2065 1129 2268 1186 mortis
2287 1133 2376 1186 est
2393 1131 2853 1198 mortuus.Quod
2871 1146 3006 1203 ergo
3024 1130 3097 1185 ad
3117 1130 3594 1204 magnitudinem:

1935 1219 1993 1272 et
2012 1217 2331 1289 potentiam
2372 1217 2562 1291 pretii,
2589 1223 2645 1274 et
2671 1219 2826 1291 quod
2849 1219 2921 1274 ad
2957 1234 3134 1274 unam
3169 1217 3417 1291 pertinet
3448 1235 3584 1276 cau-

1936 1322 2063 1362 sam
2095 1305 2324 1380 generis
2356 1306 2880 1379 humani,sanguis
2911 1305 3120 1362 Christi
3153 1305 3474 1378 redemptio
3495 1309 3592 1363 esti

1935 1395 2116 1452 totius
2137 1395 2362 1452 mundi.
2387 1396 2498 1452 Sed
2534 1395 2635 1468 qui
2663 1395 2773 1452 hoc
2803 1394 3087 1451 saeculum
3119 1393 3244 1451 sine
3277 1395 3390 1451 ﬁde
3421 1393 3582 1450 Chri-

1935 1485 2094 1552 sti,et
2115 1484 2242 1540 sine
2273 1484 2731 1558 regenerationis
2759 1488 3128 1540 sacramento
3151 1487 3582 1557 pertranseunt,

1933 1589 1968 1629 a
1980 1572 2377 1647 redemptione
2389 1574 2565 1630 alieni
2583 1577 2740 1630 sunt.
2756 1573 2902 1630 Cum
2920 1573 3140 1646 itaque,
3157 1577 3590 1646 propter-unam

1933 1662 2199 1719 omnium
2231 1668 2501 1720 naturam
2524 1681 2558 1720 a
2580 1663 2827 1720 Domino
2857 1666 3058 1720 nostro
3088 1662 3150 1718 in
3178 1663 3420 1719 veritate
3448 1680 3580 1719 sus-

1933 1756 2184 1824 ceptam,
2210 1756 2365 1809 recte
2394 1769 2600 1809 omnes
2629 1753 2904 1808 dicantur
2933 1751 3444 1823 redempti,tamen
3465 1768 3580 1807 non

1932 1856 2136 1896 omnes
2157 1858 2192 1897 a
2211 1841 2544 1914 captivitate
2565 1841 2684 1897 sint
2702 1841 2874 1910 eruti,
2889 1838 3308 1912 redemptionis
3328 1839 3582 1912 proprie-

1932 1933 2022 1986 tas
2051 1929 2207 1986 haud
2237 1929 2412 1986 dubic
2443 1947 2621 2004 penes
2651 1929 2782 1986 illos
2813 1934 2924 1998 est,
2953 1931 3025 1984 dc
3056 1927 3272 2001 quibus
3304 1927 3576 2000 princeps

1933 2019 2138 2075 mundi
2162 2020 2384 2076 missus
2402 2024 2492 2076 est
2514 2021 2688 2089 foras,
2703 2019 2898 2091 etjam
2923 2035 3041 2075 non
3063 2034 3202 2074 vasa
3221 2015 3458 2085 diaboli,
3473 2015 3587 2072 sed!

1933 2108 2198 2165 membra
2228 2111 2368 2164 sunt
2395 2108 2626 2164 Christi.
2665 2109 2844 2179 Cujus
2876 2123 3036 2163 mors
3061 2123 3178 2161 non
3200 2105 3282 2161 ita
3311 2105 3579 2177 impensa

1933 2201 2021 2254 est
2051 2197 2308 2254 humano
2336 2197 2628 2270 generi,ut
2659 2197 2731 2252 ad
2763 2195 3222 2268 redemptionem
3251 2194 3379 2265 ejus
3399 2193 3578 2249 etiam
3628 2227 3634 2234 -

1933 2286 2032 2359 qui
2065 2285 2446 2360 regenerandi
2477 2303 2594 2342 non
2626 2289 2792 2342 erant
2835 2279 3196 2357 pertinerent
3229 2299 3242 2338 :
3278 2283 3380 2338 sed
3407 2281 3491 2338 ita
3516 2285 3582 2338 ut

1933 2376 2087 2448 quod
2109 2391 2212 2448 per
2231 2391 2416 2431 unum
2438 2373 2769 2446 exemplum
2792 2378 3023 2446 gestum
3044 2377 3133 2429 est
3149 2387 3250 2444 pro
3271 2369 3578 2436 universis,

1931 2480 2036 2536 per
2055 2463 2352 2537 singulare
2376 2467 2810 2519 sacramentum
2824 2461 3216 2518 celebraretur
3239 2461 3294 2515 ir.
3309 2459 3580 2532 singulis.

1931 2553 2211 2610 Poculum
2235 2553 2448 2626 quippe
2471 2551 2955 2618 immortalitatis,
2972 2551 3128 2622 quod
3152 2548 3586 2606 confectumest

1933 2643 2002 2698 de
2024 2641 2364 2698 inﬁrmitate
2385 2645 2586 2697 nostra
2605 2645 2661 2696 et
2678 2640 2887 2695 virtute
2908 2639 3122 2707 divina,
3148 2637 3323 2693 habet
3339 2635 3579 2710 quidem

1932 2731 1992 2788 in
2014 2749 2076 2788 se
2097 2735 2161 2787 ut
2181 2730 2456 2788 omnibus
2486 2729 2690 2802 prosit,
2715 2729 2815 2785 scd
2839 2727 2888 2784 si
2911 2745 3026 2783 non
3049 2725 3290 2796 bibitur,
3325 2742 3441 2782 non
3462 2743 3580 2783 me~

1931 2821 2120 2877 detur.
2152 2839 2180 2872 υ

2000 2910 2072 2964 Et
2091 2913 2331 2966 sanctus
2351 2907 2597 2982 Cyrillus
2617 2907 2678 2964 in
2699 2905 2950 2979 epistola
2967 2906 3246 2980 synodica
3273 2905 3345 2961 ad
3377 2905 3578 2960 Nesto-

1931 2997 2084 3054 rium
2115 2997 2258 3054 dicit
2289 2996 2520 3068 (concil.
2551 2997 2763 3069 Ephes.
2790 3001 2952 3068 part.
2985 3013 3024 3064 ι,
3056 3012 3106 3051 c.
3136 2994 3249 3068 26).
3283 3014 3312 3044 ‹‹
3331 2991 3577 3048 Conﬁte-

1887 3153 1896 3160 η
1931 3103 2065 3142 mur
2091 3087 2292 3156 etiam,
2326 3087 2622 3159 inquiens,
2655 3086 2809 3158 quod
2858 3085 3013 3140 idem
3049 3083 3193 3156 ipse,
3227 3081 3329 3155 qui
3359 3097 3429 3138 ex
3455 3081 3582 3147 Deo.

1929 3176 2095 3232 Patre
2127 3177 2302 3233 natus
2332 3181 2439 3244 est,
2477 3174 2655 3232 l-‘ilius
2689 3173 3029 3247 unigenitus
3059 3171 3384 3240 Deus,licet
3403 3171 3578 3244 juxta

1933 3269 2204 3321 naturam
2237 3281 2405 3322 suam
2425 3281 2630 3337 expers
2657 3261 2948 3336 passionis
2970 3259 3384 3334 exstiterit,pro
3406 3259 3577 3316 nobis

180 3349 274 3412 εει,
307 3345 408 3420 qui
460 3345 621 3402 inter
663 3345 795 3403 il10$
847 3350 1179 3414 censentur.
1211 3347 1284 3402 de
1314 3347 1530 3420 quibus
1559 3347 1774 3403 dieitur
1805 3365 1817 3404 ἒ
1851 3335 1894 3404 C
1934 3359 2130 3411 tamen
2157 3335 2845 3426 secundum‘Scripturas
2865 3367 3100 3408 carnem
3131 3366 3444 3424 perpessus
3475 3349 3576 3420 sit,

179 3437 293 3491 Lux
307 3433 463 3493 lucet
477 3437 545 3492 in
558 3435 894 3506 teucbris,e(
905 3435 1164 3492 tenebrae
1175 3451 1432 3492 eamuon
1449 3440 1822 3509 comprehen-

181 3522 377 3582 derunt
407 3524 620 3596 (ibid.,
641 3525 719 3594 5),
749 3527 814 3580 ut
843 3525 1030 3600 possit
1059 3525 1386 3581 secundum
1416 3525 1525 3582 hoc
1551 3525 1687 3593 dici,
1721 3527 1824 3582 Re-

179 3611 430 3686 demptor
455 3613 668 3671 mundi
695 3614 857 3670 dedit
879 3631 985 3687 pro.
1003 3615 1224 3670 mundo
1248 3613 1595 3686 sanguinem
1623 3632 1818 3683 suum,

177 3705 230 3758 et
251 3705 515 3760 mundus
547 3701 757 3760 redimi
791 3702 998 3771 noluit,
1031 3703 1173 3776 quia
1199 3701 1392 3758 lucem
1425 3704 1674 3760 tenebrae
1705 3722 1822 3760 non

178 3795 528 3866 receperunt,
563 3795 622 3848 et
679 3792 931 3848 tenebrae
989 3797 1354 3865 receperunt,
1409 3791 1624 3864 quibus
1682 3793 1825 3849 dicit

174 3879 476 3953 Apostolus
511 3897 526 3936 :
559 3880 772 3936 Fuistis
798 3881 1109 3956 aliquando
1155 3882 1420 3949 tenebrae,
1450 3897 1602 3938 nunc
1629 3891 1826 3938 autem

181 3965 275 4031 tua:
317 3969 380 4026 in
421 3969 678 4026 Domino
708 3969 939 4043 (Ephes.
965 3988 1022 4041 ν,
1051 3972 1128 4042 8).
1161 3970 1293 4042 lpse
1348 3986 1483 4025 vero
1540 3971 1824 4028 Dominus

175 4056 353 4128 Jesus,
378 4059 486 4132 qui
519 4057 667 4114 dixit
698 4076 761 4116 se
786 4059 1019 4116 venisse
1049 4075 1308 4132 quaerere
1337 4063 1396 4116 et
1425 4059 1647 4116 salvare
1668 4063 1824 4134 quod

179 4147 416 4222 perierat
449 4165 463 4205 :
498 4147 622 4204 Non
651 4149 796 4217 veni,
830 4149 1043 4222 inquit,
1071 4149 1187 4204 nisi
1215 4147 1286 4203 ad
1315 4164 1436 4204 oves
1482 4165 1606 4222 qua?
1643 4153 1823 4222 perie-

177 4245 293 4314 rant
335 4238 536 4296 domus
584 4238 755 4296 Israel
787 4239 1000 4312 (Matth.
1032 4257 1088 4308 x,
1118 4240 1197 4308 6).
1231 4239 1343 4296 Sed
1375 4255 1503 4311 quae
1551 4240 1672 4297 sint
1700 4240 1824 4296 istas

179 4341 300 4382 oves
310 4326 529 4384 domus
543 4327 748 4400 Israel,
763 4328 1068 4402 apostolus
1089 4326 1306 4384 Paulus
1329 4333 1577 4400 exponat
1593 4329 1821 4386 dicens:

177 4415 292 4476 Non
309 4432 516 4472 omnes
535 4417 641 4488 qui
659 4433 734 4473 ex
762 4419 972 4488 Israel,
1005 4417 1072 4474 hi
1110 4421 1243 4474 sunt
1290 4420 1572 4476 Israelin
1598 4440 1617 4474 .-
1647 4435 1826 4493 neque

177 4505 303 4576 quia
328 4511 468 4561 non:
495 4521 694 4562 semen
719 4507 978 4566 Abrahae
1003 4526 1198 4567 omnes
1223 4511 1373 4584 filii,
1409 4511 1534 4582 sed,
1563 4509 1627 4564 In
1655 4513 1828 4566 Isaac

179 4595 484 4652 vocabitur
511 4595 628 4652 tibi
651 4611 846 4654 semen
875 4597 1034 4668 (Gen.
1067 4616 1180 4668 xxi,
1216 4601 1324 4673 12),
1359 4601 1428 4656 id
1449 4605 1556 4672 est,
1584 4617 1700 4656 non
1727 4600 1830 4673 qui
1865 4587 1874 4596 ’

1931 3447 1989 3500 et
2009 3447 2133 3500 erat
2151 3443 2211 3500 in
2235 3443 2508 3500 cruciﬁxo
2539 3459 2777 3516 corpore
2805 3441 3052 3515 propria:
3079 3439 3273 3496 carnis
3302 3437 3576 3511 impassi-

1931 3532 2128 3590 biliter
2155 3534 2228 3593 ad
2259 3551 2320 3590 sc
2347 3533 2602 3588 referens
2654 3531 3008 3603 passionem.
3044 3529 3242 3586 Gratia
3287 3545 3424 3584 vero
3471 3527 3574 3583 Dei

1931 3638 2034 3694 pro
2057 3622 2332 3678 omnibus
2357 3620 2612 3694 gustavit
2633 3619 3156 3684 mortem,tradens
3187 3621 3244 3672 et
3271 3615 3574 3688 proprium

1931 3728 2164 3784 corpus,
2189 3709 2456 3782 quamvis
2488 3708 2833 3764 naturaliter
2861 3707 2985 3778 ipse
3015 3705 3131 3762 vita
3154 3704 3231 3762 sit
3249 3709 3304 3761 et
3325 3719 3576 3760 resurre-

1931 3800 2044 3857 ctio
2067 3803 2448 3856 mortuorum.
2476 3799 2621 3854 Nam
2645 3802 2708 3852 ut
2730 3801 2976 3852 mortem
2999 3793 3280 3850 ineffabili
3311 3791 3576 3866 potentia

1931 3888 2310 3962 proculcaret,
2343 3891 2400 3942 et
2427 3904 2534 3941 sua
2563 3901 2737 3940 carne
2770 3881 3196 3956 primogenitus
3226 3897 3295 3937 ex
3324 3879 3572 3936 mortuis

1931 3980 2112 4044 ﬁeret,
2129 3981 2184 4032 et
2206 3975 2474 4048 primitiae
2497 3973 2913 4029 dormientium
2933 3973 3084 4026 viam
3109 3971 3343 4041 faceret,
3365 3968 3572 4024 huma‘

1933 4085 2020 4122 me
2046 4069 2268 4121 naturae
2299 4065 2368 4120 ad
2403 4060 2856 4134 incorruptionis
2886 4077 3210 4128 recursum,
3233 4055 3422 4132 gratia
3452 4057 3573 4126 Dei,

1933 4156 2088 4212 sicut
2115 4171 2296 4226 supra
2325 4152 2544 4208 dictum
2577 4156 2686 4225 est,
2708 4168 2808 4223 pro
2833 4149 3108 4205 omnibus
3140 4145 3397 4220 gustavit
3426 4161 3574 4201 mor-

1931 4247 2144 4312 tem,et
2161 4243 2337 4300 tertia
2361 4241 2452 4298 die
2483 4257 2797 4314 resurgens
2826 4237 3168 4311 exspoliavit
3197 4236 3511 4292 infernum.
3545 4255 3572 4285 υ

1935 4334 2080 4390 Item
2110 4333 2170 4388 in
2201 4331 2447 4405 epistola
2475 4331 2545 4386 ad
2579 4329 2948 4402 presbyteros
2977 4331 3036 4382 et
3055 4325 3353 4392 diaconos,
3377 4324 3578 4380 Patres

1935 4421 2442 4490 monachorum,et
2467 4419 2534 4474 ad
2565 4435 2664 4474 eos
2695 4416 2794 4489 qui
2826 4413 3148 4472 solitariam
3178 4413 3358 4470 vitam
3387 4409 3580 4484 adepti

1935 4511 1996 4568 in
2055 4511 2157 4566 Dei
2215 4510 2328 4565 ﬁde
2386 4507 2737 4574 consistunt,
2773 4506 2844 4561 ad
2884 4505 3080 4560 locum
3110 4501 3292 4572 (ibid,
3323 4517 3440 4573 cap.
3471 4503 3530 4570 2)
3561 4515 3575 4553 :

1937 4623 1965 4652 α
1993 4599 2222 4656 Sufﬁcit
2249 4615 2403 4669 vero,
2429 4601 2494 4652 ut
2529 4595 2800 4662 arbitror,
2825 4593 2897 4648 ad
2919 4592 3096 4648 ﬁdem
3127 4590 3303 4648 etiam
3333 4587 3578 4646 sanctis-

181 4679 283 4751 ῆιίί
307 4683 591 4752 camis,hi
619 4685 730 4756 ﬁlii
755 4685 856 4742 Dei
872 4706 894 4754 ,-
913 4686 1008 4742 sed
1037 4689 1133 4759 qui
1153 4689 1265 4759 ﬁlii
1288 4689 1831 4760 promissionisaesti-
1859 4708 1906 4772 Β
1937 4689 2122 4746 simus
2155 4687 2390 4755 Paulus,
2425 4685 2526 4760 qui
2557 4688 2806 4742 testatur
2835 4683 3036 4738 dicens
3070 4699 3083 4736 :
3121 4679 3268 4772 Quid
3293 4695 3418 4772 ergo
3447 4677 3586 4772 dice-

179 4777 404 4828 manlur
434 4775 495 4830 in
518 4775 728 4830 semine
758 4775 932 4845 (Rom.
965 4793 1043 4847 1x,
1073 4777 1128 4850 6,
1155 4780 1230 4846 8).
1265 4778 1332 4832 In
1363 4777 1494 4833 istis
1525 4795 1661 4850 ergo
1692 4782 1832 4834 sunt

182 4856 282 4928 illi,
313 4862 388 4920 de
423 4861 644 4934 quibus
689 4862 912 4920 dictum
963 4882 1142 4938 supra
1189 4866 1664 4935 memoravimus,
1697 4868 1838 4940 quia

179 4951 332 5025 Jesu:
362 4953 670 5008 moriturus
697 4960 817 5009 erat
837 4969 940 5026 pro
966 4963 1139 5026 gente,
1158 4972 1265 5013 non
1297 4965 1509 5013 tantum
1531 4974 1630 5029 pro
1659 4967 1831 5030 gente,

181 5037 268 5094 sed
320 5043 494 5097 etiam
548 5047 613 5098 ut
659 5042 806 5114 ﬁlios
866 5045 966 5100 Dei
1035 5045 1306 5118 dispersos
1375 5055 1722 5119 congregaret
1775 5051 1840 5105 in

181 5143 352 5185 unum
383 5148 403 5184 :
437 5130 579 5203 quia
635 5147 753 5187 non
813 5132 1006 5189 solum
1053 5151 1122 5190 ex
1154 5133 1396 5202 Judwis,
1430 5136 1532 5192 sed
1561 5135 1736 5193 etiam
1768 5155 1837 5194 ex

185 5216 335 5277 273
367 5219 668 5292 gentibus,
699 5237 804 5294 per
849 5239 984 5278 eum
1033 5223 1134 5296 qui
1185 5226 1350 5280 vocat
1393 5241 1520 5297 quae
1551 5243 1666 5282 non
1698 5231 1838 5282 sunt

185 5307 466 5380 umquam
493 5326 622 5382 quae
653 5315 812 5381 sunt,
843 5317 902 5368 et
931 5312 1032 5385 qui
1063 5313 1362 5386 dispersos
1394 5315 1569 5371 Israel
1599 5332 1834 5388 congre-

182 5399 298 5467 gat,
333 5395 444 5452 ﬁlii
474 5397 598 5468 Dei,
632 5398 737 5454 ﬁlii
767 5401 1198 5472 promissionis,
1219 5402 1279 5458 in
1301 5419 1482 5458 unam
1515 5403 1832 5461 Ecclesium

184 5491 634 5558 congregantur,
668 5493 734 5544 ut
765 5489 1082 5563 impleatur
1139 5493 1295 5563 quod
1354 5491 1713 5564 promissum
1747 5498 1836 5550 est

183 5572 452 5645 Abrahae,
475 5577 568 5633 cui
600 5577 825 5636 dictum
855 5585 946 5638 est
969 5581 1122 5654 quod
1156 5581 1216 5637 in
1249 5582 1472 5638 semine
1501 5582 1628 5652 ejus
1659 5583 1832 5640 bene-

188 5661 449 5722 dicendaa
463 5672 658 5725 essent
673 5685 877 5726 omnes
907 5670 1096 5726 tribus
1111 5675 1276 5727 terris
1301 5670 1450 5742 (Gen.
1477 5687 1576 5737 xu,
1607 5671 1684 5740 3).
1708 5694 1735 5719 ››
1766 5673 1837 5728 Et

187 5748 608 5823 imobjectione
631 5757 825 5830 prima
853 5762 1058 5818 contra
1077 5759 1490 5817 Vincentianos
1517 5775 1530 5816 :
1565 5782 1593 5810 «
1626 5761 1838 5818 Contra

1939 4783 2094 4834 mus?
2113 4777 2175 4834 Si
2202 4779 2342 4833 Deus
2367 4793 2468 4849 pro
2498 4775 2674 4843 nobis,
2711 4775 2832 4847 quis
2862 4779 3046 4828 contra
3073 4773 3208 4826 nos?
3231 4770 3336 4838 Qui
3366 4767 3581 4838 proprio

1941 4869 2082 4924 Filio
2107 4883 2219 4923 non
2259 4867 2516 4939 pepercit,
2547 4863 2642 4921 sed
2683 4879 2785 4936 pro
2839 4861 2996 4918 nobis
3053 4859 3303 4916 omnibus
3359 4853 3584 4912 tradidit

1941 4973 2085 5025 eum,
2117 4956 2376 5028 quomodo
2431 4971 2542 5010 non
2586 4955 2752 5009 etiam
2797 4968 2920 5008 cum
2949 4953 3064 5022 ipso
3093 4948 3277 5005 omnia
3301 4943 3456 5001 nobis
3481 4940 3582 4998 do-

1942 5047 2096 5102 navit
2113 5047 2290 5115 (Rom.
2306 5060 2430 5110 vm,
2463 5044 2552 5111 31,
2583 5041 2718 5113 32)?
2751 5039 2996 5096 Proinde
3025 5037 3118 5092 dic
3149 5033 3312 5102 mihi,
3347 5046 3584 5104 quomo-

1943 5135 2018 5191 do
2048 5133 2411 5207 intelligatur
2451 5131 2554 5188 Dei
2601 5129 2875 5204 proprius
2923 5126 3106 5183 Filius
3153 5121 3252 5195 qui
3285 5139 3353 5176 ex
3382 5121 3585 5176 sancta.

1942 5225 2224 5299 Virgine?
2255 5223 2420 5280 Sicut
2449 5221 2604 5278 enim
2638 5219 2941 5292 proprium
2981 5217 3073 5272 27
3086 5217 3135 5268 4
3162 5208 3442 5276 hominis,
3467 5223 3585 5299 nec

1941 5298 2136 5372 nonet
2157 5311 2624 5383 uniuscujusque
2653 5308 2900 5364 aliorum
2931 5300 3296 5370 animalium,
3330 5298 3486 5372 quod
3515 5314 3587 5354 ex

1943 5422 2008 5462 eo
2031 5403 2355 5460 secundum
2383 5406 2653 5456 naturam
2685 5399 3024 5470 generatur;
3054 5392 3134 5446 ita
3160 5389 3461 5462 proprium
3483 5387 3586 5444 Dei

1941 5495 2097 5568 quod
2113 5511 2180 5549 ex
2191 5490 2524 5549 substantia
2537 5489 2665 5558 ejus
2681 5491 2770 5541 est
2795 5483 3138 5555 intelligitur
3153 5485 3327 5554 atque
3349 5478 3582 5535 dicitur.

1943 5583 2240 5650 Quomodo
2273 5597 2408 5653 ergo
2458 5575 2728 5650 proprius
2777 5572 2878 5629 Dei
2922 5571 3104 5628 Filius
3131 5569 3468 5626 nominatus
3497 5569 3587 5622 est

1945 5670 2248 5730 Christus?
2277 5669 2382 5736 Qui
2416 5683 2550 5738 ergo
2573 5663 2821 5720 traditus
2842 5667 2930 5718 est
2950 5677 2982 5718 a
3005 5661 3120 5717 Deo
3144 5664 3202 5716 et
3222 5660 3391 5716 Patre
3409 5671 3588 5713 causa

1947 5761 2212 5820 omnium
2243 5756 2451 5816 salutis
2479 5759 2536 5813 et
2563 5751 2974 5823 vitae,traditus
2994 5755 3082 5809 est
3101 5753 3336 5824 propter
3350 5747 3588 5820 peccata
