4020 6478
404 433 522 496 339

1330 424 1717 488 HINCMARI
1762 421 2209 484 RHEMENSIS
2253 420 2870 483 ARCHIEPISCOPI.

3693 413 3814 477 340

403 567 659 633 nostra,»
690 566 748 621 et
778 520 1023 636 reliqua.
1055 560 1126 617 Et
1153 559 1294 616 item
1323 559 1384 615 in
1415 559 1652 616 eadem:
1687 581 1714 610 «
1748 557 1843 615 Sic
1873 557 2049 614 etiam
2077 558 2134 626 Α
2162 555 2471 613 obduratio
2503 573 2616 612 non
2643 553 2944 628 relinquit,
2976 553 3288 611 ostendant
3319 551 3472 610 unde
3500 551 3614 610 sibi
3645 567 3813 624 spem

402 653 601 728 posuit
629 670 733 727 pro
764 651 936 708 nobis
984 649 1246 708 animam
1291 664 1460 704 suam
1495 665 1508 704 :
1543 647 1682 720 quia
1727 645 1884 704 enim
1933 650 2059 703 erat

404 760 565 800 mors
596 743 724 816 ejus
755 741 978 797 mundo
1011 737 1306 805 salutaris,
1339 736 1626 793 sustinuit
1655 752 1908 792 crucem.
1927 757 1955 786 »
1987 737 2058 792 Et

407 832 549 889 item
582 849 596 888 :
629 855 657 882 «
691 832 762 887 Et
793 847 948 886 unus
997 829 1263 885 omnium
1321 825 1796 898 compensatione
1842 823 2058 898 dignus

408 924 678 978 mortuus
725 937 829 992 pro
874 916 1170 985 omnibus,
1204 919 1272 972 ut
1302 913 1609 971 redimeret
1659 913 1888 987 proprio
1919 930 2058 970 san-

409 1009 588 1083 guine
605 1008 892 1081 quidquid
912 1007 1022 1065 sub
1047 1005 1189 1063 coelo
1221 1009 1328 1074 est,
1347 1008 1405 1062 et
1421 1005 1651 1060 oll'erret
1682 1003 1796 1059 Deo
1819 1007 1875 1058 et
1905 1002 2058 1058 Patri

412 1115 514 1154 eos
528 1097 629 1170 qui
655 1097 714 1152 in
736 1097 894 1154 omni
918 1101 1072 1153 terra
1091 1095 1441 1152 consistunt.
1473 1115 1500 1143 »
1532 1094 1602 1149 Et
1623 1091 1762 1147 item
1789 1109 1802 1146 :
1845 1114 1872 1142 «
1896 1091 2060 1148 Unus

413 1204 552 1260 ergo
564 1185 830 1244 omnium
844 1186 1078 1260 dignior
1091 1201 1258 1242 suam
1273 1200 1376 1256 pro
1389 1181 1666 1239 omnibus
1677 1181 1938 1238 animam
1960 1197 2061 1253 po-

417 1275 556 1333 suit.
591 1297 618 1326 ››
651 1276 721 1332 Et
750 1275 928 1332 item:
963 1297 992 1324 «
1019 1273 1182 1330 Sicut
1227 1271 1382 1328 enim
1425 1271 1566 1326 dicit
1589 1269 1650 1325 in
1681 1269 1886 1338 Adam,
1920 1267 2061 1341 quin

417 1381 598 1436 mors,
629 1363 714 1420 ita
749 1363 958 1420 cecidit
987 1367 1044 1419 et
1070 1361 1128 1417 in
1158 1361 1384 1418 Christo
1418 1377 1432 1416 :
1465 1357 1802 1416 ascendenti
1833 1373 2064 1432 quoque

419 1457 656 1526 propter
691 1469 799 1509 nos
820 1457 878 1508 et
898 1468 1003 1524 pro
1036 1449 1207 1506 nobis
1231 1449 1304 1506 ad
1330 1449 1556 1505 Patrem
1578 1452 1636 1504 et
1656 1449 1842 1504 Deum
1871 1447 1973 1520 qui
2005 1446 2064 1502 in

420 1541 580 1598 cmlis
611 1543 720 1614 est,
754 1545 819 1597 ut
846 1541 931 1598 eis
961 1539 1062 1614 qui
1093 1539 1152 1594 in
1184 1543 1340 1594 terra
1367 1541 1506 1595 sunt
1554 1535 1769 1594 adibile
1821 1537 2066 1592 demon-

420 1635 634 1688 straret
660 1631 892 1688 ccelum.
928 1653 956 1680 »

492 1721 740 1795 Magnus
771 1723 967 1776 autem
992 1720 1322 1788 Leo,tanta3
1353 1716 1574 1774 scilicet
1603 1715 1760 1772 sedis
1792 1715 2066 1771 Romana:

420 1827 536 1866 non
566 1809 777 1883 impar,
815 1809 875 1864 in
905 1808 1152 1882 epistola
1181 1808 1252 1864 ad
1285 1808 1537 1864 Leonem
1564 1807 1896 1878 Augustum
1929 1802 2070 1859 dicit

2162 645 2292 701 vitae
2323 645 2710 719 polliceantur
2732 648 2981 713 ceterum,
3007 645 3079 700 ad
3112 660 3289 716 quam
3322 641 3434 699 nisi
3466 659 3570 716 per
3600 641 3814 698 media-

2164 739 2350 790 torem
2389 735 2490 791 Dei
2523 738 2580 790 et
2610 734 2919 790 hominum
2948 733 3249 790 hominem
3279 731 3578 788 Christum
3609 732 3816 789 Jesum

2167 841 2283 880 non
2313 828 2504 896 potest
2534 823 2840 896 perveniri.
2871 823 3035 879 Sicut
3071 822 3228 880 enim
3261 821 3342 878 ait
3371 821 3579 878 beatus
3611 821 3817 878 Petrus

2169 912 2489 986 apostolus,
2521 913 2639 970 Non
2655 921 2734 969 est
2753 911 2906 968 aliud
2927 928 3123 970 nomen
3144 911 3333 970 datum
3371 910 3690 968 hominibus
3717 911 3817 966 sub

2141 1005 2315 1088 .eazlo,
2350 1005 2410 1058 in
2449 1020 2551 1076 quo
2601 1010 2840 1076 oporteat
2887 1017 2985 1058 nos
3031 1003 3209 1058 salvos
3257 1002 3382 1073 ﬁeri
3428 1000 3562 1073 (Act.
3593 1017 3670 1088 iv,
3707 1000 3816 1069 12),

2169 1109 2275 1148 nec
2295 1095 2384 1148 est
2413 1091 2732 1164 redemptio
2756 1089 3110 1164 captivitatis
3141 1088 3556 1158 lmmanagnisi
3591 1087 3653 1142 in
3685 1105 3816 1143 san-

2171 1181 2348 1254 guine
2363 1181 2491 1253 ejus
2509 1180 2610 1253 qui
2632 1180 2790 1236 dedit
2820 1179 3202 1252 semetipsum
3235 1177 3700 1250 redemptionem
3716 1193 3817 1249 pro

2171 1269 2466 1338 omnibus,
2495 1274 2554 1326 et
2581 1269 2704 1343 qui,
2738 1269 2892 1326 sicut
2939 1268 3218 1341 praedicat
3264 1267 3470 1324 beatus
3515 1263 3819 1339 apostolus

2173 1359 2544 1429 Paulus,eum
2568 1363 2631 1416 in
2659 1359 2856 1435 forma
2877 1361 2988 1416 Dei
3011 1363 3174 1429 esset,
3204 1374 3321 1414 non
3350 1357 3638 1428 rapinam
3665 1355 3819 1412 arbi-

2172 1455 2366 1505 tratus
2393 1457 2473 1504 est
2497 1465 2616 1504 esse
2633 1465 2690 1505 se
2708 1448 2999 1522 aequalem
3027 1452 3165 1516 Deo,
3198 1445 3298 1504 sed
3327 1446 3698 1518 semetipsum
3728 1461 3818 1500 cx-

2173 1539 2454 1606 inanivit,
2483 1541 2740 1610 formam
2767 1539 2927 1594 servi
2944 1538 3260 1610 accipiens,
3283 1536 3345 1592 in
3361 1533 3822 1591 similitudinem

2173 1628 2456 1684 hominum
2474 1631 2670 1701 factus,
2690 1637 2742 1685 et
2755 1629 2946 1684 habitu
2964 1630 3213 1684 inventus
3226 1626 3470 1684 uthamo.
3495 1625 3825 1680 Ilumiliavit

2171 1719 2520 1790 semetipsum
2534 1720 2710 1791 factus
2736 1717 2986 1774 obediens
3015 1733 3186 1790 usque
3213 1715 3285 1772 ad
3313 1723 3561 1782 mortem,
3596 1721 3820 1770 mortem

2173 1815 2354 1863 autem
2381 1809 2578 1864 erucis.
2610 1809 2838 1880 Propter
2892 1806 3031 1880 quod
3057 1815 3110 1864 et
3137 1807 3275 1862 Deus
3325 1805 3490 1861 illum
3533 1803 3820 1870 exultavit,

419 1900 611 1972 (epist.
645 1917 772 1972 cap.
807 1900 894 1967 11)
927 1915 942 1954 :
977 1921 1006 1949 α
1039 1897 1203 1954 Sicut
1247 1897 1406 1953 enim
1453 1893 1652 1969 negari
1701 1911 1815 1950 non
1854 1895 2064 1967 potest,
2098 1938 2146 2004 Β
2177 1904 2226 1952 et
2252 1897 2475 1954 donavit
2501 1899 2590 1954 illi
2619 1914 2815 1954 nomen
2844 1897 2984 1971 quod
3010 1904 3275 1969 estsuper
3302 1911 3460 1951 omne
3511 1909 3740 1960 nomen,
3770 1899 3828 1948 ut

421 1987 779 2062 evangelista
807 1987 1054 2056 dicente,
1074 1987 1229 2059 quod
1254 1985 1512 2042 Verbum
1533 2000 1671 2042 caro
1707 1984 1931 2059 factum
1960 1987 2066 2051 est,

421 2085 476 2133 et
509 2077 812 2134 habitavit
862 2079 927 2132 in
972 2077 1138 2132 nobis
1166 2078 1358 2144 (Joan.
1392 2092 1432 2142 ι,
1469 2075 1578 2147 Ui),
1609 2074 1692 2130 ita
1722 2071 1920 2145 negari
1952 2088 2067 2126 non

424 2169 639 2238 potest,
669 2166 837 2222 beato
855 2164 1034 2222 Paulo
1051 2163 1310 2236 apostolo
1335 2163 1706 2236 praedicante,
1741 2161 1894 2234 quod
1920 2165 2070 2216 Deus

396 2259 557 2331 erat
581 2256 646 2310 in
677 2254 914 2312 Christo
942 2253 1229 2309 mundum
1271 2253 1656 2309 reconcilians
1681 2251 1798 2307 sibi
1825 2251 1903 2320 (ΙΙ
1934 2251 2066 2307 Cor.

426 2361 521 2411 xv,
556 2342 666 2412 19).
700 2345 836 2410 Quae
884 2346 1084 2398 autem
1130 2340 1521 2396 reconciliatio
1550 2357 1678 2397 esse
1709 2343 1920 2412 potest,
1954 2354 2073 2411 qua

427 2431 688 2488 humano
737 2431 936 2505 generi
993 2430 1410 2503 propitiaretur
1454 2430 1630 2497 Deus,
1662 2429 1777 2485 nisi
1807 2427 2070 2484 omnium

429 2537 609 2577 causa
621 2519 902 2576 Mediator
923 2519 1024 2576 Dei
1044 2525 1102 2576 et
1121 2518 1428 2575 hominum
1451 2535 1686 2575 carnem
1707 2518 2029 2590 susciperet
2051 2522 2074 2574 ἓ

430 2611 558 2677 Qua
574 2625 708 2666 vero
731 2608 952 2665 ratione
981 2609 1284 2664 veritatem
1303 2607 1635 2663 Mcdiatoris
1651 2605 1938 2680 impleret,
1960 2605 2071 2663 nisi

431 2697 532 2770 qui
557 2696 617 2752 in
644 2697 834 2755 forma
862 2696 965 2754 Dei
997 2695 1238 2769 aequalis
1266 2695 1442 2763 Patri,
1469 2695 1530 2752 in
1552 2696 1740 2752 forma
1761 2695 1909 2752 servi
1935 2712 2072 2768 par-

427 2787 614 2860 ticeps
636 2789 791 2843 esset
809 2791 866 2842 et
886 2785 1090 2855 nostri,
1105 2789 1162 2841 et
1184 2785 1390 2842 mortis
1411 2785 1709 2841 vinculum
1729 2785 1908 2842 unius
1928 2802 2072 2858 pra:-

428 2873 781 2932 varioatione
795 2877 1184 2943 contractum,
1199 2874 1376 2930 unius
1397 2878 1582 2930 morte
1603 2873 1705 2946 qui
1725 2873 1888 2931 solus
1913 2891 2071 2929 mor-

430 2963 475 3022 ti
495 2963 639 3021 nihil
663 2964 868 3022 debuit
887 2963 1246 3020 solveretur?
1269 2962 1487 3020 Eﬂ'usio
1507 2962 1664 3020 enim
1679 2962 1829 3035 justi
1852 2980 1953 3036 pro
1985 2963 2074 3018 in-

422 3051 606 3125 justis
628 3051 936 3127 sanguinis
961 3051 1174 3108 Christi
1197 3055 1319 3108 tam
1335 3051 1617 3108 l'uitdives
1633 3053 1705 3108 ad
1722 3051 1996 3124 pretium,
2013 3057 2077 3106 ut

431 3141 481 3198 si
497 3141 845 3198 universitas
857 3139 1218 3213 captivorum
1231 3139 1291 3195 in
1304 3140 1758 3212 Redemptorum
1771 3155 1947 3196 suum
1961 3156 2078 3196 cre-

432 3233 614 3302 deret,
640 3231 871 3288 nullum
893 3229 1110 3288 diaboli
1139 3229 1371 3287 vincula
1401 3229 1744 3287 retinerent:
1774 3229 2073 3302 quoniam,

2175 1986 2238 2041 in
2268 1989 2488 2043 nomine
2511 1988 2637 2044 Iesu
2667 2004 2826 2044 omne
2867 2004 3018 2061 genu
3062 1987 3327 2057 ﬂectatur,
3375 1984 3697 2049 caelestium,
3730 1989 3828 2038 ler-

2174 2078 2453 2146 restrium,
2482 2085 2535 2133 et
2564 2079 2924 2148 infernarum,
2957 2083 3009 2132 et
3035 2076 3211 2132 omnis
3259 2075 3448 2146 lingua
3503 2073 3828 2143 conﬁteatur

2179 2167 2308 2237 quia
2336 2167 2597 2222 Dominus
2642 2167 2796 2223 Iesus
2827 2165 3074 2222 Christus
3105 2166 3162 2220 in
3192 2165 3373 2236 gloria
3401 2171 3481 2218 est
3506 2162 3610 2218 Dei
3635 2159 3827 2216 Patris

2177 2253 2572 2329 (Philipp.n,6
2599 2261 2656 2312 et
2681 2259 2914 2330 seqq.).»
2931 2255 3002 2310 Et
3025 2255 3084 2309 in
3105 2253 3353 2326 epistola
3381 2251 3455 2308 ad
3481 2248 3830 2308 Juvenalem

2179 2344 2518 2418 episcopum
2583 2343 3168 2418 llicrosolymitanum
3211 2342 3400 2416 (epist.
3431 2342 3524 2412 72,
3555 2355 3694 2412 cap.
3725 2338 3782 2411 3)
3811 2353 3826 2392 :

2181 2455 2209 2483 «
2235 2433 2440 2490 Veram
2465 2433 2644 2508 igitur
2660 2433 2872 2490 Christi
2895 2431 3330 2506 generationem
3361 2447 3504 2486 crux
3530 2445 3672 2484 vera
3702 2443 3833 2484 con-

2181 2523 2398 2590 ﬁrmat,
2423 2523 2700 2596 quoniam
2731 2523 2857 2595 ipse
2886 2523 2946 2578 in
2979 2526 3178 2580 nostra
3207 2537 3380 2578 carne
3409 2515 3696 2586 nascitur,
3731 2515 3831 2590 qui

2182 2609 2240 2666 in
2257 2617 2456 2668 nostra
2469 2629 2642 2668 carne
2663 2611 3042 2685 crucifigitur.
3059 2613 3192 2678 Quae
3215 2609 3376 2666 nullo
3406 2607 3833 2664 interveniente

2181 2705 2440 2772 peccato,
2475 2701 2588 2758 nisi
2619 2702 2830 2758 fuisset
2878 2699 3062 2758 nostri
3111 2699 3365 2774 generis,
3393 2715 3509 2754 non
3541 2695 3836 2770 potuisset

2182 2805 2310 2846 esse
2341 2791 2640 2848 mortalis:
2677 2797 2743 2847 ut
2771 2795 2967 2847 autem
3000 2793 3293 2863 repararet
3323 2786 3593 2844 omnium
3622 2785 3830 2854 vitam,

2183 2879 2400 2952 recepit
2419 2881 2683 2937 omnium
2705 2896 2968 2947 causam,
2987 2883 3044 2936 et
3063 2877 3180 2934 vim
3203 2877 3412 2934 veteris
3432 2874 3831 2948 chirographi,

2184 2969 2340 3041 quod
2371 2969 2534 3027 solus
2565 2970 2715 3026 inter
2739 2986 2944 3026 omnes
2977 2986 3092 3026 non
3143 2967 3364 3037 debuit,
3397 2983 3502 3038 pro
3551 2965 3833 3022 omnibus

2183 3059 2458 3116 solvendo
2478 3060 2770 3117 vacuavit:
2797 3066 2861 3116 ut
2882 3058 3034 3116 sicut
3053 3076 3155 3132 per
3176 3056 3352 3114 unius
3373 3059 3602 3112 reatum
3624 3071 3832 3110 omnes

2184 3144 2320 3202 facti
2351 3149 2582 3204 fuerant
2611 3151 2960 3220 peccatores,
2987 3147 3066 3202 ita
3096 3163 3198 3218 per
3227 3144 3402 3200 unius
3433 3142 3834 3199 innotentiam

2185 3251 2390 3292 omnes
2420 3237 2626 3293 fierent
2669 3236 3028 3308 innocentes,
3060 3235 3198 3290 inde
3228 3233 3288 3290 in
3319 3249 3524 3289 omnes
3555 3237 3834 3287 manante

435 3321 589 3378 sicut
604 3319 685 3378 ait
700 3319 1167 3395 Apostolusztlbi
1183 3325 1380 3378 autem
1403 3320 1732 3378 abundavit
1749 3325 2074 3392 peceatum,
2106 3311 2148 3378 C
2178 3324 2434 3396 justitia,
2467 3325 2566 3382 ubi
2597 3329 2687 3382 est
2717 3326 2976 3381 humana
3016 3327 3292 3396 suscepta
3349 3325 3578 3378 natura.
3616 3343 3645 3370 ››
3670 3321 3743 3377 Et
3773 3319 3832 3376 in

433 3409 938 3485 superabundavit
969 3419 1024 3468 et
1053 3411 1258 3484 gratia
1285 3409 1635 3481 (Rom.v,2l)
1669 3425 1682 3464 :
1717 3413 1774 3465 et
1801 3425 1934 3464 cum
1965 3409 2074 3466 sub

433 3499 654 3574 peccati
713 3499 1048 3573 praejudicio
1099 3498 1220 3556 nati
1266 3502 1614 3571 potestatem
1645 3497 1974 3570 acceperint
2003 3499 2074 3554 ad

425 3588 722 3662 justitiam
755 3587 1385 3657 renascendi,validius
1415 3588 1633 3643 factum
1666 3592 1755 3643 est
1775 3587 1994 3643 donum
2015 3586 2080 3642 1i-

432 3679 678 3736 bertatis
699 3695 876 3752 quam
900 3677 1162 3735 debitum
1183 3675 1502 3734 servitutis.
1520 3698 1549 3727 »
1569 3677 1638 3732 Et
1659 3676 1798 3733 item
1821 3693 1836 3732 :
1867 3700 1886 3725 οι
1915 3677 2077 3744 Quod

433 3783 698 3841 unquam
729 3767 1085 3825 sacrificium
1113 3765 1401 3822 sacratius
1432 3765 1563 3833 fuit,
1598 3782 1775 3838 quam
1809 3767 1964 3839 quod
1991 3784 2080 3823 vc-

432 3875 534 3914 rus
555 3861 612 3914 et
630 3861 882 3914 aeternus
901 3856 1160 3930 pontifex
1181 3853 1348 3912 altari
1370 3853 1560 3910 crucis
1591 3871 1693 3928 per
1721 3854 2078 3912 immolatio-

431 3963 565 4003 nem
588 3964 706 4004 sua:
729 3945 922 4002 carnis
943 3941 1553 4017 imposuit?Quamvis
1575 3941 1728 3998 enim
1755 3942 2078 3999 multorum

433 4039 771 4092 sanctorum
787 4033 848 4089 in
867 4037 1184 4106 conspectu
1207 4031 1434 4088 Domini
1455 4031 1709 4105 pretiosa
1728 4049 1886 4088 mors
1906 4032 2081 4088 fuerit

432 4122 616 4193 (Psal.
631 4139 758 4190 cxv,
775 4122 884 4190 15),
909 4120 1130 4176 nullius
1149 4125 1346 4176 tamen
1360 4119 1612 4191 insontis
1624 4119 1835 4176 occisio
1852 4121 2077 4177 redem-

433 4209 554 4284 ptio
585 4209 696 4266 t‘uit
725 4209 1320 4281 mundi.Acceperunt
1333 4207 1506 4280 justi,
1531 4226 1647 4264 non
1675 4209 1960 4265 dederunt
1991 4225 2077 4266 co-

435 4303 691 4368 ronas,et
705 4299 776 4356 de
791 4298 1131 4355 fortitudine
1151 4296 1414 4354 ﬁdelium
1437 4298 1701 4370 exempla
1713 4299 2081 4372 suntpatien-

434 4388 671 4450 tiae.non
694 4386 1124 4459 donajustitiaz.
1147 4385 1486 4460 Singularcs
1507 4387 1721 4460 quippe
1743 4386 1802 4442 in
1829 4387 2078 4460 singulis

435 4481 652 4534 mortes
682 4479 1052 4542 t'uerunt,nec
1083 4475 1323 4532 alterius
1346 4475 1661 4549 quisquam
1685 4477 1945 4533 debitum
1970 4495 2077 4534 suo

433 4568 548 4623 fine
569 4565 862 4639 persolvit,
881 4582 1016 4621 cum
1041 4563 1193 4621 inter
1223 4563 1374 4621 filios
1403 4564 1711 4622 hominum
1745 4584 1898 4622 unus
1919 4567 2079 4623 solus

2184 3413 2431 3488 epistola
2460 3415 2531 3470 ad
2568 3413 2907 3472 Flavianum
2932 3415 3121 3485 (epist.
3144 3413 3229 3484 10)
3257 3429 3270 3469 :
3307 3435 3334 3462 ‹‹
3358 3411 3443 3467 Ab
3475 3410 3602 3482 ipso
3635 3414 3832 3465 autem

2186 3503 2472 3576 principio
2494 3505 2722 3576 generis
2743 3501 3290 3574 humani,omnibus
3313 3497 3834 3556 hominibusChri-

2187 3597 2314 3649 stus
2335 3598 2424 3649 est
2446 3593 2826 3650 denuntiatus
2849 3593 2908 3648 in
2931 3609 3103 3648 carne
3125 3596 3434 3648 venturus:
3462 3589 3522 3644 in
3543 3605 3684 3662 qua,
3716 3587 3834 3644 sic-

2187 3687 2252 3738 ut
2273 3683 2495 3738 dictum
2535 3689 2642 3750 est,
2676 3685 2752 3738 L‘t
2777 3691 2950 3738 erunt
2979 3683 3098 3738 duo
3127 3681 3187 3736 in
3215 3696 3394 3737 carne
3425 3694 3547 3735 una
3577 3678 3738 3750 (Gen.
3769 3693 3832 3746 ιι,

2184 3772 2297 3843 24),
2333 3770 2532 3843 utique
2587 3771 2703 3827 duo
2757 3775 2916 3839 sunt,
2954 3776 3102 3828 Deus
3149 3775 3206 3827 et
3254 3771 3452 3836 homo,
3484 3767 3756 3824 Christus
3781 3771 3838 3824 et

2187 3858 2462 3926 Ecclesia,
2495 3877 2622 3932 quae
2654 3862 2725 3916 de
2755 3859 2953 3933 sponsi
3005 3875 3177 3915 carne
3235 3857 3472 3931 prodiit,
3506 3856 3745 3929 quando
3770 3872 3837 3912 ex

2186 3947 2366 4004 latere
2396 3949 2657 4005 cruciﬁxi
2703 3953 2981 4004 manante
3033 3947 3318 4022 sanguine
3347 3951 3404 4002 et
3433 3963 3606 4018 aqua,
3642 3962 3835 4001 sacra-

2188 4043 2452 4094 mentum
2485 4038 2941 4111 regenerationis
2973 4043 3032 4094 et
3060 4037 3480 4109 redemptionis
3523 4035 3771 4108 accepit.
3803 4057 3830 4085 »

2186 4127 2258 4182 Et
2287 4127 2426 4182 item
2471 4126 2531 4182 in
2578 4125 2822 4181 homilia
2879 4127 2949 4182 de
3008 4125 3210 4183 Natale
3266 4124 3499 4182 Domini
3531 4125 3696 4197 (hom.
3734 4126 3832 4192 1):

2193 4237 2220 4270 α
2251 4216 2516 4272 Salvator
2572 4221 2787 4284 noster,
2839 4215 3226 4282 dilectissimi,
3275 4213 3446 4270 hodie
3502 4219 3678 4270 natus
3724 4218 3833 4278 est,

2187 4305 2776 4378 gaudeamus.Ncquc
2803 4305 2958 4361 enim
2984 4304 3178 4361 locum
3203 4305 3292 4360 fas
3307 4307 3540 4359 estesse
3557 4301 3830 4368 tristitiae,

2189 4393 2290 4451 ubi
2311 4393 2623 4450 natalisest
2637 4395 2788 4463 vim,
2813 4410 2941 4465 qua:
2973 4397 3320 4466 consumpto
3352 4390 3732 4448 mortalitatis
3763 4389 3832 4445 ti-

2188 4499 2347 4539 more
2369 4483 2583 4555 ingerit
2602 4483 2770 4539 nobis
2787 4484 2858 4538 de
2879 4483 3168 4554 promissa
3194 4481 3516 4538 wtornitate
3545 4479 3830 4536 laztitiam.

2187 4573 2366 4628 Nemo
2397 4573 2469 4628 ab
2497 4573 2626 4644 ejus
2657 4569 2974 4627 alacritatis
3005 4570 3447 4644 participatione
3485 4568 3832 4638 secernitur,

431 4653 1376 4750 DominusnosterJesusChristus
1391 4653 1491 4728 qui
1507 4656 2078 4730 verccratagnusim-
2109 4685 2156 4750 Β
2188 4679 2306 4718 una
2333 4660 2562 4717 cunctis
2591 4659 2798 4716 laetitia:
2838 4660 3170 4716 communis
3199 4665 3289 4716 est
3318 4659 3465 4715 ratio
3498 4676 3512 4714 :
3546 4657 3687 4732 quia
3717 4659 3834 4714 Do-

431 4742 762 4800 maculatus
780 4742 1083 4810 exstiterit,
1109 4743 1169 4799 in
1195 4761 1311 4816 quo
1335 4760 1540 4800 omnes
1561 4745 1841 4812 cruciﬁxi,
1875 4763 2077 4802 omnes

429 4831 879 4902 mortui,omnes
901 4831 1348 4904 sepulti,omnes
1370 4831 1678 4888 sintetiam
1693 4833 1957 4890 suscitati
1977 4851 1988 4890 :
2007 4835 2076 4891 de

428 4923 646 4996 quibus
660 4921 783 4995 ipse
795 4920 1050 4977 dicebat:
1069 4921 1202 4978 Cum
1212 4922 1481 4978 excitatus
1500 4922 1874 4993 faeroaterra,
1889 4927 2076 4980 omnia

430 5011 646 5068 traham
671 5009 743 5066 ad
770 5027 856 5066 me
893 5011 1070 5080 (Joan.
1107 5011 1336 5078 111,32).
1361 5009 1529 5068 Fides
1559 5011 1773 5067 etenim
1803 5029 1956 5080 vera,
1983 5013 2075 5084 ju-

431 5100 694 5158 stiﬁcans
715 5099 929 5173 impios
945 5103 1002 5155 et
1019 5116 1222 5155 creans
1236 5099 1533 5171 justos,ad
1556 5099 1941 5156 humanitatis
1954 5119 2073 5156 sua:

433 5190 582 5246 275
605 5193 791 5246 tracta
823 5189 1188 5263 participem,
1215 5187 1272 5243 in
1297 5187 1396 5244 illo
1427 5187 1677 5261 acquirit
1709 5187 1979 5257 salutem,
2013 5189 2072 5244 in

431 5295 548 5351 quo
571 5278 692 5335 solo
722 5295 782 5334 se
807 5279 982 5335 homo
1007 5277 1227 5334 invenit
1256 5277 1649 5343 innocentem,
1682 5276 1931 5334 liberum
1964 5279 2070 5335 ha-

431 5369 576 5424 bens
597 5384 698 5438 per
725 5369 976 5440 gratiam
999 5367 1100 5424 Dei
1127 5367 1198 5422 de
1229 5367 1358 5438 ejus
1389 5364 1649 5438 potentia
1679 5365 1934 5437 gloriari,
1969 5369 2071 5440 qui

429 5460 633 5512 contra
653 5455 879 5511 hostem
901 5455 1142 5512 humani
1168 5454 1396 5528 generis
1418 5453 1476 5508 in
1499 5454 1691 5509 carnis
1716 5461 1923 5511 nosle
1955 5457 2068 5513 hu-

429 5543 673 5601 militate
703 5560 1072 5616 congressus,
1107 5545 1198 5600 his
1229 5543 1545 5598 vindictam
1577 5560 1746 5598 suam
1781 5545 2068 5616 tribuit,in

427 5647 679 5706 quorum
711 5648 948 5704 corpore
979 5631 1380 5706 triumphavit.
1418 5653 1444 5679 »
1479 5631 1548 5686 Et
1581 5631 1717 5686 item
1749 5632 1809 5688 in
1840 5636 2064 5692 eadem:

432 5747 453 5773 ι
471 5725 540 5778 At
555 5719 604 5778 si
623 5721 681 5777 in
706 5724 869 5777 tanta
895 5720 1024 5776 luce
1053 5721 1315 5779 veritatis
1347 5719 1617 5777 tenebras
1639 5737 1778 5778 suas
1800 5722 2068 5783 haeretica

2188 4749 2386 4806 minus
2417 4755 2616 4806 noster
2657 4749 2874 4821 peccati
2924 4749 3248 4822 mortisque
3297 4749 3646 4814 destructor,
3679 4748 3836 4805 sicut

2183 4839 2412 4896 nullum
2435 4858 2469 4894 a
2489 4843 2651 4895 reatu
2688 4837 2937 4894 liberum
2974 4839 3206 4912 reperit,
3237 4838 3320 4894 ita
3347 4837 3670 4894 liberandis
3701 4853 3833 4893 om-

2183 4929 2360 4984 nibus
2389 4929 2564 4986 venit.
2599 4951 2628 4977 »
2661 4929 2729 4983 Et
2777 4928 2916 4984 item
2970 4928 3029 4982 in
3083 4927 3200 4984 alia
3247 4926 3493 4984 homilia
3520 4926 3690 4996 (hom.
3724 4930 3778 4996 2)
3815 4943 3826 4982 :

2189 5019 2373 5073 «Nam
2407 5017 2683 5090 superbia
2703 5017 2891 5073 hostis
2913 5017 3138 5090 antiqui
3159 5034 3275 5073 non
3297 5014 3592 5073 immerito
3625 5015 3740 5072 sibi
3771 5015 3830 5071 in

2182 5125 2387 5164 omnes
2418 5105 2685 5162 homines
2706 5108 2809 5179 jus
2838 5106 3211 5180 tyrannicum
3243 5105 3594 5174 vindicabat,
3619 5123 3726 5161 nec
3750 5106 3831 5160 in-

2181 5196 2375 5252 debito
2407 5196 2709 5252 dominatu
2742 5194 3514 5269 premebat,quos,neglecto
3547 5194 3828 5250 mandato

2181 5286 2304 5353 Dei,
2327 5291 2680 5358 spontaneos
2703 5285 2764 5341 in
2800 5285 3150 5358 obsequium
3173 5287 3327 5343 276
3357 5302 3476 5340 suae
3507 5282 3828 5339 voluntatis

2181 5375 2458 5432 illexerat.
2482 5377 2605 5432 Non
2631 5375 3002 5446 itaquejuste
3024 5376 3318 5431 amitteret
3346 5372 3693 5445 originalem
3728 5373 3829 5428 hu-

2181 5465 2336 5521 mani
2360 5465 2590 5537 generis
2612 5464 2970 5531 servitutem,
2997 5463 3109 5519 nisi
3140 5465 3209 5519 de
3230 5481 3296 5520 eo
3327 5463 3482 5536 quud
3515 5462 3827 5534 subegerat

2175 5555 2522 5611 vinceretur.
2558 5560 2698 5608 Cum
2732 5552 2911 5624 igitur
2954 5553 3287 5610 misericors
3337 5551 3824 5624 omnipotensque

2178 5643 2460 5712 Salvator,
2486 5642 2569 5698 ita
2590 5641 2982 5713 susceptionis
3013 5642 3283 5698 humana:
3315 5641 3720 5698 moderaretur
3738 5655 3824 5696 ex-

2179 5734 2362 5801 ordia,
2389 5738 2454 5788 ut
2471 5731 2746 5788 virtutem
2767 5729 3174 5804 inseparabilis
3194 5749 3228 5788 a
3247 5748 3352 5788 suo
3382 5729 3622 5786 homine
3642 5728 3819 5785 deita-
