4020 6450
149 462 246 524 341

843 460 946 523 DE
987 459 1746 524 PRIEDESTlNATIONE
1788 461 2302 526 DISSERTA'I‘IO
2343 462 2804 527 POSTERIOll.

3399 466 3518 528 3i2

143 594 208 654 tis
226 610 322 668 per
339 591 598 651 velamen
631 585 842 651 nostrae
870 589 1234 653 inﬁrmitatis
1263 591 1664 668 absconderet,
1695 593 1764 650 il-
1792 593 1850 664 Α
1878 597 2083 668 mittit,
2113 615 2184 657 ex
2210 598 2312 656 illa
2340 603 2429 656 est
2453 595 2753 656 voluntate
2793 605 2911 673 qna
2937 595 3139 660 dilexit
3169 615 3296 672 nos,
3319 603 3378 656 et
3405 602 3515 657 tra-

139 685 254 742 lusa
272 689 358 741 est
378 681 568 741 securi
587 681 775 740 hostis
807 685 1046 756 astutia,
1080 688 1182 759 qui
1201 686 1568 742 nativitatem
1599 685 1765 758 pueri

138 775 190 831 in
209 771 446 831 salutem
468 773 712 830 humani
733 774 964 847 generis
985 775 1292 848 procreati,
1317 792 1432 830 non
1455 775 1623 830 aliter
1650 775 1762 831 sibi

139 880 297 937 quam
323 863 586 937 omnium
625 863 995 920 nascentium
1033 864 1259 936 putavit
1277 863 1608 920 obnoxiam.
1635 887 1663 915 »
1695 864 1765 919 Et

138 929 252 1026 post
285 968 472 1026 pauca
509 929 646 1025 (cap.
685 953 780 1020 4):
815 976 842 1004 «
867 929 1127 1009 Redit-in
1158 953 1439 1009 honorem
1484 970 1658 1009 suum
1689 953 1760 1009 ab

140 1040 372 1114 antiquis
402 1039 690 1114 contagiis
721 1046 971 1115 purgata
1001 1045 1230 1110 natura,
1265 1058 1424 1098 mors
1454 1047 1641 1098 morte
1671 1043 1764 1099 de-

138 1131 382 1198 struitur,
407 1129 684 1186 nativitas
703 1131 1008 1187 nativitate
1029 1137 1352 1204 reparatur,
1377 1132 1654 1204 quoniam
1677 1131 1756 1188 si-

139 1219 242 1274 mul
273 1222 328 1274 et
347 1218 672 1290 redemptio
701 1219 894 1275 aufert
921 1219 1282 1286 servitutem,
1315 1224 1372 1275 et
1401 1219 1758 1292 regeneratio

138 1311 305 1364 mutat
331 1305 639 1381 originem,
663 1312 722 1363 et
740 1308 1192 1380 ﬁdesjustiﬁeat
1219 1313 1600 1381 peccatorem.
1626 1330 1656 1359 »
1688 1309 1760 1364 Et

137 1395 286 1470 paulo
314 1400 446 1469 post
468 1398 608 1470 (cap.
633 1397 688 1470 5)
714 1395 744 1452 ε’
775 1421 804 1447 ‹‹
829 1396 958 1453 Tibi
987 1397 1145 1452 enim
1177 1397 1474 1470 quondam
1507 1397 1754 1468 abjecto,

133 1490 338 1544 extruso
369 1485 629 1558 paradisi
669 1487 930 1552 sedibus,
953 1485 1058 1542 tibi
1083 1503 1184 1559 per
1205 1486 1408 1542 exsilia
1427 1486 1601 1560 longa
1633 1503 1755 1543 mo-

133 1574 298 1644 rienti,
329 1575 434 1630 tibi
465 1575 526 1630 in
564 1574 820 1631 cinerem
870 1581 927 1632 et
973 1575 1270 1649 pulverem
1318 1575 1624 1644 dissoluto,
1661 1575 1752 1631 cui

123 1665 229 1736 jam
250 1681 358 1721 non
398 1669 529 1720 erat
563 1681 698 1738 spes
726 1664 848 1741 ulla
875 1665 1127 1732 vivendi,
1158 1682 1262 1738 per
1289 1665 1754 1721 incarnationem

129 1752 274 1808 Verbi
319 1758 582 1826 potestas
630 1754 768 1809 data
796 1758 904 1821 est,
938 1759 1004 1810 ut
1031 1755 1102 1810 de
1132 1753 1452 1827 longinquo
1479 1753 1552 1809 ad
1583 1758 1752 1809 tuum

131 1841 410 1899 revertaris
459 1847 788 1912 auctorem,
823 1859 1207 1916 recognoscas
1255 1846 1575 1915 parentem,
1605 1841 1754 1898 liber

129 1929 370 1988 elﬁciaris
395 1947 464 1987 ex
487 1932 758 2000 servo,de
781 1935 1053 1988 extraneo
1074 1931 1412 2005 proveharis
1430 1931 1490 1986 in
1513 1929 1701 1986 ﬁlium
1735 1947 1748 1987 :

132 2023 184 2075 ut
200 2020 291 2092 qui
308 2036 376 2076 ex
394 2020 770 2094 corruptibili
802 2037 976 2078 carne
998 2027 1172 2077 natus
1194 2037 1278 2087 es,
1311 2038 1379 2077 ex
1407 2020 1507 2077 Dei
1539 2019 1752 2092 spiritu

132 2109 447 2177 renasearis,
472 2114 536 2167 et
557 2109 823 2166 obtinens
843 2127 947 2182 per
963 2111 1214 2184 gratiam
1237 2110 1391 2183 quod
1423 2127 1540 2166 non
1570 2109 1752 2165 habes

132 2215 217 2270 per
232 2205 516 2256 naturam.
546 2221 576 2248 »
609 2200 680 2256 Et
711 2199 852 2255 item
883 2199 942 2254 in
974 2199 1216 2256 homilia
1245 2203 1455 2272 quarta
1473 2203 1614 2272 (cap.
1643 2201 1698 2266 2)
1734 2215 1748 2252 :

131 2309 153 2337 «ι
173 2287 456 2346 Exsultent
483 2304 630 2361 ergo
657 2288 716 2343 in
749 2287 984 2344 laudem
1014 2288 1116 2345 Dei
1147 2289 1323 2345 corda
1363 2287 1748 2357 credentium,

130 2381 176 2432 et
199 2375 479 2434 mirabilia
506 2377 645 2448 ejus
673 2377 1063 2433 conﬁteantur
1091 2377 1197 2432 ﬁlii
1226 2376 1533 2434 hominum
1567 2393 1580 2432 :
1613 2393 1752 2449 quo-

132 2464 263 2522 niam
291 2465 348 2522 in
378 2466 490 2523 hoc
523 2465 817 2538 praecipue
848 2466 950 2522 Dei
982 2483 1154 2538 opere
1200 2465 1504 2522 humilitas
1551 2470 1752 2522 nostra

131 2554 395 2628 cognoscit
421 2553 636 2627 quanti
667 2570 796 2610 eam
819 2571 966 2611 suus
993 2554 1270 2611 Conditcir
1299 2555 1627 2611 testimarit:
1648 2553 1750 2627 qui

130 2657 240 2698 cum
257 2642 460 2716 origini
493 2642 774 2698 humanae
805 2643 1060 2698 multum
1091 2643 1335 2714 dederit,
1356 2644 1512 2716 quod
1539 2660 1646 2700 nos
1675 2643 1748 2698 ad

131 2730 413 2806 imaginem
445 2749 628 2788 suam
657 2731 1171 2804 fecit,reparation'i
1202 2737 1414 2788 nostrae
1442 2733 1612 2805 longe
1634 2749 1753 2787 am-

130 2817 257 2892 plius
281 2821 505 2890 tribuit,
547 2837 682 2878 cum
731 2821 928 2877 servili
978 2821 1176 2877 formae
1216 2822 1341 2895 ipse
1372 2839 1434 2878 se
1465 2822 1750 2878 Dominus

131 2910 400 2982 ooaptavit.
447 2908 734 2978 Quamvis
759 2910 918 2966 enim
949 2927 1018 2966 ex
1047 2928 1167 2967 una
1195 2912 1515 2983 eademque
1538 2909 1752 2984 pietate

130 2996 192 3053 sit
213 2998 486 3072 quidquid
519 3003 806 3055 creaturae
836 2999 1072 3056 Greater
1099 3000 1406 3072 impendit,
1438 3000 1636 3055 minus
1665 3003 1750 3055 ta-

131 3102 239 3142 men
266 3088 477 3145 miru'm
501 3093 601 3145 est
619 3087 919 3144 hominem
941 3089 1014 3144 ad
1037 3087 1234 3158 divina
1253 3089 1549 3162 proﬁcere,
1573 3105 1750 3160 quam

131 3173 286 3232 Deum
308 3179 378 3233 ad
401 3177 675 3234 humana
696 3177 1196 3234 descendere.Hoc
1218 3183 1414 3234 autem
1440 3176 1751 3234 nisilacere

129 3263 433 3337 dignaretur
471 3266 886 3338 Omnipotens,
918 3265 1082 3322 nulla
1127 3283 1486 3340 quemquam
1529 3266 1751 3338 species

1873 687 2022 744 didit
2037 690 2420 764 semetipsum
2439 707 2542 764 pro
2564 690 3104 763 nobis,cooperante
3125 687 3184 744 in
3195 688 3305 746 hoc
3319 688 3516 762 ipsum

1873 778 2058 846 Patre,
2085 779 2184 852 qui
2211 779 2355 836 Filio
2393 779 2626 852 proprio
2662 796 2776 836 non
2800 777 3077 852 pepercit,
3100 777 3200 834 sed
3222 795 3325 850 pro
3345 777 3516 835 nobis

1871 867 2114 924 tradidit
2135 868 2456 926 illum.Una
2476 873 2567 926 est
2595 869 2752 925 enim
2784 867 2970 924 Patris
3001 870 3059 922 et
3089 865 3218 923 Filii
3247 866 3515 924 voluntas

1872 960 1937 1011 ut
1965 961 2055 1013 est
2083 975 2201 1013 una
2231 957 2526 1025 divinitas,
2561 959 2633 1013 de
2661 959 2832 1029 cujus
2873 955 3278 1029 dispositionis
3306 956 3511 1012 eﬁ‘eetu

1869 1045 2017 1102 nihil
2040 1046 2224 1116 vobis,
2241 1047 2448 1115 Judaei,
2465 1047 2683 1121 gratiae,
2700 1045 2847 1102 nihil
2867 1045 2992 1114 tibi,
3007 1045 3040 1101 J
3049 1045 3182 1116 uda,
3205 1045 3509 1100 debemus.

1869 1133 2182 1192 Salvationi
2206 1130 2444 1209 quidem
2467 1140 2676 1191 nostra:
2705 1135 2870 1192 vobis
2900 1151 3015 1190 non
3046 1133 3158 1190 hoc
3185 1131 3513 1189 volentibus

1868 1222 2141 1296 impietas
2163 1230 2357 1282 vestra
2387 1225 2639 1295 servivit,
2663 1229 2720 1280 et
2739 1241 2842 1297 per
2862 1241 2963 1280 vos
2984 1223 3202 1278 factum
3222 1226 3312 1278 est
3339 1221 3510 1294 quid-

1867 1312 2008 1385 quid
2039 1330 2250 1370 manus
2279 1314 2382 1371 Dei
2398 1319 2456 1370 et
2473 1313 2784 1370 consilium
2808 1315 3184 1370 decreverunt
3203 1309 3510 1367 ﬁeri.Mors

1866 1401 2047 1476 igitur
2075 1402 2286 1460 Christi
2332 1421 2440 1460 nos
2471 1403 2697 1472 liberat,
2729 1419 2830 1458 vos
2877 1405 3132 1457 accusat.
3166 1399 3372 1456 Merito
3401 1397 3511 1456 soli

1865 1508 1982 1548 non
2007 1491 2236 1548 habetis
2258 1493 2411 1565 quod
2435 1492 2710 1548 omnibus
2729 1491 2920 1562 perire
2937 1488 3291 1556 voluistis,et
3310 1491 3506 1544 tamen

1864 1585 2028 1637 tanta
2057 1585 2148 1638 est
2177 1581 2362 1637 nostri
2388 1581 2621 1638 bonitas
2654 1579 3082 1652 Redemptoris,
3106 1582 3173 1634 ut
3201 1577 3376 1633 etiam
3405 1593 3508 1634 vos

1863 1669 2103 1741 possitis
2143 1670 2422 1742 consequi
2468 1669 2718 1735 veniam,
2753 1669 2802 1725 si
2833 1667 3130 1724 Christum
3159 1665 3262 1722 Dei
3294 1664 3504 1722 Filium

1863 1756 2192 1814 conﬁtendo
2213 1759 2375 1814 illam
2398 1757 2802 1831 parricidalem
2826 1755 3113 1812 malitiam
3136 1754 3503 1826 relinquatis.

1862 1848 1985 1904 Non
2007 1848 2164 1904 enim
2185 1849 2406 1904 frustra
2425 1847 2710 1904 Dominus
2731 1846 2788 1902 in
2811 1862 2980 1902 cruce
3002 1843 3210 1901 oraVit:
3227 1843 3503 1910 Pater,di-

1859 1938 2012 1993 mitte
2033 1927 2325 2010 illisfquirt
2353 1939 2606 1993 nesciunt
2632 1936 2764 2009 quid
2791 1937 3007 2008 faciunt
3034 1933 3182 2008 (Luc.
3209 1949 3366 1997 xxm,
3385 1932 3501 2000 34).

1861 2027 2024 2092 Quod
2055 2025 2381 2082 remedium
2413 2043 2518 2081 nec
2555 2029 2632 2094 te,
2657 2025 2832 2092 Juda,
2854 2021 3152 2090 transiret,
3187 2021 3236 2076 si
3268 2020 3340 2077 ad
3371 2036 3500 2076 eam

1860 2112 2264 2184 poenitentiam
2293 2113 2660 2186 confugisses
2684 2129 2810 2184 qua:
2835 2115 2889 2168 te
2913 2111 3204 2166 revocaret
3233 2108 3305 2164 ad
3339 2107 3500 2162 Chri-

1859 2206 2040 2269 stum,
2065 2219 2180 2258 non
2203 2219 2330 2274 quae
2361 2201 2669 2274 instigaret
2696 2201 2769 2257 ad
2800 2199 3098 2273 laqueum.
3121 2197 3376 2254 Dicendo
3406 2207 3504 2252 au-

1857 2291 2245 2348 temzPeccavi
2264 2291 2481 2348 tradens
2505 2291 2838 2365 sanguinem
2855 2291 3070 2362 justum
3099 2285 3302 2358 (Matth.
3323 2303 3498 2355 xxvu,

1857 2379 1936 2448 4),
1959 2379 2019 2434 in
2039 2379 2358 2453 impietatis
2387 2383 2500 2435 tuae
2540 2378 2786 2452 perﬁdia
2813 2375 3142 2451 perstitisti,
3167 2375 3269 2448 qui
3297 2373 3499 2431 Jesum

1857 2484 1974 2523 non
2003 2473 2184 2524 Deum
2208 2468 2310 2525 Dei
2334 2467 2682 2536 Filium,sed
2705 2471 2916 2523 nostrae
2947 2463 3352 2521 tantummodo
3371 2479 3506 2518 con-

1857 2558 2100 2614 ditionis
2129 2558 2450 2626 hominem,
2482 2557 2661 2614 etiam
2685 2557 2836 2613 inter
2864 2562 3124 2612 extrema
3155 2553 3359 2610 mortis
3389 2555 3500 2608 tuae

1856 2645 2116 2718 pericula
2137 2645 2452 2714 credidisti,
2479 2647 2650 2718 cujus
2673 2645 2930 2702 ﬂexisscs
2953 2641 3435 2710 misericordiam,
3451 2639 3502 2698 si

1857 2736 1986 2806 ejus
2013 2735 2497 2807 omnipotentiam
2518 2753 2633 2790 non
2658 2751 2955 2808 negasses.
2973 2756 3000 2783 »
3025 2733 3094 2788 Et
3113 2732 3174 2787 in
3195 2729 3370 2787 tertia
3397 2729 3502 2785 ho-

1859 2823 2024 2879 milia
2049 2825 2120 2880 dc
2140 2823 2412 2898 passione
2449 2823 2682 2881 Domini
2703 2827 2842 2892 (cap.
2866 2823 2921 2894 2)
2948 2839 2962 2877 :
3004 2845 3032 2873 «
3057 2819 3354 2892 Quidquid
3383 2817 3502 2874 Do-

1857 2911 2016 2968 mino
2039 2911 2328 2969 illusionis
2348 2916 2404 2969 et
2423 2909 3100 2984 contumeliae,quidquid
3115 2906 3432 2966 vexationis
3443 2909 3503 2962 et

1857 3018 2039 3074 pmnzn
2060 3002 2221 3058 furor
2246 3002 2446 3058 intulit
2465 3002 2802 3075 impiorum,
2828 3017 2943 3056 non
2965 3000 3036 3056 de
3053 2996 3398 3056 necessitate
3417 2998 3502 3051 to-

1856 3089 2236 3159 lcratum,sed
2259 3091 2329 3147 de
2349 3091 2648 3147 voluntate
2669 3093 3013 3162 susceptum
3034 3091 3144 3144 est.
3173 3087 3324 3144 Venit
3350 3085 3502 3142 enim

1855 3182 2006 3252 ﬁlius
2036 3181 2273 3237 hominis
2311 3195 2558 3253 quaerere
2577 3187 2629 3236 et
2643 3180 2858 3236 salvere
2877 3177 3018 3251 quod
3031 3177 3274 3250 perierat
3292 3174 3495 3244 (Matth.

1856 3287 2016 3340 xvm,
2053 3269 2160 3340 11),
2189 3275 2245 3326 et
2275 3269 2358 3326 sic
2389 3269 2460 3324 ad
2491 3269 2755 3325 omnium
2787 3267 3247 3339 redemptionem
3295 3263 3499 3319 uteba-

123 3351 542 3423 justitizs,nulla
562 3355 750 3412 forma
770 3355 1068 3428 sapientiae
1091 3374 1124 3412 a
1144 3355 1475 3428 captivitate
1505 3355 1742 3425 diaboli,
1774 3340 1818 3407 ο
1857 3363 1956 3415 tur
1985 3357 2208 3415 malitia
2239 3357 2808 3430 persequentium,ut
2829 3356 2888 3411 in
2919 3355 3122 3412 mortis
3153 3355 3282 3426 ejus
3312 3368 3501 3408 resuro

131 3444 176 3495 et
199 3459 229 3497 a
251 3444 542 3514 profundo
583 3447 809 3499 aeterna:
858 3443 1066 3501 mortis
1113 3448 1360 3500 erueret.
1395 3466 1422 3495 »
1456 3445 1526 3500 Et
1554 3445 1613 3500 in
1641 3445 1749 3502 ho-

131 3526 267 3584 milia
301 3531 369 3587 de
401 3531 739 3604 Epiphania
759 3531 928 3603 (hom.
959 3533 1014 3600 5,
1037 3548 1084 3588 ε.
1117 3536 1212 3602 2):
1249 3553 1277 3584 ‹‹
1304 3532 1493 3588 Judaei
1525 3533 1624 3606 qui
1655 3551 1749 3590 cx-

130 3618 204 3672 tra
228 3635 462 3693 regnum
494 3618 719 3676 Christi
749 3637 880 3677 esse
903 3621 1231 3690 voluerunt,
1261 3611 1453 3678 adhuc
1473 3624 1752 3694 quodam-

131 3707 275 3764 modo
304 3711 410 3766 sub
439 3709 694 3766 Herodis
742 3713 883 3764 sunt
919 3708 1271 3783 principatu,
1305 3715 1382 3778 et,
1415 3711 1753 3768 dominante

131 3791 221 3850 sibi
231 3795 548 3855 Salvatoris
561 3797 1163 3872 inimico,alienigenae
1181 3798 1441 3855 serviunt
1455 3801 1749 3872 potestati.

131 3879 268 3941 Unde
287 3887 438 3958 quod
460 3885 553 3942 illi
574 3890 694 3942 tres
713 3885 1235 3952 viri,universalem
1260 3887 1523 3961 gentium
1554 3906 1754 3960 perso-

132 3987 245 4028 nam
273 3980 566 4048 gerentes,
589 3975 829 4032 adorato
859 3975 1127 4046 Domino,
1151 3976 1260 4032 hoc
1291 3977 1350 4032 in
1377 3977 1611 4050 populis
1629 3976 1754 4034 suis

131 4075 216 4130 per
229 4063 390 4120 ﬁdem
412 4081 550 4136 quae
573 4063 866 4135 justiﬁcat
895 4064 1108 4137 impios
1137 4069 1298 4122 totus
1324 4067 1583 4122 mundus
1603 4083 1757 4122 asse-

133 4149 322 4220 quitur,
345 4157 403 4210 et
421 4151 831 4209 haereditatem
854 4153 956 4208 Dei
981 4158 1114 4209 ante
1135 4153 1350 4210 saecula
1369 4160 1754 4228 praeparatam

132 4238 392 4311 accipiunt
435 4240 724 4313 adoptivi,
756 4245 814 4296 et
841 4242 1095 4312 perdunt
1123 4241 1224 4315 qui
1251 4242 1600 4300 videbantur
1627 4261 1756 4302 esse

132 4322 366 4399 legitimi.
393 4349 422 4382 ι
469 4331 544 4386 Et
576 4329 716 4384 item
745 4328 806 4385 in
839 4330 1042 4386 eadem
1071 4335 1213 4403 (cap.
1247 4333 1338 4401 4):
1379 4356 1400 4382 ι
1435 4333 1592 4389 Inter
1633 4332 1756 4391 hmo

133 4419 300 4473 autem
347 4422 658 4490 permanet
703 4434 880 4490 super
929 4435 1134 4476 omnes
1180 4420 1511 4492 benignitas
1553 4422 1674 4491 Dei,
1699 4427 1757 4479 et

135 4503 257 4559 nulli
285 4507 752 4564 misericordiam
783 4524 953 4563 suam
985 4509 1250 4581 denegat,
1283 4526 1418 4565 eum
1443 4508 1756 4568 indiscrete

133 4593 390 4652 universis
407 4598 564 4652 bona
589 4595 778 4652 multa
799 4595 1073 4668 largitur:
1089 4612 1346 4670 eousque
1359 4615 1506 4670 quos
1517 4599 1756 4656 meritos

1858 3447 2249 3519 rectionisque
2297 3451 2660 3503 sacramento
2709 3447 3108 3502 interfectores
3136 3442 3228 3500 sui
3259 3443 3502 3517 possent

1859 3535 2002 3592 salvi
2027 3536 2229 3602 csse,si
2252 3535 2740 3592 crederentllnde
2765 3531 3384 3590 sceleratioromnibus
3401 3530 3500 3587 Ju-

1860 3626 1934 3681 da
1954 3630 2008 3680 et
2031 3625 2316 3681 infelicior
2339 3623 2630 3691 exstitisti,
2653 3640 2826 3695 quem
2850 3640 2962 3678 non
2985 3619 3324 3694 pmnitentia
3347 3636 3502 3675 revo-

1861 3715 2010 3770 cavit
2031 3715 2102 3770 ad
2125 3713 2568 3778 Dominum,sed
2587 3711 2912 3784 desperatio
2929 3709 3183 3766 traxitad
3202 3709 3498 3782 laqueum.

1860 3805 2270 3876 Exspectasscs
2283 3801 2847 3858 consummationem
2863 3799 3126 3854 criminis
3141 3796 3503 3867 tui,etdonec

1861 3891 2104 3964 sanguis
2134 3890 2347 3947 Christi
2395 3907 2498 3962 pro
2546 3889 2820 3946 omnibus
2865 3888 3207 3943 funderetur
3227 3883 3502 3953 inﬁrmis,

1859 3965 2003 4038 lethi
2024 3979 2408 4052 suspendium
2441 3976 3066 4048 distulisses.Cumque
3086 3972 3504 4030 conscientiam

1863 4075 2026 4126 tuam
2053 4073 2139 4125 tot
2167 4067 2396 4124 Domini
2431 4066 2734 4134 miracula,
2757 4071 2844 4122 tot
2864 4067 3036 4134 dona,
3063 4069 3258 4136 totque
3279 4061 3382 4118 illa
3399 4061 3510 4118 sal-

1863 4164 1981 4215 tem
2028 4161 2084 4213 te
2114 4175 2150 4213 a
2187 4156 2506 4230 praecipitio
2554 4160 2653 4211 tuo
2702 4159 3068 4210 sacramenta
3116 4155 3504 4218 revocassent,

1863 4265 1990 4319 qua:
2013 4246 2072 4301 in
2096 4245 2361 4302 Paschali
2390 4263 2554 4302 cmna
2576 4245 2703 4316 jam
2736 4244 2806 4300 de
2835 4242 3080 4316 perﬁdia
3109 4246 3211 4297 tua
3239 4240 3406 4314 signo
3424 4239 3508 4296 di-

1860 4337 2006 4393 vina:
2030 4334 2284 4391 scientia:
2302 4335 2566 4390 detectus
2596 4350 2922 4406 acceperas,
2948 4349 3054 4388 cur
3081 4333 3152 4388 de
3181 4331 3308 4402 ejus
3337 4329 3502 4386 boni-

1863 4430 1980 4482 tate
2003 4423 2245 4490 difﬁdis,
2278 4423 2379 4495 qui
2410 4427 2465 4478 te
2487 4440 2520 4478 a
2542 4421 2800 4494 corporis
2821 4427 2878 4476 et
2897 4419 3204 4494 sanguinis
3223 4419 3316 4475 sui
3347 4435 3504 4476 com-

1863 4513 2142 4570 munione
2162 4528 2276 4568 non
2301 4510 2545 4584 repulit?
2557 4510 2656 4582 qui
2676 4509 2782 4566 tibi
2799 4511 2868 4566 ad
2893 4509 3506 4583 comprehendendum

1865 4619 1927 4659 se
1956 4619 2091 4658 cum
2120 4599 2308 4656 turbis
2339 4605 2397 4656 et
2425 4605 2783 4656 armatorum
2815 4599 3049 4655 cohorte
3075 4597 3326 4654 venienti
3346 4595 3508 4670 pacis

135 4681 380 4741 subderet
411 4684 624 4758 pomis,
659 4683 884 4741 mavult
913 4684 1157 4741 invitare
1196 4685 1514 4744 beneﬁciis.
1549 4687 1758 4747 Dilatio
1785 4709 1834 4773 Β
1865 4689 2132 4747 osculum
2156 4706 2271 4746 non
2295 4688 2562 4761 negavit?
2583 4689 2694 4746 Sed
2715 4689 2891 4746 homo
2912 4686 3507 4760 inconvertibilis,spi—

134 4770 264 4827 enim
285 4773 554 4830 vindictae
576 4775 680 4830 dat
702 4773 894 4830 locum
917 4774 1292 4847 poenitentiae,
1309 4775 1544 4846 nccdici
1567 4781 1760 4849 potest

135 4857 275 4916 nulla
301 4862 378 4918 ibi
419 4879 552 4919 esse
603 4861 771 4931 ultio,
805 4861 906 4918 ubi
936 4861 1100 4918 nulla
1129 4865 1424 4922 conversio
1454 4870 1542 4921 est
1573 4866 1760 4939 :'quia

135 4962 278 5005 mens
310 4951 457 5006 dura
479 4955 538 5007 et
557 4950 790 5024 ingrata
809 4952 940 5022 jam
969 4951 1083 5007 sibi
1115 4951 1243 5024 ipsa
1273 4953 1626 5026 supplicium
1647 4961 1754 5024 est,

135 5035 262 5092 etin
289 5039 651 5096 conscientia
696 5055 806 5096 sua
852 5039 1076 5112 patitur
1121 5040 1406 5114 quidquid
1460 5043 1562 5100 Dei
1589 5043 1758 5100 boni-

137 5125 546 5195 tatediﬁ'ertur.
581 5128 708 5184 Non
763 5127 846 5184 ita
893 5127 1300 5200 delinquentes
1338 5136 1576 5203 peccata
1605 5133 1758 5190 dele-

137 5215 288 5282 ctent,
312 5220 376 5272 ut
407 5217 539 5273 illos
570 5217 632 5272 in
662 5217 788 5274 suis
817 5217 1048 5274 actibus
1076 5217 1203 5274 vitae
1235 5219 1413 5290 hujus
1443 5221 1578 5278 ﬁnis
1608 5221 1762 5278 inve-

138 5299 259 5372 niat,
289 5304 434 5360 277
481 5307 765 5378 quoniam
797 5305 857 5361 in
883 5306 1109 5363 inferno
1143 5307 1308 5364 nulla
1343 5309 1620 5366 correctio
1649 5315 1757 5381 est,

138 5402 228 5445 nec
245 5391 414 5448 datur
439 5395 765 5450 remedium
805 5395 1222 5453 satisfactionis
1251 5397 1352 5452 ubi
1366 5397 1493 5469 jam
1516 5417 1630 5454 non
1663 5418 1760 5456 su-

138 5483 307 5546 perest
344 5482 495 5539 actio
517 5483 854 5540 voluntatis.
883 5507 911 5533 ››
933 5485 1077 5540 Item
1102 5485 1160 5540 in
1184 5484 1425 5542 homilia
1443 5488 1513 5542 de
1539 5488 1761 5560 passio-

142 5579 200 5620 ne
219 5567 436 5628 Domini
455 5573 624 5642 (hom.
650 5575 701 5642 1,
719 5590 768 5630 c.
785 5575 875 5646 5):
901 5597 928 5625 «
955 5575 1180 5630 Habent
1205 5592 1339 5649 ergo
1365 5577 1618 5633 divinam
1642 5577 1764 5634 haec

141 5669 297 5725 opera
321 5660 612 5719 virtutem.
637 5663 750 5720 Sed
782 5663 940 5736 quod
970 5663 1256 5726 Dominus
1288 5663 1615 5737 majestatis
1645 5683 1763 5722 sua:

145 5749 436 5812 potentiam
461 5753 814 5826 comprimit,
838 5759 897 5810 et
925 5753 1040 5810 vim
1071 5752 1130 5808 in
1161 5772 1223 5811 se
1253 5754 1642 5827 persecutoris
1671 5756 1768 5811 ad-

1867 4779 2018 4836 ritus
2037 4779 2256 4835 vadens
2277 4783 2334 4834 et
2364 4797 2477 4835 non
2511 4778 3028 4845 revertens,cordis
3044 4779 3130 4834 tui
3151 4782 3388 4834 secutus
3420 4778 3509 4831 est

1867 4867 2112 4934 rabiem,
2136 4871 2192 4923 et
2212 4870 2404 4924 stante
2425 4867 2655 4924 diabolo
2678 4885 2713 4922 a
2736 4867 2955 4923 dextris
2975 4865 3092 4922 tuis
3111 4864 3503 4938 iniquitatem,

1867 4973 2044 5030 quam
2076 4956 2134 5011 in
2166 4960 2504 5012 sanctorum
2549 4955 2812 5012 omnium
2863 4972 3190 5010 armaveras
3221 4955 3413 5024 caput,
3445 4949 3506 5005 in

1865 5051 2036 5102 tuum
2055 5043 2331 5101 verticem
2353 5043 2638 5101 retorsisti
2663 5061 2676 5100 :
2710 5049 2772 5100 ut
2793 5045 2931 5116 quia
2952 5043 3179 5100 facinus
3199 5047 3368 5096 tuum
3389 5056 3508 5096 om-

1867 5150 2002 5190 nem
2024 5150 2364 5189 mensuram
2387 5132 2626 5189 ultionis
2649 5134 2739 5190 27
2755 5133 2800 5188 8
2823 5134 3166 5198 excesserat,
3190 5134 3248 5185 te
3267 5128 3508 5186 haberet

1868 5223 2142 5296 impietas
2171 5216 2646 5294 tua'judiccm,te
2673 5226 2968 5294 pateretur
2995 5225 3100 5274 tua
3125 5235 3297 5290 pmna
3324 5217 3507 5275 carni~

1868 5313 2057 5368 ﬁccm.
2093 5313 2235 5367 Cum
2265 5311 2448 5386 igitur
2477 5311 2630 5367 Deus
2671 5313 2824 5366 esset
2851 5309 2911 5364 in
2943 5307 3168 5364 Christo
3217 5309 3506 5366 mundum

1871 5400 2253 5458 reconcilians
2275 5400 2406 5470 sibi,
2423 5403 2814 5456 etcreaturam
2835 5399 2906 5453 ad
2929 5396 3246 5454 conditoris
3257 5397 3350 5454 sui
3369 5397 3510 5456 ima-

1871 5489 2066 5564 ginem
2103 5490 2531 5544 reformandam
2564 5487 2798 5542 Creator
2828 5485 2952 5558 ipse
2982 5488 3542 5562 gestaret,peractis'

1874 5577 2174 5634 miraculis
2195 5594 2433 5648 Operum
2461 5575 2811 5644 divinorum,
2837 5593 2964 5646 quae
2981 5577 3356 5651 propheticus
3371 5577 3511 5634 olim
3541 5573 3548 5582 ’

1878 5667 2120 5739 spiritus
2142 5665 2395 5738 gerenda
2428 5663 2767 5737 prmdixcrat
2798 5681 2812 5718 :
2853 5667 2997 5723 Tunc
3023 5669 3336 5740 aperientur
3371 5668 3516 5724 oculi

1874 5771 2160 5823 caecorum,
2216 5764 2266 5811 ct
2313 5770 2472 5810 aures
2527 5753 2821 5810 surdorum
2875 5757 3148 5816 audient:
3179 5766 3306 5815 tunc
3359 5756 3520 5813 saliet
