4020 6458
477 436 596 498 343

1405 432 1791 494 HINCMARI
1833 431 2280 494 RHEMENSIS
2327 433 2942 496 ARCHIEPISCOPI.

3769 437 3890 500 344

475 566 703 625 claudus
732 573 794 623 ut
821 583 1030 633 cervus,
1062 571 1114 624 et
1135 565 1288 622 clara
1315 567 1422 622 erit
1459 565 1650 638 lingua
1692 573 1968 622 mutorum
1997 565 2124 639 (Isa.
2157 565 2210 636 Α
2241 567 2466 623 stantiae
2518 567 2810 640 passione,
2863 565 2966 623 sed
3014 565 3190 626 etiam
3241 565 3424 624 totius
3469 567 3680 633 mundi
3731 586 3891 627 com-

472 675 640 727 xxxv,
663 658 719 724 5,
741 659 819 727 6),
845 655 1036 712 sciens
1053 655 1226 712 Jesus
1249 656 1452 712 adesse
1460 655 1587 728 jam
1606 659 1840 728 tempus
1861 655 2123 729 gloriosae

474 745 768 822 passionis
805 744 1118 819 implenda:
1151 763 1164 800 :
1203 745 1390 801 Tristis
1419 752 1498 802 est
1525 747 1712 801 animo
1738 763 1876 812 mea,
1911 747 2123 819 inquit,

473 851 646 909 usque
679 835 750 891 ad
785 842 1017 892 mortem
1055 834 1576 906 (.lfatth.xxv1,38);
1601 835 2120 905 etiterumzPatcr,

472 927 525 982 si
569 927 695 998 ﬁeri
738 931 928 998 potest,
981 931 1221 980 transeat
1257 941 1294 980 α
1336 941 1422 980 mc
1470 927 1618 982 calix
1661 927 1762 982 iste
1789 925 1968 994 (ibid,
2009 928 2122 996 39).

477 1013 701 1083 Quibus
727 1012 1266 1086 verbis,quamdam
1289 1013 1660 1070 formidinem
1691 1015 2122 1088 proﬁtentibus,

478 1105 689 1160 nostra;
714 1100 1076 1157 inﬁrmitatis
1099 1101 1340 1158 allectus
1369 1101 1771 1174 participando
1793 1104 2056 1176 curabat,
2071 1108 2128 1159 et

479 1191 728 1266 poenalis
753 1191 1116 1265 experientiae
1149 1195 1371 1248 metum
1417 1192 1724 1250 subeundo
1755 1193 2024 1264 pellebat.
2059 1195 2126 1250 In

445 1282 652 1338 'nobis
683 1298 820 1355 ergo
868 1280 1154 1337 Dominus
1202 1285 1404 1338 nostro
1449 1299 1659 1354 pavore
1688 1282 2038 1355 trepidabat,
2071 1286 2129 1339 et

481 1369 852 1445 susceptione
883 1387 944 1427 se
974 1375 1184 1427 nostra
1215 1369 1578 1427 inﬁrmitatis
1605 1370 1894 1440 induerat,
1929 1376 1994 1428 ut
2023 1390 2124 1429 no-

481 1464 665 1518 stram
677 1459 1133 1516 inconstantiam
1149 1476 1268 1516 suae
1279 1459 1512 1516 virtutis
1529 1460 1822 1518 soliditate
1831 1461 2086 1518 vestiret.
2097 1484 2125 1512 »

482 1551 624 1608 Item
652 1548 713 1604 in
732 1549 978 1606 homilia
1005 1549 1077 1605 de
1104 1548 1378 1622 passione
1408 1549 1638 1606 Domini
1671 1550 1836 1622 (hom.
1861 1568 1934 1618 IV,
1959 1569 2000 1607 c.
2033 1553 2082 1619 1)
2110 1568 2124 1606 :

481 1661 510 1691 «
535 1637 788 1696 Peractis
808 1637 1006 1710 itaque
1027 1637 1322 1708 omnibus,
1344 1656 1470 1712 quae
1494 1639 1768 1696 divinitas
1791 1640 1913 1696 ﬁeri
1935 1640 2128 1697 carnis

475 1727 766 1786 velamine
786 1731 1109 1800 temperata
1129 1728 1416 1802 permisit,
1438 1730 1612 1786 Jesus
1643 1729 1824 1787 Filius
1845 1731 1944 1787 Dei
1971 1731 2128 1787 cruci

478 1835 655 1892 quam
671 1817 846 1874 etiam
863 1818 989 1892 ipse
1000 1821 1260 1891 gestarat
1277 1819 1486 1876 afﬁxus
1509 1825 1615 1892 est,
1633 1820 1864 1876 duobus
1889 1819 2127 1876 latroni-

477 1908 590 1964 bus
601 1923 718 1963 uno
727 1907 798 1964 ad
813 1907 1108 1964 dexteram
1120 1907 1449 1981 ipsius,alio
1461 1909 1532 1965 ad
1547 1909 1846 1966 sinistram
1861 1909 2132 1966 similiter
2158 1945 2207 2011 B

479 1996 791 2066 cruciﬁxis,
805 2000 872 2053 ut
882 1995 1059 2053 etiam
1072 1997 1132 2053 in
1147 1997 1277 2071 ipsa
1295 1997 1540 2070 patibuli
1563 1999 1754 2072 specie
1775 2004 2128 2056 monstrare-

477 2085 830 2158 turillaquaa
843 2086 900 2142 in
907 2085 1334 2159 judicioipsius
1345 2086 1609 2143 omnium
1629 2089 1938 2145 hominum
1949 2094 2039 2146 est
2053 2090 2130 2145 fa-

481 2175 687 2233 cienda
704 2174 998 2242 discretio,
1031 2192 1164 2232 cum
1187 2181 1245 2232 et
1265 2175 1679 2233 salvandorum
1701 2177 1952 2251 ﬁguram
1983 2180 2128 2236 ﬁdes

481 2264 774 2323 credentis
790 2264 1034 2322 latronis
1053 2265 1420 2338 exprimeret,
1445 2269 1503 2322 et
1523 2267 1989 2323 damnandorum
2012 2269 2127 2324 for-

482 2369 642 2412 mam
655 2353 1118 2428 blasphemantis
1133 2353 1406 2428 impietas
1419 2361 1911 2428 praemonstraret.
1927 2357 2126 2414 Passio

481 2440 885 2516 igitanhristi
900 2441 1108 2498 salutis
1119 2447 1329 2500 nostra:
1343 2443 2130 2514 continetsacramentum,et

480 2529 954 2588 deinstrumento
967 2533 1121 2603 quod
1145 2531 1428 2604 iniquitas
1448 2533 1782 2590 Judaeorum
1807 2537 2032 2608 paravit
2053 2537 2124 2591 ad

480 2619 1003 2694 pcenam,potentia
1033 2621 1436 2694 Redemptoris
1465 2624 1714 2694 gradum
1745 2625 1881 2680 fecit
1906 2626 1979 2681 ad
2011 2624 2129 2698 glo-

481 2708 630 2766 riam
664 2725 679 2766 :
712 2725 893 2783 quam
924 2709 1211 2767 Dominus
1240 2711 1414 2770 Jesus
1445 2713 1527 2768 ita
1555 2713 1627 2768 ad
1659 2714 1923 2770 omnium
1943 2715 2130 2772 homi-

480 2814 625 2856 num
657 2803 920 2876 suscepit
945 2803 1218 2872 salutem,
1244 2807 1310 2860 ut
1327 2804 1480 2860 inter
1500 2804 1692 2862 clavos
1722 2805 1938 2878 quibus
1967 2807 2127 2880 ligno

481 2889 792 2947 tenebatur
819 2891 1054 2962 afﬁxus,
1081 2910 1185 2966 pro
1216 2893 1686 2952 interfectoribus
1717 2895 1841 2952 suis
1873 2900 2128 2969 paterna

479 2977 798 3036 clementia;
820 2981 1176 3056 supplicaret
1195 2987 1252 3040 et
1272 2983 1488 3040 diceret
1512 3001 1525 3040 :
1549 2986 1732 3056 Pater,
1755 2987 1968 3058 ignosce
1989 2986 2125 3054 illis,

479 3071 614 3144 quia
649 3072 901 3128 nesciunt
939 3072 1069 3145 quid
1095 3074 1477 3147 faciunt(Luc.
1499 3090 1661 3144 xxm,
1685 3076 1797 3145 34).
1833 3074 2128 3146 Principes

481 3163 678 3218 autem
692 3161 1744 3238 sacerdotum,quibusindulgentiam
1765 3164 2027 3221 Salvator
2037 3181 2129 3236 pe-

479 3249 660 3322 tebat,
685 3249 1044 3322 supplicium
1071 3252 1262 3310 crucis
1284 3251 1626 3309 irrisionum
1650 3252 2125 3326 aculeis‘aspcra-

2234 657 2489 714 motione
2511 661 2902 714 monstratum
2926 660 3034 714 est.
3051 657 3344 714 Pandente
3363 657 3517 716 enim
3541 657 3602 714 in
3624 659 3892 732 patibulo

2233 748 2520 816 Creatorc,
2554 748 2826 804 universa
2872 751 3142 804 creatura
3197 749 3553 821 congemuit,
3588 755 3650 806 et
3698 749 3893 808 crucis

2235 837 2429 894 clavos
2482 838 2680 894 omnia
2727 836 2906 894 simul
2937 837 3228 895 elementa
3253 843 3586 894 senserunt.
3621 838 3784 895 Nihil
3817 841 3892 898 ab

2232 926 2332 982 illo
2377 926 2664 1000 supplicio
2703 927 2952 984 liberum
2985 926 3098 983 fuit
3125 945 3138 983 :
3171 927 3282 986 hoc
3310 927 3370 984 in
3402 913 3890 986 ccimmunionem

2235 1017 2324 1073 sui
2359 1021 2416 1073 et
2445 1021 2659 1072 terram
2707 1016 2880 1072 traxit
2911 1021 2969 1072 et
2999 1015 3212 1073 cmlum
3245 1033 3258 1073 :
3293 1017 3404 1074 hoc
3450 1022 3652 1090 petras
3710 1018 3888 1090 rupit,

2235 1110 2616 1173 monumenta
2648 1105 2937 1178 patefecit,
2969 1105 3198 1162 inferna
3254 1107 3553 1173 reseravit,
3587 1111 3648 1162 et
3678 1108 3888 1163 densa-

2237 1211 2366 1250 rum
2415 1195 2652 1251 horrore
2709 1195 3082 1251 tenebrarum
3143 1193 3337 1252 radios
3377 1193 3520 1252 solis
3549 1195 3884 1252 abscondit.

2235 1285 2493 1340 Debebat
2507 1284 2617 1340 hoc
2634 1283 3037 1340 testimonium
3058 1302 3164 1341 suo
3184 1285 3443 1342 mundus
3463 1285 3716 1353 auctori,
3738 1290 3804 1340 ut
3828 1285 3885 1342 in

2235 1391 2446 1432 occasu
2468 1373 2796 1430 Conditoris
2823 1374 2913 1430 sui
2935 1373 3150 1430 vellent
3165 1374 3438 1431 universa
3457 1373 3764 1432 ﬁniri.Scd
3787 1392 3884 1448 pa-

2235 1463 2440 1519 tientia
2457 1463 2559 1519 Dei
2591 1467 2781 1520 servat
2807 1465 2982 1520 rebus
3015 1467 3188 1536 atque
3217 1463 3586 1536 temporibus
3619 1464 3886 1521 ordinem

2238 1567 2434 1617 suum,
2467 1567 2691 1624 nosque
2723 1551 2782 1606 in
2814 1549 2979 1606 illum
3006 1549 3202 1623 potius
3251 1550 3458 1607 invitat
3487 1551 3792 1620 affectum,
3824 1557 3888 1608 ut

2237 1657 2438 1696 eorum
2462 1639 2712 1697 salutem
2736 1645 3284 1713 petamus,quorum
3307 1639 3528 1697 crimen
3549 1640 3884 1698 horremus.

2238 1731 2424 1786 Tanto
2463 1729 2644 1802 igitur
2666 1729 2870 1802 pretio,
2894 1733 3176 1802 tantoque
3205 1733 3600 1799 sacramento,
3637 1729 3792 1786 eruti
3821 1731 3886 1788 de

2238 1822 2522 1891 potestate
2551 1819 2946 1887 tenebrarum,
2979 1822 3038 1874 et
3091 1819 3164 1874 ab
3215 1819 3472 1892 antiqua:
3531 1819 3887 1892 captivitatis

2237 1907 2487 1964 vinculis
2539 1907 2815 1964 absoluti.
2849 1930 2878 1960 »
2913 1909 2982 1964 Et
3007 1907 3064 1964 in
3097 1911 3298 1965 octava
3329 1907 3575 1965 homilia
3609 1909 3756 1981 (cap.
3791 1909 3840 1980 1)
3869 1927 3882 1965 :

2237 2020 2265 2048 (ς
2301 1997 2564 2054 Saevienti
2609 1997 2841 2054 diabolo
2889 2014 2993 2070 per
3043 1996 3366 2054 ministeria
3395 1998 3744 2055 Judaeorum
3779 1999 3884 2055 for-

2237 2105 2392 2144 mam
2417 2087 2564 2143 servi
2589 2087 2732 2143 nihil
2756 2086 2973 2160 pcccati
2997 2086 3269 2144 habentis
3288 2087 3522 2158 objecit,
3539 2091 3608 2144 ut
3629 2105 3736 2160 per
3755 2105 3886 2146 eum

2237 2181 2509 2251 ageretur
2536 2178 2802 2234 omnium
2843 2194 3041 2250 causa,
3073 2176 3133 2232 in
3165 2193 3280 2250 quo
3311 2175 3435 2234 solo
3463 2181 3590 2234 erat
3619 2178 3885 2234 omnium

2236 2271 2446 2323 natura
2475 2265 2599 2322 sine
2631 2265 2822 2340 culpa.
2857 2267 3160 2322 Irruerunt
3189 2282 3326 2339 ergo
3356 2265 3414 2322 in
3447 2265 3650 2322 lumen
3683 2283 3884 2323 verum

2235 2355 2341 2410 ﬁlii
2373 2357 2767 2424 tenebrarum,
2800 2359 2857 2411 et
2885 2359 3117 2412 utentes
3174 2355 3384 2411 faculis
3413 2359 3590 2428 atque
3620 2355 3886 2425 laternis,

2237 2462 2352 2500 non
2381 2450 2691 2501 evaserunt
2742 2444 3108 2501 inﬁdelitatis
3156 2462 3274 2501 sua:
3316 2449 3566 2512 noctem,
3601 2445 3749 2519 quia
3775 2463 3886 2503 non

2235 2533 2648 2590 intellexerunt
2665 2533 2814 2590 lucis
2835 2538 3154 2590 auctorem.
3180 2535 3594 2608 Praaoccupant
3617 2540 3887 2608 paratum

2233 2623 2439 2692 teneri,
2465 2627 2521 2678 et
2546 2623 2790 2679 trahunt
2829 2623 3118 2680 volentem
3157 2623 3308 2680 trahi
3335 2640 3348 2680 :
3373 2625 3474 2697 qui
3507 2625 3558 2680 si
3577 2624 3758 2682 vellet
3785 2626 3888 2682 ob-

2234 2709 2364 2777 niti,
2397 2711 2545 2768 nihil
2577 2712 2812 2784 quidem
2847 2713 2908 2769 in
2939 2712 3218 2786 injuriam
3253 2714 3383 2786 ejus
3427 2713 3623 2788 impiae
3671 2732 3885 2773 manus

2233 2806 2492 2873 possent,
2518 2803 2616 2858 sed
2641 2803 2850 2858 mundi
2872 2801 3194 2876 redemptio
3215 2803 3631 2873 tardaretur,et
3651 2805 3883 2862 nullum

2235 2889 2484 2948 salvaret
2504 2891 2744 2959 illaesus,
2775 2891 2873 2964 qui
2901 2909 3004 2964 pro
3030 2891 3295 2948 omnium
3326 2896 3450 2949 erat
3479 2892 3670 2950 salute
3702 2896 3884 2954 mori-

2232 2983 2424 3037 turus.
2461 3003 2490 3032 »
2519 2983 2589 3037 Et
2618 2981 2759 3038 item
2789 2985 2932 3054 (cap.
2963 2981 3020 3050 5)
3054 2998 3068 3036 :
3135 3005 3156 3031 ιι
3191 2982 3402 3039 Pascha
3443 2999 3569 3055 ergo
3611 2992 3882 3053 nostrum,

2235 3069 2390 3126 sicut
2446 3069 2529 3126 ait
2581 3071 2914 3144 Apostolus,
2949 3071 3262 3128 immolatus
3288 3079 3371 3128 est
3397 3071 3646 3130 Christus
3673 3074 3727 3144 (Ι
3754 3075 3882 3132 Cor.

2233 3177 2290 3228 ν,
2313 3160 2390 3230 7):
2417 3159 2516 3233 qui
2542 3177 2603 3216 se
2625 3177 2837 3216 novum
2859 3164 2916 3218 et
2947 3178 3151 3217 verum
3182 3161 3673 3220 reconciliationis
3705 3165 3882 3220 sacri-

2237 3250 2436 3306 ﬁcium
2469 3251 2718 3307 offerens
2743 3251 2920 3319 Patri,
2944 3267 3060 3306 non
3083 3250 3144 3306 in
3166 3250 3386 3324 templo
3407 3253 3578 3324 cujus
3601 3253 3732 3325 jam
3760 3257 3884 3310 erat

479 3339 644 3408 bant,
675 3341 735 3396 et
752 3321 821 3395 in
833 3355 1006 3412 quem
1029 3341 1304 3398 manibus
1337 3341 1592 3415 amplius
1613 3341 1814 3398 saevire
1835 3321 2129 3414 non-pote-
2156 3321 2199 3389 Cn
2238 3340 2405 3396 ﬁnita
2436 3340 2775 3406 reverentia,
2811 3357 2915 3398 nec
2943 3340 3100 3397 intra
3127 3345 3293 3414 septa
3321 3341 3573 3398 civitatis
3603 3343 3678 3399 ob
3709 3343 3881 3399 meri-

481 3426 974 3502 rant,linguarum
1004 3429 1120 3487 tela
1130 3429 1432 3502 jaciebant
1451 3431 1710 3488 dicentes
1735 3449 1748 3486 :
1773 3433 1920 3490 Alios
1948 3434 2126 3490 salvos

477 3520 624 3591 fecit,
655 3519 898 3592 seipsum
923 3519 1138 3576 salvum
1163 3522 1344 3594 facere
1365 3537 1477 3576 non
1501 3527 1691 3592 potest.
1724 3521 1786 3577 Si
1825 3537 1925 3577 rex
1953 3523 2126 3578 Israel

476 3617 574 3677 est,
605 3607 891 3666 descendat
918 3610 984 3666 de
1011 3626 1188 3678 cruce,
1221 3618 1274 3668 et
1311 3609 1582 3666 credimus
1631 3627 1680 3667 et
1712 3611 1917 3680 (Matth.
1950 3629 2122 3679 xxvn,

477 3698 589 3770 42).
625 3720 654 3748 »
685 3698 830 3755 Item
861 3697 920 3754 in
953 3697 1161 3771 quinta
1209 3697 1454 3755 homilia
1481 3699 1552 3756 de
1581 3699 1855 3772 passione
1893 3700 2126 3756 Domini

477 3789 618 3860 (cap.
651 3788 709 3857 3)
738 3803 752 3842 :
788 3809 817 3837 «
851 3787 912 3842 In
947 3785 1223 3842 omnibus
1269 3789 1488 3854 autem,
1521 3803 1649 3858 quae
1693 3785 1778 3842 illi
1827 3787 2126 3860 popularis

479 3893 545 3933 ac
575 3874 954 3934 sacerdotalis
1001 3873 1231 3930 insania
1261 3875 1680 3932 contumeliose
1711 3893 1776 3934 ac
1807 3876 2128 3950 procaciter

479 3965 789 4033 inferebat,
821 3968 1033 4020 nostra;
1080 3963 1455 4021 dilucbantur
1492 3965 1752 4034 maculae,
1787 3971 1998 4024 nostra:
2028 3985 2124 4023 ex-

476 4055 792 4128 piabantur
820 4054 1090 4121 otl‘ensee;
1125 4053 1264 4126 quia
1313 4058 1540 4124 natura,
1574 4072 1700 4128 quae
1738 4055 1798 4111 in
1830 4055 1999 4112 nobis
2029 4073 2126 4113 rea

481 4159 714 4214 semper
732 4143 922 4199 fuerat
951 4147 1128 4215 atque
1157 4143 1404 4216 captiva,
1438 4143 1499 4199 in
1520 4143 1620 4200 illo
1650 4145 1930 4202 innocens
1950 4146 2127 4218 patie-

479 4231 654 4288 batur
670 4235 728 4287 et
746 4229 967 4288 libera:
995 4235 1060 4287 ut
1079 4231 1153 4288 ad
1177 4231 1560 4288 auferendum
1582 4238 1887 4306 peccatum
1919 4233 2122 4290 mundi

479 4308 578 4376 ille
597 4318 850 4376 hostiam
874 4336 936 4376 se
952 4335 1140 4393 agnus
1161 4321 1410 4390 oil'erret,
1435 4338 1606 4394 quem
1626 4326 1684 4379 et
1703 4323 1978 4379 omnibus
1997 4341 2122 4380 cor-

478 4407 696 4482 poralis
719 4408 1049 4466 substantia
1063 4410 1358 4484 jungcret,
1374 4414 1432 4466 et
1453 4411 1527 4467 ab
1549 4412 1822 4468 omnibus
1843 4401 2124 4486 spiritalis

479 4498 642 4570 origo
663 4496 1037 4558 discerneret.
1065 4521 1093 4550 »
1116 4500 1258 4556 Item
1297 4497 1358 4555 in
1391 4505 1552 4557 sexta
1574 4501 1816 4558 homilia
1844 4506 1982 4574 (cap.
2020 4503 2070 4574 1)
2106 4519 2119 4558 :

477 4586 814 4644 Judzeorum
839 4589 995 4644 enim
1029 4587 1257 4646 caecitas
1289 4589 1432 4645 nihil
1463 4591 1737 4658 obtinuit,
1771 4591 1886 4646 nisi
1919 4597 1986 4646 ut
2015 4609 2124 4647 sua

2235 3433 2362 3486 tum
2413 3429 2503 3485 sui
2553 3429 2789 3486 sceleris
2841 3431 3156 3498 diruendae,
3191 3431 3292 3486 sed
3324 3429 3465 3486 foris
3495 3435 3660 3488 extra
3689 3436 3883 3489 castra

2234 3517 2546 3575 cruciﬁxus
2577 3523 2668 3575 est
2699 3537 2711 3574 :
2745 3523 2832 3589 ut,
2861 3523 3125 3576 veterum
3181 3519 3558 3576 victimarum
3618 3526 3885 3578 cessante

2235 3608 2534 3681 mysterio,
2568 3625 2718 3664 nova
2764 3607 2957 3665 hostia
2995 3625 3141 3665 novo
3169 3608 3574 3682 imponeretur
3601 3609 3794 3680 altari,
3826 3616 3884 3666 et

2234 3713 2375 3752 crux
2403 3696 2614 3754 Christi
2646 3713 2761 3752 non
2793 3697 2996 3770 templi
3035 3702 3192 3754 esset
3226 3715 3350 3766 ara,
3372 3698 3474 3755 sed
3499 3699 3731 3755 mundi.
3753 3721 3784 3751 ››
3817 3701 3883 3756 Et

2235 3785 2374 3845 item
2406 3785 2466 3841 in
2497 3786 2701 3842 eadem
2731 3804 2744 3842 :
2782 3808 2810 3837 «
2836 3785 3107 3858 Traxisti,
3140 3786 3405 3858 Domine,
3438 3788 3640 3845 omnia
3695 3789 3770 3845 ad
3803 3794 3877 3856 te,

2235 3880 2300 3932 ut
2319 3877 2471 3948 quod
2493 3875 2554 3931 in
2577 3893 2693 3932 uno
2717 3877 2930 3933 Judaeze
2953 3877 3170 3950 templo
3193 3877 3560 3935 obumbratis
3593 3877 3882 3952 signiﬁca-

2232 3965 2492 4022 tionibus
2515 3971 2804 4039 ageretur,
2827 3965 2998 4038 pleno
3021 3971 3338 4039 apertoque
3358 3971 3728 4025 sacramento
3749 3967 3879 4024 uni-

2231 4071 2528 4111 versarum
2545 4055 2762 4127 ubique
2775 4055 3079 4112 nationum
3100 4055 3326 4112 devotio
3349 4055 3689 4113 celebraret.
3712 4057 3877 4112 Nunc

2232 4144 2409 4213 enim,
2426 4143 2748 4200 carnalium
2774 4143 3269 4217 signiﬁcationum
3288 4145 3568 4202 varietate
3587 4149 3874 4214 cessante,

2233 4250 2438 4290 omnes
2470 4233 2828 4290 differentias
2858 4233 3185 4292 hostiarum
3218 4251 3336 4290 una
3363 4235 3625 4308 corporis
3654 4239 3715 4291 et
3745 4253 3876 4292 san-

2231 4322 2428 4396 guinis
2443 4323 2528 4379 tui
2546 4323 2752 4397 implet
2771 4323 3016 4380 oblatio:
3033 4323 3309 4396 quoniam
3332 4327 3394 4379 tu
3413 4341 3476 4381 es
3495 4341 3668 4381 verus
3689 4341 3878 4398 agnus

2233 4411 2331 4484 qui
2357 4411 2513 4469 tollis
2533 4417 2836 4486 peccatum
2869 4413 3097 4480 mundi,
3123 4418 3179 4469 et
3200 4413 3284 4469 ita
3311 4413 3544 4486 perﬁcis
3575 4413 3634 4468 in
3667 4417 3725 4470 te
3757 4414 3880 4470 uni-

2231 4519 2397 4558 versa
2417 4503 2714 4574 mysteria,
2738 4507 2804 4558 ut
2826 4501 2978 4558 sicut
3003 4519 3190 4558 unum
3225 4507 3315 4560 est
3334 4519 3438 4576 pro
3459 4501 3619 4560 omni
3641 4501 3878 4559 victima

2233 4591 2588 4646 sacriﬁcium
2625 4607 2638 4646 :
2674 4591 2755 4645 ita
2785 4608 2973 4646 unum
3005 4591 3076 4646 de
3106 4591 3267 4647 omni
3292 4596 3466 4665 gente
3495 4592 3572 4648 sit
3604 4609 3872 4666 regnum.

478 4675 776 4751 impietate
807 4695 868 4734 se
898 4679 1204 4751 perderet:
1239 4678 1450 4736 Christi
1507 4697 1640 4736 vero
1687 4679 1970 4753 patientia
2012 4680 2122 4736 hoc
2150 4694 2199 4759 Β
2231 4680 2626 4736 Conﬁteamur
2678 4679 2878 4752 igitur,
2940 4679 3329 4748 dilectissimi,
3381 4682 3534 4754 quod
3599 4683 3877 4756 magister

477 4765 613 4840 egit,
639 4770 704 4822 ut
731 4783 936 4824 omnes
967 4785 1075 4824 sua
1113 4767 1384 4840 passione
1427 4767 1695 4825 salvarct.
1729 4791 1757 4821 »
1791 4770 1862 4826 Et
1889 4769 2029 4826 item
2063 4770 2120 4824 in

475 4856 679 4914 eadem
720 4859 861 4930 (cap.
902 4856 956 4930 4)
987 4874 1000 4912 :
1040 4879 1062 4908 ι
1101 4857 1403 4914 Seditiosis
1433 4857 1614 4931 igitur
1639 4857 1995 4914 clamoribus
2024 4859 2122 4915 Ju-

477 4947 736 5003 daaorum
757 4946 996 5002 cedente
1027 4945 1228 5014 Pilato,
1252 4945 1311 5002 in
1333 4946 1458 5004 loco
1480 4947 1572 5004 cui
1601 4965 1810 5004 nomen
1833 4947 2120 5021 Golgotha

477 5035 837 5110 cruciﬁgitur
866 5034 1171 5092 Christus:
1207 5053 1308 5108 per
1349 5035 1576 5111 lignum
1625 5036 1871 5108 erigitur
1917 5035 2118 5110 lapsus

477 5125 536 5181 in
592 5124 772 5199 ligno,
807 5131 866 5182 ct
921 5129 1099 5199 gustu
1159 5123 1312 5182 fellis
1369 5131 1428 5182 et
1483 5126 1628 5183 aceti
1687 5125 1933 5182 diluitur
1985 5143 2120 5183 esca

475 5215 716 5286 peccati.
751 5215 956 5271 Merito
979 5215 1325 5288 priusquam
1361 5217 1689 5275 traderetur
1709 5215 1934 5272 dixerat
1963 5218 2116 5274 219

474 5303 806 5361 Dominus:
869 5305 1002 5361 Cum
1072 5291 1367 5360 eratlatuvs'
1409 5308 1565 5377 fuero
1619 5322 1653 5361 a
1709 5313 1877 5376 terra,
1933 5309 2119 5362 omnia

475 5391 689 5449 traham
716 5393 786 5448 ad
811 5411 900 5450 me
925 5395 1113 5467 (Joan.
1145 5412 1245 5462 ΧΠ,
1277 5395 1389 5466 3‘2),
1424 5394 1482 5449 id
1523 5399 1629 5466 est,
1661 5399 1845 5450 totam
1878 5412 2114 5451 causam

473 5481 717 5538 humani
740 5483 969 5555 generis
992 5488 1246 5556 agam,ct
1267 5483 1404 5538 olim
1431 5485 1714 5555 perditam
1743 5484 1799 5538 in
1826 5485 2115 5556 integrum

475 5571 753 5626 revocabo
774 5575 1066 5640 naturam,
1091 5573 1150 5627 in
1173 5589 1264 5628 me
1290 5574 1484 5628 omnis
1523 5572 1838 5628 inﬁrmitas
1861 5573 2114 5630 abolebi-

471 5665 588 5726 tur,
612 5659 672 5716 in
701 5677 791 5716 mc
812 5661 1003 5718 omnis
1026 5661 1196 5735 plaga
1215 5662 1539 5718 sanabitur.
1569 5662 1896 5718 Exaltatum
1919 5668 2114 5720 autem

471 5751 674 5808 Jesum
695 5749 940 5806 traxisse
961 5751 1031 5806 ad
1055 5769 1116 5807 se
1137 5751 1352 5819 omnia,
1379 5769 1492 5807 non
1520 5751 1710 5808 solum
1733 5758 1940 5810 nostra:
1971 5755 2116 5811 sub-

2231 4769 2488 4842 gentium
2517 4767 2731 4824 Paulus
2751 4761 3004 4840 gloriOsa
3023 4785 3158 4824 voce
3181 4769 3485 4825 confessus
3507 4773 3596 4826 est
3625 4769 3828 4826 dicens
3857 4786 3870 4825 :

2227 4857 2429 4914 Fidelis
2458 4873 2631 4914 sermo
2650 4865 2702 4914 et
2721 4861 2872 4914 omni
2897 4860 3201 4932 acceptione
3228 4858 3448 4931 dignus,
3468 4861 3599 4932 quia
3629 4859 3873 4915 Christus

2226 4949 2378 5005 Iesus
2409 4950 2556 5004 venit
2579 4949 2639 5003 in
2663 4948 2810 5004 hunc
2836 4948 3104 5004 mundum
3127 4955 3432 5020 peccatores
3473 4949 3652 5004 salvos
3696 4951 3874 5020 facere

2226 5038 2276 5107 (I
2308 5038 2440 5092 Tim.
2475 5054 2551 5103 1v,
2582 5038 2656 5109 9).
2691 5037 2838 5092 Hinc
2885 5054 3020 5110 ergo
3070 5037 3399 5093 mirabilior
3441 5041 3532 5092 est
3579 5053 3719 5110 erga
3767 5055 3870 5094 nos

2228 5125 2626 5182 misericordia
2652 5127 2772 5193 Dei,
2817 5127 2971 5198 quod
3022 5143 3138 5182 non
3181 5143 3286 5198 pro
3308 5126 3512 5198 justis,
3545 5143 3737 5199 neque
3769 5144 3869 5200 pro

2227 5215 2465 5281 sanctis,
2490 5217 2590 5272 sed
2613 5233 2715 5288 pro
2739 5215 2961 5288 iniquis
2990 5221 3048 5272 et
3075 5215 3274 5289 impiis
3305 5215 3573 5272 Christus
3601 5221 3692 5271 est
3723 5233 3871 5272 mor-

2224 5310 2401 5362 tuus:
2445 5311 2502 5362 et
2557 5323 2692 5362 cum
2743 5305 2951 5362 mortis
2983 5305 3252 5362 aculeum
3284 5305 3537 5378 recipere
3568 5307 3724 5363 280
3755 5323 3868 5362 non

2227 5401 2422 5469 posset
2452 5399 2661 5451 natura
2691 5395 2946 5462 deitatis,
2971 5395 3230 5468 suscepit
3260 5399 3456 5450 tamen
3487 5396 3785 5452 nascendo
3805 5413 3870 5452 ex

2226 5486 2394 5541 nobis
2427 5485 2578 5556 quod
2615 5484 2798 5556 possit
2827 5485 3031 5539 otl‘erre
3063 5502 3165 5556 pro
3197 5484 3384 5540 nobis.
3423 5507 3452 5534 ››
3485 5486 3548 5540 In
3581 5501 3738 5541 nona
3767 5485 3866 5541 bo-

2225 5574 2387 5630 milia
2419 5575 2554 5646 (cap.
2589 5576 2643 5641 2)
2670 5591 2683 5628 :
2715 5597 2742 5622 α
2768 5573 2989 5646 Lugeat
3017 5572 3270 5630 carnalis
3301 5574 3559 5642 Judaeus,
3593 5575 3694 5630 sed
3727 5591 3867 5647 gau-

2225 5665 2358 5720 deat
2391 5662 2673 5735 spiritalis
2705 5663 3091 5730 Christianus,
3125 5669 3184 5720 et
3226 5664 3510 5720 festivitas
3565 5681 3693 5736 qua:
3755 5663 3864 5718 illis

2227 5771 2503 5810 conversa
2531 5757 2621 5809 cst
2652 5752 2710 5807 in
2742 5758 2992 5820 noctem,
3025 5754 3194 5811 nobis
3243 5759 3514 5810 coruscet
3565 5752 3625 5808 in
3655 5753 3862 5816 lucem,
