4020 6472
209 467 327 529 345

925 469 1028 530 DE
1059 458 1826 531 ‘PRIEDESTINATIONE
1870 469 2387 532 DISSERTATIO
2429 467 2888 532 POS'I'ERIOR.

3487 467 3608 532 346

210 598 489 676 quoniam
511 617 652 657 crux
681 601 900 658 Christi
929 603 1133 659 eadem
1163 607 1254 660 est
1271 607 1330 659 et
1353 603 1716 660 credentium
1737 603 1854 677 glo—
1881 602 1936 671 Α
1962 603 2286 677 terpellare,
2306 607 2397 660 est
2423 603 2619 678 ipsum
2650 621 2712 662 se
2740 621 2844 678 pro
2873 604 3145 664 omnibus
3175 605 3474 669 hominem
3505 611 3606 670 de-

211 693 314 758 ria,
353 695 412 748 et
455 709 574 748 non
614 692 977 748 credentium
1009 710 1198 767 poena.
1230 717 1258 743 ››
1289 696 1358 750 Et
1390 695 1527 751 item
1558 694 1618 750 in
1651 697 1854 752 eadem
1964 697 2349 750 monstrare.»
2373 695 2515 750 Item
2539 695 2596 750 in
2622 694 2767 750 libro
2798 695 3100 768 trigesimo
3121 696 3258 770 (cap.
3284 700 3372 768 15)
3404 716 3418 756 :
3455 723 3484 751 ‹‹
3517 701 3605 758 Id-

211 783 343 856 (αφ.
373 782 522 853 cod.)
555 798 569 837 :
605 805 633 832 ‹‹
660 781 719 838 Si
751 787 945 839 autem
979 783 1037 838 in
1069 783 1224 839 exitu
1271 784 1447 841 Israel
1497 786 1567 841 de
1615 787 1854 859 IEgypto
1953 783 2117 839 circo
2139 801 2396 857 namque
2426 785 2578 840 inter
2605 802 2714 842 nos
2734 785 2910 842 homo
2932 786 3118 842 factus
3137 791 3246 853 est,
3271 792 3335 844 ut
3362 807 3478 846 non
3509 807 3602 846 so-

207 871 337 945 agni
360 871 608 946 sanguis
631 872 741 928 fuit
761 873 1050 928 restitutio
1072 872 1856 942 libertatis,etsacratissima

205 965 292 1018 est
319 962 478 1017 facta
509 962 814 1028 festivitas,
849 980 976 1035 quae
1006 979 1110 1035 per
1137 963 1392 1020 hostiam
1437 965 1677 1037 pecudis
1705 965 1851 1020 iram

205 1055 491 1107 averterat
510 1052 1072 1124 vastatoris,quanta
1096 1053 1328 1125 populis
1350 1046 1697 1110 Christianis
1717 1071 1852 1110 con-

205 1140 477 1213 cipienda
497 1145 640 1197 sunt
659 1142 892 1215 gaudia,
917 1159 1022 1215 pro
1051 1143 1268 1214 quibus
1299 1143 1668 1216 omnipotens
1689 1145 1856 1200 Pater

204 1230 344 1286 Filio
370 1247 481 1287 suo
501 1230 806 1304 unigenito
843 1249 959 1288 non
976 1232 1256 1304 pepercit,
1279 1233 1379 1288 sed
1403 1250 1506 1305 pro
1527 1234 1697 1289 nobis
1728 1251 1851 1290 om-

200 1320 379 1376 nibus
420 1321 666 1377 tradidit
697 1337 856 1389 eum,
886 1326 954 1377 ut
979 1321 1037 1378 in
1069 1321 1356 1379 occisione
1387 1322 1602 1379 Christi
1632 1323 1855 1381 Pascha

201 1413 354 1466 esset
383 1427 616 1480 verum,
645 1414 704 1466 et
731 1411 790 1466 in
825 1411 1108 1484 singulari
1149 1412 1456 1479 sacrificio,
1491 1429 1606 1484 quo
1638 1430 1753 1468 non
1785 1431 1854 1470 ex

201 1498 605 1556 dominatione
635 1500 956 1556 Pharaonis
1002 1517 1158 1557 unus
1189 1501 1461 1573 populus,
1497 1503 1596 1557 sed
1629 1519 1696 1558 ex
1727 1503 1851 1558 dia-

199 1588 309 1646 boli
342 1589 688 1662 captivitate
735 1593 894 1646 totus
943 1591 1206 1647 mundus
1253 1591 1523 1647 eruitur?
1553 1613 1581 1642 »
1617 1591 1760 1648 Item
1793 1592 1850 1647 in

198 1677 443 1734 homilia
465 1679 938 1753 Quadragesimae
963 1697 977 1734 :
1003 1703 1031 1730 «
1058 1680 1434 1736 Prudentiam
1466 1681 1683 1738 diaboli
1705 1681 1850 1737 stul-

199 1771 313 1824 tam
346 1768 492 1824 fecit
521 1768 810 1840 sapientia
840 1769 964 1838 Dei,
997 1773 1065 1824 ut
1094 1771 1384 1842 superbus
1431 1769 1620 1826 hostis
1659 1770 1851 1826 homi-

199 1874 326 1914 nem
357 1856 573 1914 videns
603 1875 776 1930 quem
808 1859 1124 1932 aliquando
1156 1864 1548 1932 superaverat,
1580 1878 1696 1916 non
1728 1879 1849 1916 me-

199 1950 383 2044 tueret
411 1965 553 2044 eu_m
586 1949 857 2044 persequi
889 1965 1064 2044 quem
1094 1966 1198 2022 pro
1230 1949 1504 2044 omnib—us
1548 1951 1850 2022 oportebat
1880 1979 1928 2044 B

197 2036 442 2094 occidi.»
477 2037 714 2118 Itemin
745 2037 988 2094 homilia
1015 2038 1086 2093 de
1115 2039 1387 2112 passione
1416 2039 1648 2096 Domini
1674 2057 1686 2095 :
1721 2041 1847 2096 «Ad

192 2127 341 2182 hanc
385 2125 820 2200 indulgentiam
869 2127 1116 2184 traditor
1158 2129 1342 2186 Judas
1391 2129 1690 2202 pervenire
1730 2147 1846 2185 non

196 2215 384 2288 potuit
409 2232 424 2270 :
452 2215 733 2288 quoniam
757 2216 1102 2289 perditionis
1123 2217 1302 2283 ﬁlius,
1329 2217 1422 2274 cui
1443 2218 1712 2275 diabolus
1736 2223 1850 2276 sta-

194 2305 288 2361 bat
309 2323 346 2362 a
369 2305 616 2374 dextris,
642 2305 807 2378 prius
826 2306 887 2362 in
910 2307 1378 2380 desperationem
1409 2309 1846 2382 transiit,quam

193 2400 638 2452 sacramentum
667 2396 959 2468 generalis
989 2397 1408 2470 redemptionis
1437 2397 1704 2454 Christus
1735 2397 1844 2453 im-

192 2483 397 2558 pleret.
411 2485 588 2556 Nam,
603 2489 836 2541 mortuo
849 2503 954 2558 pro
967 2486 1452 2560 omnibusimpiis
1465 2487 1810 2559 Domino,po
1824 2517 1846 2528 -

191 2575 268 2629 tui
276 2578 404 2630 sset
417 2573 570 2629 forte
583 2574 756 2630 etiam
773 2575 867 2630 hic
889 2575 1168 2647 consequi
1191 2576 1513 2632 remedium
1524 2577 1593 2641 ,si
1613 2594 1727 2632 non
1742 2577 1848 2632 fes-

191 2660 443 2718 tinasset
466 2661 538 2716 ad
559 2661 1054 2733 laqueum.»Item
1079 2661 1139 2718 in
1161 2662 1302 2719 alia:
1325 2665 1724 2720 «Evacuatum
1757 2669 1848 2720 est

191 2749 465 2824 generale
495 2749 645 2806 illud
675 2749 1027 2808 venditionis
1048 2755 1259 2808 nostrae
1289 2741 1766 2826 chirographum,
1789 2758 1846 2810 et

190 2845 432 2912 pactum
445 2839 872 2912 captivitatisin
879 2841 903 2912 j
911 2857 980 2896 us
995 2839 1228 2896 transiit
1239 2841 1844 2914 Redemptorismltem

191 2929 246 2984 in
265 2927 524 2984 homilia
558 2928 798 2985 Sabbati
831 2929 1054 2985 sancti:
1096 2953 1124 2980 «
1148 2931 1230 2985 Ex
1259 2947 1346 2996 eo,
1373 2930 1584 3002 inquit,
1607 2930 1843 2988 initium

191 3017 359 3074 nobis
393 3017 621 3074 factum
653 3023 742 3074 est
784 3018 1229 3076 resurrectionis
1259 3018 1318 3074 in
1351 3019 1598 3088 Christo,
1630 3037 1699 3077 ex
1728 3040 1844 3094 quo

190 3105 243 3161 in
274 3123 342 3163 eo
381 3106 487 3180 qui
517 3124 624 3180 pro
654 3108 928 3165 omnibus
961 3113 1052 3164 est
1082 3108 1564 3177 mortuus,totius
1595 3109 1717 3182 spei
1748 3128 1846 3168 no-

189 3196 314 3252 stris
347 3196 549 3252 forma
577 3197 894 3269 praecessit.
932 3219 960 3247 »

253 3286 482 3343 Beatus
501 3302 737 3358 quoque
758 3287 1071 3360 Gregorius
1094 3286 1154 3342 in
1175 3286 1418 3344 homilia
1439 3285 1664 3344 decima
1683 3291 1847 3343 sexta

187 3373 324 3431 dicit
358 3391 376 3431 :
412 3398 441 3426 ‹‹
471 3374 601 3430 Non
633 3379 722 3431 est
744 3391 880 3448 ergo
913 3375 1223 3449 indignum
1253 3375 1623 3450 Redemptori
1646 3380 1845 3433 nostro

187 3463 336 3536 quod
406 3463 626 3520 tentari
683 3463 868 3520 voluit
924 3464 1026 3538 qui
1079 3469 1316 3521 venerat
1367 3464 1571 3521 occidi.
1605 3465 1843 3522 Justum

187 3551 404 3626 quippe
436 3556 565 3608 erat
593 3555 662 3608 ut
691 3553 774 3608 sic
805 3553 1156 3610 tentationes
1205 3558 1438 3611 nostras
1488 3553 1611 3610 suis
1663 3558 1845 3611 tenta-

187 3639 452 3698 tionibus
478 3639 756 3710 vinceret,
792 3641 946 3698 sicut
975 3646 1223 3698 mortem
1254 3647 1515 3699 nostram
1547 3661 1654 3700 sua
1682 3661 1846 3699 vene-

188 3733 272 3784 rat
297 3732 496 3786 morte
547 3747 844 3802 superare.
875 3753 904 3783 »
935 3733 1005 3787 Et
1033 3732 1093 3788 in
1124 3731 1367 3789 homilia
1402 3727 1685 3805 vigesima
1714 3750 1842 3805 sep-

187 3818 328 3876 tima
355 3836 372 3876 :
411 3841 440 3870 ‹‹
463 3819 613 3875 Mori
645 3820 822 3876 etiam
854 3839 956 3895 pro
987 3821 1244 3878 inimicis
1275 3821 1561 3878 Dominus
1586 3825 1838 3890 venerat,

186 3912 242 3964 et
260 3913 468 3966 tamen
502 3909 838 3982 positurum
869 3927 931 3967 se
954 3909 1210 3967 animam
1233 3928 1336 3984 pro
1359 3910 1563 3966 amicis
1589 3909 1838 3978 dicebat,

188 3999 250 4053 ut
276 3998 548 4072 profecto
580 3998 750 4056 nobis
789 4001 1144 4068 ostenderet,
1179 4000 1318 4072 quia
1359 4017 1494 4056 cum
1546 3999 1842 4073 diligendo

186 4083 421 4144 lucrum
473 4086 664 4144 facere
712 4088 781 4144 de
823 4088 1082 4145 inimicis
1129 4105 1467 4161 possumus,
1511 4090 1686 4146 etiam
1728 4088 1843 4162 ipsi

187 4176 361 4234 amici
393 4179 540 4232 sunt
569 4176 669 4249 qui
701 4182 1156 4250 persequuntur.
1187 4200 1210 4229 ι
1245 4179 1317 4234 Et
1346 4177 1405 4234 in
1436 4178 1585 4234 libro
1617 4177 1841 4234 decimo

185 4269 394 4337 quarto
417 4264 736 4322 Moralium
757 4269 898 4339 (cap.
930 4270 1056 4335 22):
1095 4289 1122 4318 «
1151 4268 1320 4325 διαὶίὶ
1345 4285 1553 4342 quoque
1580 4267 1840 4340 despicie-

187 4353 311 4412 bant
336 4371 430 4412 me
461 4353 579 4428 (Job
607 4372 720 4424 xux,
753 4357 842 4425 18)
875 4373 888 4412 :
923 4373 989 4412 ac
1017 4355 1065 4413 si
1111 4362 1308 4430 aperte
1355 4357 1644 4413 diceretur
1676 4373 1688 4412 :
1724 4356 1838 4429 Ipsi

185 4443 358 4500 etiam
389 4457 489 4500 me
521 4443 930 4515 despexerunt,
954 4463 1057 4517 pro
1091 4445 1305 4518 quibus
1335 4445 1613 4502 sanandis
1645 4445 1839 4502 stulti~

185 4531 324 4588 tiam
356 4531 797 4606 praedicationis
830 4535 1146 4608 assumpsi,
1173 4535 1229 4590 id
1261 4539 1350 4590 est
1379 4539 1444 4590 ut
1473 4551 1576 4606 per
1604 4551 1839 4590 carnem

181 4619 353 4677 Verbi
385 4624 764 4688 sanarentur,
798 4627 854 4678 et
885 4623 956 4680 ab
989 4623 1136 4696 ipsis
1183 4625 1496 4696 despectus
1545 4641 1702 4692 sum,
1735 4641 1838 4696 pro

1876 3355 1920 3422 C

183 4709 398 4780 quibus
431 4709 655 4766 stultus
684 4711 963 4769 aestimari
992 4712 1214 4769 veritus
1245 4731 1360 4768 non
1395 4729 1584 4769 sum.»
1611 4713 1752 4768 Item
1777 4713 1834 4768 in
1865 4731 1914 4794 Β

181 4796 328 4855 libro
353 4798 646 4873 vigesimo
677 4800 867 4873 primo
898 4805 1038 4876 (cap.
1059 4803 1116 4871 5)
1141 4819 1154 4857 :
1201 4825 1229 4852 ‹‹
1253 4803 1337 4858 Ad
1369 4803 1479 4859 hoc
1509 4801 1704 4875 itaque
1731 4803 1837 4859 Do-

183 4886 381 4945 minus
412 4889 693 4962 apparuit
723 4889 781 4945 in
814 4907 1008 4957 carne,
1051 4895 1115 4947 ut
1143 4891 1465 4948 humanam
1508 4890 1686 4947 vitam
1737 4893 1836 4947 ad-

185 4977 482 5034 monendo
531 4977 830 5048 excitaret,
881 4980 1145 5053 exempla
1191 4981 1501 5053 prabendo
1558 4981 1835 5036 accende-

185 5070 291 5138 ret,
325 5066 636 5124 moriendo
685 5067 1016 5138 redimeret,
1051 5071 1409 5143 resurgendo
1457 5073 1772 5142 repararet.
1807 5093 1835 5119 ››

186 5151 329 5211 Item
374 5155 435 5210 in
493 5155 780 5228 vigesimo
838 5159 1094 5215 secundo
1127 5160 1263 5230 (cap.
1298 5159 1385 5231 13)
1417 5175 1429 5214 :
1469 5182 1490 5208 «ι
1528 5157 1835 5232 Unigenito

185 5241 341 5299 enim
374 5242 522 5300 Filio
552 5261 657 5317 pro
696 5245 933 5302 homine
986 5247 1357 5320 interpellare
1405 5251 1514 5315 est,
1549 5248 1705 5320 apud
1736 5264 1835 5303 co-

186 5336 470 5389 arternum
503 5333 732 5390 Patrem
765 5336 1026 5408 seipsum
1066 5336 1366 5393 hominem
1398 5337 1832 5405 demonstrare;

186 5421 356 5494 eique
410 5440 517 5496 pro
573 5422 839 5481 humana
895 5429 1108 5482 natura
1151 5443 1387 5498 rogasse
1427 5430 1535 5493 est,
1569 5426 1835 5481 eamdem

189 5509 334 5566 281
373 5515 647 5567 naturam
677 5513 734 5567 in
761 5513 1083 5571 divinitatis
1110 5533 1228 5570 sua:
1261 5515 1606 5570 celsitudine
1639 5532 1834 5570 susce-

189 5597 403 5669 pisse.»
436 5601 582 5656 Item
611 5601 674 5657 in
702 5602 985 5675 vigesimo
1012 5609 1219 5676 quarto
1249 5607 1389 5676 (cap.
1417 5604 1500 5676 2):
1537 5626 1564 5654 «
1600 5603 1704 5658 Per
1728 5601 1836 5658 hoe

191 5703 293 5759 pro
322 5689 492 5746 nobis
533 5689 687 5746 Patri
744 5691 1024 5764 loquitur,
1079 5710 1182 5766 per
1239 5694 1394 5766 quod
1453 5691 1834 5764 semetipsum

193 5775 365 5833 nobis
393 5777 647 5835 similem
680 5779 952 5836 ostendit.
1005 5781 1187 5854 Loqui
1219 5782 1431 5855 quippe
1461 5782 1610 5854 ejus,
1638 5779 1727 5837 vel
1754 5781 1838 5836 in-

1961 873 2084 928 Ium
2107 891 2214 930 nos
2237 874 2522 947 sanguine
2544 875 2674 931 fuso
2699 875 3032 941 redimeret,
3051 877 3151 932 sed
3171 876 3346 933 etiam
3371 883 3603 937 ostenso

1963 963 2225 1036 exemplo
2248 965 2725 1020 commutaret.ln
2747 964 3601 1042 conversationeigiturnostra,

1961 1051 2314 1108 etveniendo
2338 1053 2450 1108 alia
2473 1052 2712 1122 invenit,
2745 1057 2803 1110 et
2817 1053 3061 1110 vivendo
3083 1053 3200 1109 alia
3218 1055 3436 1112 docuit.
3469 1058 3602 1114 Stu-

1962 1143 2180 1198 debant
2207 1142 2363 1198 enim
2394 1159 2598 1198 omnes
2629 1143 2884 1216 superba
2909 1144 3093 1199 Adam
3116 1144 3296 1216 stirpe
3315 1146 3603 1218 progeniti

1962 1248 2242 1304 prospera
2268 1232 2398 1286 vitae
2421 1233 2726 1304 praesentis
2747 1237 3039 1306 appetere,
3054 1234 3299 1290 adversa
3327 1234 3601 1305 devitem,

1961 1320 2273 1393 opprobria
2293 1321 2512 1394 fugere,
2539 1321 2784 1395 gloriam
2817 1321 3001 1395 sequi.
3025 1322 3197 1379 Venit
3217 1323 3368 1380 inter
3385 1341 3484 1382 eos
3515 1324 3605 1381 in-

1961 1414 2236 1466 carnatus
2259 1411 2543 1466 Dominus
2563 1411 2806 1468 adversa
2823 1415 3122 1484 appetens,
3146 1429 3425 1485 prospera
3443 1431 3604 1487 sper-

1962 1515 2128 1566 nens,
2161 1501 2474 1572 opprobria
2503 1499 2884 1573 amplectens,
2905 1500 3152 1574 gloriam
3182 1501 3432 1574 fugiens.
3456 1503 3603 1560 Nam

1963 1604 2096 1644 cum
2118 1589 2148 1646 J
2160 1588 2306 1644 udzni
2326 1589 2491 1644 illum
2514 1606 2711 1663 regem
2733 1589 2845 1646 sibi
2879 1590 3234 1646 constituere
3257 1590 3601 1661 voluissent,

1962 1678 2084 1734 fieri
2117 1695 2216 1734 rex
2245 1679 2460 1752 refugit
2493 1696 2506 1734 :
2541 1697 2675 1735 cum
2719 1697 2854 1736 vero
2905 1696 3042 1736 eum
3087 1679 3415 1737 interficere
3442 1681 3606 1737 moli-

1961 1770 2182 1835 rentur,
2204 1772 2410 1840 sponte
2429 1769 2501 1824 ad
2523 1767 2714 1824 crucis
2737 1767 3071 1842 patibulum
3089 1768 3449 1842 venit.Fugit
3466 1787 3603 1844 ergo

1959 1856 2117 1928 quod
2144 1874 2349 1913 omnes
2369 1855 2925 1930 appetunt,appetiit
2943 1859 3096 1930 quod
3121 1874 3326 1914 omnes
3345 1857 3599 1931 fugiunt:

1960 1945 2094 2001 fecit
2137 1947 2290 2018 quod
2338 1963 2542 2002 omnes
2587 1945 2960 2014 mirarentur,
2994 1951 3059 2003 ut
3086 1951 3148 2003 et
3175 1950 3445 2004 mortuus
3474 1948 3601 2020 ipse

1958 2038 2368 2106 resurgeret,et
2390 2039 2576 2092 morte
2593 2053 2702 2092 sua
2721 2034 2866 2092 alios
2895 2037 2966 2092 de
2995 2040 3182 2092 morte
3211 2035 3542 2094 suscitaret.
3569 2058 3600 2088 η

1959 2124 2101 2180 Item
2122 2125 2182 2180 in
2203 2125 2352 2182 libro
2373 2125 2674 2199 trigesimo
2697 2127 2886 2198 primo
2908 2127 3046 2198 (cap.
3081 2127 3168 2196 19)
3195 2143 3209 2182 :
3257 2147 3278 2178 ι
3302 2127 3410 2194 Qui
3441 2127 3600 2183 enim

1957 2217 2097 2268 sunt
2116 2213 2215 2269 alii
2237 2214 2515 2286 praerupti
2547 2213 2762 2281 silices,
2785 2214 2901 2270 nisi
2921 2213 3006 2269 illi
3019 2213 3334 2271 “fortissimi
3365 2213 3600 2288 angelo-

1955 2297 2088 2356 rum
2118 2301 2302 2368 chori,
2336 2303 2438 2374 qui
2469 2301 2738 2374 quamvis
2767 2319 2884 2359 non
2910 2301 3144 2376 integri,
3177 2303 3279 2360 sed
3311 2307 3510 2359 tamen
3539 2303 3606 2359 inx

1956 2391 2190 2463 proprio
2213 2394 2366 2446 statu
2389 2391 2506 2459 ﬁxi,
2532 2392 2776 2448 cadente
2794 2407 2929 2447 cum
2961 2391 3086 2448 suis
3113 2389 3338 2465 angelis
3367 2391 3610 2448 diabolo.

1955 2481 2402 2536 remanserunt?
2415 2480 2697 2554 Praerupti
2713 2481 2872 2537 enim
2897 2484 3057 2552 sunt,
3081 2481 3222 2553 quia
3239 2497 3378 2554 pars
3395 2497 3604 2537 eorum-

1956 2569 2184 2636 eecidit,
2209 2587 2344 2642 pars
2366 2569 2666 2626 remansit.
2692 2569 2797 2636 Qui
2819 2569 3031 2643 integri
3061 2570 3298 2642 quidem
3318 2573 3479 2626 stant
3496 2586 3601 2642 per

1956 2659 2296 2730 qualitatem
2319 2658 2641 2725 meriti,sed
2664 2675 2767 2732 per
2786 2658 3016 2715 numeri
3039 2659 3430 2731 quantitatem
3460 2675 3600 2732 pra3~

1955 2747 2132 2820 rupti.
2167 2750 2325 2804 Hanc
2373 2747 2823 2821 praeruptionem
2866 2749 3170 2804 restituere
3199 2748 3484 2805 Mediator
3510 2765 3600 2804 ve-

1955 2837 2060 2904 nit,
2086 2841 2150 2892 ut
2169 2838 2470 2910 redempto
2501 2837 2760 2894 humano
2791 2837 3126 2912 genere,illo
3149 2837 3412 2912 angelica
3439 2838 3598 2894 dam-

1955 2943 2033 2982 na
2061 2927 2321 2995 sarciret,
2356 2933 2414 2983 et
2443 2943 2783 2984 mensuram
2827 2925 3078 2984 ccelestis
3108 2927 3310 3001 patriae
3339 2926 3597 3001 locuple-

1952 3015 2072 3072 tius
2092 3018 2337 3073 fortasse
2357 3015 2950 3090 cumularet.Propter
2967 3016 3118 3072 hanc
3143 3017 3594 3090 prmruptionem

1955 3106 2025 3161 de
2051 3107 2218 3162 Patre
2240 3107 2472 3170 dicitur,
2497 3105 2801 3180 proposuit
2820 3105 2879 3162 in
2909 3123 2976 3162 eo
3003 3104 3064 3161 in
3095 3105 3595 3178 dispensationem

1954 3195 2336 3268 plenitudinis
2363 3200 2696 3269 temporum
2727 3195 3058 3252 instaurare
3073 3194 3273 3252 omnia
3288 3195 3348 3250 in
3364 3193 3595 3251 Christo

1955 3301 2081 3358 qua:
2114 3285 2173 3340 in
2204 3284 2366 3342 caelis
2395 3289 2453 3342 et
2482 3303 2609 3358 qua:
2641 3287 2701 3342 in
2729 3290 2886 3342 terra
2931 3288 3070 3342 sunt
3098 3284 3158 3348 in
3189 3284 3336 3356 ipso.
3373 3283 3437 3340 In
3466 3282 3596 3356 ipso

1953 3373 2168 3446 quippe
2198 3377 2604 3430 restaurantur
2623 3390 2690 3430 ea
2720 3390 2849 3446 quae
2879 3373 2940 3430 in
2963 3377 3119 3430 terra
3145 3373 3451 3442 sunt,dum
3472 3389 3598 3445 pec-

1955 3467 2179 3519 catores
2209 3464 2282 3519 ad
2307 3462 2603 3535 justitiam
2633 3465 3048 3520 convertuntur
3081 3479 3094 3518 :
3129 3462 3188 3518 in
3217 3462 3347 3535 ipso
3376 3465 3597 3518 restau-

1954 3555 2161 3608 rantur
2189 3568 2256 3608 ea
2285 3569 2412 3625 quae
2443 3551 2504 3607 in
2537 3551 2697 3608 caelis
2745 3556 2905 3618 sunt,
2937 3552 3078 3608 dum
3125 3549 3266 3607 illuc
3297 3549 3594 3607 humiliati

1952 3639 2222 3696 homines
2243 3641 2506 3709 redeunt,
2523 3641 2678 3696 unde
2699 3643 2974 3712 apostatze
2996 3638 3186 3712 angeli
3203 3639 3594 3712 superbiendo

1953 3728 2306 3785 ceciderunt.
2343 3752 2370 3779 »
2403 3731 2467 3785 In
2524 3728 2674 3786 libro
2725 3729 3027 3802 trigesimo
3085 3732 3293 3800 quarto
3322 3732 3462 3800 (cap.
3489 3727 3544 3800 8)
3573 3744 3588 3784 :

2023 3840 2052 3868 «
2084 3818 2436 3890 Expediebat
2463 3817 2679 3890 quippe
2697 3822 2762 3873 ut
2779 3820 3148 3889 peccatorum
3170 3820 3416 3872 mortem
3429 3815 3594 3888 juSte

1953 3906 2330 3962 morientium
2351 3907 2598 3962 solveret
2619 3922 2777 3962 mors
2791 3906 2939 3977 justi
2961 3905 3176 3978 injuste
3205 3904 3526 3960 morientis.
3559 3925 3589 3956 ››

1952 3994 2094 4050 Item
2127 3993 2186 4048 in
2217 3993 2367 4050 libro
2397 3993 2701 4070 trigesimo
2738 3993 2942 4066 quinto
2973 3996 3114 4066 (cap.
3145 3993 3202 4062 9)
3235 4009 3248 4048 :
3278 4015 3307 4043 ‹‹
3339 3993 3592 4050 Sustinui

1951 4084 2049 4156 qui
2075 4083 2245 4138 simul
2272 4099 2484 4138 mecum
2529 4085 2961 4151 conﬂictaretur,
2995 4089 3183 4138 etnon
3210 4083 3322 4153 fuit
3347 4100 3367 4136 :
3405 4097 3592 4138 conso-

1951 4172 2153 4228 lari-tem
2179 4189 2268 4228 mc
2295 4173 2547 4244 quasivi,
2576 4179 2630 4227 et
2671 4187 2782 4228 non
2828 4173 3016 4227 inveni
3053 4171 3224 4240 (Psat.
3253 4187 3446 4238 vam,
3476 4171 3588 4242 21).

1950 4259 2359 4317 Consolantem
2381 4259 2664 4333 quippein
2687 4259 2959 4332 passione
2981 4258 3224 4315 minime
3243 4257 3592 4331 invenit,qui

1949 4367 2018 4406 ex
2039 4351 2313 4422 despectu
2340 4349 2548 4406 mortis
2577 4349 2752 4406 etiam
2782 4349 2943 4422 ipsos
2971 4349 3169 4406 hostes
3197 4347 3454 4422 pertulit,
3486 4365 3591 4420 pro

1951 4439 2165 4512 quibus
2195 4440 2267 4494 ad
2299 4443 2546 4494 mortem
2579 4438 2752 4494 venit.
2782 4462 2803 4489 ιο
2829 4438 2901 4494 Et
2931 4437 2989 4492 in
3020 4437 3262 4493 homilia
3291 4434 3594 4510 trigesima

1950 4531 2110 4584 sexta
2141 4545 2154 4582 :
2192 4549 2220 4578 «
2250 4527 2333 4582 Ad
2365 4528 2815 4600 abstergendum
2849 4544 3106 4600 namque
3150 4525 3364 4583 mentis
3388 4529 3592 4582 vestra)

1948 4617 2274 4686 fastidium,
2305 4618 2366 4674 in
2397 4634 2562 4674 ccena
2588 4617 2689 4674 Dei
2722 4616 2818 4674 ille
2843 4617 3008 4674 vobis
3039 4615 3355 4690 singularis
3401 4632 3590 4688 agnus

1949 4706 2178 4763 occisus
2199 4711 2306 4762 est.
2333 4707 2442 4763 Sed
2467 4707 2608 4780 quid
2630 4707 2882 4780 agimus,
2907 4707 3007 4779 qui
3027 4706 3140 4762 hoc
3159 4705 3313 4778 quod
3337 4704 3589 4776 subjun-

1945 4796 2104 4870 gitur
2133 4795 2324 4851 adhuc
2354 4796 2478 4852 fieri
2509 4813 2544 4852 a
2573 4795 2780 4852 multis
2805 4795 3111 4852 videmus?
3131 4796 3198 4851 Et
3223 4799 3492 4866 cazpcrunt
3517 4793 3590 4847 si-

1944 4887 2062 4940 mul
2092 4901 2274 4942 omnes
2303 4901 2565 4941 excusare
2593 4887 2880 4954 (Luc.x1v,
2908 4886 3014 4954 18).
3040 4883 3220 4940 Oti'ert
3247 4882 3402 4937 Deus
3430 4879 3586 4952 quod

1946 4975 2136 5046 rogari
2159 4975 2362 5030 debuit
2386 4991 2398 5028 :
2425 4991 2542 5030 non
2564 4979 2800 5046 rogatus
2831 4974 2970 5030 dare
2997 4971 3140 5042 vult,
3163 4969 3320 5042 quod
3339 4967 3433 5022 vix
3463 4983 3588 5038 spe-

1946 5063 2061 5119 rari
2083 5068 2312 5136 poterat
2333 5063 2474 5136 quia
2493 5062 2693 5136 largiri
2715 5063 3056 5135 dignaretur
3068 5058 3417 5132 postulatus.
3437 5056 3584 5111 Con-

1944 5153 2332 5224 temptoribus
2351 5169 2486 5208 vero
2509 5156 2742 5224 paratas
2763 5149 3000 5206 delicias
3021 5144 3350 5204 rei'ectionis
3360 5149 3584 5200 aeternis

1946 5242 2275 5314 denuntiat,
2298 5245 2354 5297 et
2375 5246 2568 5298 tamen
2591 5239 2768 5296 simul
2790 5255 2993 5294 omnes
3013 5238 3350 5292 excusant.»
3363 5235 3432 5290 Et
3455 5237 3586 5306 post

1944 5331 2247 5404 aliquanta
2271 5347 2284 5386 :
2319 5354 2345 5382 ‹‹
2369 5330 2462 5386 Ait
2490 5329 2668 5395 enim,
2695 5330 2822 5384 Dico
2867 5335 3048 5382 autem
3084 5324 3233 5382 vobis
3262 5323 3402 5397 quod
3428 5341 3584 5381 nemo

1946 5422 2196 5477 uirorum
2227 5422 2448 5477 illorum
2482 5421 2578 5492 qui
2604 5418 2775 5474 vocati
2803 5423 2932 5471 sunt
2951 5415 3106 5472 282
3123 5415 3361 5487 gustabit
3378 5431 3586 5470 cumam

1942 5527 2118 5567 meum
2144 5509 2323 5578 (ibid.,
2351 5509 2461 5580 2’1).
2495 5509 2636 5562 Ecce
2693 5508 2856 5560 vocat
2911 5521 3014 5575 per
3045 5521 3126 5573 se,
3161 5508 3328 5560 vocat
3357 5520 3459 5578 per
3487 5521 3584 5560 an-

1945 5601 2298 5674 gelos,vocat
2321 5615 2422 5670 per
2439 5596 2944 5669 prophetas,vocat
2961 5611 3066 5666 per
3086 5593 3400 5668 apostolos,
3417 5597 3584 5651 vocat

1945 5691 2120 5748 etiam
2143 5706 2243 5761 per
2261 5705 2366 5744 nos
2387 5703 2400 5741 :
2429 5689 2595 5741 vocat
2617 5683 2958 5756 plerumque
2988 5701 3091 5757 per
3111 5683 3585 5753 miracula,vocat

1946 5780 2289 5854 plerumque
2318 5791 2420 5850 per
2448 5772 2695 5846 ﬂagella,
2709 5777 2876 5830 vocat
2904 5773 3218 5850 aliquando
3251 5791 3354 5850 per
3377 5771 3582 5852 mundi
