4020 6468
445 419 563 486 347

1299 425 1760 492 HINCMABUS
1807 426 2253 492 RHEMENSIS
2297 428 2992 496 AllCHIEPlSCOl’US.

445 557 624 632 hujus
644 575 944 634 prospera,
963 567 1132 620 vocat
1151 561 1466 636 aliquando
1498 582 1598 639 per
1622 563 1893 622 adversa:
1919 579 2091 620 nemo
2119 566 2175 633 Α
2204 568 2344 622 runt
2371 565 2431 624 in
2464 568 2834 642 semetipsos,
2857 585 2972 625 non
3002 563 3276 642 baptizati
3302 563 3374 622 ab
3397 579 3482 622 eo.
3517 562 3682 631 Quod
3710 561 3831 620 dici

3731 423 3854 492 348

3833 538 3860 590 ι

445 655 806 718 contemnat,
841 670 912 709 ne
943 654 1086 709 dum
1115 659 1354 711 vocatus
1395 660 1652 723 excusat,
1686 671 1820 710 cum
1853 651 2104 710 voluerit
2207 653 2268 710 in
2298 656 2663 730 semetipsos,
2721 657 2808 715 vel
2867 663 3072 716 contra
3127 655 3498 728 semetipsos,
3554 651 3858 725 signiﬁcat

444 741 686 798 introire
716 761 833 800 non
861 743 1068 801 valeat.
1100 745 1313 802 Audite
1364 747 1505 818 quid
1539 745 1838 820 Sapientia
1869 763 1972 820 per
1999 747 2098 803 Sa-

441 830 737 889 lomonem
771 834 930 890 dicat
961 850 976 890 :
1016 837 1161 891 Tunc
1205 837 1532 892 invocabant
1572 853 1677 902 me,
1708 845 1760 892 et
1784 853 1898 893 non
1923 852 2092 893 exau-

442 921 594 978 diam
622 941 640 978 :
665 939 828 980 mane
883 933 1224 997 consurgent,
1257 934 1308 982 et
1333 943 1444 982 non
1486 928 1766 982 invenient
1789 943 1876 982 me
1905 927 2086 994 (Prov.

442 1027 483 1077 1,
508 1013 621 1079 28).
645 1011 791 1068 Hinc
823 1017 912 1069 est
943 1015 1096 1086 quod
1129 1015 1298 1070 fatuae
1327 1014 1580 1087 virgines
1603 1015 1765 1070 tarde
1791 1013 2089 1071 venientes

441 1098 744 1156 clamant:
777 1102 1022 1171 Domine,
1078 1105 1322 1169 Domine,
1375 1105 1531 1176 aperi
1584 1106 1780 1171 nobis;
1811 1105 1912 1159 sed
1957 1103 2084 1173 jam

439 1191 582 1244 tunc
601 1191 826 1246 aditum
857 1193 1253 1263 quaerentibus
1274 1192 1524 1250 dicitur:
1555 1194 1741 1261 Amen,
1763 1193 1883 1249 dico
1916 1193 2081 1259 vobis,
2117 1219 2129 1228 -

438 1281 620 1335 nescio
649 1296 739 1336 vos
770 1280 970 1351 (Matth.
1002 1299 1131 1349 xxv,
1167 1283 1253 1349 11,
1283 1282 1391 1355 12).
1431 1306 1452 1332 υ
1491 1283 1634 1339 Hinc
1665 1283 1805 1338 item
1835 1281 1989 1338 idem
2023 1281 2082 1336 in

439 1365 684 1424 homilia
713 1369 1058 1426 duodecima
1089 1389 1102 1426 :
1137 1393 1165 1422 «
1200 1371 1284 1428 Ibi
1326 1372 1452 1443 jam
1483 1390 1517 1428 a
1545 1373 1661 1429 Deo
1719 1389 1834 1428 non
1893 1376 2085 1445 potest

439 1457 652 1514 mereri
682 1461 838 1531 quod
871 1460 1034 1532 petit,
1069 1461 1168 1533 qui
1200 1461 1296 1518 hic
1326 1461 1514 1518 noluit
1543 1463 1746 1518 audire
1777 1463 1934 1534 quod
1958 1463 2084 1532 jus-

440 1546 518 1602 sit
549 1561 562 1601 :
597 1545 697 1619 qui
727 1551 958 1620 tempus
990 1567 1258 1622 congrua:
1289 1550 1638 1622 pmnitentiaa
1667 1549 1936 1623 perdidit,
1967 1551 2083 1605 fru-

438 1637 562 1692 stra
592 1641 727 1692 ante
756 1637 918 1710 regni
939 1638 1187 1708 januam
1218 1656 1354 1694 cum
1382 1639 1672 1712 precibus
1722 1639 1898 1694 venit.
1934 1639 2079 1694 Hinc

437 1729 527 1780 est
552 1725 710 1780 enim
735 1727 889 1798 quod
922 1745 1028 1800 per
1054 1727 1424 1784 Salomonem
1457 1727 1742 1784 Dominus
1762 1727 1907 1783 dicit
1938 1744 1952 1783 :
1991 1728 2082 1783 Vo-

435 1816 558 1871 cavi
583 1823 634 1871 et
661 1817 960 1876 renuistis:
990 1817 1208 1874 extendi
1261 1835 1489 1874 manum
1528 1834 1725 1888 meum,
1755 1825 1808 1874 et
1832 1833 1944 1872 non
1969 1818 2080 1888 fuit

436 1906 534 1976 qui
559 1907 860 1976 aspiceret;
889 1906 1222 1978 dexpexistis
1249 1923 1406 1964 omne
1451 1908 1746 1964 consilium
1797 1923 2000 1971 meum,
2028 1913 2080 1960 et
2107 1939 2154 2004 Β

434 1992 829 2066 increpationes
859 2012 1006 2052 meas
1031 1998 1370 2068 neglexistis.
1404 1999 1522 2068 Ego
1553 2012 1761 2068 quoque
1805 1997 1866 2052 in
1916 1996 2078 2050 inter-

433 2081 516 2137 itu
544 2090 716 2139 vestro
736 2083 940 2151 ridebo,
973 2093 1024 2141 et
1050 2085 1393 2142 subsannabo
1447 2102 1574 2141 cum
1618 2085 1769 2140 vobis
1825 2083 1965 2156 quod
2005 2085 2076 2138 ti-

430 2169 658 2226 mebatis
685 2171 982 2229 advenerit.
1013 2173 1147 2229 Cum
1174 2175 1405 2230 irruerit
1443 2175 1721 2246 repentina
1771 2173 2074 2242 calamitas,

431 2267 485 2316 et
513 2260 766 2316 inmitus
796 2264 958 2333 quasi
984 2269 1264 2334 tempestas
1286 2265 1574 2335 ingruerit.
1611 2262 1834 2330 Quando
1870 2263 2078 2318 venerit

432 2363 598 2419 super
624 2365 716 2404 vos
745 2350 1026 2408 tribulatio
1054 2359 1103 2408 et
1139 2354 1411 2423 angustia.
1450 2355 1594 2408 Tunc
1636 2351 1966 2408 invocabant
1989 2367 2076 2406 me

431 2443 482 2492 et
511 2453 623 2494 non
650 2439 946 2496 exaudiam
973 2459 992 2494 :
1021 2457 1184 2497 mane
1209 2449 1550 2512 consurgent,
1581 2449 1634 2498 et
1659 2458 1770 2497 non
1796 2441 2078 2496 invenient

430 2541 518 2581 me
547 2528 726 2597 (Prov.
749 2545 790 2595 ι,
815 2530 1018 2598 24-27).
1042 2551 1069 2580 ››
1093 2531 1162 2584 Et
1189 2529 1488 2602 aliquanto
1519 2530 1791 2603 superius
1817 2547 1830 2586 :
1856 2552 1884 2580 «
1909 2531 2073 2585 Tunc

433 2615 594 2687 regni
611 2616 798 2688 janua
814 2616 1150 2690 lugentibus
1170 2617 1618 2691 cl_auditur,qua3
1631 2619 1802 2674 modo
1814 2619 2074 2691 quotidie

432 2705 854 2775 paenitentibus
882 2688 1158 2779 aperitur.
1194 2688 1239 2757 ››’

504 2793 576 2848 Et
594 2794 1286 2870 venerabilis-presbyter
1313 2799 1465 2854 Beda
1497 2799 1556 2854 in
1588 2797 1945 2870 expositione
1973 2798 2074 2851 Ae-

433 2883 603 2936 tuum
626 2882 1020 2954 apostolorum
1037 2902 1086 2941 :«
1103 2885 1404 2942 Demulcet
1423 2890 1618 2943 autem
1640 2883 1939 2958 apostolus
1955 2885 2073 2940 ani-

431 2986 560 3027 mos
574 2971 605 3026 J
615 2971 1056 3045 udaaorum,quo
1078 2975 1151 3030 ad
1167 2975 1524 3032 credendum
1550 2975 1724 3031 faciat
1753 2973 2071 3048 promptio-

429 3075 544 3126 res,
559 3059 804 3117 dicendo
825 3063 978 3134 quod
999 3065 1181 3120 totius
1198 3065 1402 3120 mundi
1421 3065 1684 3121 Salvator
1697 3081 1796 3120 eos
1813 3063 2070 3132 primum

429 3147 774 3208 visitaturus
790 3156 846 3207 et
861 3152 1277 3210 benedicturus
1293 3153 1552 3226 elegerit,
1577 3154 1751 3220 Vobis,
1775 3153 2066 3225 inquiens,

425 3239 672 3308 primum
699 3240 838 3296 Deus
865 3244 1135 3298 suscitans
1180 3243 1385 3299 Filium
1427 3260 1591 3299 suum
1620 3242 1750 3312 (Aet.
1785 3259 1868 3310 III,
1897 3242 2008 3313 26).
2042 3264 2068 3290 υ

2205 744 2348 816 quia
2367 747 2466 818 qui
2487 747 2733 820 gratiam
2755 747 2856 806 Dei
2880 748 3106 821 respuit
3126 751 3328 803 contra
3357 743 3744 816 semetipsum
3777 741 3860 796 fa-

2203 833 2415 890 citzvol
2446 837 2518 892 ad
2550 837 2896 910 semetipsos
2926 837 3175 894 missum
3207 834 3308 891 Dei
3341 831 3654 890 consilium
3685 829 3851 886 stulti

2200 922 2484 998 etingrati
2505 927 2900 1000 vituperantes
2930 925 3186 982 noluisse
3215 923 3486 996 recipere.
3517 919 3849 977 Consilium

2197 1029 2332 1086 ergo
2349 1015 2450 1070 Dei
2479 1021 2712 1089 est,quo
2742 1033 2846 1090 per
2875 1016 3208 1090 passionem
3243 1019 3298 1069 et
3330 1016 3578 1068 mortem
3609 1007 3846 1066 Domini

2193 1101 2334 1158 Jesu
2366 1106 2654 1161 mundum
2686 1106 2910 1163 salvere
2939 1103 3211 1162 decrevit.
3246 1125 3275 1154 »
3308 1103 3453 1158 Item
3487 1117 3501 1155 :
3535 1123 3563 1150 «
3599 1099 3673 1155 Et
3694 1098 3847 1154 bene

2195 1191 2498 1263 saginatus
2527 1193 2744 1251 vitulus
2775 1193 3159 1266 dicitur,quia
3182 1209 3315 1250 caro
3346 1191 3474 1264 ejus
3499 1190 3647 1245 adeo
3677 1185 3848 1259 spiri-

2192 1278 2294 1335 tali
2327 1287 2416 1338 est
2445 1283 2642 1355 opima
2667 1285 2906 1351 virtute,
2940 1288 3006 1341 ut
3036 1300 3138 1356 pro
3169 1281 3350 1338 totius
3399 1275 3611 1334 mundi
3654 1275 3847 1334 salute

2191 1369 2447 1428 sufficiat
2501 1373 2561 1428 in
2620 1374 2878 1430 odorem.
2919 1371 3246 1438 suavitatis,
3280 1369 3544 1425 nidorem
3573 1363 3846 1422 videlicet

2189 1461 2612 1518 immolationis
2641 1463 2715 1518 ad
2759 1463 2942 1520 Deum
3002 1462 3252 1528 mittere,
3285 1463 3343 1515 et
3400 1474 3506 1531 pro
3562 1454 3845 1512 omnibus

2187 1567 2442 1607 exorare.
2477 1574 2506 1601 ››
2539 1553 2609 1607 Et
2639 1552 2780 1609 item
2817 1569 2830 1608 :
2866 1575 2894 1603 «
2927 1551 3036 1616 Qui
3093 1548 3250 1606 enim
3304 1545 3637 1620 appellatus
3667 1547 3756 1600 est
3782 1541 3842 1598 in

2185 1643 2339 1695 terra
2369 1656 2468 1696 rex
2497 1641 2856 1709 Judaaornm,
2892 1641 2950 1696 in
2985 1638 3148 1696 caelis
3177 1643 3267 1694 est
3295 1637 3574 1694 dominus
3606 1631 3844 1706 angelo-

2187 1745 2340 1783 rum.
2372 1729 2586 1786 Verum
2620 1730 2760 1802 quia
2789 1729 3056 1786 Christus
3088 1729 3148 1784 in
3179 1743 3354 1784 carne
3395 1724 3580 1782 totius
3632 1721 3842 1779 mundi

2187 1817 2520 1889 propitiatio
2551 1823 2608 1875 et
2653 1819 2961 1876 hominum
3010 1817 3278 1874 videlicet
3305 1819 3364 1872 et
3393 1812 3741 1888 angelorum
3772 1809 3840 1866 il-

2187 1904 2350 1973 luxit,
2376 1907 2619 1980 pulchre
2649 1908 2763 1965 sibi
2791 1907 3039 1964 invicem
3071 1909 3131 1964 in
3163 1908 3292 1980 ejus
3320 1905 3494 1962 laude
3524 1901 3838 1974 dispensa-

2185 1996 2364 2052 tionis
2379 1997 2638 2054 cuzlestia
2665 1997 2842 2054 simul
2860 2002 2919 2054 et
2934 2001 3166 2054 terrena
3187 1996 3564 2052 concinunt.»
3599 1993 3673 2048 Et
3699 1991 3838 2046 item

2184 2101 2254 2141 ex
2283 2085 2473 2142 verbis
2501 2087 2792 2144 Ambrosii
2828 2104 2843 2144 :
2879 2107 2908 2141 α
2935 2087 3096 2155 Iuda,
3129 2086 3312 2143 osculo
3359 2084 3568 2140 Filium
3597 2080 3838 2137 hominis

2185 2173 2401 2230 tradis?
2459 2175 2606 2247 (Luc.
2660 2176 2943 2248 xxn,48.)
3002 2175 3239 2242 Filium,
3297 2170 3512 2245 inquit,
3572 2167 3836 2226 hominis

2183 2262 2386 2330 tradis,
2422 2264 2561 2336 quia
2613 2282 2767 2333 caro,
2801 2283 2917 2320 non
2960 2263 3256 2330 divinitas,
3290 2257 3833 2334 comprehenditur.

2182 2350 2334 2407 Illud
2364 2357 2558 2408 tamen
2593 2353 2724 2426 plus
2753 2354 3016 2412 confutat
3045 2349 3522 2425 ingratum,quod
3554 2365 3697 2405 eum
3719 2351 3831 2404 tra-

2183 2439 2416 2506 diderit,
2447 2442 2547 2514 qui
2595 2460 2732 2499 cum
2786 2447 2942 2500 esset
2969 2443 3069 2500 Dei
3104 2441 3306 2508 Filius,
3339 2441 3580 2514 propter
3608 2453 3721 2494 nos
3750 2441 3830 2490 ta-

2183 2543 2318 2583 men
2347 2529 2506 2586 filius
2537 2529 2794 2588 hominis
2824 2547 2954 2588 esse
2979 2529 3246 2598 voluit,et
3273 2527 3442 2601 quasi
3471 2525 3662 2582 dicat:
3699 2523 3828 2580 Pro.

2181 2621 2311 2688 pter
2339 2621 2393 2674 te
2418 2618 2671 2692 suscepi,
2703 2620 2950 2692 ingrate,
2981 2619 3136 2692 quod
3166 2617 3375 2674 tradis.
3409 2615 3830 2687 Interrogative

2180 2721 2321 2761 sane
2349 2709 2850 2779 pronuntiandum
2882 2713 3044 2782 puto,
3077 2707 3246 2781 quasi
3302 2703 3558 2763 amantis
3615 2703 3828 2758 atl‘ectu

2179 2794 2456 2868 corripiat
2483 2797 2857 2868 proditorem,
2888 2797 3049 2866 Iuda,
3081 2797 3263 2854 osculo
3317 2795 3527 2851 Filium
3579 2793 3827 2849 hominis

2178 2883 2395 2941 tradis?
2421 2885 2532 2942 hoc
2559 2890 2669 2954 est,
2701 2885 2918 2943 amoris
2945 2886 3186 2960 pignore
3231 2883 3446 2941 vulnus
3489 2880 3738 2956 inﬂigis,
3772 2885 3830 2936 et

2179 2972 2481 3030 charitatis
2511 2974 2702 3032 ofﬁcio
2730 2975 3077 3048 sanguinem
3099 2973 3384 3042 fundis,et
3411 2971 3572 3046 pacis
3603 2970 3824 3032 instru-

2180 3065 2376 3119 mento
2407 3067 2654 3120 mortem
2687 3064 2930 3136 irrogas,
2963 3081 3166 3120 servus
3194 3061 3524 3128 dominum,
3555 3058 3704 3115 disci
3713 3076 3825 3132 pu-

2178 3145 2272 3203 lus
2294 3151 2490 3222 prodis
2521 3151 2890 3224 magistrum,
2923 3151 3143 3207 electus
3171 3146 3508 3206 auctorem?
3531 3169 3560 3196 »
3583 3146 3655 3202 Et
3685 3143 3825 3202 item

2179 3253 2248 3292 ex
2268 3239 2458 3296 verbis
2480 3240 2814 3315 Hieronymi
2838 3257 2852 3296 :
2888 3263 2916 3290 ‹‹
2941 3241 3011 3296 Et
3037 3238 3329 3313 quomodo
3360 3253 3464 3310 pro
3494 3234 3665 3292 nobis
3699 3251 3825 3290 ma-

431 3325 502 3380 Et
529 3325 671 3382 item
704 3343 718 3382 :
753 3351 783 3378 «
817 3329 1184 3402 Multumque
1213 3331 1455 3387 decebat
1485 3309 1672 3397 illum,
1691 3332 1832 3402 quin
1856 3309 2074 3387 Corne-
2100 3309 2144 3375 (ἶ
2181 3325 2460 3384 ledictum
2507 3309 2706 3385 crucis.
2747 3331 2938 3386 factus
2963 3309 3074 3396 est;
3104 3333 3162 3385 et
3191 3325 3518 3400 ﬂagellatus
3547 3328 3608 3380 et
3635 3323 3825 3380 cruci-

431 3411 598 3482 lium,
633 3416 914 3485 exaudiri,
947 3418 1049 3490 qui
1091 3420 1432 3476 instantiam
1484 3419 1832 3493 deprecandi
1879 3419 2071 3476 tribus

431 3500 592 3560 horis
609 3505 961 3564 continuans
981 3525 1015 3563 a
1035 3512 1196 3564 sexta
1217 3509 1587 3580 pertrahebat
1605 3510 1679 3565 ad
1701 3526 1936 3573 nonam,
1956 3525 2070 3580 quo

430 3594 691 3663 tempore
747 3596 1030 3652 Dominus
1073 3595 1197 3669 ipse
1240 3613 1412 3670 quem
1457 3599 1700 3670 rogabat
1743 3615 1845 3670 pro
1891 3596 2071 3652 totius

431 3680 636 3736 mundi
669 3681 856 3738 salute
885 3686 1138 3742 extensis
1166 3686 1228 3742 in
1257 3703 1428 3742 cruce
1460 3686 1734 3742 manibus
1784 3687 2005 3742 orabat.
2041 3707 2069 3733 »

430 3768 500 3824 Et
530 3769 668 3826 item
697 3771 756 3826 in
789 3773 1146 3846 expositione
1174 3775 1468 3848 Evangelii
1497 3774 1860 3846 evangelista:
1892 3775 2069 3830 Marci

431 3857 504 3912 ad
537 3857 728 3914 locum
755 3877 767 3914 :
793 3861 1050 3920 «Altiore
1072 3866 1266 3919 autem
1289 3881 1464 3920 sensu
1492 3881 1504 3919 :
1531 3863 1781 3919 Facilius
1805 3864 1960 3920 enim
1983 3868 2073 3919 est

429 3945 725 4004 Christum
751 3949 867 4020 pati
889 3967 992 4022 pro
1007 3951 1383 4008 dilectoribus
1409 3952 1626 4020 saeculi,
1642 3970 1816 4024 quam
1839 3951 2072 4008 dilecto-

431 4052 524 4091 res
551 4037 745 4091 εωαιιιὶ
779 4039 850 4092 ad
882 4039 1180 4095 Christum
1213 4058 1384 4112 posse
1413 4041 1690 4097 converti.
1727 4065 1754 4090 »
1787 4043 1853 4096 Et
1880 4041 2018 4098 item
2053 4057 2068 4096 :

432 4146 460 4173 ‹‹
486 4123 773 4180 Passurus
802 4143 906 4198 pro
937 4127 1098 4182 omni
1126 4130 1370 4195 mundo,
1393 4135 1450 4186 et
1476 4129 1775 4186 universas
1807 4131 2070 4186 nationes

431 4229 538 4268 suo
569 4214 854 4284 sanguine
885 4215 1586 4288 redempturus,moratur
1615 4219 1672 4273 in
1705 4219 1985 4275 Bethania
2009 4218 2070 4274 in

432 4300 606 4356 domo
634 4302 997 4359 obedientize.
1030 4326 1058 4355 »
1093 4305 1164 4360 Et
1206 4305 1345 4362 item
1380 4323 1393 4360 :
1448 4329 1476 4356 «
1505 4307 1860 4380 Amphoram
1908 4326 2070 4382 aquae

433 4388 708 4459 bajulans
737 4393 1090 4463 occurrit,ut
1119 4395 1460 4451 ostendatur
1484 4396 1664 4468 hujus
1694 4398 1924 4469 pascha:
1955 4415 2073 4471 my-

431 4477 676 4532 sterium
703 4496 806 4550 pro
837 4480 1134 4539 ablatione
1183 4484 1437 4556 perfecta
1497 4487 1702 4541 mundi
1734 4487 1912 4544 totius
1943 4504 2072 4546 esse

431 4563 1041 4641 celebrandumzaqua
1071 4573 1286 4644 quippe
1319 4571 1612 4630 lavacrum
1638 4575 2073 4651 gratiaeJagena

2179 3417 2349 3486 ﬁxus,
2383 3417 2468 3474 sic
2497 3434 2602 3490 pro
2651 3417 2917 3474 omnium
2967 3417 3154 3474 salute
3201 3415 3369 3487 quasi
3420 3412 3632 3470 noxius
3673 3410 3829 3467 inter

2181 3505 2380 3562 noxios
2425 3506 2806 3580 cruciﬁgitur,
2841 3511 2908 3564 ut
2961 3507 3062 3564 ubi
3118 3501 3438 3563 abundavit
3493 3505 3823 3575 peccatum,

2177 3597 2616 3667 superabundet
2644 3601 2701 3652 et
2727 3597 2974 3670 gratia.»

2250 3686 2318 3740 Et
2338 3686 2720 3742 Cassiodorus
2751 3687 2809 3741 in
2845 3685 3074 3742 Psalmo
3095 3701 3195 3741 xx:
3230 3708 3258 3734 «
3277 3683 3380 3740 llle
3411 3681 3574 3739 solus
3604 3684 3696 3738 est
3725 3679 3826 3753 qui

2180 3773 2466 3830 desiderio
2498 3774 2848 3832 desideravit
2875 3775 3047 3844 mori,
3067 3774 3302 3848 quando
3331 3789 3394 3829 se
3421 3789 3526 3845 pro
3554 3769 3826 3827 omnium

2181 3865 2370 3922 salute
2398 3865 2674 3920 oll‘erebat
2703 3863 2908 3932 occidi,
2941 3868 3008 3919 ut
3049 3861 3340 3936 pretiosus
3396 3858 3642 3932 sanguis
3696 3859 3826 3931 ejus

2180 3955 2468 4012 mundum
2494 3952 2820 4022 redimeret,
2858 3969 2930 4009 ne
2951 3952 3220 4008 diabolus
3241 3967 3376 4007 eum
3398 3949 3591 4006 adhuc
3621 3948 3827 4020 iniqua

2180 4043 2633 4116 praesumptione
2657 4047 2961 4097 vastaret.»
2995 4042 3064 4096 Et
3093 4040 3230 4096 item
3257 4039 3316 4094 in
3345 4039 3549 4094 eodem
3583 4053 3596 4091 :
3633 4036 3825 4091 «Nam

2181 4133 2510 4188 nescientes
2539 4147 2673 4186 vera
2702 4131 2975 4186 dixerunt
3006 4147 3020 4186 :
3053 4128 3311 4202 oportuit
3339 4145 3526 4184 unum
3562 4143 3669 4199 pro
3699 4142 3824 4182 om-

2181 4221 2357 4276 nibus
2384 4218 2554 4276 mori.
2591 4242 2618 4269 ››
2651 4219 2721 4275 Et
2748 4219 2886 4274 item
2917 4219 2977 4274 in
3007 4217 3235 4292 psalmo
3264 4235 3358 4274 xx:
3390 4233 3404 4272 :
3437 4240 3464 4268 «
3498 4215 3828 4272 Audiamus

2179 4325 2316 4382 ergo
2351 4325 2550 4365 vocem
2599 4309 2998 4364 membrorum
3027 4324 3097 4363 ex
3127 4324 3224 4363 ore
3259 4305 3492 4380 capitis,
3521 4309 3581 4360 et
3609 4301 3825 4359 intelli-

2179 4414 2390 4472 gamus
2419 4413 2489 4452 ex
2519 4401 2719 4453 nostra
2757 4413 3008 4470 persona
3051 4395 3258 4452 merito
3307 4395 3491 4451 fuisse
3535 4392 3824 4463 locutum,

2179 4484 2282 4558 qui
2311 4502 2374 4542 se
2403 4485 2656 4542 hostiam
2687 4483 2900 4542 obtulit
2929 4501 3033 4558 pro
3063 4482 3254 4540 salute
3282 4487 3650 4540 cunctorum.
3686 4503 3715 4531 υ
3755 4481 3829 4537 Et

2181 4575 2319 4630 item
2337 4574 2396 4630 in
2409 4575 2613 4631 eodem
2628 4591 2642 4630 :
2658 4598 2686 4624 «
2702 4577 3064 4646 Quapropter
3073 4574 3198 4645 jam
3225 4589 3338 4629 non
3351 4570 3827 4644 pertimescimus

432 4653 808 4744 fragilitatem
865 4657 1134 4730 designat
1179 4677 1381 4716 eorum
1413 4679 1514 4734 per
1543 4681 1691 4736 quos
1719 4666 1919 4722 eadem
1951 4673 2076 4725 erat
2107 4679 2150 4744 [)
2181 4664 2373 4720 dicere
2416 4663 2602 4720 Deum
2655 4679 2828 4720 carne
2876 4679 3142 4736 passum,
3177 4663 3361 4719 Deum
3387 4666 3689 4718 mortuum
3721 4676 3826 4733 pro

429 4742 620 4813 gratia
650 4745 870 4801 mundo
907 4746 1431 4805 administranda.»
1452 4751 1518 4806 Et
1550 4751 1688 4808 item
1714 4771 1728 4808 :
1763 4755 2072 4814 «Consulis
2107 4742 2136 4744 _
2181 4753 2369 4809 salute
2399 4757 2805 4808 cunctorum.»
2835 4754 2906 4809 Et
2935 4753 3073 4808 item
3104 4753 3337 4808 eodem:
3363 4751 3556 4806 «Nam
3579 4749 3678 4822 qui
3703 4747 3826 4823 pati

431 4830 550 4886 sive
578 4849 741 4904 aqua:
774 4835 980 4907 bajuli,
1013 4854 1115 4892 seu
1146 4839 1369 4894 domini
1403 4840 1634 4909 domus,
1669 4848 1808 4898 sunt
1839 4851 2070 4916 praeter-

431 4919 614 4976 missa
643 4923 945 4992 vocabula,
979 4929 1043 4980 ut
1071 4927 1348 4983 omnibus
1404 4945 1606 4984 verum
1667 4931 1883 5002 pascha
1932 4933 2072 4988 cele-

430 5007 598 5065 brare
679 5011 1030 5081 volentibus,
1087 5013 1194 5071 hoc
1250 5021 1341 5071 est
1397 5016 1610 5074 Christi
1693 5022 2075 5078 sacramentis

432 5095 899 5174 imbui,eumque
929 5119 1048 5158 suae
1075 5103 1290 5158 mentis
1321 5105 1573 5178 hospitio
1602 5108 1897 5181 suscipere
1927 5127 2079 5182 quae-

433 5186 717 5256 rentibus,
752 5189 999 5246 facultas
1059 5192 1252 5248 danda
1310 5191 1592 5264 signetur.
1628 5219 1656 5244 »
1688 5197 1757 5251 Et
1813 5197 2026 5253 iterum
2060 5215 2074 5255 :

435 5293 465 5321 «
497 5274 668 5331 Solus
722 5284 850 5334 orat
905 5296 1008 5352 pro
1067 5281 1364 5347 omnibus,
1398 5282 1550 5338 sicut
1577 5288 1634 5340 et
1664 5285 1825 5341 solus
1855 5288 2076 5358 patitur

433 5378 536 5433 pro
591 5365 923 5425 universis:
983 5373 1041 5424 et
1096 5371 1390 5443 quomodo
1446 5389 1549 5444 pro
1607 5373 1776 5430 nobis
1831 5375 2072 5431 maledi-

436 5456 596 5506 ctum
653 5454 844 5510 crucis
901 5457 1089 5513 factus
1146 5466 1235 5514 est
1291 5464 1349 5514 et
1407 5461 1756 5533 ﬂagellatus,
1791 5468 1848 5518 et
1895 5464 2075 5518 cruci-

433 5541 603 5608 tixus,
663 5541 748 5596 sic
819 5561 920 5614 pro
997 5549 1262 5604 omnium
1339 5549 1530 5605 salute
1613 5551 1782 5622 quasi
1867 5552 2074 5608 noxius

433 5629 585 5685 288
615 5630 1024 5704 cruciﬁgitur.-
1059 5637 1129 5692 Et
1161 5638 1218 5693 in
1249 5639 1591 5695 Commento
1623 5639 1789 5694 Lucae
1823 5657 1837 5694 :
1875 5663 1903 5690 «
1935 5641 2074 5697 Pha-

435 5717 582 5777 risazi
633 5723 829 5781 autem
879 5728 937 5778 et
983 5722 1128 5797 legis
1177 5727 1344 5800 periti
1378 5715 1690 5784 consilium
1720 5728 1820 5784 Dei
1853 5745 2074 5804 ειη-θνα-

2179 4846 2418 4897 venerat
2455 4857 2559 4913 pro
2590 4840 2780 4898 salute
2817 4846 3184 4910 cunctorum,
3217 4857 3393 4912 quem
3443 4855 3646 4896 eorum
3708 4855 3826 4896 non

2181 4929 2399 4985 diceret
2428 4929 2746 4986 fratrem?»
2778 4931 2847 4986 Et
2876 4931 2934 4986 in
2968 4930 3193 5002 psalmo
3221 4945 3368 4986 xxx:
3396 4954 3423 4980 ‹‹
3443 4929 3524 4986 De
3552 4928 3826 5002 passione

2184 5036 2293 5076 sua
2312 5017 2501 5074 multa
2518 5017 2874 5087 dicturus,ut
2903 5036 3033 5076 eam
3065 5020 3353 5092 frequenti
3379 5017 3664 5076 memoria
3691 5017 3828 5091 piis-

2184 5108 2373 5166 simus
2402 5113 3010 5182 commoneret,quam
3041 5126 3145 5182 pro
3175 5109 3442 5165 omnium
3473 5108 3664 5166 salute
3694 5125 3826 5164 sus-

2187 5197 2478 5271 cepit.»Et
2507 5197 2565 5252 in
2598 5198 2824 5270 psalmo
2852 5215 3018 5255 xuv:
3053 5223 3080 5249 ‹‹
3105 5198 3235 5255 Haec
3265 5197 3466 5255 omnia
3493 5197 3656 5254 carni
3688 5212 3824 5253 con-

2177 5286 2439 5356 veniunt,
2461 5287 2555 5342 cui
2585 5287 2898 5360 pissimum
2928 5287 3184 5344 Verbum
3211 5287 3444 5344 unitum
3473 5291 3564 5344 est
3592 5305 3699 5361 pro
3729 5305 3825 5343 sa-

2180 5373 2300 5430 lute
2330 5379 2694 5431 cunctorum.
2732 5399 2761 5426 ››
2793 5377 2862 5432 Et
2888 5375 2950 5431 in
2983 5376 3208 5450 psalmo
3239 5394 3393 5444 mu,
3424 5377 3466 5432 A
3497 5379 3693 5434 timore
3723 5379 3827 5432 ini-

2179 5465 2312 5518 mici
2339 5466 2488 5536 eripe
2514 5465 2759 5520 animum
2787 5481 3026 5520 meatum
3044 5466 3168 5521 Non
3201 5465 3457 5538 postulat
3486 5472 3552 5521 ut
3581 5467 3825 5523 minime

2181 5570 2284 5625 pro
2315 5553 2582 5610 omnium
2613 5552 2801 5608 salute
2830 5553 3134 5622 moriatur,
3165 5556 3322 5612 unde
3352 5555 3586 5612 Petrum
3633 5556 3825 5630 arguit

2181 5641 2490 5710 dicentem,
2520 5643 2798 5714 Propitius
2827 5644 2930 5699 tibi
2957 5653 3087 5713 esto,
3120 5647 3365 5712 Domine,
3396 5661 3508 5702 non
3563 5648 3672 5702 erit
3727 5646 3824 5704 tibi

2183 5733 2278 5788 hoc
2307 5732 2509 5801 (Matth.
2543 5748 2654 5798 xvn,
2687 5734 2815 5803 22);
2848 5733 2948 5788 sed
2999 5738 3063 5788 ut
3101 5751 3135 5790 a
3178 5734 3388 5790 timore
3437 5733 3639 5808 populi
3695 5751 3820 5807 per-
