4020 6472
157 453 263 515 349

855 450 958 512 DE
999 450 1758 515 PBEDESTINATIONE
1801 450 2318 514 DISSERTATIO
2360 449 2824 514 POSTEBIOR.

3414 447 3536 512 350

158 580 441 657 sequentis
471 579 669 640 anima
691 583 846 640 πει
860 587 1059 656 erepta
1089 586 1303 640 sanctae
1325 582 1782 657 dispensationis
1809 583 1864 652 Α
1892 590 2074 641 autem
2100 591 2416 656 receperunt
2441 600 2584 652 eum,
2617 582 2764 640 dedit
2808 583 2887 639 eis
2910 589 3222 656 potestatem
3265 582 3409 655 ﬁlios
3436 581 3536 640 Dei

158 689 263 729 suae
291 671 579 744 compleat
607 671 1000 746 passionem.»
1024 673 1093 727 Et
1111 673 1167 727 in
1200 672 1426 745 psalmo
1449 689 1615 728 Lxxzu
1635 673 1781 728 Nam

159 778 275 819 cum
296 761 516 816 dixtero
531 759 788 816 Verbum
808 760 994 816 Patris
1017 761 1220 818 fecisse
1238 761 1446 817 cretum
1475 766 1531 818 et
1543 765 1780 828 terram,

157 855 206 906 et
231 848 421 905 omnia
450 867 579 922 quze
611 849 669 904 in
703 849 787 904 eis
819 849 1237 922 sun't,perl‘ecta
1267 851 1581 906 Dominum
1613 851 1781 906 devo-

157 937 292 995 tione
322 937 573 994 laudavi.
598 938 711 994 Sed
743 955 876 994 cum
909 941 1227 1012 adjunxero
1252 939 1623 996 incarnatum
1655 957 1783 996 esse

155 1044 243 1102 pro
257 1025 442 1083 salute
465 1027 1024 1098 cunctorum,adjeci
1047 1028 1349 1083 cumulum
1369 1027 1644 1084 laudibus
1669 1029 1782 1101 ple-

155 1117 288 1173 nis.»
317 1117 387 1172 Et
412 1116 474 1171 in
505 1115 731 1189 psalmo
765 1134 937 1172 LXXIII
960 1135 973 1173 :
999 1140 1026 1167 α
1059 1118 1276 1173 Revera
1307 1118 1641 1191 intelligens
1673 1119 1784 1174 fac-

152 1210 229 1261 tos
257 1207 341 1262 est
387 1205 609 1278 Asaph,
644 1205 744 1278 qui
778 1203 921 1262 talia
967 1205 1109 1278 petit
1148 1207 1302 1262 unde
1332 1211 1491 1263 totus
1523 1209 1782 1264 mundus

152 1293 422 1368 potuisset
455 1294 697 1350 absolvi.
735 1317 762 1344 ››
796 1295 865 1350 Et
896 1295 954 1350 in
985 1295 1217 1352 Psalmo
1250 1314 1449 1354 Lxmv:
1477 1320 1504 1347 ‹‹
1542 1297 1614 1353 Ut
1645 1296 1782 1354 libe-

151 1387 360 1439 raretur
387 1401 423 1439 a
455 1382 720 1453 crimine,
754 1383 1022 1441 invocare
1069 1385 1322 1458 neglexit
1351 1386 1614 1442 omnium
1672 1387 1779 1442 Re-

151 1473 521 1544 demptorem.
558 1494 584 1522 »
613 1473 682 1528 Et
707 1473 766 1528 in
798 1473 1025 1555 psalmo
1059 1492 1259 1530 LXXXIV
1291 1493 1305 1530 :
1343 1497 1369 1524 «
1400 1475 1485 1530 Ad
1536 1478 1780 1548 aegrotos

150 1561 413 1630 medicus,
449 1561 521 1617 ad
555 1561 890 1634 pestilentia
919 1562 1124 1634 plenos
1147 1567 1348 1619 auctor
1376 1563 1586 1619 salutis
1619 1564 1780 1618 adve-

150 1649 224 1706 nit
251 1667 263 1704 :
294 1650 455 1722 quod
488 1668 604 1706 non
633 1650 824 1706 solum
857 1653 928 1706 ad
961 1669 1138 1707 unam
1171 1656 1424 1726 gentem,
1453 1654 1554 1708 sed
1585 1653 1655 1708 ad
1689 1653 1783 1708 be—

151 1738 401 1795 neﬁcium
432 1739 616 1796 totius
643 1739 802 1796 orbis
831 1743 1156 1813 aptandum
1187 1747 1294 1797 est.
1322 1764 1349 1791 »
1366 1743 1435 1798 Et
1461 1741 1520 1797 in
1552 1741 1778 1814 psalmo

148 1845 277 1884 xxv:
309 1851 337 1879 ‹‹
370 1829 636 1902 Dignum
667 1833 756 1884 est
787 1829 944 1884 enim
975 1835 1040 1885 ut
1069 1829 1300 1904 publice
1331 1831 1537 1886 debeat
1575 1831 1778 1886 lauda-

149 1917 206 1988 ri,
232 1918 324 1992 qui
358 1919 486 1991 pati
520 1935 624 1991 pro
655 1918 919 1974 omnium
953 1919 1142 1976 salute
1173 1921 1453 1993 dignatus
1483 1925 1593 1976 est.
1631 1943 1658 1969 ››

701 2034 933 2090 CAPUT
971 2035 1207 2092 XXXIV.

146 2130 273 2181 Nunc
314 2131 463 2196 quod
504 2146 664 2196 supra
714 2132 1220 2183 commemoravimus
1266 2135 1473 2184 tertium
1527 2137 1772 2199 sequitur,

196 2204 444 2266 quomodo
491 2203 774 2254 orthodoxi
796 2208 846 2254 et
873 2205 1078 2269 antiqui
1119 2206 1360 2270 magistri
1401 2221 1464 2268 ea:
1509 2208 1778 2272 scripturis

195 2275 498 2324 authentieis
527 2275 901 2335 demonstrant,
929 2276 1146 2325 disereie
1172 2291 1270 2326 non
1302 2277 1486 2327 debere
1521 2277 1775 2342 intellige-

195 2361 262 2407 re,
288 2346 411 2411 quia
443 2345 566 2396 licet
591 2347 754 2410 fuerit
784 2345 1018 2396 Christus
1041 2362 1224 2411 passus
1249 2363 1344 2412 pro
1389 2349 1644 2409 omnibus,
1673 2364 1775 2399 non

195 2420 355 2468 tamen
400 2432 583 2467 omnes
633 2417 709 2467 ad
748 2421 993 2468 aeternam
1039 2417 1255 2468 salutem
1295 2419 1478 2468 mundi
1502 2421 1688 2484 pretio,
1719 2420 1779 2471 id

194 2491 260 2538 est
283 2489 546 2554 passionis
573 2489 686 2554 ejus
723 2489 967 2552 mysterio
1011 2489 1117 2538 sint
1162 2489 1430 2554 redempti.
1463 2492 1502 2540 Α
1534 2507 1634 2556 quo
1657 2507 1773 2556 pre-

197 2560 257 2608 tio
283 2559 528 2610 extranei
553 2562 693 2620 sunt,
722 2561 811 2624 qui
837 2563 925 2608 aut
973 2559 1212 2610 delectati
1247 2562 1544 2626 captivitate
1587 2563 1782 2612 redimi

194 2629 482 2688 noluerunt,
525 2634 618 2681 aut
657 2632 774 2695 po-st
818 2631 1220 2694 redemptionem
1269 2633 1343 2680 ad
1381 2632 1612 2682 eamdem
1656 2637 1776 2684 sunt

193 2703 504 2768 captivitatis
531 2704 828 2752 servitutem
851 2704 1058 2752 reversi.

200 2808 334 2866 Ecce
362 2809 667 2882 quomodo
705 2809 893 2865 sancti
932 2810 1196 2866 doctores
1245 2815 1555 2867 senserunt
1601 2817 1774 2886 atque

143 2897 510 2970 scripserunt,
547 2899 702 2970 quod
735 2898 1003 2956 Christus
1035 2899 1210 2958 Jesus
1239 2901 1525 2957 Dominus
1555 2907 1770 2969 noster,

143 2987 448 3060 redemptio
480 2987 706 3044 scilicet
733 2988 916 3043 totius
957 2990 1188 3058 mundi,
1221 3007 1324 3062 pro
1373 2991 1648 3046 omnibus
1697 2992 1775 3047 sit

142 3077 502 3148 passus,licet
531 3094 648 3132 non
671 3093 875 3133 omnes
897 3079 1189 3150 passionis
1204 3079 1254 3150 ej
1265 3097 1334 3134 us
1358 3080 1634 3152 mysterio
1657 3079 1776 3136 sint

142 3165 428 3239 redempti.
465 3166 616 3221 Nam
667 3165 718 3221 si
747 3165 1046 3222 Christum
1095 3167 1188 3223 his
1236 3172 1467 3224 tantum
1519 3168 1775 3225 remedia

142 3253 386 3310 attulisse
437 3253 699 3310 dicimus
748 3255 848 3328 qui
899 3255 1184 3328 redempti
1237 3260 1396 3325 sunt,
1446 3255 1774 3312 videbimur

1807 1959 1855 2024 B

1890 675 2034 746 ﬁeri,
2069 675 2154 730 his
2185 677 2283 747 qui
2309 675 2539 730 credunt
2567 676 2628 729 in
2647 675 2867 729 nomine
2895 674 3010 746 ejus
3040 671 3224 745 (Joan.
3256 691 3294 740 ι,
3332 674 3440 742 12).

1964 763 2126 819 Unde
2157 763 2227 830 si,
2253 767 2319 818 ut
2349 760 2845 818 Prtedestinatiani
2875 761 3096 828 dicunt,
3133 777 3246 817 non
3277 766 3368 818 est
3392 779 3534 835 pas-

1893 869 1996 908 sus
2027 852 2311 908 Dominus
2344 851 2455 907 nisi
2486 869 2590 924 pro
2611 851 2705 907 his
2726 854 2957 906 tantum
2979 850 3078 923 qui
3097 851 3386 923 passionis
3404 852 3532 924 ejus

1841 952 1852 958 ‘
1893 942 2166 1015 mysterio
2197 945 2336 997 sunt
2365 940 2670 1013 redempti,
2705 943 2761 996 et
2793 939 2891 1013 qui
2925 957 3040 996 non
3089 938 3390 996 salvantur
3417 957 3533 996 non

1890 1036 1979 1086 est
2010 1030 2325 1087 voluntatis
2355 1030 2480 1096 Dei,
2513 1030 2682 1102 cujus
2709 1027 2994 1085 voluntati
3026 1045 3198 1085 nemo
3226 1033 3418 1102 potest
3444 1045 3534 1085 re-

1891 1119 2114 1188 sistere,
2149 1119 2384 1192 penitus
2413 1125 2476 1174 ut
2505 1117 2821 1186 solventur,
2843 1117 3105 1190 injustus
3133 1122 3223 1174 est
3250 1117 3404 1174 Deus
3433 1118 3534 1190 qui

1891 1208 2064 1264 infert
2115 1208 2280 1277 iram,
2314 1213 2516 1264 contra
2562 1208 2715 1280 quod
2763 1208 2906 1263 dicit
2952 1207 3265 1280 Apostolus
3299 1224 3311 1262 :
3343 1206 3530 1264 Absit.

1891 1297 2196 1366 Quoniam,
2231 1301 2292 1353 ut
2319 1297 2588 1353 catholici
2623 1298 2880 1354 fatentur
2908 1295 3197 1370 magistri,
3227 1299 3319 1352 est
3346 1296 3538 1370 gratia

1890 1386 1990 1442 Dei
2023 1386 2214 1443 salvos
2243 1387 2578 1454 faciendi,et
2607 1391 2696 1443 est
2719 1386 2968 1442 liberum
2999 1386 3307 1442 arbitrium
3337 1385 3536 1442 volun-

1889 1475 2033 1532 tarie
2065 1477 2180 1532 Deo
2211 1475 2580 1532 sacriﬁcandi
2613 1492 2626 1530 :
2659 1479 2716 1531 et
2746 1492 2916 1532 nemo
2947 1475 3168 1531 invitus
3193 1475 3341 1531 bene
3370 1473 3530 1541 facit,

1889 1564 2068 1620 etiam
2099 1563 2147 1619 si
2180 1565 2400 1620 bonum
2431 1569 2519 1621 est
2546 1565 2702 1637 quod
2736 1564 2890 1634 facit,
2927 1564 3068 1636 quia
3117 1563 3264 1619 nihil
3294 1564 3534 1636 prodest

1890 1652 2132 1726 spiritus
2162 1653 2392 1710 timoris
2415 1654 2514 1710 ubi
2539 1671 2654 1710 non
2685 1659 2776 1710 est
2793 1653 3036 1726 spiritus
3057 1653 3535 1721 charitatis.Qua-

1888 1747 2126 1815 prepter
2153 1743 2438 1799 catholica
2467 1742 2726 1800 Ecclesia
2756 1746 2952 1799 cantat
2998 1743 3246 1798 Domino
3296 1739 3532 1797 miseri-

1889 1829 2145 1885 cordiam
2177 1835 2235 1886 et
2255 1831 2566 1903 judicium,
2600 1831 2702 1904 qui
2761 1849 2877 1888 non
2931 1830 3088 1886 venit
3137 1835 3203 1886 ut
3235 1829 3532 1903 judicaret

1887 1921 2307 1989 mundum,sed
2341 1924 2406 1976 ut
2433 1919 2753 1977 salvaretur
2781 1921 3042 1977 mundus
3067 1937 3170 1992 per
3196 1918 3527 1991 ipsum.Ve-

1885 2009 2004 2064 niet
2035 2009 2413 2076 autem,sicut
2439 2010 2500 2065 in
2531 2009 2796 2084 symbolo
2827 2009 3231 2076 confitetur,ad
3253 2008 3526 2080 judican-

1885 2097 1990 2153 dos
2019 2099 2178 2153 vivos
2207 2103 2265 2154 et
2295 2103 2578 2156 mortuos.
2604 2099 2662 2155 Si
2693 2115 2850 2172 ergo,
2875 2102 2941 2154 ut
2967 2097 3332 2170 Augustinus
3363 2095 3527 2163 dicit,

1885 2203 1999 2242 non
2033 2192 2120 2242 est
2151 2188 2250 2244 Dei
2283 2187 2792 2260 gratia,quemodo
2831 2187 3018 2244 salvat
3046 2181 3377 2241 mundum?
3397 2189 3456 2240 et
3476 2184 3528 2242 si

1884 2293 1998 2330 non
2031 2281 2119 2332 est
2147 2276 2397 2332 liberum
2427 2276 2758 2345 arbitrium,
2781 2277 3074 2348 quomodo
3097 2273 3326 2348 judicat
3357 2290 3527 2329 mun-

1884 2365 2057 2420 dum?
2071 2365 2286 2422 Passus
2318 2369 2406 2422 est
2435 2365 2618 2438 igitur
2643 2365 2928 2422 Dominus
2959 2381 3062 2438 pro
3092 2361 3531 2431 omnibus,licet

1883 2472 2000 2510 non
2031 2472 2236 2511 omnes
2261 2455 2553 2528 passionis
2569 2456 2698 2528 ejus
2723 2453 2998 2526 mysterio
3015 2453 3134 2510 sint
3154 2449 3532 2523 redompti,ut

1883 2543 2077 2600 omnis
2109 2545 2208 2616 qui
2241 2543 2424 2600 credit
2455 2545 2513 2599 in
2547 2545 2741 2616 ipsum
2774 2561 2889 2600 non
2934 2545 3151 2616 pereat,
3185 2541 3284 2597 sed
3315 2539 3529 2596 habeat

1881 2632 2060 2688 vitain
2093 2639 2392 2702 aeternam,
2423 2635 2495 2690 ad
2544 2651 2723 2706 quam
2769 2633 2977 2688 invitat
3017 2647 3242 2696 omnes,
3275 2629 3476 2684 dicens
3508 2643 3522 2682 :

1886 2721 2094 2780 Venite
2121 2725 2202 2780 ad
2223 2740 2313 2780 me
2333 2733 2607 2791 omnes,et
2631 2721 2932 2780 invenietis
2946 2720 3200 2794 requiem
3217 2718 3526 2774 animabus

1883 2815 2084 2868 vestris
2113 2812 2544 2881 (Mattlt.x1,29),
2565 2816 2622 2867 et
2651 2810 2774 2866 vult
2802 2826 3008 2866 omnes
3037 2808 3304 2866 hormines
3334 2803 3524 2863 salvos

1885 2899 2142 2974 ﬁeri,qui
2174 2901 2468 2957 neminem
2499 2899 2621 2956 vult
2651 2899 3000 2972 perire,lieet
3029 2915 3143 2954 non
3174 2913 3380 2953 omnes
3407 2893 3522 2952 sal-

1881 2991 2275 3056 vontur.Quod
2305 2993 2499 3045 autem
2533 2989 2772 3062 quidam
2801 2987 3120 3054 salvantur,
3137 2983 3414 3042 salvantis
3435 2986 3526 3040 est

1882 3077 1994 3132 don
2006 3095 2102 3133 um
2127 3094 2139 3132 :
2163 3081 2317 3150 quod
2349 3095 2482 3134 vero
2500 3077 2740 3151 quidam
2773 3071 3412 3149 percunt,pereuntium
3433 3074 3524 3128 cst

1883 3166 2327 3240 meritum,quia
2355 3167 2561 3240 perivit
2587 3167 2771 3222 Adam
2801 3170 2860 3222 et
2891 3165 2950 3220 in
2981 3164 3108 3236 ipso
3138 3178 3342 3218 omnes
3374 3161 3524 3234 peri-

1879 3255 2092 3312 vimus.
2125 3257 2206 3312 De
2229 3273 2345 3329 qua
2367 3274 2562 3313 massa
2582 3254 2924 3328 perditionis
2951 3251 3191 3326 quidam
3209 3251 3398 3325 gratia
3417 3249 3519 3306 eli-

141 3341 420 3400 absolvere
473 3359 594 3398 non
642 3344 996 3416 redemptos,
1029 3361 1176 3416 quos
1222 3362 1326 3417 pro
1375 3345 1772 3418 redemptione
1805 3329 1846 3396 C
1882 3349 2104 3418 guntur
2132 3347 2202 3402 ad
2235 3345 2431 3412 vitam,
2454 3345 2692 3419 quidam
2721 3343 2779 3399 in
2811 3341 3118 3414 eajudicio
3151 3331 3518 3408 deseruntur,

143 3435 463 3507 contempta
511 3437 742 3488 constat
788 3449 917 3489 esse
968 3433 1317 3505 puniendos,
1351 3433 1504 3489 sicut
1533 3438 1773 3492 sanctus

135 3520 482 3595 Augustinus
510 3520 571 3576 in
603 3538 873 3577 somnne
905 3522 976 3578 de
1005 3521 1279 3595 Symbolo
1328 3523 1399 3577 ad
1450 3523 1770 3596 neophytos

134 3624 190 3664 ex
210 3599 522 3686 Evangelia
553 3609 697 3666 dicit
724 3627 738 3666 :
775 3611 956 3667 Veniet
990 3611 1143 3676 hora,
1174 3611 1388 3683 quando
1433 3629 1618 3668 omnes
1670 3615 1766 3685 qui

131 3709 244 3757 sunt
268 3703 326 3756 in
349 3701 729 3758 monumentis
755 3700 981 3757 audient
1005 3717 1184 3756 vocem
1220 3703 1357 3774 ejus,
1390 3708 1441 3756 et
1481 3702 1772 3774 precedent

133 3791 215 3860 qui
239 3790 364 3847 bene
391 3793 648 3863 fecerunt
677 3791 737 3846 in
780 3793 1234 3846 resurrectionem
1281 3792 1412 3846 vitae
1429 3811 1449 3858 ;
1479 3792 1576 3864 qui
1621 3791 1768 3846 mala

129 3887 354 3947 egerunt,
394 3883 462 3934 in
509 3880 963 3934 resurrectionem
993 3879 1204 3952 judicii
1250 3881 1426 3949 (Joan.
1460 3897 1514 3947 ν,
1546 3879 1636 3952 28)
1664 3897 1676 3947 ;
1709 3884 1768 3934 et

131 3964 198 4020 illi
225 3967 588 4025 videbuntin
607 3969 796 4023 forma
812 3967 1072 4022 hominis
1096 3967 1150 4022 in
1171 3984 1346 4040 quem
1370 3968 1762 4036 crediderunt,

129 4059 178 4109 et
219 4055 297 4112 illi
347 4075 529 4131 quem
580 4061 1108 4128 contempserunt:
1157 4058 1402 4112 formam
1459 4074 1594 4112 vero
1646 4056 1763 4128 Dei,

130 4157 228 4214 qua
253 4145 502 4219 {aqualis
533 4151 622 4201 est
649 4145 822 4214 Patri,
845 4145 1010 4218 impii
1041 4163 1155 4201 non
1185 4145 1485 4200 videbunt.
1503 4146 1766 4202 Tolletur

129 4231 263 4290 enim
291 4235 538 4309 impius,
563 4249 637 4290 ne
665 4234 859 4312 videat
887 4233 1211 4290 claritatem
1243 4234 1497 4304 Domini,
1521 4238 1579 4290 et
1609 4235 1764 4292 beati

129 4324 552 4392 mundicordes,
577 4322 988 4396 quoniamipsi
1017 4324 1200 4379 Deum
1219 4323 1516 4379 videbunt.
1551 4325 1621 4380 Et
1651 4325 1761 4380 Do-

128 4411 305 4469 minus
332 4412 480 4470 dicit
504 4429 520 4468 :
551 4411 854 4470 Praedicate
881 4413 1242 4483 Evangelium
1269 4414 1426 4468 omni
1469 4421 1757 4482 creatures,

127 4497 176 4555 id
201 4506 286 4558 est
322 4501 490 4558 omni
548 4501 773 4556 homini
809 4518 822 4557 :
870 4501 976 4570 Qui
1021 4501 1312 4558 crediderit
1359 4509 1410 4557 et
1457 4503 1760 4574 baptizatus

123 4587 280 4660 fuerit
303 4593 498 4648 salvus
525 4592 653 4660 erit,
686 4591 785 4664 qui
821 4607 944 4646 vero
975 4607 1081 4646 non
1112 4590 1406 4657 crediderit
1431 4591 1760 4647 condemna-

1880 3437 1938 3490 et
1967 3452 2082 3490 non
2113 3453 2148 3490 a
2176 3435 2291 3492 Deo
2322 3436 2813 3508 praedestinantur
2839 3434 2912 3490 ad
2959 3435 3229 3500 mortem,
3263 3429 3362 3502 qui
3405 3445 3521 3484 non

1877 3523 2001 3578 vult
2031 3529 2278 3580 mortem
2309 3523 2646 3596 peccatoris,
2664 3524 2766 3580 sed
2798 3527 2863 3578 ut
2891 3517 3258 3578 convertatur
3285 3522 3343 3576 et
3370 3517 3526 3573 vivat

1881 3614 2108 3682 (Ezec/t.
2130 3631 2286 3682 xvm,
2306 3617 2418 3684 23).
2446 3615 2574 3688 Ipse
2605 3618 2693 3670 est
2722 3613 2878 3670 enim
2911 3613 3263 3668 resurrectio
3283 3615 3339 3666 et
3370 3609 3518 3679 vita,

1876 3708 1932 3756 et
1963 3703 2063 3775 qui
2089 3704 2274 3758 credit
2309 3705 2365 3759 in
2396 3720 2552 3770 cum,
2576 3704 2820 3758 etiamsi
2845 3711 3108 3757 mortuus
3131 3699 3314 3772 fuerit
3346 3699 3517 3768 vivet,

1875 3797 1932 3847 et
1963 3794 2063 3864 qui
2078 3793 2218 3847 eieil
2232 3798 2284 3847 et
2297 3793 2482 3848 credit
2507 3793 2567 3847 in
2579 3808 2713 3847 eum
2726 3807 2839 3847 non
2855 3789 3136 3847 morietur
3157 3789 3216 3844 in
3235 3791 3518 3845 mternum

1874 3883 2072 3949 (Joan.
2105 3898 2180 3947 x1,
2215 3882 2303 3947 25,
2335 3883 2449 3949 26),
2484 3879 2602 3935 vita
2630 3879 2828 3934 vivens
2853 3895 2922 3934 ex
2951 3895 3100 3950 pane
3131 3877 3278 3943 vivo,
3313 3874 3414 3946 qui
3447 3875 3518 3930 de

1875 3969 2017 4024 ccelo
2048 3967 2439 4036 descendit,et
2465 3968 2566 4022 dat
2594 3967 2772 4022 vitam
2805 3966 3046 4036 mundo,
3062 3981 3236 4037 quem
3268 3963 3428 4018 dedit
3455 3961 3517 4017 in

1874 4075 2043 4112 cruce
2076 4075 2179 4130 pro
2209 4057 2484 4112 omnibus
2515 4053 3054 4124 redimendis,sicut
3082 4053 3208 4126 ipse
3237 4051 3414 4108 dicit:
3440 4053 3518 4106 Et

1867 4147 2042 4218 panis
2070 4163 2237 4220 quem
2265 4162 2373 4219 ego
2403 4145 2621 4202 dedero
2651 4161 2790 4201 curo
2821 4161 2948 4200 mea
2973 4152 3054 4199 est
3085 4159 3194 4212 pro
3213 4140 3410 4196 nmndi
3437 4142 3522 4197 vi-

1871 4241 1938 4292 ta
1967 4238 2162 4304 (Joan.
2196 4253 2273 4304 γι,
2303 4235 2414 4304 25).
2448 4235 2530 4290 Ad
2563 4235 2736 4306 cujus
2773 4250 2940 4288 esum
2971 4249 3176 4288 omnes
3208 4229 3520 4308 Psalmista

1871 4325 2077 4380 invitat
2107 4324 2307 4380 dicens
2341 4341 2353 4380 :
2392 4325 2668 4381 decedite
2699 4323 2785 4380 ad
2808 4339 2958 4392 eum,
2986 4327 3041 4376 et
3073 4317 3518 4386 ittaminamini,

1869 4420 1926 4470 el
1971 4414 2172 4470 cultus
2217 4413 2392 4470 vestri
2436 4429 2550 4469 non
2598 4414 2925 4469 erubesecnt
2976 4409 3158 4480 (Psal.
3193 4425 3386 4477 χχχιιι,
3417 4409 3514 4477 6);

1871 4509 1928 4559 et
1961 4521 1972 4558 :
2007 4509 2242 4560 Gustare
2270 4508 2325 4557 et
2379 4502 2562 4558 ridete
2601 4519 2778 4576 quam.
2820 4500 3013 4557 suavis
3063 4507 3148 4555 est
3193 4497 3466 4553 Dominus
3499 4513 3512 4552 :

1871 4593 2080 4648 beatus
2127 4593 2217 4648 εἰν
2258 4593 2356 4665 qui
2396 4597 2598 4661 sperat
2648 4593 2712 4648 in
2759 4607 2825 4648 eo
2874 4589 3059 4661 (ibid,
3089 4589 3166 4660 9).
3200 4588 3270 4643 Et
3298 4587 3369 4642 de
3399 4603 3538 4658 quo-

125 4677 255 4766 bitur
298 4680 491 4750 (Marc.
522 4697 638 4748 xw,
675 4679 761 4748 15,
798 4680 908 4749 16).
954 4681 1023 4735 Et
1056 4696 1069 4734 :
1121 4680 1228 4748 Qui
1271 4696 1383 4736 non
1431 4680 1603 4736 credit
1637 4683 1761 4754 jam
1790 4702 1837 4766 Β
1868 4681 2081 4738 iterum
2115 4682 2254 4738 item
2286 4682 2428 4737 dicit
2461 4697 2472 4736 :
2501 4681 2620 4752 Qui
2651 4678 3020 4753 seelongant
3069 4695 3106 4733 α
3135 4683 3209 4766 te,
3239 4677 3513 4766 periount

115 4765 371 4836 judicatus
400 4769 644 4843 esgquia
669 4785 777 4824 non
827 4768 1060 4825 credidit
1105 4770 1166 4824 in
1211 4771 1436 4826 nomine
1481 4771 1765 4839 unigeniti

122 4855 236 4913 Filii
263 4862 384 4916 Dei.
417 4861 528 4916 Hoc
569 4866 653 4914 est
695 4866 876 4914 autem
893 4857 1193 4932 judicium,
1224 4860 1356 4932 quia
1387 4849 1487 4914 tua:
1515 4861 1664 4916 vertit
1692 4862 1754 4916 in

122 4947 390 5018 mundum,
424 4956 478 5005 et
503 4947 817 5004 dilexerunt
845 4948 1090 5003 homines
1113 4950 1294 5017 magis
1323 4951 1570 5004 tenebras
1593 4965 1758 5021 quam

122 5033 278 5092 lucem
303 5056 322 5093 :
354 5045 517 5096 erant
543 5039 694 5094 enim
719 5053 910 5094 eorum
934 5037 1085 5092 nuda
1125 5053 1287 5109 opera
1318 5041 1500 5106 (Joan.
1536 5056 1617 5108 ιιι,
1667 5039 1752 5108 18,

125 5122 216 5196 19).
246 5127 363 5183 Et:
417 5129 563 5185 Cum
611 5129 820 5183 venerit
867 5127 964 5182 ille
1009 5127 1240 5198 spiritus
1288 5127 1438 5184 285
1489 5129 1754 5194 veritatis,

123 5213 206 5269 ille
229 5225 424 5286 arguet
448 5216 740 5284 mundum,
774 5216 832 5271 id
861 5221 954 5273 est
981 5215 1340 5274 habitatores
1369 5221 1427 5272 et
1465 5221 1756 5274 amatores

125 5303 330 5374 mundi,
381 5305 448 5363 de
473 5312 710 5379 peccato,
746 5308 878 5378 quia
922 5323 1036 5362 non
1079 5306 1308 5362 credunt
1355 5308 1414 5362 in
1459 5323 1546 5362 me
1572 5311 1758 5378 (Joan-

118 5405 218 5460 XVI,
246 5394 322 5467 8).
355 5395 480 5452 Lux
504 5411 658 5452 enim
703 5397 765 5451 in
813 5397 1050 5452 tenebris
1098 5396 1256 5463 lucet,
1291 5403 1342 5452 et
1371 5397 1614 5454 teneone
1640 5415 1757 5454 eam

115 5495 212 5535 non
255 5485 781 5555 comprehenderunt
829 5486 1010 5556 (Joan.
1060 5503 1098 5552 ι,
1131 5487 1232 5553 5);
1287 5502 1400 5540 non
1454 5485 1590 5559 quia
1643 5505 1756 5542 non

120 5574 547 5644 potuerunt,sed
570 5574 710 5648 quia
729 5574 1064 5630 noluerunt.
1085 5575 1309 5630 Nam-et
1331 5576 1579 5631 tenebrae
1602 5593 1756 5632 rece-

119 5666 334 5732 perunt,
367 5665 585 5736 quibus
615 5664 833 5721 dicitur
865 5681 877 5720 :
911 5666 1112 5722 Fuistis
1153 5665 1451 5738 aliquando
1497 5665 1751 5735 tenebrae,

122 5763 256 5806 nunc
300 5761 480 5810 autem
527 5755 630 5811 tuac
669 5756 728 5811 in
775 5755 1004 5811 Domino
1043 5755 1255 5826 (Ephes.
1288 5773 1344 5820 v,
1375 5755 1468 5826 8);
1503 5761 1754 5827 quotquot

1872 4774 2052 4840 (Psat.
2086 4788 2254 4837 mxn,
2285 4774 2378 4840 27)
2413 4788 2426 4826 :
2459 4771 2736 4844 quoniam
2768 4772 2834 4825 ut
2865 4769 2991 4842 ipse
3022 4765 3307 4824 Dominus
3337 4763 3510 4819 dicit:

1865 4863 1984 4932 Qui
2010 4879 2124 4916 non
2154 4861 2501 4931 crediderit,
2531 4857 2800 4914 videlicet
2829 4858 2889 4913 in
2922 4855 3274 4930 promissam
3321 4855 3378 4907 et
3407 4867 3512 4922 pa—

1865 4953 2054 5005 ratam
2103 4949 2378 5005 omnibus
2431 4949 2704 5016 salutem,
2757 4943 3248 5003 condemnabitur
3293 4943 3508 5008 (Marc.

1863 5055 1978 5108 xvr,
2014 5038 2099 5112 16)
2127 5055 2142 5106 ;
2173 5042 2228 5094 et
2261 5037 2496 5105 Paulus,
2531 5038 2648 5092 imo
2681 5054 2784 5109 per
2811 5052 2947 5092 cum
2978 5033 3102 5105 ipse
3133 5029 3420 5091 Christus,
3445 5042 3514 5115 ea

1865 5131 2094 5184 tantum
2140 5127 2252 5182 [ide
2283 5145 2410 5199 quae
2439 5143 2540 5200 per
2571 5125 2940 5181 dilectionem
2967 5123 3242 5194 operatur
3270 5116 3509 5172 creden-

1864 5223 1953 5272 tes
2001 5215 2209 5272 salvari
2257 5215 2417 5284 dicit,
2450 5216 2578 5286 ejus
2631 5210 2962 5286 coapostolo
3011 5209 3357 5274 affirmante,
3392 5222 3510 5261 non

1870 5307 2146 5377 prodesse
2175 5306 2372 5370 ﬁdem,
2405 5304 2452 5360 si
2483 5320 2658 5376 Opera
2687 5302 2937 5374 quisque
2966 5315 3080 5352 non
3114 5296 3344 5351 habeat.

1941 5396 2093 5453 286
2123 5395 2252 5450 Noti
2281 5395 2436 5450 enim
2491 5395 2631 5448 sunt
2679 5409 2780 5463 per
2833 5387 3170 5444 universum
3220 5385 3509 5442 mundum

1867 5489 2043 5557 atque
2074 5485 2367 5538 manifesti
2399 5499 2648 5554 quorum
2688 5477 2950 5549 exempla
2998 5475 3326 5549 posuimus,
3359 5493 3507 5548 quos

1865 5574 2208 5647 singillatim
2241 5591 2308 5628 ex
2357 5569 2590 5626 nomine
2639 5567 3096 5649 designavimus,
3137 5583 3506 5640 quorumque
3555 5584 3566 5595 ·

1865 5662 2139 5718 doctrinae
2186 5660 2512 5726 innitimur,
2546 5675 2580 5712 a
2610 5675 2862 5730 quorum
2911 5658 3178 5715 doctrina
3223 5662 3281 5714 et
3329 5674 3504 5714 sensu

1865 5755 2200 5826 quicunque
2224 5750 2516 5808 discordat
2546 5748 2698 5805 inter
2713 5748 3030 5807 catholicos
3063 5749 3356 5807 numerari
3388 5765 3504 5806 non
