4020 6472
836 452 940 511 DE
982 450 1743 515 PRIEDESTINATIONE
1785 452 2303 519 DlSSERTATlO
2349 454 2811 524 POSTEHIOR.

3424 474 3549 536 35'4

150 582 611 640 vinciis‘sanctus
625 570 880 640 Hilarius
895 587 953 639 et
968 576 1330 658 Prosper,ita
1344 590 1411 641 ut
1424 580 1793 659 seripsimus,
1824 590 1878 656 Α
1913 608 1940 638 ‹‹
1970 586 2287 645 Donatista:
2336 593 2491 664 apud
2522 610 2585 650 se
2614 599 2847 652 tantum
2878 599 2935 653 in
2965 600 3157 657 Africa
3200 604 3546 663 catholicam

152 674 491 729 docuemnt.
519 672 583 728 I-n
614 689 716 729 sex
735 673 1054 745 provinciis
1084 674 1283 730 Africae
1312 675 1636 748 Cyprianus
1666 676 1798 731 Car-

160 752 518 835 thaginensis
547 761 1046 835 archiepiscopus,
1076 767 1134 818 et
1163 768 1403 820 sanctus
1430 765 1797 838 Augustinus

152 849 697 924 Hipponeregiensis
717 850 1027 924 episcopus
1047 852 1133 907 sic
1148 852 1429 909 catholice
1446 854 1790 909 docuerunt.

150 941 418 1012 idemque
450 940 659 995 beatus
687 940 1054 1013 Augustinus
1074 941 1319 997 antidoti
1349 942 1791 1011 confectionem,

148 1030 217 1086 ad
235 1029 384 1085 hanc
405 1031 475 1085 et
488 1028 634 1085 alias
656 1017 881 1085 multas
909 1029 1280 1087 inﬁrmitates
1301 1031 1546 1087 miriﬁce
1578 1033 1792 1088 facien-

148 1122 276 1186 tem,
291 1117 414 1173 'hoc
442 1118 654 1174 morbo
685 1117 972 1175 in-Galliis
997 1117 1405 1176 laborantibus
1429 1121 1585 1177 circa
1613 1122 1790 1177 ﬁnem

149 1207 363 1263 dierum
380 1224 630 1263 suorum
645 1206 996 1265 transmisit.
1011 1208 1301 1282 Hispaniae
1315 1227 1549 1282 quoque
1566 1215 1790 1283 septem

146 1294 445 1370 provinciae
479 1296 590 1352 hac
618 1296 886 1352 doctrina
908 1296 1198 1354 catholica
1226 1314 1329 1370 per
1347 1305 1619 1355 sanctum
1642 1299 1798 1355 Hila'

144 1385 282 1442 rium
308 1390 377 1442 et
400 1385 752 1458 Prosperum
775 1386 1079 1443 illustratae
1097 1387 1354 1444 fuerunt.
1380 1389 1443 1444 In
1473 1389 1789 1461 provinciis

145 1474 328 1531 decem
364 1480 424 1532 et
464 1483 672 1532 nevem
720 1475 956 1549 Illyrici,
990 1476 1154 1533 Pauli
1203 1477 1613 1550 praedicatione
1660 1480 1788 1534 fun-

146 1564 300 1634 datis,
325 1569 386 1622 et
407 1580 511 1621 sex
532 1563 845 1637 provinciis
874 1566 1156 1637 Thraciae,
1178 1567 1238 1621 in
1261 1583 1378 1639 qua
1395 1571 1486 1623 est
1505 1568 1785 1624 Constan-

142 1653 433 1727 tinopolis,
458 1670 641 1727 quam
666 1655 982 1729 Gregorius
1010 1656 1435 1724 Nazianzenus,
1464 1658 1554 1713 vir
1580 1658 1640 1712 in
1672 1658 1787 1714 ﬁde

142 1749 191 1799 et
210 1743 490 1800 doctrina
514 1742 982 1817 opinatissimus,
1007 1761 1112 1818 per
1131 1745 1440 1802 duodecim
1467 1763 1651 1803 annos
1671 1747 1786 1819 epi-

143 1832 445 1906 scopaliter
471 1833 646 1904 rexit,
675 1832 1080 1891 haereticorum
1125 1835 1320 1908 capita
1347 1835 1780 1909 oonquassavit,

141 1938 339 1996 eosque
373 1923 666 1979 novacula
688 1922 902 1995 linguae
933 1923 1231 1980 catholicae
1264 1941 1299 1980 a
1326 1925 1639 1998 provinciis
1668 1926 1781 1982 eis-

140 2011 257 2067 dem
285 2013 494 2070 erasit.
519 2011 740 2068 Verum
771 2018 829 2068 et
857 2012 1171 2085 Dionysius
1198 2013 1594 2088 Areopagites,
1629 2014 1780 2069 anti-

140 2117 273 2172 quus
292 2106 355 2157 et
375 2100 732 2157 venerabilis
758 2101 944 2170 Pater,
970 2090 1121 2157 sicut
1152 2102 1519 2175 scripsimus,
1543 2107 1780 2179 aposto-

138 2187 232 2244 lice
252 2190 483 2259 docuit,
508 2193 567 2245 et
593 2190 850 2248 Joannes
871 2190 1322 2264 Chrysostomus
1353 2191 1433 2247 ita
1455 2196 1521 2246 ut
1539 2192 1666 2263 ejus
1689 2193 1781 2247 de-

134 2276 344 2335 clarant
376 2278 723 2335 testimonia
750 2279 1101 2353 praedicavit.
1126 2280 1188 2336 In
1217 2281 1524 2337 duodecim
1556 2281 1782 2354 provin-

135 2368 228 2425 ciis
262 2369 440 2439 Asiae,
478 2368 636 2426 sicut
681 2368 808 2442 ipse
854 2370 1110 2426 Joannes
1155 2369 1606 2443 Chrysostomus
1655 2370 1778 2426 suis

134 2458 355 2531 scriptis
388 2458 780 2531 demonstrat,
802 2459 965 2514 exsul
996 2458 1247 2515 factione
1285 2458 1692 2515 haereticorum
1722 2463 1780 2515 et

133 2549 519 2619 quorumdam
569 2548 747 2603 etiam
795 2548 993 2615 livore,
1026 2548 1109 2604 ita
1141 2549 1463 2620 perdocuit.
1500 2550 1562 2604 In
1613 2549 1779 2620 Syria

131 2634 345 2705 Ciliciae,
376 2635 440 2692 in
466 2654 583 2709 qua
603 2642 693 2692 est
714 2636 1037 2703 Antiochia,
1065 2636 1379 2708 provinciis
1398 2636 1665 2692 videlicet
1686 2637 1779 2691 de-

131 2742 239 2781 cem
278 2743 559 2792 numero,
589 2725 779 2781 isdem
820 2727 1075 2781 Joannes
1102 2725 1576 2797 Chrysostomus,
1608 2731 1776 2781 antc-

130 2831 286 2886 quam
309 2816 391 2871 ab
413 2815 744 2882 Antiochia,
771 2819 835 2870 ut
866 2815 1171 2871 Liberatus
1192 2814 1563 2888 Carthaginis
1590 2814 1775 2869 archi-

128 2890 665 2973 diaconus'scribit,
698 2908 1044 2977 assumptus
1086 2903 1588 2974 Constantinopoli
1619 2903 1773 2958 ordi-

128 2998 351 3051 naretur
386 2994 726 3067 episcopus,
748 2992 830 3049 ita
859 2993 1287 3067 dogmatizasse
1315 2994 1615 3065 probatur.
1640 2993 1777 3047 Bea-

124 3088 206 3139 tus
233 3099 479 3157 quoque
511 3083 904 3156 Hieronymus
931 3082 993 3137 in
1019 3082 1187 3155 Syria
1216 3082 1541 3149 Palmstina,
1566 3082 1627 3137 in
1658 3099 1776 3154 qua

124 3179 199 3228 est
224 3170 565 3230 Jerusalem
594 3171 800 3228 civitas
838 3177 896 3228 et
941 3171 1236 3228 Bethleem
1286 3169 1588 3243 oppidum,
1621 3172 1775 3227 sicut

124 3263 300 3335 posita
320 3281 356 3320 a
374 3262 559 3320 nobis
576 3262 706 3334 ejus
729 3260 1066 3317 testimonia
1082 3259 1400 3327 declarant,
1419 3259 1502 3315 ita
1517 3260 1775 3316 sensisse

1905 679 2259 735 remansisse
2287 680 2690 752 gloriabantur
2718 684 3055 756 Ecclesiam,
3091 690 3236 747 falso
3264 692 3416 750 inter
3444 712 3548 751 cae-

1906 770 2029 822 tera
2058 768 2371 841 Scriptura:
2413 771 2698 829 donantes
2742 775 3072 847 exemplum
3123 796 3237 851 quo
3282 781 3539 841 dicitur:

1900 857 2041 911 Deus
2070 858 2139 912 ab
2168 857 2349 929 Africo
2396 863 2589 929 veniet,
2614 870 2666 919 et
2690 872 2908 920 sanctus
2950 865 3015 921 de
3060 877 3238 925 monte
3280 872 3543 931 condenso

1900 952 1952 1001 et
1998 947 2247 1003 umbroso
2279 947 2431 1019 (Hab.
2454 966 2536 1018 ιιι,
2560 950 2636 1021 3).
2662 972 2690 1001 ››
2717 955 2975 1017 Quorum
3022 956 3339 1014 falsitatem
3387 960 3542 1018 idem

1900 1034 2109 1091 beatus
2126 1037 2492 1109 Augustinus
2514 1039 2883 1110 apertissime
2903 1044 3240 1113 denudavit,
3262 1051 3320 1102 et
3348 1058 3542 1121 repro-

1900 1122 2079 1191 bavit,
2112 1129 2287 1197 atque
2317 1127 2537 1182 revicit.
2569 1129 2715 1184 Nam
2756 1130 2805 1185 si
2845 1131 3042 1203 plures
3072 1150 3251 1205 quam
3290 1135 3542 1195 diximus

1900 1229 2146 1269 numero
2177 1215 2440 1272 moderni
2469 1216 2719 1273 existant
2747 1219 3267 1293 Praedestin'atiani,
3290 1227 3543 1284 necdum

1898 1317 2246 1373 cognoscere
2274 1320 2627 1375 possumus:
2654 1308 2793 1379 quia
2810 1309 2921 1365 etsi
2941 1327 3142 1366 eorum
3165 1314 3341 1370 corda
3360 1313 3421 1371 in
3452 1315 3543 1372 in-

1896 1389 2124 1446 saniam
2155 1393 2409 1464 perversi
2431 1410 2640 1452 sensus
2658 1395 2974 1465 ebulliunt,
2998 1416 3176 1472 prava
3194 1405 3391 1459 tamen
3413 1414 3540 1476 quas

1888 1478 2159 1535 sentiunt
2206 1480 2465 1554 apertius
2513 1482 2707 1557 eloqui
2754 1502 2872 1542 non
2933 1494 3313 1560 praesumunt.
3348 1492 3433 1549 Ita
3477 1497 3542 1550 ut

1896 1572 2092 1640 aperte
2120 1570 2423 1627 videamus
2460 1572 2692 1645 impleri
2723 1576 2878 1646 quod
2909 1576 3193 1649 scriptum
3224 1583 3313 1635 est
3342 1598 3356 1635 :
3392 1583 3538 1639 Con-

1892 1674 2120 1729 gregans
2160 1662 2309 1716 sicut
2358 1662 2420 1716 in
2467 1670 2589 1719 utre
2641 1680 2813 1736 aquas
2864 1669 3041 1723 maris
3069 1666 3536 1744 (Psal.xxxn,7).

1890 1748 2057 1817 Aqua
2100 1746 2256 1802 enim
2313 1748 2494 1805 maris
2548 1750 2704 1806 sicut
2752 1752 2811 1807 in
2867 1756 2995 1809 utre
3051 1762 3400 1830 congregata
3426 1763 3534 1827 est,

1890 1836 2127 1906 quando
2176 1853 2379 1893 amara
2423 1838 2830 1896 haereticorum
2878 1842 3124 1899 scientia
3160 1846 3315 1916 quod
3363 1854 3536 1918 prave

1892 1921 2071 1978 sentit
2099 1924 2158 1978 in
2190 1929 2420 1997 pectore
2461 1928 2815 2000 comprimit,
2849 1934 2909 1986 et
2934 1936 3130 2003 aperte
3181 1933 3371 1991 dicere
3418 1952 3534 1993 non

1890 2013 2212 2084 praesumit.
2246 2015 2314 2070 Et
2352 2019 2504 2071 recte
2543 2017 2766 2073 noviter
2793 2018 3137 2091 garrientes,
3162 2026 3227 2078 ut
3255 2023 3532 2094 diximus,

1889 2105 2178 2172 quantum
2217 2118 2566 2175 cognoscere
2612 2123 2948 2178 possumus,
2980 2108 3041 2165 in
3071 2112 3379 2168 novenario
3424 2130 3534 2169 nu-

1891 2204 2051 2244 mero
2085 2197 2410 2260 remanent,
2442 2198 2499 2249 et
2528 2194 2599 2249 ad
2632 2194 2925 2251 decimum
2974 2214 3091 2253 non
3142 2200 3487 2271 perveniunt
3517 2217 3531 2258 :

1889 2277 2060 2333 sicuti
2083 2284 2140 2334 et
2161 2296 2367 2336 novem
2398 2281 2633 2354 leprosi,
2659 2284 2779 2356 qui,
2797 2302 2912 2341 uno
2933 2287 3005 2341 ad
3035 2287 3256 2359 gratias
3282 2290 3533 2346 referens

1887 2368 1993 2422 das
2022 2385 2270 2435 reverso,
2306 2370 2518 2442 ingrati
2554 2370 2795 2430 Domino
2826 2382 3232 2433 remanserunt
3262 2395 3275 2435 :
3311 2378 3451 2451 quia
3479 2385 3535 2437 et

1887 2456 1986 2512 isti
2003 2457 2076 2512 ab
2097 2458 2320 2515 unitate
2336 2458 2605 2516 Ecclesiae
2621 2460 2679 2516 in
2697 2463 2811 2519 ﬁde
2827 2463 3117 2521 catholica
3133 2474 3531 2539 permanente,

1886 2546 2238 2617 paucitatem
2271 2564 2389 2602 suae
2418 2548 2660 2606 vilitatis
2690 2557 3084 2625 segregantes,
3112 2555 3162 2610 si
3194 2555 3405 2611 salvari
3436 2575 3532 2614 vo-

1885 2633 2035 2702 lunt,
2059 2636 2131 2690 ad
2182 2635 2464 2692 unitatem
2496 2638 2792 2695 catholica:
2842 2641 2976 2697 ﬁdei
3031 2659 3267 2700 necesse
3319 2650 3409 2702 est
3466 2651 3533 2702 ut

1886 2725 2072 2779 redire
2114 2731 2443 2796 procurent.
2470 2728 2683 2783 Novem
2742 2728 2939 2802 itaque
2985 2731 3250 2806 indigent
3297 2752 3431 2804 uno,
3465 2740 3532 2792 ut

1882 2814 2139 2884 quadam
2165 2815 2406 2871 unitatis
2441 2818 2624 2871 forma
2651 2819 3049 2891 coagulentur,
3075 2826 3133 2877 et
3152 2823 3350 2878 decem
3370 2824 3491 2881 sint
3513 2841 3527 2881 :

1880 2919 2068 2956 unum
2091 2907 2286 2958 autem
2321 2921 2436 2959 non
2457 2905 2542 2960 eis
2572 2906 2796 2978 indiget
2819 2911 2884 2962 ut
2902 2909 3197 2966 custodiat
3220 2911 3525 2969 unitatem.

1885 2990 2077 3045 Unum
2109 2991 2159 3046 si
2191 2992 2442 3047 addatur
2472 2993 2543 3048 ad
2589 3011 2816 3063 novem,
2840 2997 3106 3068 quaedam
3143 2998 3369 3072 efﬁgies
3397 3000 3526 3056 uni-

1883 3079 2022 3134 tatis
2052 3079 2348 3152 impletur,
2365 3098 2480 3154 quo
2500 3082 2567 3138 ﬁt
2592 3085 2756 3139 tanta
2785 3082 3207 3158 conlplexio,ut
3226 3087 3381 3145 ultra
3410 3105 3526 3146 non

1882 3170 2307 3242 progrediatur,
2328 3176 2385 3227 et
2414 3170 2523 3227 hac
2554 3188 2656 3244 per
2684 3172 3034 3230 inﬁnitatem
3066 3177 3295 3233 numeri
3326 3178 3530 3252 regula

1882 3257 2248 3315 custodiatur
2271 3275 2284 3314 :
2309 3276 2344 3315 a
2364 3276 2480 3333 qua
2499 3260 2600 3332 qui
2621 3260 2713 3317 sui
2745 3262 3029 3334 pravitate
3056 3282 3268 3322 sensus
3298 3267 3528 3340 reprobi

128 3357 176 3406 et
204 3353 482 3410 docuisse
512 3351 816 3425 probatur.
840 3351 904 3406 In
928 3349 1094 3405 Ponti
1123 3353 1251 3405 octo
1281 3349 1615 3421 provinciis,
1639 3366 1777 3422 qua-
1807 3335 1848 3402 C
1882 3346 2068 3401 effecti
2091 3348 2436 3404 aconsortio
2468 3349 2712 3405 unitatis
2742 3351 2961 3408 exclusi
2993 3358 3153 3423 sunt,
3187 3355 3247 3410 in
3278 3372 3528 3413 novena-

127 3457 245 3498 rum
270 3460 400 3499 una
430 3445 525 3497 est
547 3439 933 3513 Cappadocia,
960 3438 1210 3496 Basilius
1232 3438 1634 3511 Cappadocus,
1654 3456 1777 3495 ma-

126 3546 263 3603 gnus
293 3536 354 3588 et
383 3529 754 3588 orthodoxus
791 3534 1005 3596 orator,
1038 3528 1118 3584 ita
1147 3527 1428 3583 catholice
1458 3528 1673 3584 docuit.
1708 3528 1771 3583 In

122 3612 380 3695 Egypto,
403 3619 471 3676 in
505 3636 624 3692 qua
653 3623 743 3675 est
777 3617 1144 3688 Alexandria,
1174 3616 1550 3686 Athanasius,
1586 3617 1770 3673 Theo-

120 3708 325 3779 philus,
349 3714 410 3766 et
430 3706 706 3782 Cyrillus,
732 3707 884 3763 sicut
920 3705 1290 3779 scripsimus,
1313 3722 1414 3761 sex
1444 3704 1771 3778 provincias

118 3797 462 3856 docuerunt.
482 3799 547 3855 1n
572 3797 873 3854 Britannia
888 3795 1148 3868 quinque
1169 3794 1597 3869 provinciarum
1618 3795 1772 3851 Beda

116 3890 435 3963 presbyter,
460 3892 528 3944 ut
557 3888 948 3958 ostendimus,
971 3890 1311 3942 sanctarum
1334 3884 1768 3957 Scripturarum

114 3978 463 4034 auctoritate
494 3980 555 4032 et
587 3979 923 4032 sanctorum
961 3974 1195 4030 Patrum
1223 3974 1489 4029 doctrina
1521 3974 1642 4029 haec
1673 3990 1767 4030 ca-

112 4063 319 4123 tholica
348 4069 746 4122 monumenta
778 4063 902 4119 suis
932 4062 1180 4136 posteris
1207 4061 1535 4135 dereliquit.

178 4155 396 4229 Sicque
442 4153 657 4211 talium
708 4152 965 4209 virorum
1012 4150 1442 4225 praedicatione,
1475 4169 1509 4207 a
1536 4150 1767 4207 Christo

115 4240 472 4312 illuminata,
504 4248 565 4301 et
599 4244 673 4299 ab
712 4241 995 4316 apostolis
1032 4242 1296 4310 fundata,
1330 4240 1616 4297 catholica
1645 4245 1766 4298 toto

113 4332 239 4387 orbe
268 4332 497 4389 diffusa
514 4330 774 4387 Ecclesia
794 4329 1171 4397 consistente,
1196 4328 1292 4384 isti
1317 4328 1581 4385 moderni
1611 4330 1766 4385 Prae-

110 4418 623 4493 dcstinatiani,qui
645 4424 933 4492 quantum
955 4417 1169 4474 rescire
1190 4432 1528 4489 possumus,
1552 4416 1763 4473 diversi

110 4509 324 4567 ordinis
358 4514 421 4566 et
447 4508 716 4577 habitus,
740 4507 1100 4580 diversaeque
1130 4504 1531 4579 professionis,
1557 4522 1660 4563 nec
1689 4507 1762 4563 ad

107 4596 399 4656 decimum
432 4612 751 4654 numerum
782 4600 1187 4676 pervenerunt,
1221 4595 1281 4650 in
1312 4594 1501 4651 tribus
1529 4599 1763 4652 tantum

1883 3434 1967 3491 rio
1990 3453 2254 3505 numero,
2274 3437 2387 3493 nisi
2412 3438 2623 3495 reversi
2646 3440 2883 3510 fuerint,
2902 3445 3183 3516 tanquam
3204 3446 3527 3518 imperfecti

1882 3531 2269 3595 remanentes,
2309 3527 2462 3583 inter
2519 3528 2751 3601 ignotos
2806 3530 2867 3586 in
2926 3532 3020 3588 die
3076 3534 3275 3608 magni
3317 3535 3527 3607 judicii

1880 3614 2341 3682 damnabantur,
2380 3617 2597 3689 quibus
2649 3618 2791 3676 dicit
2839 3621 3124 3680 Dominus
3156 3640 3170 3679 :
3201 3624 3390 3682 Nescio
3436 3641 3527 3681 vos

1878 3702 2085 3774 (Matth.
2117 3721 2254 3773 xxv;
2290 3707 2415 3761 Luc.
2446 3707 2591 3779 xm).

1952 3793 2063 3848 Sed
2095 3793 2143 3847 si
2176 3793 2293 3861 isti,
2317 3795 2418 3866 qui
2452 3800 2516 3851 ut
2554 3813 2807 3853 errorem
2848 3816 3023 3855 suum
3055 3792 3339 3869 astruant,
3373 3820 3522 3874 quo-

1879 3883 2151 3937 rumdam
2173 3883 2477 3939 doctorum
2509 3901 2577 3940 ex
2607 3885 2699 3942 his
2721 3904 2868 3958 quos
2899 3889 3247 3945 nominatim
3278 3891 3524 3963 signavi-

1879 3987 2012 4027 mus
2030 3971 2364 4027 testimonia
2385 3975 2706 4045 proferunt,
2722 3976 3070 4033 sententiam
3088 3977 3521 4052 libriApologiaa

1878 4060 2030 4116 beati
2062 4060 2322 4133 Gregorii
2361 4061 2705 4119 Nazianzeni
2736 4063 2984 4121 sollicite
3013 4065 3288 4140 legerent,
3322 4073 3380 4125 et
3409 4069 3522 4126 sibi

1875 4149 2138 4207 studiose
2167 4154 2367 4221 aptare
2403 4157 2694 4221 curarent,
2728 4153 3001 4211 solertius
3030 4160 3091 4212 et
3132 4156 3431 4216 salubrius
3461 4159 3521 4215 in

1874 4237 2122 4295 lectione
2151 4244 2208 4296 et
2237 4239 2520 4310 doctrina,
2552 4245 2729 4314 atque
2755 4243 2959 4300 auditu
2993 4244 3267 4303 doctrina:
3296 4264 3523 4305 eorum-

1876 4328 2009 4384 dcm
2041 4328 2278 4384 Patrum
2305 4331 2673 4401 proﬁcerent,
2706 4348 3026 4406 eorumque
3051 4335 3390 4393 testimonia
3418 4354 3521 4395 au-
3612 4386 3619 4391 .

1872 4417 2171 4475 clientibus
2202 4420 2580 4491 ponderando
2611 4428 3023 4495 proponerent.
3049 4425 3167 4483 Nos
3191 4442 3444 4499 quoque,
3471 4427 3522 4485 si

1871 4505 2036 4561 illam
2067 4507 2268 4563 devote
2298 4509 2594 4565 mentibus
2626 4511 2843 4568 nostris
2871 4513 3267 4587 recondimus,
3290 4521 3349 4571 et
3378 4516 3520 4590 vigi-

1872 4594 2062 4652 lanter
2090 4597 2470 4668 attendimus,
2495 4597 2893 4673 calcatiusque
2922 4601 2982 4658 in
3004 4602 3322 4676 Scripturis
3342 4609 3398 4661 et
3419 4607 3521 4663 do-

108 4688 442 4758 pruvinciis,
468 4691 677 4744 contra
704 4689 1003 4743 tantorum
1025 4685 1352 4741 doctrinam
1373 4684 1525 4741 sicut
1550 4684 1767 4759 legitur
1795 4709 1840 4773 D
1873 4687 2452 4744 ctorumtractatibus
2470 4687 2922 4761 legimus,dente
2934 4691 3187 4765 simplici
3200 4694 3518 4763 ruminare,

106 4792 295 4834 mures
345 4774 579 4851 egressi
630 4776 703 4831 de
750 4773 1013 4832 cavernis
1044 4773 1190 4843 suis,
1222 4780 1281 4830 et
1307 4774 1466 4830 velut
1514 4774 1761 4847 pustulae

102 4862 346 4924 humore
375 4865 555 4923 noxio
577 4864 938 4922 coalescente
959 4865 1031 4921 de
1060 4862 1186 4920 loco
1218 4862 1279 4918 in
1299 4862 1425 4920 loco
1447 4868 1675 4920 scatent
1703 4863 1763 4937 in

102 4969 360 5029 corpore,
392 4959 575 5028 atque
599 4953 761 5010 velut
791 4958 992 5027 putres
1043 4958 1101 5011 et
1148 4957 1430 5026 corrupta:
1462 4953 1764 5011 cicatrices

100 5041 369 5102 Ecclesiae
387 5044 659 5101 membra
672 5044 888 5100 foedare
904 5047 1285 5114 tentantes,se
1302 5042 1620 5101 catholicos
1636 5060 1765 5101 esse

102 5132 318 5204 dicunt,
345 5135 597 5207 suisque
617 5132 1018 5206 capitulis,vel
1040 5132 1237 5206 potius
1258 5132 1566 5205 pediculis,
1591 5132 1772 5191 eccle-

99 5221 318 5280 siarum
342 5221 655 5297 praesules,
669 5221 851 5279 nimio
869 5238 1063 5279 errore
1079 5225 1137 5279 et
1153 5221 1282 5278 sine
1298 5221 1666 5279 discussione
1678 5234 1768 5290 vel

100 5312 539 5370 examinatione
553 5312 874 5383 ordinatos,
895 5316 1071 5385 atque
1092 5329 1209 5368 non
1228 5311 1768 5385 appropinquantes

97 5402 439 5473 apostolicae
460 5402 616 5461 280
639 5402 860 5475 formae,
875 5403 1150 5460 denotare
1172 5419 1276 5459 seu
1306 5402 1594 5460 infamare
1620 5420 1766 5476 prae-

99 5495 368 5549 sumunt.
397 5492 513 5549 Sed
534 5508 651 5548 non
675 5496 765 5549 est
784 5492 893 5549 hoc
915 5508 1154 5560 novum,
1179 5491 1334 5548 sicut
1354 5508 1461 5548 nec
1484 5508 1635 5549 nova
1656 5491 1766 5553 hae.

96 5581 241 5637 resis
262 5596 457 5655 quam
477 5579 782 5639 extollunt.
797 5581 871 5639 Ut
889 5582 1048 5638 enim
1072 5581 1280 5638 beatus
1299 5581 1686 5655 Augustinus,
1711 5599 1770 5652 et

94 5674 157 5731 in
192 5669 555 5729 tractatibus
576 5670 966 5742 Psalmorum,
989 5675 1047 5728 et
1065 5671 1126 5727 in
1147 5670 1449 5745 opusculis
1471 5671 1544 5727 de
1564 5671 1765 5729 Pasto-

94 5758 260 5819 ribus
286 5763 356 5822 et
384 5759 628 5837 Ovibus,
659 5764 720 5824 et
748 5762 927 5823 etiam
956 5760 1019 5821 in
1050 5756 1183 5821 aliis
1216 5762 1343 5821 suis
1370 5760 1538 5822 libris
1571 5761 1715 5822 dicit
1748 5780 1762 5825 :

1872 4791 1939 4830 ac
1969 4774 2162 4847 palato
2195 4775 2386 4833 cordis
2428 4782 2793 4851 progustare,
2826 4779 3057 4837 sincera
3093 4781 3266 4838 etiam
3300 4783 3433 4851 ﬁde,
3462 4788 3521 4839 et

1873 4864 2068 4922 sobrio
2097 4864 2422 4936 intellectu,
2445 4885 2512 4923 ac
2542 4869 2764 4924 mundo
2795 4870 2967 4927 corde
2998 4871 3349 4940 sumere,ori
3376 4888 3518 4943 quo-

1874 4971 1987 5026 que
2017 4959 2214 5011 nostro
2246 4956 2463 5012 ostium
2495 4961 2552 5012 et
2579 4975 2739 5015 seras
2770 4959 3066 5030 adhibere,
3087 4961 3394 5032 verbisque
3415 4976 3517 5016 no-

1874 5044 2013 5100 stris
2043 5048 2322 5101 stateram
2369 5063 2680 5119 apponere,
2713 5052 2770 5103 et
2798 5050 3038 5104 modum
3086 5050 3170 5106 eis
3217 5049 3517 5122 imponere

1875 5134 2342 5205 procurabimus,
2371 5140 2436 5191 ut
2491 5136 2857 5193 auditoribus
2904 5138 2964 5193 in
3020 5142 3281 5210 tempore
3336 5138 3517 5194 tritici

1876 5241 2235 5291 mensuram,
2259 5223 2410 5280 sicut
2430 5224 2715 5297 scriptum
2737 5230 2825 5281 est
2844 5228 2993 5296 (Luc.
3012 5242 3112 5290 xu,
3136 5227 3516 5299 42),tr1huere

1872 5315 2192 5372 valeamus.
2213 5315 2309 5369 Ait
2325 5313 2482 5370 enim
2508 5312 2791 5370 Dominus
2818 5316 2890 5370 ad
2917 5314 3162 5371 chorum
3191 5316 3515 5388 praedican-

1875 5406 2026 5460 tium
2057 5422 2160 5476 per
2188 5403 2531 5476 prophetam
2557 5421 2571 5458 :
2594 5404 2831 5460 Audiens
2853 5405 3007 5460 290
3027 5405 3312 5463 nuntiabis
3340 5408 3420 5463 eis
3447 5424 3518 5464 ex

1873 5510 1960 5550 me
1986 5495 2194 5567 (Excclt.
2220 5511 2303 5561 III,
2340 5495 2445 5566 17),
2469 5511 2537 5550 ex
2592 5509 2685 5549 me
2738 5492 3029 5561 videlicet,
3062 5512 3178 5552 non
3215 5515 3284 5554 ex
3331 5501 3406 5555 te.
3437 5499 3517 5555 Ac

1875 5584 1924 5640 si
1955 5588 2151 5657 aperte
2179 5600 2382 5640 omnes
2401 5599 2509 5639 nos
2538 5586 2793 5648 moneat,
2815 5586 2882 5638 ut
2903 5583 3216 5658 Scriptura:
3237 5591 3295 5643 et
3324 5587 3519 5644 catho-

1873 5671 2120 5731 licorum
2178 5672 2351 5729 dictis
2407 5675 2637 5728 nostros
2693 5688 2905 5731 sensus
2951 5677 3421 5746 accomodemus,
3462 5683 3519 5735 et

1872 5780 2001 5842 quae
2021 5764 2178 5837 inde,
2202 5762 2448 5823 Domino
2468 5760 3103 5841 inspirante,libamus,
3119 5783 3185 5826 ac
3206 5767 3256 5826 si
3278 5768 3349 5827 de
3368 5783 3515 5845 puro
