4020 6460
501 413 620 475 355

1437 403 1813 467 HINCMARI
1860 401 2306 464 RHEMENSIS
2351 400 2963 464 ABCHIEPISCOPI.

3792 400 3901 463 356

501 543 677 618 prmio
706 541 933 599 illibata
950 537 1327 598 audientibus
1355 536 1756 612 propinemus,
1778 539 1836 592 et
1855 551 1972 592 non
1991 534 2147 591 dicta
2171 535 2229 603 Α
2256 533 2430 590 modo
2460 533 2520 589 in
2549 532 2695 591 illud
2726 532 2878 591 versi
2927 537 3105 607 atque
3150 532 3382 603 mutati,
3415 535 3474 590 et
3516 530 3683 589 omni
3730 533 3900 590 verbo

501 633 808 701 catholica,
821 632 893 689 ad
915 635 1149 688 nostros
1168 644 1377 702 pravos
1394 643 1605 684 sensus
1624 625 1915 682 inﬂectere
1934 641 2147 698 praesu-

498 739 758 781 mamus.
780 721 876 777 Ait
902 719 1062 776 enim
1091 717 1369 791 praefatus
1404 714 1757 789 magnificus
1783 713 1988 769 doctor
2005 713 2143 770 Gre-

498 811 702 887 gorius
742 811 804 867 in
853 809 1002 866 libro
1032 823 1148 880 quo
1177 805 1456 872 diximus,
1490 803 1548 860 id
1575 805 1665 860 est
1707 802 1767 858 iu
1812 800 2094 876 Apologia
2124 816 2140 857 :

500 924 530 953 «
554 898 793 975 Triplici
823 912 1081 971 namque
1108 893 1283 952 modo
1314 892 1376 949 in
1404 891 1665 949 Ecclesia
1691 890 2012 948 dicentium
2042 907 2142 964 pc-

500 989 753 1049 riculum
783 988 1017 1063 pendet,
1047 1002 1117 1042 ex
1152 1000 1354 1052 sensu,
1383 999 1453 1039 ex
1488 981 1682 1049 verbo,
1713 997 1783 1038 ex
1819 979 2045 1048 auditu,
2077 983 2144 1036 ut

498 1077 771 1155 perfacile
799 1076 1045 1146 eveniat,
1066 1074 1128 1131 in
1180 1089 1297 1130 uno
1332 1071 1541 1130 saltem
1588 1069 1806 1144 aliquo,
1836 1069 1886 1126 si
1932 1086 2049 1125 non
2080 1067 2140 1125 in

498 1168 776 1227 omnibus
792 1166 934 1224 labi.
953 1167 1068 1222 Aut
1085 1162 1242 1220 enim
1273 1159 1473 1218 minus
1501 1158 1870 1216 illuminatus
1889 1161 1979 1214 est
2006 1175 2139 1215 sen-

498 1259 731 1327 sus,aut
746 1256 821 1313 ad
844 1252 1275 1328 explanandum
1295 1249 1482 1307 defuit
1499 1265 1693 1306 sermo
1713 1247 2143 1316 sufficiens,aut

498 1346 646 1403 bene
672 1343 899 1420 prolata
916 1340 1170 1400 crassior
1188 1354 1303 1397 non
1337 1336 1541 1412 recipit
1567 1335 1824 1405 auditus,
1847 1339 1906 1393 et
1925 1352 1994 1392 ex
2023 1351 2140 1392 uno

497 1433 760 1508 quolibet
786 1433 999 1490 horum
1020 1447 1160 1487 casu
1180 1430 1250 1486 fit
1268 1428 1329 1484 in
1349 1425 1627 1484 omnibus
1654 1423 1981 1499 perieulum
2000 1422 2143 1481 veri-

497 1523 659 1581 tatis.
680 1524 754 1580 Et
772 1522 1009 1597 quidem
1034 1519 1094 1576 in
1116 1517 1249 1575 aliis
1267 1516 1602 1591 quibusque
1622 1512 1835 1570 studiis
1856 1516 1913 1568 et
1932 1512 2142 1569 doctri-

496 1612 590 1670 nis
620 1610 788 1669 facile
823 1609 912 1667 vel
965 1607 1257 1683 profertur
1283 1604 1373 1662 vel
1399 1602 1678 1677 recipitur
1707 1620 1722 1659 :
1755 1601 1818 1658 in
1865 1599 1960 1658 his
2005 1617 2138 1658 vero

493 1699 712 1758 nostris
739 1697 956 1757 scholis
986 1698 1113 1770 ipsa
1150 1694 1487 1753 auditorum
1527 1691 1879 1765 exspectatio
1909 1690 2138 1747 dicturo

492 1787 822 1864 periculum
841 1788 1101 1863 generat.
1115 1786 1423 1856 Tanquam
1444 1781 1602 1838 enim
1625 1781 1697 1837 de
1716 1780 1832 1837 Deo
1853 1778 2135 1847 audituri,

490 1882 550 1935 et
580 1877 651 1936 de
678 1893 914 1934 summa
933 1874 1198 1931 omnium
1230 1889 1334 1946 spe
1357 1888 1425 1929 ac
1447 1869 1637 1928 salute
1666 1867 1995 1941 suscepturi
2018 1884 2139 1924 ver-

492 1966 656 2034 bum,
680 1969 899 2039 quanto
929 1962 1259 2020 callidiores
1295 1977 1435 2035 erga
1481 1959 1657 2015 fidem
1704 1957 1945 2027 fuerint,
1974 1960 2137 2013 tanto

491 2055 831 2112 attentiores
850 2057 911 2111 et
930 2050 1396 2125 scrupulosiores
1413 2066 1553 2124 erga
1580 2047 1939 2104 audiendum
1960 2046 2103 2102 ﬂent
2122 2063 2137 2115 ;

492 2143 574 2200 ita
602 2148 671 2200 ut
697 2141 885 2200 sicubi
915 2140 1135 2214 aliquid
1164 2155 1335 2196 secus
1362 2137 1613 2194 dicentis
1638 2152 1831 2193 sermo
1852 2135 2136 2207 sonuerit,

492 2249 609 2289 non
640 2230 1050 2288 titubationem
1086 2228 1302 2302 linguae
1331 2230 1560 2299 putent,
1592 2226 1695 2282 sed
1747 2224 2137 2298 proditionem

492 2319 625 2376 fidei
648 2318 1003 2394 pietatisque
1021 2316 1433 2383 condemnent,
1446 2317 1505 2370 et
1513 2313 1785 2386 judicent
1802 2311 2002 2367 omnia
2019 2327 2136 2367 non

490 2409 755 2465 docentis
783 2407 1028 2475 ratione,
1060 2404 1161 2462 sed
1202 2401 1454 2477 propriis
1496 2400 1790 2459 sensibus.
1822 2401 1948 2458 Non
1977 2400 2135 2456 enim

490 2515 639 2572 quos
669 2497 729 2553 in
761 2495 1018 2553 Ecclesia
1037 2494 1306 2563 audiunt,
1331 2493 1433 2548 sed
1465 2507 1613 2564 quos
1631 2490 1703 2546 de
1732 2490 1907 2546 domo
1934 2505 2135 2545 secum

489 2588 761 2644 deferunt
785 2588 1197 2642 conservantes
1216 2582 1510 2656 dogmata,
1535 2596 1651 2635 non
1668 2596 1796 2652 qua“:
1827 2577 2138 2634 rationabi-

487 2674 625 2731 liter
647 2674 1000 2744 didicerunt,
1023 2672 1123 2729 sed
1155 2688 1283 2745 quae
1313 2687 1383 2726 ex
1410 2668 1834 2726 consuetudine
1864 2684 1978 2723 non
2009 2684 2137 2740 pro-

487 2763 669 2821 babili
699 2765 1034 2820 tenuerunt.
1061 2762 1132 2818 Et
1161 2759 1270 2816 hoc
1299 2759 1429 2816 dico
1453 2758 1648 2816 adhuc
1677 2774 1793 2814 non
1821 2755 1990 2817 valde
2017 2772 2136 2812 ma-

487 2853 679 2910 lorum
710 2852 1018 2910 hominum
1036 2849 1269 2919 vitium,
1289 2847 1432 2922 quid
1459 2847 1597 2905 licet
1615 2844 1881 2920 regulam
1909 2862 2025 2902 non
2055 2850 2135 2903 te-

484 2946 666 3000 neant
690 2941 974 3012 veritatis,
1000 2943 1201 2997 tamen
1229 2937 1500 3013 religiose
1535 2936 1658 2993 hinc
1687 2935 1807 3010 pati
1837 2936 2129 3005 videntur,

484 3036 544 3090 et
569 3032 785 3090 habere
802 3029 993 3089 zelum
1014 3026 1139 3097 Dei,
1161 3028 1265 3086 sed
1295 3044 1413 3085 non
1435 3026 1761 3085 secundum
1781 3024 2089 3082 scientiam
2113 3041 2128 3082 :

483 3129 545 3182 et
571 3123 702 3181 ideo
731 3121 998 3180 fortassis
1034 3119 1384 3177 videbantur
1427 3135 1544 3174 non
1584 3117 1796 3173 debere
1821 3115 2132 3172 vehemen~

485 3213 607 3270 tius
634 3211 1041 3280 condemnari;
1086 3213 1288 3283 utpote
1344 3224 1452 3264 nec
1500 3205 1753 3262 multum
1799 3203 2130 3278 vapulaturi

2254 639 2412 680 nunc
2442 622 2900 696 acquiescentes,
2925 621 3099 697 paulo
3128 626 3263 695 post
3283 621 3498 679 iterum
3522 621 3899 690 reluctantes,

2252 711 2430 769 simul
2450 716 2505 769 et
2525 713 2840 785 magistros
2855 717 2913 768 et
2931 710 3131 769 studia
3149 714 3509 784 permutant,
3524 716 3585 767 et
3599 708 3764 768 velut
3780 710 3901 784 pul-

2251 800 2339 857 vis
2356 805 2527 857 vento
2546 801 2800 876 agitatus
2829 799 2996 857 facile
3025 800 3478 856 transferuntur.
3498 799 3589 856 Ad
3619 797 3898 856 ultimum

2249 907 2384 947 vero
2414 889 2676 946 stultitiae
2701 907 2821 947 suae
2850 891 3152 964 proferunt
3170 888 3450 946 fructum.
3473 889 3623 945 Nam
3643 887 3810 946 velut
3828 888 3902 946 fa-

2247 978 2415 1052 tigati
2449 979 2738 1036 audiendo
2758 979 3038 1049 diversos,
3054 982 3112 1035 et
3129 977 3267 1036 victi
3295 977 3467 1035 taedio
3487 976 3671 1034 simul
3701 977 3901 1037 omnia

2248 1073 2553 1141 respuunt,
2575 1072 2635 1124 et
2663 1065 2843 1125 veluti
2871 1067 3040 1126 vacui
3066 1072 3126 1125 et
3152 1066 3359 1125 inanes
3382 1067 3443 1124 in
3470 1066 3754 1125 omnibus
3773 1083 3897 1141 qua

2247 1157 2623 1214 crediderunt
2666 1157 2828 1228 facti,
2860 1158 3140 1217 continuo
3191 1157 3371 1215 etiam
3417 1160 3801 1214 contemnere
3844 1161 3898 1213 et

2247 1244 2488 1302 irridere
2510 1263 2619 1303 nos
2639 1245 2949 1320 incipiunt,
2969 1245 3128 1304 velut
3148 1244 3292 1302 nihil
3319 1243 3671 1303 rationabile
3698 1243 3762 1301 in
3786 1244 3898 1302 fide

2247 1338 2450 1392 nostra
2476 1335 2783 1409 habentes,
2812 1340 2873 1393 et
2917 1335 3225 1410 patiuntur
3251 1334 3410 1408 quod
3454 1333 3725 1392 accidere
3752 1332 3897 1392 solet

2246 1422 2341 1480 his
2371 1424 2473 1497 qui
2503 1423 2705 1482 oculos
2734 1424 2951 1496 dolent,
2983 1430 3041 1483 et
3068 1423 3210 1482 solis
3241 1423 3442 1481 lumen
3487 1427 3793 1497 accusant,
3811 1422 3895 1481 vel

2247 1512 2349 1585 qui
2379 1530 2572 1583 aures,
2604 1517 2664 1571 et
2685 1531 2854 1572 voces
2899 1513 3210 1571 hominum
3249 1513 3450 1570 minus
3476 1528 3611 1571 esse
3656 1528 3897 1570 sonoras

2246 1606 2608 1674 quaeruntur.
2631 1603 2942 1677 Propterea
2959 1620 3096 1678 ergo
3117 1602 3304 1660 multo
3323 1601 3533 1660 utilius
3550 1605 3645 1660 est
3665 1600 3893 1673 animae,

2244 1689 2593 1764 simpliciter
2619 1696 2677 1748 et
2706 1709 2865 1766 purae
2890 1692 3151 1750 veritatis
3180 1690 3471 1750 elementa
3497 1690 3824 1766 suscipere,
3844 1696 3896 1749 et

2243 1777 2400 1836 velut
2419 1779 2577 1838 ceris
2607 1797 2676 1837 ea
2702 1782 2964 1839 nondum
2992 1780 3321 1838 charaxatis
3350 1779 3694 1851 inscribere,
3718 1796 3893 1854 quam

2243 1884 2422 1942 super
2450 1867 2554 1926 illa
2573 1886 2700 1943 quae
2731 1874 2866 1926 ante
2897 1869 3048 1927 male
3068 1870 3286 1944 scripta
3304 1874 3447 1927 sunt
3474 1869 3819 1944 perducere,
3837 1869 3892 1927 id

2245 1962 2335 2013 est
2362 1975 2542 2032 super
2595 1960 2811 2016 malam
2859 1959 3183 2016 doctrinam
3212 1964 3272 2016 et
3299 1975 3573 2034 perversa
3620 1959 3894 2034 dogmata

2245 2046 2485 2104 verbum
2516 2048 2651 2105 ﬁdei
2699 2066 2766 2106 ac
2791 2048 3050 2106 veritatis
3096 2049 3380 2123 ingerere,
3411 2053 3470 2105 et
3497 2065 3637 2106 cum
3688 2049 3894 2122 primis

2245 2140 2541 2209 postrema
2571 2138 2950 2195 confundere.
2980 2160 3008 2189 »
3039 2139 3112 2195 Et
3151 2136 3326 2211 paulo
3378 2141 3513 2212 post
3540 2154 3597 2194 εκ
3620 2137 3891 2195 Animam

2243 2241 2378 2281 vero
2399 2224 2561 2283 illam
2578 2226 2791 2283 melius
2806 2225 3086 2295 excolam,
3110 2244 3239 2300 qua:
3258 2225 3419 2283 nullo
3436 2226 3633 2283 adhuc
3648 2225 3891 2301 maligni

2244 2313 2488 2372 cultoris
2518 2319 2711 2373 aratro
2731 2321 3016 2373 temerata
3036 2320 3144 2385 est,
3167 2333 3278 2372 nex
3302 2314 3701 2390 prazventionc
3721 2316 3895 2390 pessi-

2244 2402 2325 2459 mi
2376 2403 2619 2461 scminis
2649 2409 2953 2478 occupata.
2973 2404 3247 2479 Alioquin
3286 2405 3692 2478 duplicabitur
3730 2405 3894 2463 nobis

2244 2491 2429 2561 labor,
2452 2493 2593 2549 dum
2624 2511 2860 2550 necesse
2884 2498 2975 2550 est
2992 2494 3158 2568 prius
3178 2498 3488 2567 conceptas
3511 2493 3754 2551 malitiae
3786 2495 3892 2552 for-

2244 2599 2374 2638 mas
2420 2583 2776 2640 detrudere:
2810 2589 2937 2641 tum
2984 2583 3194 2640 deinde
3245 2582 3524 2640 bcnitatis
3572 2583 3891 2659 imaginem

2241 2670 2521 2727 virtutum
2553 2672 2702 2729 ceris
2721 2672 3014 2729 varianter
3042 2673 3378 2745 reformare,
3396 2676 3662 2745 utquam
3697 2673 3892 2731 multa

2241 2779 2310 2864 of
2337 2762 2576 2818 diversae
2609 2762 2840 2819 fuerant
2865 2762 2927 2818 in
2955 2761 3154 2819 anima
3180 2762 3408 2836 species
3437 2762 3889 2836 depravationis,

2239 2851 2362 2908 tdm
2391 2851 2589 2908 multae
2618 2852 2740 2909 sint
2765 2856 2824 2909 et
2851 2851 3259 2909 restitutionis.
3286 2873 3318 2903 ››

2309 2940 2597 2999 Caeterum
2616 2942 2773 3015 quod
2793 2940 2937 2998 dicit
2955 2941 3211 2998 domnus
3230 2941 3588 2999 Prudentius
3607 2941 3669 2997 in
3692 2940 3890 3001 libello

2238 3046 2547 3104 suo,quem
2569 3031 2640 3087 ad
2664 3031 2848 3104 quosd
2857 3047 2951 3088 am
2974 3030 3202 3103 fratres,
3216 3034 3535 3104 antequam
3557 3047 3745 3105 supra
3764 3048 3889 3089 me-

2240 3123 2525 3177 moratam
2555 3119 2862 3193 epistolam
2883 3118 3177 3177 Weniloni
3205 3118 3643 3195 archiepiscopo
3671 3137 3784 3177 suo
3808 3120 3891 3177 di-

2238 3208 2500 3278 rexisset,
2524 3208 2911 3283 composuit.«
2929 3209 3074 3267 Cum
3095 3207 3273 3279 enim,
3297 3208 3594 3282 inquiens,
3608 3210 3889 3283 quemad-

483 3308 767 3375 tanqunm
795 3300 1133 3374 ignorantes
1155 3280 1394 3355 homini
1422 3295 1803 3362 νοιυῐιιαῐοω,
1826 3299 1887 3350 et
1913 3293 2128 3349 ideirco
2159 3280 2201 3347 (ἶ
2242 3299 2481 3354 modum
2507 3280 2695 3355 sancti
2715 3280 3398 3374 evangelisttsﬁerissimi
3412 3280 3681 3356 videlicet
3703 3299 3887 3355 dicto-

486 3408 604 3448 non
654 3389 931 3446 facientes
976 3404 1129 3445 eam.
1161 3386 1337 3460 Atqui
1384 3384 1649 3442 fortassis
1696 3383 1873 3440 etiam
1918 3380 2131 3456 corrigi

482 3479 802 3554 aliquando
824 3480 1101 3552 poterunt
1119 3481 1177 3532 et
1193 3474 1512 3532 emendari.
1533 3474 1647 3530 Sed
1670 3471 1943 3546 religiosa
1963 3488 2131 3529 mens

485 3586 665 3644 quam
686 3568 803 3625 cito
819 3566 1154 3636 offenditur,
1172 3571 1294 3622 tam
1316 3567 1583 3638 prompte
1603 3567 1662 3619 et
1684 3561 1850 3644 facile
1869 3565 2128 3618 curatur.

484 3643 546 3716 Si
566 3658 700 3733 quis
723 3658 869 3716 forte
887 3657 939 3715 ei
971 3672 1164 3713 sermo
1185 3658 1318 3729 apte
1339 3658 1396 3710 et
1415 3643 1811 3726 competenter
1828 3651 2130 3709 adhibitus

481 3765 584 3806 cor
606 3747 947 3822 pulsaverit,
968 3745 1246 3804 continuo
1267 3743 1421 3799 sicut
1451 3739 1831 3815 ignifcr'lapis
1858 3740 2130 3814 pulsatus

482 3837 683 3909 simili,
707 3855 776 3894 ex
803 3854 872 3895 ea
901 3853 1030 3910 quae
1060 3834 1173 3892 sibi
1216 3832 1565 3891 naturaliter
1599 3831 1752 3887 inest
1790 3830 1938 3887 lucis
1967 3830 2124 3886 scin-

478 3927 608 3985 tilla
634 3927 939 4000 lampadas
968 3924 1273 3982 confestim
1306 3922 1566 3979 veritatis
1590 3921 1874 3977 accendit.
1898 3920 1980 3975 De
2008 3917 2128 3975 illis

478 4034 612 4074 vero
630 4015 772 4089 quid
795 4016 1083 4083 dicamus,
1099 4013 1199 4086 qui
1221 4013 1363 4068 dum
1387 4009 1687 4084 jactantiaz
1705 4008 1953 4084 gloriam
1975 4025 2127 4080 quae-

479 4110 637 4174 runt,
667 4110 726 4160 et
764 4120 1012 4177 praeesse
1056 4100 1291 4176 populis
1336 4099 1725 4166 delectantur,
1754 4097 2125 4172 iniquitatem

480 4193 540 4249 in
571 4192 864 4249 excelsum
894 4191 1218 4264 loquuntur
1248 4205 1261 4246 :
1294 4188 1395 4262 qui
1423 4187 1585 4246 velut
1613 4188 1854 4246 Jamncs
1882 4187 2126 4259 quidam

478 4286 537 4340 et
565 4280 880 4356 Mambres,
904 4297 1021 4336 non
1051 4284 1173 4336 tam
1196 4278 1343 4336 Mosi
1365 4293 1544 4351 quam
1563 4276 1789 4334 veritati
1817 4275 2122 4345 resistunt,

478 4375 539 4430 et
566 4371 877 4428 adversum
913 4386 1119 4427 sanam
1169 4367 1498 4426 doctrinam
1545 4369 1916 4424 commovent
1960 4381 2127 4421 arma

475 4460 831 4518 verborum?
859 4458 1124 4517 Tertium
1147 4473 1379 4533 quoque
1400 4473 1586 4532 genus
1613 4459 1704 4512 est
1731 4472 1801 4512 ex
1829 4453 2127 4528 imperitia

474 4549 1003 4608 contradicentium
1037 4566 1052 4607 :
1084 4564 1266 4621 quam
1296 4546 1501 4620 utique
1531 4544 1887 4618 imperitiam
1919 4559 2123 4600 conse~

2241 3404 2370 3444 rum
2393 3387 2582 3460 ipsius
2612 3388 3014 3462 factorumque
3036 3386 3413 3462 stipulatores
3433 3390 3610 3461 atque
3638 3387 3890 3462 scripto-

2240 3492 2334 3532 res
2360 3479 2670 3545 testantur,
2696 3475 2848 3533 inter
2874 3476 3225 3534 cmnandum
3256 3475 3535 3550 mysteria
3556 3492 3679 3533 suae
3711 3490 3890 3550 quam

2238 3565 2536 3623 voluntate
2557 3566 2741 3624 subiit
2761 3567 2966 3624 mortis
2991 3584 3233 3641 prorsus
3254 3566 3527 3623 indebita:
3557 3570 3894 3640 nostraeque

2239 3655 2658 3728 redemptionis
2696 3657 2971 3726 ediceret,
3003 3673 3108 3730 pro
3141 3656 3357 3730 quibus
3406 3658 3706 3730 pateretur
3751 3653 3893 3711 inti-

2239 3746 2438 3802 mavit.
2470 3745 2622 3802 Dicit
2657 3746 2816 3801 enim
2848 3745 3157 3802 Matthmus
3188 3761 3201 3800 :
3236 3745 3300 3802 Et
3323 3747 3598 3819 acriqiens
3637 3745 3887 3814 calicem,

2236 3839 2450 3910 gratias
2477 3838 2586 3908 egit
2613 3843 2665 3891 et
2689 3834 2838 3892 dedit
2867 3835 2984 3891 illis
3010 3834 3195 3892 dicens
3215 3853 3235 3890 :
3256 3835 3433 3892 Bibite
3455 3851 3526 3890 ea:
3553 3833 3655 3891 hoc
3680 3849 3891 3901 omnes,

2236 3926 2336 3981 llic
2361 3932 2441 3982 est
2465 3926 2694 3997 sanguis
2737 3941 2891 3981 meus
2917 3925 3049 3982 novi
3074 3925 3396 3992 testamenti,
3429 3926 3528 3998 qui
3557 3939 3663 3998 pro
3698 3923 3894 3980 multis

2235 4013 2545 4086 effundatur
2586 4014 2649 4069 in
2696 4014 3071 4070 remissionem
3109 4021 3452 4086 peccatorum
3492 4011 3703 4083 (Matth.
3732 4028 3890 4081 xxvr,

2232 4106 2324 4171 27,
2354 4103 2468 4172 28).
2501 4102 2732 4159 Marcus
2764 4105 2962 4160 autem
3004 4119 3018 4160 :
3070 4104 3134 4160 Et
3187 4111 3399 4176 accepto
3451 4103 3624 4159 calice
3676 4104 3892 4176 gratias

2232 4208 2398 4264 agens
2414 4191 2563 4248 dedit
2587 4193 2688 4259 eis,
2705 4199 2758 4249 et
2785 4191 3037 4250 biberunt
3055 4209 3126 4249 ea:
3154 4193 3251 4250 illo
3287 4208 3491 4250 manes.
3513 4193 3576 4249 Et
3608 4193 3694 4248 ait
3720 4191 3843 4249 illis
3868 4209 3891 4247 :

2233 4281 2334 4338 llic
2360 4288 2440 4338 est
2465 4283 2694 4354 sanguis
2740 4297 2892 4338 meus
2918 4283 3048 4338 novi
3074 4283 3398 4351 testamenti,
3430 4281 3529 4355 qui
3551 4296 3654 4354 pro
3699 4281 3893 4338 multis

2232 4369 2542 4443 cﬂ'undetur
2567 4369 2774 4441 (Matth.
2805 4387 2921 4439 xw,
2953 4372 3046 4444 23,
3074 4370 3186 4445 24).
3231 4370 3423 4427 Ducas
3472 4385 3646 4427 vero:
3678 4369 3768 4439 Et,
3796 4385 3892 4427 ac-

2231 4467 2379 4533 cepto
2404 4476 2572 4533 pane,
2600 4461 2808 4534 gratias
2836 4461 2950 4532 egit
2975 4467 3028 4517 et
3052 4460 3235 4533 fregit,
3268 4468 3322 4517 et
3351 4458 3500 4516 dedit
3523 4460 3606 4516 eis
3649 4457 3843 4516 dicens
3870 4476 3893 4515 :

2232 4550 2340 4607 Hoc
2366 4558 2447 4607 est
2471 4566 2666 4624 corpus
2706 4566 2891 4607 meum
2940 4549 3082 4624 quod
3131 4565 3236 4623 pro
3287 4549 3440 4607 vobis
3492 4547 3760 4618 tradetur,
3790 4549 3896 4606 hoc

476 4643 726 4714 quenter
768 4638 1080 4695 insolentia
1107 4635 1441 4703 comitatur,
1472 4639 1530 4692 et
1575 4634 1735 4691 omni
1780 4633 1975 4702 verbo,
2009 4632 2124 4689 nisi
2154 4659 2201 4725 D
2230 4640 2394 4712 facito
2424 4641 2485 4696 in
2509 4656 2691 4696 meam
2722 4640 3302 4697 commemorationem,
3334 4639 3610 4696 Similiter
3652 4646 3709 4695 ει
3748 4638 3895 4695 mu.

475 4726 633 4802 quod
661 4724 774 4801 ipsi
804 4724 1174 4800 protulerint,
1197 4722 1491 4782 hostiliter
1510 4727 1569 4780 et
1587 4722 1908 4781 insolenter
1930 4737 2127 4777 occur-

475 4821 635 4874 runt.
667 4818 715 4873 A
742 4816 980 4890 quibus,
1013 4816 1337 4872 secundum
1382 4813 1617 4871 Domini
1643 4813 1888 4882 dictum,
1921 4827 2124 4885 porco-

474 4924 608 4964 rum
636 4923 798 4964 more
828 4905 1090 4962 veritatis
1126 4903 1456 4979 margarita:
1500 4903 1749 4977 pedibus
1777 4900 2124 4958 conculcan-

470 5002 588 5056 tur.
605 4995 716 5054 Alii
737 5011 973 5071 quoque
994 4994 1260 5067 sunt.qui
1286 4993 1509 5050 nullam
1531 4991 1771 5066 quidem
1801 5007 1871 5047 ex
1891 4990 2124 5065 proprio

472 5104 651 5145 sensu
681 5085 1017 5161 opinionem
1051 5083 1341 5154 deferunt,
1367 5098 1556 5156 neque
1585 5080 1844 5154 aliquam
1876 5080 2124 5136 formam

471 5177 544 5234 de
574 5177 688 5233 fide
729 5175 830 5233 Dei
880 5174 1170 5246 obtinent,
1201 5171 1288 5228 vel
1338 5172 1553 5228 bonam
1583 5170 1673 5226 vel
1723 5168 1939 5226 malam
1974 5185 1988 5224 :
2021 5169 2124 5225 sed

472 5265 620 5322 291
656 5266 932 5322 omnibus
963 5281 1026 5321 se
1057 5262 1301 5320 tradunt
1341 5259 1661 5334 magistris,
1686 5263 1861 5332 atque
1891 5274 2126 5315 omnem

472 5352 805 5426 suscipiunt
826 5370 1194 5423 sermonem;
1222 5351 1384 5409 velut
1402 5350 1558 5424 quod
1589 5348 1802 5406 melius
1831 5352 1922 5404 est
1949 5353 2008 5403 et
2037 5364 2126 5403 re-

471 5443 623 5499 ctius
639 5459 708 5498 ex
723 5444 999 5501 omnibus
1014 5442 1276 5513 eiecturi,
1297 5443 1635 5516 ignorantes
1651 5439 1792 5511 quia
1808 5454 1923 5494 non
1942 5437 2128 5493 bonos

470 5531 543 5588 de
572 5529 815 5588 veritate
837 5532 1072 5604 judices
1101 5532 1425 5607 elegerunt,
1457 5529 1808 5601 semetipsos
1836 5525 2125 5594 videlicet,

461 5619 731 5697 judicare
752 5636 816 5678 se
845 5625 1055 5694 putant
1075 5637 1249 5696 posse
1266 5622 1338 5678 de
1361 5636 1424 5677 se
1444 5636 1571 5694 quas
1598 5635 1662 5674 se
1682 5617 1940 5674 fatentur
1967 5615 2130 5690 igno-

469 5727 599 5775 rare
615 5727 630 5773 :
647 5713 777 5773 tum
793 5709 1003 5774 deinde
1022 5727 1093 5773 ex
1111 5708 1530 5774 verisimilibus
1549 5709 1886 5787 frequenter
1908 5705 1971 5766 in
2017 5705 2128 5769 hoc

2231 4746 2365 4798 cem,
2395 4736 2684 4803 postquam
2711 4729 2958 4800 cantavit,
2990 4727 3175 4786 dicens
3206 4746 3221 4786 :
3252 4729 3353 4786 Hic
3387 4736 3468 4786 est
3492 4726 3660 4784 cadus
3684 4743 3895 4786 novum

2233 4825 2611 4875 testamentum
2642 4819 2703 4874 in
2719 4820 2990 4891 sanguine
3006 4835 3126 4876 meo
3149 4820 3249 4892 qui
3270 4835 3370 4892 pro
3400 4818 3552 4876 vobis
3576 4817 3896 4891 effundatur

2232 4909 2385 4979 (Luc.
2416 4924 2554 4976 χχιι,
2582 4906 2666 4976 19,
2688 4910 2800 4982 20).
2825 4908 2885 4965 Si
2917 4908 3003 4965 sic
3031 4909 3439 4966 tantummodo
3468 4906 3640 4965 nobis
3668 4905 3892 4964 intelli-

2232 4997 2491 5070 gendum
2514 4997 2695 5054 tradit
2713 4999 2870 5071 quod
2892 4997 3037 5055 dicit
3056 4997 3413 5072 evangelista
3437 4998 3646 5065 Lucas,
3669 5001 3741 5054 ut
3770 5012 3892 5054 non

2235 5086 2405 5143 aliter
2434 5086 2579 5143 illud
2609 5086 3032 5162 intelligamus,
3057 5087 3169 5145 nisi
3193 5089 3348 5161 quod
3378 5104 3482 5161 pro
3499 5086 3668 5143 vobis
3693 5086 3893 5144 trade-

2233 5179 2348 5244 tur,
2373 5180 2432 5233 et
2460 5194 2565 5251 pro
2594 5177 2758 5234 vobis
2805 5178 3106 5250 fundatur,
3134 5177 3194 5233 id
3224 5183 3313 5235 est
3341 5193 3447 5250 pro
3506 5174 3626 5233 illis
3656 5175 3762 5249 qui
3808 5175 3895 5233 ibi

2235 5267 2499 5340 aderant,
2542 5266 2603 5322 in
2659 5267 2769 5324 hoc
2802 5267 2959 5340 quod
3017 5267 3326 5324 Mattheus
3354 5266 3509 5326 292
3536 5268 3597 5323 et
3652 5264 3895 5323 Marcus

2234 5355 2527 5426 dixerunt,
2560 5356 2730 5414 nobis
2762 5374 2897 5431 spes
2926 5356 3124 5431 aliqua
3153 5373 3283 5414 esse
3311 5358 3541 5430 potest:
3565 5371 3898 5429 possumus

2235 5446 2391 5502 enim
2435 5463 2564 5504 esse
2593 5447 2665 5503 de
2694 5445 2813 5503 illis
2860 5445 3084 5504 multis.
3118 5447 3229 5503 Sed
3258 5447 3319 5502 in
3350 5446 3460 5503 hoc
3489 5445 3649 5519 quod
3700 5445 3898 5503 Lucas

2234 5535 2401 5606 dixit,
2423 5554 2560 5610 spes
2579 5536 2750 5593 nobis
2780 5535 2991 5595 salutis
3020 5535 3185 5593 nulla
3211 5536 3345 5607 erit,
3375 5552 3482 5594 nec
3512 5535 3663 5592 ﬁdes
3688 5532 3899 5609 aliqua

2236 5626 2578 5696 remanebit,
2601 5625 2743 5700 quia
2793 5627 2982 5684 Lucas
3020 5626 3255 5684 nonnisi
3284 5630 3516 5684 tantum
3567 5641 3676 5700 pro
3720 5624 3894 5682 vobis

2235 5714 2410 5790 dixit;
2433 5719 2491 5776 et
2518 5716 2570 5777 si
2589 5715 2804 5781 veritas
2836 5716 2994 5779 sicut
3007 5732 3212 5780 verum
3241 5715 3408 5796 dicit,
3426 5732 3636 5777 verum
3670 5710 3895 5778 dixerit
