4020 6480
188 459 284 519 357

860 456 963 516 DE
1004 453 1762 520 PRIEDESTINA'I‘IONE
1807 457 2329 521 DISSERTATIO
2373 446 2841 524 POSTERIOB.

3429 468 3546 530 358

187 589 306 663 quia
329 587 430 644 hoc
458 602 666 659 corpus
695 603 800 660 pro
819 585 982 644 vobis
1002 588 1282 657 tradetur,
1306 592 1364 645 et
1393 588 1487 644 hic
1516 589 1666 646 calix
1684 607 1787 663 pro
1815 591 1872 659 Α
1899 590 2219 663 implentur
2245 591 2304 647 in
2337 592 2596 649 Ecclesia
2611 611 2824 668 magna
2851 613 2979 668 quas
3009 599 3080 654 de
3119 599 3407 656 malorum
3437 602 3547 657 ad-

188 677 328 734 vobis
356 675 644 742 fundetur,
665 675 942 748 quoniam
973 676 1158 732 Judas
1191 675 1270 732 ibi
1311 676 1593 753 interfuit,
1619 682 1675 734 et
1703 697 1794 734 sa~

189 767 452 822 cramenta
479 780 610 820 cum
651 763 786 820 aliis
815 764 1122 838 discipulis
1161 765 1260 822 illa
1303 767 1580 840 percepit,
1616 772 1797 824 restat

188 853 330 911 nobis
355 851 818 926 intelligendum,
843 853 981 926 quia
1024 854 1198 910 etiam
1239 873 1342 928 pro
1381 856 1486 923 eis,
1518 857 1670 913 sicut
1700 873 1794 913 ca-

190 941 357 999 tholici
386 941 647 998 doctores
678 959 860 1016 supra
889 943 1058 1000 nobis
1088 945 1486 1014 ostenderunt,
1514 947 1795 1003 Dominus

185 1047 365 1106 passus
395 1030 586 1099 fuerit,
610 1031 710 1104 qui
741 1031 1033 1105 passionis
1063 1033 1192 1106 ejus
1223 1035 1498 1108 mysterio
1529 1036 1601 1092 ad
1634 1040 1796 1092 ceter-

186 1138 298 1177 nam
327 1138 436 1177 non
465 1119 840 1178 redimuntur
864 1121 1134 1179 salutem.
1168 1146 1194 1173 »

239 1208 511 1277 Quiavero
531 1213 590 1266 et
607 1209 640 1266 J
646 1211 794 1266 udas
816 1227 989 1266 omnes
1013 1211 1243 1268 Domini
1269 1213 1630 1286 interfuerat,
1645 1215 1799 1272 sicut

182 1303 228 1355 et
252 1297 565 1372 evangelica
589 1298 806 1356 veritas
834 1305 1144 1374 monstrat,
1169 1319 1271 1375 pro
1301 1320 1416 1376 quo
1438 1304 1580 1360 dicit
1607 1303 1800 1361 Domi-

179 1405 273 1444 nus
300 1388 562 1444 fusurum
595 1388 945 1463 sanguinem
973 1407 1169 1460 suum,
1194 1391 1294 1464 qui
1323 1394 1660 1467 redemptus
1681 1414 1797 1453 non

179 1482 250 1534 est
275 1479 340 1534 ad
371 1477 647 1548 salutem,
678 1483 735 1536 et
773 1484 1014 1535 sanctus
1051 1480 1308 1537 Joannes
1349 1481 1798 1556 Chrysostomus

179 1567 226 1622 in
256 1566 484 1624 homilia
514 1569 587 1625 de
629 1568 957 1641 proditione
1005 1569 1171 1626 Judte
1230 1573 1478 1626 testatur
1508 1589 1522 1628 :
1551 1595 1579 1624 ‹‹
1598 1573 1796 1642 Vides,

177 1655 359 1730 inquit,
391 1657 550 1730 quod
597 1658 910 1714 immunda
966 1662 1106 1714 sunt
1147 1675 1348 1716 eorum
1389 1677 1610 1734 azyma,
1641 1665 1796 1736 quod

180 1745 360 1803 illicita
388 1746 697 1818 festivitas,
719 1747 875 1820 quod
925 1764 1042 1804 non
1084 1748 1304 1822 pascha
1331 1750 1665 1818 Judaicum,
1696 1753 1797 1808 sed

180 1837 480 1908 exemptum
513 1839 574 1892 et
601 1840 945 1892 evacuatum
985 1841 1074 1892 est
1111 1837 1340 1910 paschae
1380 1839 1663 1912 spiritalis
1695 1843 1796 1896 ad-

173 1927 338 1991 ventu,
363 1924 512 1998 quod
539 1925 807 1981 Christus
834 1924 1092 1981 tradidit.
1116 1927 1262 1982 Nam
1294 1944 1430 1983 cum
1475 1931 1793 1986 manduca-

176 2017 298 2081 rent,
327 2013 540 2086 inquit,
573 2017 631 2070 et
678 2014 966 2083 biberent,
999 2017 1204 2088 accepit
1225 2033 1424 2088 panem
1463 2027 1515 2074 et
1558 2019 1724 2091 fregit
1749 2029 1802 2078 et

174 2101 330 2160 dixit:
359 2103 466 2160 Hoc
495 2110 582 2160 est
608 2119 802 2176 corpus
830 2119 1013 2160 meum
1042 2105 1181 2176 quod
1214 2122 1315 2178 pro
1351 2107 1501 2163 vobis
1531 2107 1792 2165 tradetur.

173 2195 476 2264 Agnoscunt
495 2193 659 2266 quod
691 2191 1034 2266 loquor,qui
1065 2197 1204 2249 sunt
1233 2195 1444 2251 divinis
1475 2199 1796 2255 consecrati

175 2280 453 2353 mysteriis.
475 2281 553 2336 Et
596 2279 852 2338 iterum:
878 2282 1098 2356 Accepit
1117 2284 1342 2340 calicem
1376 2292 1430 2341 et
1474 2285 1619 2342 dixit
1651 2304 1664 2343 :
1693 2289 1799 2344 Hic

171 2376 235 2424 est
254 2372 465 2442 sanguis
491 2385 654 2426 meus
685 2373 783 2443 qui
819 2389 920 2444 pro
945 2373 1138 2428 multis
1167 2372 1476 2446 eﬂ‘undetur
1505 2377 1565 2431 in
1602 2379 1794 2432 remis-

173 2459 347 2514 sionem
362 2466 731 2532 peccatorum.
755 2461 827 2516 Et
845 2477 1102 2532 praesens
1125 2461 1157 2516 J
1164 2461 1311 2518 udas
1333 2467 1474 2532 erat,
1499 2462 1614 2519 ista
1635 2464 1794 2520 Chri-

172 2551 245 2601 sto
269 2547 505 2605 dicente.
533 2548 652 2605 Iste
699 2553 789 2604 est
821 2549 1084 2622 sanguis,
1116 2550 1230 2618 die,
1269 2550 1441 2621 Juda,
1485 2568 1660 2624 quem
1694 2553 1794 2608 tri-

171 2635 306 2708 ginta
331 2636 594 2694 denariis
631 2635 966 2696 vendidisti.
994 2639 1108 2694 Iste
1157 2643 1246 2695 est
1291 2640 1554 2713 sanguis,
1579 2642 1648 2698 de
1679 2658 1795 2714 quo

171 2741 281 2781 cum
308 2725 618 2784 Pharisaeis
649 2729 890 2801 pactum
919 2726 1126 2783 fecisti.
1151 2728 1196 2784 Ο
1222 2727 1432 2784 Christi
1465 2729 1795 2791 misericor-

173 2813 270 2870 dia!
299 2832 329 2870 ο
356 2816 518 2872 Judaa
574 2817 898 2874 dementia!
934 2817 1034 2872 Ille
1067 2816 1222 2872 enim
1261 2817 1503 2891 triginta
1539 2819 1795 2876 denariis

171 2903 548 2974 paciscebatur
579 2909 646 2961 ut
671 2907 966 2975 venderet,
989 2910 1046 2962 et
1067 2905 1334 2962 Christus
1363 2907 1413 2964 ei
1446 2909 1793 2980 sanguinem

171 3007 314 3064 quem
343 2993 612 3052 vendidit
657 2995 970 3064 offerebat;
1005 2999 1070 3051 ut
1098 2995 1342 3052 haberet
1387 2996 1790 3054 remissionem

169 3085 531 3154 peccatorum,
551 3083 605 3140 si
621 3087 818 3140 tamen
840 3082 1060 3158 impius
1075 3083 1319 3141 existere
1336 3083 1792 3172 noluisset.N.am

169 3171 329 3228 adfuit
351 3173 566 3242 Judas,
591 3173 693 3247 qui
725 3171 886 3230 illius
911 3173 1182 3230 sacriﬁcii
1205 3171 1792 3232 communicationem

168 3261 372 3332 meruit,
396 3267 453 3320 et
483 3263 671 3338 pedes
693 3262 822 3334 ejus
843 3264 1076 3335 quando
1097 3261 1345 3319 aliorum
1368 3263 1791 3336 discipulorum

1905 679 2176 736 mistione
2204 681 2480 753 praedicta
2509 683 2722 738 sunt?»
2749 684 2818 738 Et
2840 685 2896 738 in
2921 685 3146 757 psalmo
3165 705 3316 743 xnvu
3341 705 3391 744 ια
3416 688 3548 744 Om-

1903 785 2008 824 nes
2037 769 2251 842 quippe
2272 776 2706 827 sacramentum
2728 773 3004 846 baptismi
3029 775 3243 832 Christi
3265 778 3546 850 accipien-

1906 862 1990 914 tes
2011 857 2322 914 Christiani
2353 864 2654 928 vocantur,
2681 863 2782 918 sed
2825 879 2940 918 non
2972 880 3176 921 omnes
3225 865 3400 939 digne
3446 867 3546 924 illo

1905 951 2270 1003 sacramento
2313 948 2532 1004 vivunt.
2566 949 2716 1005 Sunt
2750 951 2908 1006 enim
2938 952 3200 1024 quidam,
3231 953 3302 1026 de
3331 955 3546 1028 quibus

1905 1035 2046 1091 dicit.
2072 1036 2422 1108 Apostolus:
2459 1038 2719 1095 [labentes
2753 1041 2991 1111 formam
3022 1044 3262 1114 pictatis,
3295 1045 3549 1102 virtutem

1903 1131 2084 1181 autem
2138 1127 2254 1198 ejus
2307 1125 2632 1198 abnegantes
2679 1129 2747 1196 (ιι
2795 1131 2929 1184 Tim.
2973 1148 3056 1200 ιιι,
3087 1131 3162 1203 5).
3189 1156 3212 1184 ι
3257 1133 3327 1188 Et
3372 1133 3546 1206 paulo

1905 1217 2037 1285 post
2057 1230 2107 1268 :«
2133 1214 2282 1269 Sunt
2303 1230 2438 1286 ergo
2461 1215 2592 1270 ﬁliae
2616 1215 2802 1283 malae,
2825 1221 2884 1273 et
2909 1216 3062 1274 inter
3087 1219 3220 1277 illas
3240 1224 3330 1278 est
3357 1221 3546 1278 lilium

1905 1303 1964 1358 in
1989 1303 2178 1358 medio
2197 1303 2521 1375 spinarum.
2536 1305 2738 1376 Itaque
2757 1305 2840 1361 illi
2860 1313 3225 1366 sacramenta
3239 1310 3478 1381 habent,
3492 1315 3549 1368 et

1908 1409 2098 1448 mores
2127 1393 2313 1449 bonos
2362 1409 2476 1447 non
2519 1393 2755 1460 habent,
2787 1399 2846 1451 et
2875 1396 2975 1452 Dei
3004 1397 3282 1454 dicuntur
3328 1404 3386 1456 et
3431 1417 3544 1456 non

1906 1481 2029 1547 Dei,
2063 1485 2118 1537 et
2145 1482 2272 1552 ejus
2303 1481 2579 1538 dicuntur
2605 1486 2663 1538 et
2699 1483 2895 1553 alieni,
2927 1485 3056 1556 ejus
3096 1492 3334 1561 propter
3361 1488 3547 1562 ipsius

1907 1573 2362 1637 sacramentum,
2395 1570 2566 1626 alieni
2595 1577 2832 1646 propter
2853 1573 3082 1630 vitium.
3109 1597 3138 1626 »

1981 1659 2136 1714 [lane
2189 1658 2472 1715 eatholiee
2531 1660 2842 1718 discretam
2892 1661 3356 1737 intelligentiam,
3391 1667 3548 1739 quod

1907 1746 2172 1802 Christus
2189 1748 2362 1804 Jesus
2383 1749 2665 1804 Dominus
2691 1755 2890 1806 noster
2907 1768 3010 1824 pro
3034 1752 3309 1810 omnibus
3333 1771 3548 1827 passus

1906 1836 2003 1902 sit,
2035 1835 2168 1892 licet
2221 1853 2336 1893 non
2383 1854 2588 1893 omnes
2617 1838 2910 1910 passionis
2937 1841 3065 1910 ejus
3097 1843 3372 1914 mysterio
3427 1844 3548 1900 sint

1909 1923 2214 1997 redempti,
2246 1925 2610 1981 demonstrat
2653 1926 2828 1982 etiam
2861 1928 3064 1984 beatus
3110 1931 3455 1988 Ambrosius
3485 1931 3545 1988 in

1907 2014 2165 2068 secunda
2221 2013 2481 2085 Epistola
2519 2015 2590 2070 ad
2621 2015 2952 2072 Corinthios
3003 2017 3202 2076 dicens
3247 2023 3390 2092 (cap.
3440 2021 3544 2094 5):

1909 2125 1936 2151 ιι
1959 2101 2118 2181 ραοᾴ
2143 2103 2196 2157 si
2225 2119 2364 2158 unus
2390 2120 2490 2176 pro
2519 2105 2770 2160 omnibus
2801 2113 3048 2163 mortuus
3083 2115 3178 2177 est,
3211 2125 3336 2181 ergo
3366 2126 3548 2168 omnes

1902 2177 2272 2248 mortui‘sunt.
2294 2192 2576 2256 Quoniam
2597 2192 2864 2250 Christus
2878 2194 3128 2268 diligens
3147 2177 3332 2269 genus
3347 2197 3551 2255 huma-

1905 2296 2068 2348 num,
2095 2283 2159 2335 ut
2177 2297 2276 2336 eos
2299 2280 2610 2336 redimeret
2631 2283 2803 2338 morti
2825 2300 2886 2338 se
2907 2283 3083 2350 dedit,
3111 2289 3166 2340 et
3187 2285 3326 2358 quia
3345 2303 3550 2343 omnes

1905 2386 2141 2425 necesse
2170 2373 2258 2425 est
2288 2370 2435 2426 mori
2469 2387 2647 2427 causa
2677 2371 2825 2440 Adae,
2851 2389 2953 2445 pro
2985 2374 3260 2430 omnibus
3282 2381 3548 2432 mortuus

1903 2464 1992 2514 est
2025 2458 2310 2524 Christus,
2331 2463 2395 2514 ut
2423 2476 2521 2514 eos
2545 2477 2579 2514 a
2609 2461 2868 2516 secunda
2897 2465 3082 2517 morte
3113 2461 3404 2520 liberaret.
3435 2488 3455 2514 ι»
3482 2467 3550 2520 Et

1905 2547 1961 2602 in
1999 2547 2189 2620 prima
2235 2548 2481 2620 epistola
2509 2553 2648 2621 (cap.
2674 2550 2848 2622 11);‹‹
2876 2550 2976 2607 Rei
3019 2557 3158 2608 sunt
3188 2554 3446 2626 corporis
3493 2557 3552 2610 et

1905 2637 2211 2710 sanguinis
2259 2637 2513 2692 Domini.
2549 2637 2789 2694 Occisus
2819 2643 2908 2695 est
2950 2639 3108 2696 enim
3158 2659 3262 2714 pro
3311 2641 3404 2699 his
3449 2642 3548 2716 qui

1903 2725 2252 2780 beneﬁcium
2285 2727 2414 2796 ejus
2445 2725 2503 2780 in
2535 2725 2767 2780 irritum
2798 2727 3074 2782 ducunt.»
3106 2730 3174 2784 Et
3205 2729 3263 2784 in
3292 2730 3550 2804 Epistola

1903 2815 1976 2868 ad
2010 2809 2302 2869 Reinanos
2323 2820 2461 2884 (cap.
2493 2815 2528 2869 5
2551 2831 2599 2868 τί(
2633 2815 2740 2870 Per
2767 2831 2943 2871 unum
2973 2816 3247 2874 hominem
3271 2828 3550 2890 peccatum

1903 2904 1962 2958 in
1993 2903 2140 2958 hunc
2187 2902 2455 2958 mundum
2512 2905 2757 2971 intrhvit,
2787 2912 2841 2960 et
2890 2921 2990 2976 per
3033 2914 3312 2978 peccatum
3349 2925 3495 2965 mors
3529 2927 3543 2964 :

1901 2999 1954 3048 et
1979 2994 2052 3048 ita
2085 2993 2142 3047 in
2167 3007 2351 3048 omnes
2380 2993 2624 3048 homines
2647 2995 2988 3064 pertransiit,
3011 2995 3072 3050 in
3102 3011 3204 3068 quo
3231 3012 3415 3054 omnes
3429 3014 3550 3070 pce-

1901 3089 2161 3138 eavcrunt
2181 3080 2352 3153 (Rom.
2375 3098 2431 3148 ν,
2459 3081 2734 3150 t2).Quia
2762 3083 2946 3139 Adam
2996 3101 3172 3152 unus,
3196 3085 3254 3140 id
3292 3090 3381 3142 est
3409 3087 3543 3158 Eva,

1903 3171 2042 3244 quia
2073 3175 2130 3226 et
2159 3169 2372 3225 mulier
2389 3171 2575 3226 Adam
2605 3175 2712 3239 est,
2736 3173 2995 3244 peccavit
3023 3173 3080 3228 in
3112 3174 3386 3231 omnibus
3418 3194 3432 3232 :
3467 3177 3548 3232 ita

1905 3277 2062 3316 unus
2091 3258 2360 3314 Christus
2399 3257 2578 3315 Filius
2619 3259 2718 3315 Dei
2770 3265 3073 3333 peccatum
3103 3261 3239 3319 vicit
3263 3263 3323 3318 in
3357 3265 3546 3320 omni-

168 3347 298 3420 lavit,
331 3357 394 3408 ut
419 3331 879 3410 excusationem—
901 3369 1019 3408 suae
1061 3351 1296 3408 malitia:
1341 3370 1455 3408 non
1500 3331 1742 3410 haberet
1775 3371 1789 3410 :
1825 3331 1866 3396 α
1905 3348 2046 3416 bus;
2070 3351 2128 3404 εἴ
2160 3347 2298 3420 quia
2327 3349 2691 3421 ΡΓΟΡοεῖῑυΠὶ
2724 3331 2924 3423 Sitiﬁm
2945 3351 3045 3406 Dei
3067 3368 3204 3425 erga
3223 3369 3408 3426 genus
3437 3353 3548 3409 Ῑλιι-

167 3439 249 3494 sed
277 3439 370 3496 ille
398 3441 786 3498 detestandae
816 3439 1031 3496 mentis
1059 3439 1309 3498 insidias
1337 3441 1650 3516 cogitabat.
1677 3466 1706 3494 ››
1728 3445 1798 3500 Et

169 3533 377 3586 sanctus
405 3531 520 3587 Leo
555 3528 619 3585 in
652 3528 896 3586 homilia
923 3529 1094 3586 tertia
1123 3530 1194 3586 de
1225 3530 1496 3603 passione
1525 3532 1792 3590 Domini:

169 3638 190 3664 ιι
209 3616 326 3685 Cur,
347 3618 568 3694 inquit,
593 3618 770 3690 Juda,
793 3619 866 3674 de
887 3619 1014 3690 ejus
1037 3618 1294 3674 bonitate
1316 3619 1558 3688 difﬁdis,
1581 3638 1709 3694 quae
1739 3626 1796 3678 te

168 3707 459 3781 acorporis
511 3707 830 3781 sanguinis
861 3706 953 3764 sui
994 3707 1406 3765 communione
1454 3727 1570 3766 non
1621 3729 1794 3784 repu-

167 3790 255 3850 lit?
271 3818 296 3846 »
318 3797 527 3854 Beatus
563 3795 953 3852 nihilominus
972 3797 1337 3870 Augustinus
1358 3797 1414 3854 in
1439 3799 1796 3872 expositione

167 3883 350 3954 psalmi
371 3905 407 3943 x
425 3886 512 3944 ita
532 3885 702 3953 dicit,
727 3885 976 3958 loquens
996 3891 1198 3942 contra
1221 3885 1524 3943 hmreticos
1549 3905 1598 3942 :«
1632 3888 1794 3944 Chri-

168 3976 274 4030 stus
301 3976 436 4048 quid
469 3975 642 4034 vobis
691 3975 842 4044 fecit,
872 3975 972 4047 qui
1021 3975 1360 4032 traditorem
1411 3994 1587 4032 suum
1634 3981 1797 4034 tanta

167 4063 417 4132 patientia
446 4064 720 4140 pertulit,
745 4069 813 4120 ut
842 4064 891 4120 ei
922 4055 1174 4136 primam
1207 4064 1626 4122 eucharistiam
1658 4083 1795 4123 con-

167 4151 348 4210 tectam
379 4156 666 4211 manibus
714 4153 861 4222 suis,
892 4157 950 4210 et
995 4169 1094 4209 ore
1142 4171 1248 4210 suo
1301 4157 1792 4226 commendatam,

165 4239 296 4298 sicut
331 4243 557 4300 caeteris
607 4241 890 4316 apostolis
949 4241 1240 4298 traderet?
1271 4243 1412 4315 quid
1444 4245 1608 4300 vobis
1663 4243 1798 4300 fecit

167 4325 536 4404 Christus,qui
556 4331 833 4388 eumdem
851 4331 1193 4386 traditorem
1212 4347 1588 4404 suum,quem
1603 4333 1798 4390 diabo-

167 4411 268 4474 lum
290 4421 643 4488 nominavit,
659 4419 758 4492 qui
781 4423 915 4476 ante
939 4419 1310 4476 traditionem
1331 4420 1564 4476 Domini
1587 4439 1692 4479 nee
1712 4422 1798 4479 lo-

166 4505 292 4564 culis
309 4507 638 4566 Dominicis
667 4509 842 4564 ﬁdem
874 4507 1065 4580 potuit
1095 4507 1384 4578 exhibere,
1407 4527 1542 4566 cum
1575 4511 1798 4568 caeteris

165 4592 442 4670 discipulis
465 4599 541 4656 ad
563 4597 1004 4672 praedicandum
1029 4614 1272 4671 regnum
1296 4597 1574 4654 caelorum
1597 4599 1798 4656 misit?

1905 3454 2147 3494 manum
2177 3437 2450 3506 ostendit,
2478 3441 2543 3493 ut
2581 3437 2712 3511 ipsa
2747 3438 3068 3511 primordia
3110 3442 3329 3514 peccati
3360 3443 3548 3498 mani-

1903 3529 2160 3595 festaret,
2201 3527 2272 3582 ab
2301 3526 2487 3582 Adam
2519 3527 2692 3600 cmpit
2723 3529 2823 3601 qui
2857 3529 3115 3602 primum
3163 3533 3440 3602 peccavit,
3481 3536 3548 3589 ut

1903 3616 2266 3690 providentia
2283 3615 2458 3672 unius
2471 3615 2593 3686 Dei,
2610 3633 2714 3688 per
2729 3634 2912 3673 unum
2933 3619 3282 3676 rel'ormasse
3294 3619 3545 3690 doceret,

1903 3707 2057 3780 quod
2069 3700 2172 3778 per
2186 3721 2367 3760 unum
2382 3704 2614 3776 lapsum
2628 3705 3144 3763 fueratettractum
3166 3706 3226 3763 in
3240 3715 3546 3764 mortem.»

1902 3797 1972 3851 Et
2003 3795 2140 3850 item
2175 3811 2222 3848 ;‹‹
2249 3794 2433 3850 Adam
2465 3797 2660 3848 autem
2690 3793 2818 3849 ideo
2850 3795 3039 3851 forma
3067 3795 3246 3851 futuri
3277 3801 3384 3865 est,
3409 3797 3548 3869 quia

1895 3884 2020 3956 jam
2057 3887 2179 3938 tum
2211 3881 2270 3937 in
2301 3881 2578 3954 mysterio
2601 3882 2856 3938 decrevit
2877 3883 3031 3938 Deus
3051 3900 3154 3956 per
3176 3902 3356 3939 unum
3381 3885 3548 3940 Chrio

1903 3977 2062 4029 stum
2093 3971 2427 4037 emendare,
2451 3971 2604 4042 quod
2653 3986 2758 4042 per
2804 3987 2989 4026 unum
3029 3973 3213 4028 Adam
3244 3977 3547 4044 peccatum

1902 4065 2045 4129 erat,
2079 4061 2232 4116 sicut
2261 4059 2402 4115 dicit
2431 4057 2491 4114 in
2529 4059 2872 4132 Apocalypsi
2911 4060 3166 4116 Joannes
3198 4061 3497 4134 apostolus
3530 4079 3544 4119 :

1901 4151 2092 4225 Agnus
2131 4150 2228 4222 qui
2271 4149 2479 4205 occisus
2524 4155 2604 4204 est
2645 4165 2680 4204 α
2723 4151 3102 4206 constitutione
3145 4151 3342 4207 mundi
3364 4151 3546 4224 (Apoc.

1903 4257 2022 4306 xm,
2045 4243 2122 4309 8).
2149 4261 2176 4289 ››
2200 4238 2329 4294 Haec
2361 4238 2432 4294 de
2460 4237 2717 4310 generali
2749 4238 2820 4294 ad
2851 4255 3055 4295 omnes
3095 4239 3391 4312 proposito
3427 4241 3546 4308 Dei,

1903 4328 2042 4403 quia
2061 4345 2166 4402 pro
2182 4327 2458 4384 omnibus
2473 4343 2685 4400 passus
2701 4328 2926 4384 cst.Sed
2942 4327 3080 4400 quia
3095 4329 3328 4401 proprio
3344 4344 3548 4386 eorum

1900 4418 2038 4476 vitio
2070 4436 2186 4474 non
2217 4433 2422 4472 omnes
2450 4415 2742 4488 passionis
2763 4417 2892 4488 ejus
2922 4417 3220 4474 salventur
3248 4417 3546 4491 mysterio,

1903 4508 2044 4564 item
2073 4506 2133 4561 in
2177 4504 2380 4562 eadem
2429 4504 2572 4560 dicit
2616 4503 2865 4576 epistola
2889 4505 3026 4578 (cap.
3059 4506 3202 4576 cod.)
3229 4527 3250 4554 σ
3275 4507 3430 4563 Sicut
3452 4523 3550 4582 per

1901 4599 2070 4654 unius
2113 4595 2369 4651 delictum
2399 4595 2459 4649 in
2489 4611 2672 4651 omnes
2727 4595 2972 4652 homines
3030 4597 3092 4652 in
3147 4595 3548 4654 condemnatio-

167 4686 220 4738 ut
239 4691 590 4745 monstraret
605 4687 760 4744 dona
779 4687 876 4743 Dei
891 4685 1190 4760 pervenire
1209 4687 1278 4742 ad
1298 4703 1396 4743 eos
1414 4688 1512 4761 qui
1531 4705 1666 4745 cum
1683 4686 1798 4747 ﬁde
1827 4705 1873 4769 Ι)
1900 4704 2047 4756 nem,
2077 4687 2158 4741 sic
2184 4691 2236 4740 et
2261 4701 2358 4756 per
2397 4685 2566 4740 unius
2593 4685 2870 4757 justitiam
2899 4685 2960 4740 in
2988 4701 3170 4742 omnes
3213 4685 3458 4743 homines
3487 4687 3576 4742 in

165 4773 701 4848 accipiunt,etiamsi
718 4775 853 4834 talis
869 4775 947 4834 sit
966 4792 1070 4850 per
1089 4792 1262 4848 quem
1282 4776 1796 4851 accipiunt,qualis

167 4859 258 4918 [uit
279 4864 309 4922 J
317 4867 484 4924 udas.
503 4890 532 4918 »
545 4868 619 4924 Et
647 4866 709 4922 in
741 4864 970 4938 psalmo
988 4863 1333 4922 xxxxvzcdlle
1352 4865 1586 4922 videbat
1615 4868 1795 4924 tradi-

165 4952 326 5011 torem
357 4973 562 5026 suum,
587 4959 646 5012 et
675 4954 848 5028 elegit
876 4953 1045 5010 illum
1067 4953 1257 5028 magis
1277 4955 1346 5010 ad
1369 4972 1516 5028 opus
1537 4941 1800 5014 necessa-

166 5039 493 5114 rium,illius
509 5044 670 5102 malo
687 5060 968 5118 magnum
985 5043 1204 5100 bonum
1219 5049 1494 5117 operatus
1510 5051 1626 5116 est;
1646 5050 1702 5103 et
1715 5050 1796 5102 ta-

165 5145 278 5189 men
299 5133 452 5193 inter
471 5134 786 5192 duodecim
803 5133 1024 5190 electus
1043 5137 1152 5202 est,
1169 5150 1240 5190 ne
1261 5133 1388 5206 ipse
1404 5135 1797 5193 duodenarius

164 5223 265 5278 tam
288 5225 540 5299 exiguus
562 5239 849 5280 numerus
867 5226 1022 5280 esset
1041 5221 1167 5279 sine
1188 5221 1362 5279 malo.
1377 5222 1496 5280 Hoc
1517 5225 1589 5280 ad
1611 5241 1799 5280 exem-

165 5306 306 5380 plum
339 5314 498 5372 298
530 5317 746 5369 nostrae
767 5311 1384 5386 patientiae.Quoniam
1406 5329 1644 5370 necesse
1673 5317 1797 5370 erat

166 5403 219 5453 ut
235 5399 378 5458 inter
393 5401 592 5460 malos
606 5401 950 5470 viveremus,
965 5417 1235 5458 necessse
1250 5405 1374 5458 erat
1391 5405 1456 5456 ut
1475 5402 1659 5458 malos
1677 5403 1796 5460 sive

166 5486 393 5548 scientes
432 5491 559 5548 sive
598 5490 926 5548 nescientes
962 5488 1299 5560 toleremus,
1323 5491 1655 5564 exemplum
1694 5509 1796 5564 pa-

166 5577 358 5636 tientis:
373 5581 650 5654 praebuit,
667 5598 738 5637 ne
757 5579 998 5636 deﬁcias
1017 5595 1152 5635 cum
1176 5578 1418 5653 coeperis
1440 5579 1593 5637 inter
1611 5579 1797 5638 malos

165 5664 353 5726 vivere.
379 5671 452 5728 Et
479 5669 627 5744 quia
651 5669 754 5728 illa
781 5667 983 5728 schola
1009 5668 1222 5726 Christi
1252 5669 1310 5725 in
1343 5670 1651 5727 duodecim
1681 5688 1797 5728 non

169 5755 376 5832 deiecit,
398 5763 627 5840 quanto
656 5759 848 5840 magis
876 5777 984 5822 nos
1013 5758 1170 5820 ﬁrmi
1190 5775 1320 5822 esse
1339 5760 1640 5834 debemus,
1663 5777 1798 5822 cum

1893 4776 2340 4850 justiﬁcationem
2360 4774 2490 4831 vita?
2509 4774 2682 4842 (Rom.
2705 4791 2761 4842 v,
2787 4775 2896 4843 16),
2921 4773 3031 4831 hoc
3057 4779 3164 4842 est,
3190 4775 3342 4831 sicut
3373 4775 3549 4830 unius

1905 4861 2114 4918 delicto
2172 4877 2376 4918 omnes
2423 4859 2496 4929 in,
2534 4861 3020 4918 condemnatione
3065 4867 3234 4919 erant
3278 4862 3550 4919 similiter

1905 4955 2233 5024 peccantes,
2256 4951 2339 5006 ita
2368 4953 2425 5006 et
2453 4949 2690 5023 justitia
2717 4950 2894 5007 unius
2919 4967 3122 5010 omnes
3144 4952 3550 5024 justiﬁcantur

1905 5042 2208 5097 credentes
2238 5055 2250 5096 :
2277 5039 2432 5096 sicut
2452 5038 2699 5112 quilibet
2718 5041 3260 5096 condemnationem
3282 5039 3434 5094 hanc
3455 5055 3548 5111 ge-

1905 5129 2161 5186 neralem
2183 5146 2310 5186 esse
2339 5132 2570 5200 put-ant,
2595 5129 2774 5184 simili
2800 5131 2972 5186 modo
2997 5134 3054 5184 et
3065 5127 3548 5200 justiﬁcationem

1905 5217 2234 5292 generalem
2265 5216 2585 5290 accipiunt;
2620 5219 2719 5274 sed
2752 5236 2866 5274 non
2901 5221 2990 5274 est
3017 5233 3239 5284 verum,
3263 5216 3403 5290 quia
3431 5233 3548 5274 non

1903 5326 2107 5365 omnes
2129 5308 2428 5364 credunt.»
2450 5308 2521 5362 Et
2543 5307 2601 5362 in
2632 5305 3098 5379 Epistolaprima
3127 5305 3200 5361 ad
3222 5306 3551 5364 Corinthios

1905 5400 2041 5472 (cap.
2059 5399 2147 5468 15)
2163 5414 2210 5452 τί(
2232 5396 2454 5452 Tradidi
2471 5397 2619 5452 enim
2641 5396 2786 5451 vobis
2803 5397 2861 5450 in
2879 5395 3097 5467 primis,
3114 5397 3372 5468 quoniam
3393 5397 3552 5454 294

1905 5489 2156 5544 Christus
2183 5494 2430 5542 mortuus
2472 5493 2551 5542 est
2588 5501 2688 5556 pro
2734 5486 2965 5556 peccatis
2993 5486 3196 5541 nostris
3228 5485 3276 5560 (Ι
3303 5488 3432 5544 Cor.
3454 5504 3549 5555 xv,

1903 5579 1990 5649 3);
2023 5580 2080 5633 et
2109 5576 2338 5650 Moyses
2383 5575 2454 5630 de
2499 5589 2670 5630 cruce
2716 5575 2884 5645 ejus:
2913 5575 3058 5630 Tunc
3084 5575 3336 5633 videbitis
3383 5579 3553 5633 vitam

1905 5675 2137 5726 vestram
2159 5663 2479 5738 pendentem
2496 5670 2621 5719 ante
2641 5663 2826 5721 oculos
2853 5672 3074 5735 vestros,
3096 5673 3148 5724 et
3180 5683 3292 5724 non
3328 5665 3552 5723 credetis

1907 5759 2082 5834 (Deut.
2105 5771 2298 5827 xxvm,
2321 5751 2489 5831 66).»
2520 5751 2590 5812 Et
2647 5752 2718 5812 de
2773 5754 3030 5832 generali
3084 5755 3386 5828 beneﬁcio,
3412 5753 3552 5832 quia
