4020 6446
477 375 595 436 359

1406 371 1794 434 HlNCMAltl
1843 369 2291 433 ltllEMENSlS
2332 371 2952 433 ARCHIEPISCOPI.

3765 369 3882 430 360

475 523 578 580 pro
595 504 870 562 omnibus
886 521 1100 578 passus
1117 507 1286 571 cst,et
1299 503 1636 571 resurrexit,
1653 506 1783 576 quia.
1796 507 2116 572 resurrexit,
2145 503 2204 572 Α
2231 503 2419 577 magis
2449 505 2878 562 observandum
2923 503 3093 561 nobis
3123 507 3238 571 est,
3268 503 3409 574 quia
3438 501 3718 559 omnibus
3749 519 3879 576 pro-

472 594 768 668 inquiens,
792 596 952 652 tertia
978 594 1068 650 die
1094 593 1138 666 (I
1169 594 1288 649 Cor.
1321 610 1414 662 xv,
1447 594 1522 661 4).
1548 617 1575 644 «
1610 595 1672 650 In
1705 593 1932 650 Christo
1963 595 2118 650 enim

473 701 679 742 omnes
726 682 1134 750 resurrexisse,
1167 681 1322 738 sicut
1349 683 1410 737 in
1447 683 1630 738 Adam
1677 689 1939 739 mortuos
1969 701 2116 752 esse,

473 790 644 830 nemo
691 772 954 830 fidelium
1002 773 1270 845 denegat.
1298 795 1326 821 ››
1358 773 1427 828 Et
1456 771 1595 828 item
1629 789 1678 828 τε
1704 774 1812 828 Per
1847 773 2122 830 hominem

469 881 637 932 mors,
669 871 723 921 et
743 879 843 936 per
871 863 1146 920 hominem
1193 864 1513 919 resurrectio
1558 869 1898 919 mortuorum
1923 863 1966 935 (I
1995 863 2116 918 Cor.

470 970 564 1022 xv,
586 954 701 1022 21).
723 940 797 1009 Ut
827 951 966 1024 quia
989 955 1231 1026 peccato
1268 949 1527 1008 hominis
1556 968 1716 1008 mors
1744 951 1978 1008 inventa
2007 957 2115 1023 est,

471 1041 686 1098 Christi
717 1041 955 1114 justitia
995 1039 1477 1098 resurrectienem
1529 1040 1808 1096 meruerit
1853 1045 2118 1106 mortuo-

2229 594 2412 650 missa
2442 599 2531 650 est
2561 593 2765 649 salus?
2795 616 2822 644 »

2300 683 2558 748 Qualiter
2584 701 2716 740 vero
2748 701 2808 738 se
2851 683 3100 755 quisque
3131 681 3240 737 hoc
3270 681 3524 755 generali
3576 681 3882 737 defraudet

2227 771 2527 841 beneﬁcio,
2551 771 2611 827 in
2633 772 2837 828 eadem
2863 770 3111 844 epistola
3139 770 3264 843 ipse
3290 771 3657 826 damonstrat
3677 769 3878 826 dicens

2228 863 2408 934 (epist.
2459 863 2510 930 1,
2554 878 2602 918 c.
2645 863 2704 928 2)
2739 879 2752 917 :
2795 861 3076 934 Spiritalis
3127 859 3396 932 dijudicat
3449 861 3632 916 omnia
3663 859 3713 932 (l
3755 859 3874 916 Cor.

2227 967 2289 1017 ιι,
2318 951 2478 1020 15).‹‹
2512 951 2658 1006 Cum
2688 950 2845 1006 enim
2894 953 3120 1006 constet
3165 966 3370 1006 omnes
3426 947 3700 1005 inimicos
3743 948 3876 1004 ﬁdei

2227 1039 2376 1096 falsa
2404 1044 2599 1096 tenere
2629 1057 2731 1112 pro
2763 1037 2934 1106 veris,
2962 1038 3252 1095 accusatio
3282 1037 3518 1094 illorum
3549 1038 3612 1094 in
3642 1036 3874 1095 irritum

471 1147 664 1188 rum.»
683 1133 754 1188 Et
783 1132 942 1200 item,
964 1131 1103 1204 quia
1131 1148 1247 1188 non
1269 1148 1473 1188 omnes
1499 1130 1799 1187 salvantur
1825 1130 2118 1203 passionis
2219 1129 2342 1200 jam
2390 1129 2641 1185 deducta
2686 1132 2797 1196 est,
2827 1127 2946 1184 veri
2995 1125 3223 1198 judicio
3272 1128 3664 1184 condemnata
3691 1143 3706 1182 :
3741 1127 3875 1200 quia

471 1221 685 1278 Christi
720 1221 1018 1295 mysterio,
1043 1219 1142 1292 qui
1165 1225 1305 1277 sunt
1333 1221 1434 1293 qui
1465 1219 1610 1277 salvi
1642 1221 1793 1276 ﬁunt
1821 1219 1881 1276 in
1912 1221 2116 1277 eadem

470 1309 716 1384 epistola
745 1310 890 1366 dicit
920 1310 1096 1383 (epist.
1123 1310 1181 1376 2,
1201 1327 1249 1366 c.
1281 1311 1338 1378 6)
1363 1327 1410 1364 :a
1442 1311 1690 1382 Tempore
1717 1317 1926 1382 accepto
1953 1326 2119 1366 exau-

469 1400 588 1456 diui
633 1407 682 1456 te
721 1399 788 1471 (ll
821 1398 941 1456 Cor.
975 1416 1052 1467 v1,
1084 1399 1162 1470 2).
1195 1397 1289 1454 Sic
1333 1397 1488 1455 enim
1539 1397 1790 1455 decrevit
1833 1397 1988 1453 Deus
2031 1399 2117 1453 af-

470 1490 650 1545 ﬂuere
679 1487 1142 1544 misericordiam
1187 1504 1379 1555 suam,
1414 1491 1480 1542 ut
1526 1486 1583 1542 in
1636 1485 1872 1542 nomine
1903 1486 2115 1542 Christi

469 1577 846 1651 poscentibus
879 1576 1162 1634 auxilium
1191 1575 1524 1649 largiretur.
1549 1598 1577 1626 ››
1602 1577 1672 1632 Et
1700 1574 1860 1643 item,
1887 1576 1958 1632 de
1989 1593 2118 1648 pas-

468 1666 651 1724 sionis
679 1668 807 1740 ejus
837 1664 1118 1722 beneﬁcio
1160 1663 1512 1739 generaliter
1541 1664 1768 1721 cunctis
1818 1663 2114 1738 proposito

468 1756 650 1829 (ibid,
670 1772 718 1812 c.
745 1757 802 1826 5)
827 1773 838 1813 :
859 1778 886 1806 «
909 1754 1176 1812 Christus
1205 1754 1384 1823 enim,
1408 1753 1701 1827 inquiens,
1727 1759 1860 1828 post
1879 1769 2113 1810 crucem

466 1843 768 1903 descendit
797 1845 869 1901 ad
901 1844 1121 1900 inferos
1149 1842 1375 1900 devicta
1404 1847 1620 1912 morte;
1653 1847 1709 1899 et
1739 1843 1879 1916 quia
1910 1859 2112 1916 pecca-

465 1939 590 1990 tum
613 1933 926 2002 nesciebat,
951 1933 1134 1989 teneri
1155 1950 1190 1989 a
1214 1933 1400 1990 morte
1421 1949 1534 1988 non
1559 1933 1771 2004 potuit,
1795 1932 1932 2004 quia
1954 1949 2114 1988 mors

465 2028 768 2097 peccatum
791 2022 1035 2080 inanivit
1055 2027 1113 2078 et
1132 2022 1446 2091 infernum,
1471 2027 1538 2078 ut
1561 2039 1722 2078 mors
1742 2021 1889 2094 justi
1918 2039 2114 2093 pecca-

462 2113 690 2169 toribus
713 2112 1035 2185 proliceret,
1054 2115 1120 2167 ut
1141 2113 1212 2167 de
1233 2117 1438 2167 caetero
1461 2127 1619 2168 mors
1635 2128 1734 2167 eos
1752 2111 1850 2183 qui
1875 2111 2112 2184 signum

465 2201 657 2258 crucis
703 2201 919 2256 habent
957 2205 1153 2258 tenere
1182 2217 1296 2256 non
1327 2200 1532 2272 possit.
1558 2223 1586 2251 »
1621 2200 1763 2257 Item
1792 2205 1932 2272 (cap.
1955 2203 2012 2269 6)
2043 2201 2113 2258 de

465 2289 558 2346 his
589 2289 690 2362 qui
731 2289 924 2346 crucis
965 2287 1265 2346 salvantur
1311 2289 1608 2362 mysterio,
1642 2288 1701 2344 in
1749 2288 2008 2361 Epistola
2037 2290 2110 2346 ad

467 2380 760 2436 Romanos
791 2395 805 2435 :
837 2380 901 2434 Si
926 2379 1076 2435 enim
1119 2379 1474 2450 complantati
1516 2395 1707 2434 sumus
1752 2378 2113 2435 similitudini

461 2469 654 2524 mortis
685 2469 822 2541 ejus,
853 2467 1023 2522 simul
1059 2474 1110 2522 et
1136 2468 1549 2524 resurrectionis
1591 2469 1797 2523 erimus
1827 2468 2000 2539 (Rom.
2031 2484 2108 2535 νι,

461 2556 539 2628 5).
569 2579 595 2605 «
631 2557 794 2610 Tunc
844 2571 951 2611 nos
1005 2554 1252 2611 feliciter
1293 2554 1434 2610 dicit
1482 2571 1654 2627 posse
1703 2571 2024 2627 resurgere,
2060 2554 2108 2611 si

465 2644 838 2702 similitudini
871 2645 1078 2700 mortis
1120 2645 1250 2715 ejus
1303 2645 1586 2701 fuerimus
1618 2644 2016 2717 complantati,
2051 2644 2109 2700 id

463 2738 570 2802 est,
586 2733 634 2790 si
657 2733 717 2789 in
741 2733 1032 2806 baptismo
1053 2734 1250 2789 omnia
1265 2732 1404 2789 vitia
1421 2734 1796 2805 deponentes,
1818 2733 1876 2788 in
1900 2751 2108 2790 novam

461 2821 640 2880 vitam
671 2821 940 2879 translati
970 2822 1044 2878 de
1075 2826 1278 2878 castore
1309 2839 1425 2878 non
1456 2837 1802 2895 peccemus:
1828 2839 1931 2895 per
1951 2823 2105 2896 quod

459 2910 638 2969 simul
670 2915 727 2968 et
748 2909 1194 2968 resurrectionis
1223 2909 1385 2967 illius
1432 2911 1655 2968 similes
1697 2911 1940 2979 erimus,
1969 2912 2110 2986 quia

459 3000 785 3058 similitudo
797 2999 1004 3057 mortis
1015 2999 1267 3056 similem
1285 2999 1582 3072 praestabit
1599 3001 2104 3058 resurrectionem.

459 3091 574 3146 Nec
602 3091 759 3146 enim
791 3090 902 3146 erit
928 3088 1274 3157 similitudo,
1298 3094 1365 3146 ut
1393 3089 1536 3146 nihil
1568 3091 1744 3148 distet
1763 3089 1863 3163 qui
1894 3090 2107 3148 similis

458 3181 568 3236 erit
594 3179 655 3235 in
687 3179 944 3252 corporis
973 3177 1178 3252 gloria,
1212 3195 1328 3235 non
1369 3179 1428 3235 in
1461 3179 1782 3235 divinitatis
1823 3185 2050 3237 natura.
2076 3203 2106 3232 »

2229 1219 2334 1287 Qui
2359 1235 2467 1276 non
2516 1217 2703 1284 credit,
2736 1216 2928 1290 inquit
2982 1216 3288 1284 Dominus,
3301 1218 3425 1290 jam
3462 1215 3750 1290 judicatus
3803 1225 3877 1276 est

2225 1308 2412 1380 (Joan.
2436 1325 2520 1375 ιιι,
2555 1308 2664 1377 18).
2689 1307 2800 1372 Sed
2831 1310 2888 1361 et
2918 1307 3160 1362 credens
3207 1310 3383 1378 atque
3429 1305 3795 1380 redemptus,
3827 1306 3873 1364 si

2225 1397 2285 1453 in
2316 1413 2382 1453 eo
2403 1397 2564 1474 quod
2581 1395 2830 1453 credidit
2858 1399 2916 1451 et
2937 1396 3278 1469 redemptus
3297 1399 3526 1452 estnon
3545 1411 3880 1468 permanse-

2226 1485 2320 1554 rit,
2343 1489 2399 1542 et
2415 1485 2542 1558 ipse
2573 1485 2854 1542 beneficio
2875 1483 3130 1558 generali
3163 1499 3226 1541 se
3256 1484 3464 1558 privat.
3490 1506 3519 1534 »
3543 1483 3693 1540 Item
3725 1484 3875 1542 idem

2225 1577 2363 1649 (cap.
2387 1577 2444 1645 6)
2464 1575 2524 1631 in
2558 1576 2761 1632 eadem
2809 1573 3058 1648 epistola
3107 1574 3287 1631 dicit:
3311 1598 3340 1626 ς(
3363 1573 3546 1648 Empti
3572 1576 3728 1631 enim
3754 1577 3877 1632 estis

2219 1666 2393 1738 pretio
2415 1665 2459 1735 (ι
2480 1665 2601 1721 Cor.
2624 1682 2701 1732 νι,
2725 1665 2838 1734 20),
2861 1669 2919 1720 et
2948 1663 3088 1738 quia
3123 1681 3256 1720 caro
3304 1664 3490 1736 pretio
3539 1663 3727 1737 empti
3779 1682 3874 1721 su-

2223 1772 2378 1823 mus,
2412 1753 2761 1827 propensius
2804 1753 3050 1811 Domino
3091 1757 3289 1810 nostro
3321 1753 3538 1810 servire
3565 1753 3870 1822 debemus,

2222 1862 2295 1902 ne
2323 1847 2581 1900 oti'ensus
2611 1862 2644 1899 a
2675 1861 2791 1916 qua
2820 1861 2927 1899 nos
2971 1842 3219 1899 redemit
3249 1842 3422 1898 morti
3455 1860 3563 1899 nos
3593 1843 3820 1900 reddat.
3840 1868 3870 1895 ι»
3923 1905 3935 1916 ‘

2223 1935 2292 1990 Et
2321 1933 2460 2006 quia
2489 1950 2593 1989 nec
2613 1933 2758 1989 tales
2779 1933 3075 2006 peribunt,
3099 1932 3148 1989 si
3173 1931 3231 1987 in
3263 1931 3678 1989 incredulitate
3707 1931 3794 1988 vel
3813 1933 3868 1990 in

2223 2022 2529 2094 iniquitate
2559 2040 2675 2078 non
2716 2022 3228 2093 perseveraverint,
3251 2021 3310 2076 in
3349 2021 3556 2078 eadem
3596 2021 3868 2079 demons-

2221 2117 2338 2168 trat
2360 2113 2558 2167 dicens
2581 2113 2718 2185 (cap.
2743 2112 2830 2184 3):
2853 2111 2968 2168 Non
2991 2113 3147 2183 potui
3167 2111 3314 2167 vobis
3345 2111 3496 2183 loqui
3515 2112 3679 2183 quasi
3699 2113 3869 2184 spiri-

2221 2202 2420 2258 talibus
2437 2203 2484 2274 (Ι
2497 2207 2619 2262 Cor.
2634 2218 2719 2270 ιιι,
2741 2201 2812 2273 1).
2829 2225 2854 2251 ‹‹
2877 2201 3130 2272 Spiritus
3146 2199 3303 2254 enim
3325 2203 3568 2255 sanctus
3589 2204 3736 2256 tunc
3754 2216 3872 2272 per-

2223 2296 2419 2347 manet
2446 2291 2505 2346 in
2537 2308 2604 2347 eo
2634 2289 2728 2346 cui
2758 2307 2820 2346 se
2849 2288 3148 2356 infuderit,
3178 2288 3227 2344 si
3255 2292 3454 2344 manet
3480 2287 3540 2343 in
3571 2288 3868 2362 proposito

2220 2381 2697 2454 regenerationis,
2715 2379 2766 2436 si
2787 2397 2904 2452 quo
2924 2379 3142 2446 minus,
3163 2377 3455 2434 abscedit:
3480 2377 3563 2433 ita
3583 2383 3787 2433 tamen
3809 2382 3871 2432 ut

2219 2470 2268 2525 si
2302 2469 2700 2526 reformaverit
2728 2486 2790 2525 se
2820 2468 3015 2537 homo,
3048 2468 3247 2522 redeat
3289 2467 3363 2522 ad
3401 2465 3594 2522 illum.
3629 2465 3872 2534 Semper

2219 2559 2375 2614 enim
2398 2562 2639 2632 paratus
2660 2559 2732 2613 ad
2756 2558 2974 2612 bonum
2997 2556 3372 2629 est,d'i'ligens
3394 2555 3867 2628 pmnitentiam.»

2219 2650 2383 2717 Quod
2413 2650 2485 2704 de
2512 2647 2733 2720 Spiritu
2759 2652 2963 2703 sancto
2993 2646 3089 2702 hic
3119 2645 3444 2704 catholicus
3469 2645 3678 2701 doctor
3707 2644 3869 2712 dicit,

2217 2738 2328 2794 hoc
2354 2739 2426 2794 de
2458 2738 2622 2793 Patre
2659 2743 2717 2792 et
2765 2735 2907 2792 Filio
2954 2752 3090 2792 cum
3136 2735 3338 2792 eodem
3389 2733 3614 2806 Spiritu
3665 2740 3870 2790 sancto

2216 2833 2306 2884 est
2334 2827 2726 2897 sentiendum,
2748 2843 3002 2898 quorum
3043 2841 3159 2880 una
3207 2828 3296 2880 est
3340 2823 3614 2880 voluntas
3644 2828 3706 2881 et
3735 2841 3870 2897 ope-

2283 2917 2384 2972 tio.

2283 2934 2326 2972 ιι
2373 2961 2384 2972 .

2218 2934 2446 3060 miliae
2486 3002 2781 3060 catholicae
2830 3001 3141 3058 discretam
3189 2999 3642 3075 intelligentiam
3671 3002 3746 3058 de
3775 3019 3870 3058 ne-

2215 3094 2551 3166 demptione
2580 3091 2822 3150 humani
2849 3091 3079 3166 generis
3109 3107 3212 3163 per
3239 3090 3473 3146 Domini
3503 3091 3868 3164 passionem,

2214 3183 2405 3243 tenuit
2434 3188 2673 3240 sanctus
2721 3180 3350 3254 llicronymus,dicens
3395 3180 3456 3234 in
3502 3181 3868 3253 expositione

458 3270 528 3324 Et
563 3269 704 3324 item
734 3273 873 3340 (cap.
910 3269 998 3336 15)
1043 3268 1330 3340 generalis
1381 3268 1645 3325 beneﬁcii
1694 3269 2104 3326 discretionem
2135 3256 2178 3323 Ε
2216 3272 2484 3346 Epistolas
2515 3274 2586 3329 ad
2620 3272 2901 3345 Ephesios
2925 3288 2985 3326 ;‹‹
3012 3272 3130 3327 Hoc
3171 3270 3230 3325 in
3268 3269 3371 3326 Dei
3410 3267 3555 3325 Filio
3586 3269 3868 3342 possibile

459 3356 824 3411 demonstrat
851 3355 910 3410 in
943 3354 1200 3428 Epistola
1233 3356 1424 3429 prima
1462 3357 1534 3412 ad
1566 3356 1896 3414 Corinthios
1919 3376 1932 3414 :
1955 3360 2108 3418 Sicut
2205 3363 2596 3435 judicandum
2617 3367 2724 3429 est,
2749 3362 2902 3434 quod
2935 3377 3138 3416 cruore
3168 3377 3274 3415 suo
3305 3375 3423 3414 non
3447 3359 3654 3414 urbem
3681 3376 3868 3416 unam

457 3446 606 3501 enim
652 3445 713 3500 in
757 3443 928 3500 Atiam
967 3461 1150 3502 omnes
1197 3447 1531 3515 moriuntur,
1563 3448 1642 3502 ita
1687 3455 1740 3504 et
1785 3449 1846 3502 in
1887 3447 2105 3506 Christo

456 3548 640 3590 omnes
688 3534 1108 3606 viviﬁcabuntur
1137 3534 1184 3605 (Ι
1205 3534 1324 3591 Cor.
1347 3553 1440 3602 xv,
1463 3535 1577 3608 22).
1604 3559 1630 3586 ‹‹
1665 3536 1952 3592 Omnibus
2001 3537 2102 3610 qui

458 3627 598 3679 sunt
620 3641 688 3680 ex
717 3623 845 3695 ejus
875 3640 1115 3696 corpore
1143 3623 1456 3696 acquisivit
1479 3625 1679 3694 vitam,
1701 3625 1758 3679 id
1792 3631 1878 3681 est
1904 3643 2101 3683 resur-

457 3713 794 3783 rectionem,
815 3713 1092 3780 Quamvis
1119 3729 1256 3785 ergo
1291 3713 1619 3785 generalem
1667 3713 1874 3770 tribuit
1904 3733 2103 3771 resur-

455 3803 792 3871 rectionem,
829 3808 892 3858 ut
922 3802 1075 3858 sicut
1113 3802 1170 3857 in
1203 3803 1389 3857 Adam
1423 3820 1646 3871 omnes,
1672 3803 1791 3858 sive
1805 3804 2101 3875 justi,sive

453 3890 684 3964 injusti,
717 3894 1068 3959 moriuntur,
1120 3891 1202 3948 ita
1242 3896 1299 3947 et
1346 3892 1405 3946 in
1447 3892 1678 3976 Christo
1726 3910 1950 3963 omnes,
1979 3899 2101 3950 tam

454 3983 756 4040 credentes
803 3998 979 4054 quam
1039 3981 1390 4049 dil'tidentes,
1439 3987 1751 4054 resurgant
1790 3999 1802 4038 :
1843 3983 1977 4039 licet
2026 3984 2100 4039 ad

454 4087 684 4142 pamam
735 4068 1042 4138 increduli,
1075 4075 1270 4126 tamen
1319 4070 1594 4126 vivilicari
1640 4071 1929 4140 videntur,
1961 4073 2102 4144 quia

455 4173 696 4229 corpora
715 4173 824 4213 sua
843 4156 1138 4230 recipient,
1155 4159 1282 4230 jam
1307 4176 1422 4215 non
1443 4159 1729 4229 morituri,
1745 4161 1844 4217 sed
1869 4161 2102 4234 passuri

452 4262 686 4318 poenam
717 4245 778 4301 in
811 4245 895 4302 eis
925 4246 1052 4304 sine
1090 4248 1225 4314 line,
1246 4248 1402 4319 quod
1433 4250 1664 4305 credere
1710 4250 2043 4307 noluerunt.
2069 4273 2098 4301 »

453 4335 599 4392 Item
621 4338 766 4412 (ctth
788 4336 860 4408 1),
885 4336 1039 4409 quod
1069 4335 1418 4410 generaliter
1435 4338 1710 4394 omnibus
1741 4356 1846 4411 per
1865 4357 2098 4398 crucem

452 4423 616 4482 salus
644 4426 946 4498 proposita
984 4430 1258 4500 operatur
1292 4426 1564 4500 singulis,
1585 4428 1646 4484 in
1688 4429 1892 4485 eadem
1932 4429 2098 4502 Epis-

450 4513 570 4571 tola
592 4531 606 4570 :
633 4515 861 4572 Verbum
881 4517 1030 4572 enim
1057 4519 1236 4573 crucis
1263 4519 1614 4589 pereuntibus
1631 4518 1847 4590 quidem
1865 4521 2100 4578 stultitia

2213 3453 2316 3511 sed
2371 3457 2560 3508 totum
2618 3455 2830 3524 purgat
2881 3451 3155 3506 orbem.»
3188 3449 3257 3504 Et
3310 3447 3371 3503 in
3428 3448 3867 3504 Commentario

2213 3540 2471 3598 Matthzei
2507 3559 2519 3597 :
2561 3542 2737 3597 Filius
2775 3540 3012 3596 hominis
3058 3556 3169 3596 non
3216 3539 3363 3594 venit
3405 3539 3741 3607 ministrari,
3773 3537 3869 3595 sed

2209 3633 2545 3699 ministrare,
2578 3638 2630 3686 et
2667 3629 2799 3686 dare
2845 3631 3090 3685 animum
3115 3645 3274 3684 suam
3301 3626 3722 3700 redemptionem
3761 3645 3867 3700 pro

2209 3722 2399 3776 multis
2443 3720 2651 3788 (Matth.
2683 3737 2773 3787 xx,
2807 3723 2919 3788 28).
2945 3743 2971 3769 ι(
3007 3719 3131 3774 Νοιι
3191 3716 3336 3772 dixit
3392 3733 3498 3788 pro
3555 3717 3862 3783 omnibus,

2211 3811 2312 3866 sed
2344 3826 2447 3882 pro
2477 3809 2700 3876 multis,
2734 3808 2790 3863 id
2823 3813 2912 3864 est
2951 3825 3054 3880 pro
3103 3805 3195 3862 his
3244 3806 3341 3879 qui
3375 3807 3610 3863 credere
3654 3806 3864 3863 volue-

2211 3899 2345 3956 rint.
2368 3922 2396 3951 ››
2433 3899 2525 3956 Sic
2557 3905 2614 3955 et
2643 3899 2797 3954 Beda
2825 3899 2884 3952 in
2925 3896 3170 3953 homilia
3196 3895 3491 3968 Evangelii
3518 3895 3729 3952 decima
3758 3904 3865 3952 ter-

2208 3991 2287 4046 tia
2310 4007 2358 4046 :«
2385 3989 2448 4044 In
2484 3988 2705 4060 Spiritu
2752 3992 2952 4042 sancto
3001 3985 3319 4058 baptizans,
3347 4008 3376 4034 »
3399 3983 3540 4057 quin
3562 3985 3862 4054 Christus,

2211 4102 2238 4132 «
2262 4080 2334 4135 ad
2357 4077 2614 4134 tollenda
2633 4082 2890 4149 peccata,
2913 4093 3027 4132 non
3049 4075 3242 4132 solum
3261 4073 3460 4151 Israel,
3475 4075 3575 4130 scd
3597 4080 3657 4130 et
3674 4075 3863 4132 totius

2209 4167 2436 4236 mundi,
2471 4167 2520 4223 si
2559 4165 2612 4223 ei
2651 4167 2884 4222 credere
2929 4164 3194 4234 voluerit,
3227 4165 3474 4221 idoneus
3519 4169 3675 4222 est.»
3699 4166 3864 4222 Hauc

2208 4261 2450 4314 sanctus
2479 4255 2734 4312 Hilarius
2781 4254 2969 4311 tenuit
2996 4261 3054 4310 et
3082 4254 3303 4322 docuit,
3324 4255 3526 4311 dicens
3567 4253 3629 4310 in
3680 4271 3864 4327 expo-

2208 4347 2418 4404 sitione
2448 4345 2661 4419 psalmi
2683 4362 2854 4401 cxvm
2878 4362 2926 4401 :u
2954 4346 3117 4401 Tunc
3147 4343 3406 4400 humano
3427 4344 3626 4417 generi
3657 4361 3865 4418 expro-

2208 4438 2338 4494 brat
2385 4453 2501 4492 non
2548 4434 2874 4508 poenitenti,
2908 4451 3096 4506 neque
3153 4433 3212 4488 in
3258 4433 3414 4490 viam
3457 4433 3862 4507 evangelicum

2206 4525 2489 4602 pergenti,
2514 4525 2571 4581 id
2595 4525 2748 4598 quod
2779 4525 2838 4580 in
2860 4523 3086 4596 psalmo
3110 4523 3458 4580 continetur.
3482 4527 3622 4598 Qua:
3641 4524 3861 4580 utilitas

449 4610 529 4698 ξεί
554 4604 602 4698 tl
621 4604 742 4698 (ξονι
768 4619 807 4698 13
965 4628 995 4655 «
1019 4605 1396 4698 Manifestum
1418 4610 1525 4674 est,
1552 4607 1690 4678 quia
1714 4608 1935 4698 quibus
1957 4626 2099 4665 crux
2127 4632 2174 4698 Ι)
2206 4619 2267 4674 in
2321 4618 2589 4688 sanguine
2643 4631 2780 4685 meo,
2835 4615 2967 4670 dum
3020 4613 3278 4670 descendo
3336 4615 3398 4670 in
3451 4615 3860 4686 corruptionem

450 4693 664 4752 Christi
686 4692 938 4750 stultitia
957 4699 1065 4763 est,
1083 4694 1143 4751 in
1165 4695 1488 4768 perditione
1508 4701 1647 4753 sunt
1668 4714 1682 4754 :
1707 4697 1918 4754 inferni
1939 4699 2097 4755 enim

449 4784 625 4841 morti
667 4801 785 4842 non
843 4789 982 4840 sunt
1033 4786 1235 4858 erepti.
1266 4787 1362 4843 llis
1387 4795 1570 4844 autem
1597 4789 1696 4860 qui
1747 4789 1891 4844 salvi
1932 4783 2092 4861 ﬁunt,

445 4877 622 4932 uirtus
651 4875 751 4931 Dei
788 4882 868 4931 est
911 4875 1258 4943 (ibid.).I\'on
1307 4880 1395 4932 est
1444 4877 1780 4946 obscurum,
1815 4877 1954 4949 quia
2000 4879 2094 4935 his

448 4964 548 5037 qui
581 4964 827 5021 credunt
855 4963 1040 5021 virtus
1070 4965 1172 5022 Dei
1198 4969 1286 5020 est
1309 4981 1322 5020 :
1347 4967 1594 5022 credunt
1623 4966 1780 5023 enim
1801 4985 1916 5024 non
1939 4967 2097 5024 inﬁn

449 5053 714 5111 mitatem
745 5071 874 5111 esse
905 5071 1138 5110 crucem
1169 5055 1406 5122 Christi,
1432 5057 1532 5112 sed
1557 5057 1852 5128 virtutem,
1877 5057 2093 5113 intelli-

447 5147 648 5216 gentes
679 5149 925 5202 mortem
946 5145 1160 5201 victam
1188 5162 1316 5202 esse
1347 5145 1405 5201 in
1433 5163 1602 5202 cruce
1628 5163 1640 5202 :
1665 5149 1836 5219 cujus
1857 5149 2092 5220 signum

448 5231 546 5304 qui
578 5233 795 5291 habent
823 5235 966 5292 salvi
998 5240 1157 5302 sunt,
1191 5236 1329 5308 quia
1358 5236 1431 5292 ab
1460 5235 1561 5291 illa
1599 5237 1781 5292 teneri
1813 5254 1928 5292 non
1958 5255 2091 5310 pos-

448 5325 644 5377 sunt.»
665 5324 810 5389 Quia
830 5324 1179 5396 generaliter
1196 5326 1472 5381 omnibus
1494 5324 1571 5381 sit
1589 5325 1750 5382 salus
1772 5327 2090 5398 proposita,

447 5410 588 5466 item
611 5412 747 5484 (cap.
769 5415 824 5486 9)
848 5415 904 5470 in
936 5415 1140 5471 eadem
1173 5415 1316 5471 dicit
1355 5415 1636 5487 epistola:
1667 5415 1854 5471 Omnis
1885 5419 1982 5488 qui
2031 5420 2092 5472 in

444 5517 616 5574 agone
642 5504 932 5572 contendit,
963 5506 1031 5561 ab
1060 5507 1312 5562 omnibus
1341 5521 1398 5562 se
1423 5504 1655 5561 abstinet
1684 5506 1730 5578 (Ι
1751 5509 1874 5563 Cor.
1899 5508 1952 5578 9,
1974 5510 2088 5578 25).

446 5613 474 5645 «
497 5591 584 5648 Ab
614 5590 708 5649 his
737 5593 1012 5652 omnibus
1042 5613 1168 5668 qua:
1198 5595 1437 5652 vitanda
1464 5596 1669 5652 eadem
1701 5596 1880 5653 tradit
1909 5597 2089 5655 disci-

441 5681 626 5762 plina,
651 5701 788 5745 cum
815 5686 1004 5747 sciant
1024 5704 1210 5746 unum
1233 5687 1385 5749 295
1407 5688 1807 5748 coronandum
1833 5705 1846 5748 :
1870 5695 2088 5768 quanto

2207 4707 2378 4777 (Psal.
2410 4723 2562 4772 XXIX,
2593 4705 2723 4778 20)?
2767 4705 3089 4777 Exprobrat
3144 4703 3301 4760 enim
3357 4703 3630 4776 superbis
3677 4707 3860 4776 atque

2204 4795 2550 4863 maledictis,
2584 4811 2690 4850 cur
2718 4793 2864 4851 nihil
2905 4793 2965 4849 in
3005 4798 3372 4850 sacramento
3419 4792 3730 4866 sanguinis
3761 4793 3857 4849 sui

2205 4888 2380 4956 atque
2405 4881 2611 4938 mortis
2634 4881 2904 4938 utilitatis
2925 4899 3042 4938 sua:
3064 4899 3194 4938 esse
3213 4880 3692 4952 existimaverint,
3717 4899 3858 4940 cum

2203 4971 2301 5028 ille
2333 4971 2516 5028 nostri
2555 4988 2734 5027 causa
2780 4975 2837 5027 et
2882 4975 3075 5040 natus,
3110 4976 3168 5026 et
3222 4987 3454 5043 passus,
3477 4975 3534 5028 et
3580 4975 3860 5029 mortuus

2203 5062 2298 5118 sit.
2324 5082 2351 5112 »
2387 5061 2481 5116 Sic
2511 5060 2693 5116 sensit
2721 5065 2778 5115 et
2808 5061 3005 5116 docuit
3046 5066 3285 5118 sanctus
3313 5061 3570 5118 Joannes
3599 5060 3856 5131 Chryso-

2202 5157 2450 5217 stemus,
2474 5151 2673 5208 dicens
2728 5151 2789 5206 in
2846 5149 3105 5222 Epistola
3153 5151 3225 5205 ad
3276 5151 3565 5220 Hebraeos,
3598 5151 3859 5224 qualiter

2201 5241 2388 5313 gratia
2407 5240 2508 5296 Dei
2533 5258 2636 5313 pro
2660 5241 2936 5296 omnibus
2958 5241 3278 5313 gustaverit
3311 5246 3579 5310 mortem,
3605 5258 3724 5297 non
3746 5259 3856 5314 pro

2199 5329 2474 5388 ﬁdelibus
2504 5335 2754 5398 tantum,
2780 5330 2880 5386 sed
2903 5347 3006 5402 pro
3035 5332 3257 5386 mundo
3280 5330 3570 5387 universo.
3591 5331 3666 5386 Et
3688 5331 3762 5387 de
3785 5348 3855 5389 eo

2201 5420 2420 5476 dictum
2447 5425 2556 5487 est,
2577 5420 2647 5475 ad
2673 5421 2973 5476 multorum
3011 5420 3390 5477 exhauriendo
3412 5428 3634 5494 peccata
3651 5422 3850 5492 (Hebr.

2199 5529 2275 5578 ιιι,
2307 5513 2420 5583 28).
2449 5511 2517 5566 Et
2545 5509 2667 5582 ipse
2699 5508 2936 5582 quidem
2976 5528 3080 5584 pro
3126 5510 3402 5568 omnibus
3431 5515 3704 5569 mortuus
3735 5517 3848 5568 est.

2199 5602 2346 5670 Quid
2369 5606 2566 5658 autem
2587 5600 2637 5657 si
2659 5616 2774 5656 non
2795 5617 3000 5658 omnes
3017 5602 3279 5670 credunt,
3295 5606 3354 5660 et
3374 5601 3472 5660 ille
3489 5603 3650 5676 quod
3669 5615 3850 5660 suum

2198 5697 2288 5753 est
2326 5691 2632 5772 implevit?
2664 5691 2756 5752 Sic
2803 5692 2992 5752 sensit
3033 5697 3093 5753 et
3137 5693 3336 5754 docuit
3365 5694 3425 5756 S.
3451 5691 3848 5774 Augustine,
