4020 6466
156 446 253 518 861

862 447 964 506 DE
1008 448 1768 510 PIUEDESTlNATlONE
1808 447 2326 513 DlSSER'l‘A'l‘iO
2372 454 2832 516 POSTERIOR.

3423 463 3541 540 363

155 581 340 638 dicens
372 578 436 636 in
466 577 614 636 libro
638 578 708 634 de
729 578 1096 652 Correptione
1122 583 1176 635 et
1197 579 1394 635 Gratia
1417 596 1463 635 :«
1498 579 1640 655 Quis
1666 597 1783 635 ma-
1816 580 1864 646 Α
1901 581 2138 653 respicit
2168 589 2414 655 partem,
2447 603 2582 642 cum
2633 587 2872 662 sanguis
2904 589 3135 646 Domini
3185 593 3368 650 nostri
3400 594 3541 650 Jesu

152 669 231 744 gis
258 667 462 724 dilexit
491 667 758 724 inﬁrmos
787 685 964 741 quam
999 669 1093 724 ille
1125 669 1224 742 qui
1267 687 1368 740 pro
1399 669 1673 724 omnibus
1704 673 1792 725 est

153 759 326 824 factus
347 756 642 822 inﬁrmus,
668 760 725 811 et
754 773 859 830 pro
891 756 1166 812 omnibus
1197 773 1265 811 ex
1295 757 1423 828 ipsa
1444 759 1596 814 29.6
1629 757 1790 812 inﬁr-

154 847 338 903 mitate
369 845 724 901 cruciﬁxus?
750 867 778 894 ››
800 846 868 900 Et
901 845 958 900 in
989 845 1137 901 libro
1181 851 1340 901 sexto
1378 851 1580 902 contra
1605 846 1788 902 Julia-

155 951 277 991 num
303 953 354 989 ;‹‹
377 932 468 992 Illi
490 938 631 990 sunt
655 933 886 990 liberati
907 951 941 990 a
972 939 1227 1007 peccato,
1253 952 1355 1008 pro
1388 935 1608 1006 quibus
1636 953 1789 991 mor-

153 1032 276 1081 tuus
305 1027 397 1079 est
427 1021 530 1096 qui
562 1040 866 1095 nunquam
909 1023 1097 1078 fuerat
1145 1023 1205 1079 in
1257 1029 1491 1096 peccato
1522 1029 1579 1079 et
1609 1023 1789 1080 semel

152 1115 430 1178 mortuus,
446 1115 642 1168 tamen
669 1129 771 1184 pro
794 1129 1147 1188 unoquoque
1168 1119 1307 1169 tunc
1327 1113 1594 1182 moritur,
1613 1131 1793 1185 quan»

151 1202 214 1256 do
238 1200 294 1254 in
329 1201 463 1274 ejus
493 1205 677 1256 morte
700 1200 1084 1272 quantaelibet
1108 1202 1297 1257 aetatis
1331 1201 1501 1258 fuerit
1531 1202 1789 1276 baptiza-

150 1290 332 1359 t_ur,id
366 1293 477 1360 est,
504 1294 643 1348 tunc
685 1290 734 1346 ci
787 1291 1044 1364 proderit
1073 1308 1234 1346 mors
1262 1293 1391 1362 ejus
1441 1290 1541 1364 qui
1591 1291 1698 1348 fuit
1730 1291 1789 1347 in

149 1383 394 1452 peccato,
409 1379 645 1453 quando
676 1379 737 1434 in
764 1380 892 1452 ejus
924 1383 1109 1436 morte
1152 1379 1500 1453 baptizatus,
1524 1385 1790 1436 mortuus

151 1468 307 1524 luerit
338 1468 522 1523 etiam
563 1468 689 1542 ipse
734 1473 992 1539 peccato,
1025 1468 1124 1540 qui
1176 1474 1446 1524 mortuus
1493 1469 1684 1524 fuerat
1729 1468 1788 1532 in

149 1562 391 1632 peccato.
411 1581 440 1608 ››
466 1557 625 1614 Hanc
661 1556 848 1614 tenuit
877 1561 935 1612 et
965 1557 1296 1628 praedicavit
1327 1562 1566 1613 sanctus
1603 1557 1787 1612 Theo-

149 1646 330 1720 philus
361 1647 626 1719 pontifex
660 1645 1105 1716 Alexandrinus,
1131 1647 1330 1702 dicens
1370 1646 1428 1701 in
1469 1646 1655 1721 capite
1685 1647 1787 1702 Pa-

149 1735 352 1792 schalis
382 1735 648 1810 epistolae
678 1736 862 1790 tertiae
887 1751 935 1790 :u
961 1735 1126 1790 Nunc
1167 1752 1397 1808 quoque
1419 1736 1518 1791 Dei
1541 1735 1667 1790 viva
1695 1753 1787 1790 sa.-

150 1825 351 1899 pieutia
381 1843 491 1881 nos
524 1825 596 1880 ad
628 1830 902 1881 sanctum
931 1830 1206 1898 provocat
1251 1825 1472 1881 Pascha
1501 1824 1791 1881 celebran-

149 1915 292 1980 dum,
315 1931 532 1972 omnes
563 1914 805 1986 cupiens
853 1915 982 1986 ejus
1027 1931 1156 1970 esse
1204 1914 1538 1988 participes.
1567 1937 1594 1966 »
1630 1916 1697 1970 Et
1727 1914 1786 1968 in
1817 1955 1864 2020 Β

148 2003 322 2076 prima
351 2003 639 2076 synodica
672 2020 685 2057 :
712 2027 739 2053 ‹‹
775 2003 1017 2069 Idcirco,
1051 2003 1262 2076 inquit,
1291 2004 1566 2059 omnibus
1597 2020 1788 2059 errore

147 2093 394 2148 seductis
416 2092 617 2150 vivens
640 2109 831 2148 sermo
854 2092 956 2148 Dei
989 2093 1047 2148 in
1081 2092 1361 2148 auxilium
1395 2098 1662 2148 nostrum
1695 2110 1786 2148 ve-

148 2183 222 2238 nit
237 2183 303 2238 ad
328 2189 544 2251 terras,
559 2199 686 2254 quae
709 2181 1056 2255 ignorabant
1073 2182 1295 2238 cultum
1315 2182 1435 2250 Dei,
1452 2186 1508 2237 et
1529 2181 1788 2238 veritatis

148 2271 597 2328 sollicitudinem
628 2271 1020 2338 sustinebant.
1043 2273 1221 2346 Cujus
1253 2271 1332 2328 rei
1364 2271 1530 2326 testis
1559 2271 1655 2326 ille
1687 2271 1786 2346 qui

147 2359 418 2434 loquitur,
483 2360 675 2418 Omnes
732 2360 1100 2433 deliquerunt,
1156 2361 1326 2417 simul
1386 2362 1606 2418 inutiles
1656 2363 1792 2433 [acti

145 2458 258 2507 sunt
283 2453 470 2521 (Rom.
494 2468 578 2520 in,
605 2451 714 2522 12).
743 2473 770 2500 ››
802 2451 870 2506 Et
899 2450 1040 2506 item
1072 2450 1132 2506 in
1165 2452 1496 2506 secundam
1524 2451 1786 2506 Praeben-

145 2544 220 2597 tes
247 2558 355 2596 nos
389 2540 604 2612 dignos
649 2540 1062 2596 communione
1105 2541 1366 2613 corporis
1395 2546 1453 2596 et
1482 2539 1788 2613 sanguinis

147 2630 364 2688 Christi.
399 2630 500 2686 Sic
543 2629 699 2686 enim
741 2630 1098 2687 merebimur
1124 2630 1383 2702 accipere
1411 2645 1588 2702 regna
1617 2627 1788 2684 cmic-

147 2738 262 2776 rum
291 2720 356 2777 in
384 2719 617 2776 Christo
663 2719 804 2776 Jesu
852 2719 1108 2776 Domino.
1150 2725 1404 2775 nostro.»
1429 2720 1498 2774 Et
1548 2723 1790 2775 sanctus

149 2811 244 2866 Leo
262 2810 321 2866 in
341 2807 601 2882 epistola
616 2809 688 2865 ad
712 2810 962 2866 Leonem
979 2811 1310 2881 Augustum
1327 2825 1339 2862 :
1355 2833 1373 2856 α
1398 2807 1614 2862 Etl'usio
1632 2807 1788 2862 enim

140 2900 270 2970 justi
293 2916 405 2972 pro
431 2896 674 2970 injustis
695 2896 1002 2970 sanguinis
1023 2897 1232 2952 Christi
1263 2903 1379 2951 tam
1405 2896 1514 2951 l'uit
1536 2895 1694 2951 dives
1717 2895 1788 2950 ad

147 2989 413 3061 pretium,
438 2992 506 3043 ut
527 2987 578 3043 si
603 2986 956 3043 universitas
979 2986 1340 3059 captivorum
1363 2986 1421 3040 in
1448 2986 1790 3058 Redempto-

147 3094 251 3134 rem
282 3094 468 3133 suum
503 3076 782 3145 crederet,
819 3076 1048 3132 nullum
1078 3075 1294 3131 diaboli
1325 3074 1558 3130 vincula
1588 3073 1793 3130 retine-

146 3172 276 3223 rent.
300 3190 325 3217 n
354 3167 428 3224 Et
457 3165 807 3224 Ambrosius
838 3166 896 3220 in
929 3164 1156 3237 psalmo
1178 3182 1348 3220 cxvm
1385 3181 1431 3220 ;‹‹
1459 3165 1620 3230 Quod
1644 3180 1793 3218 mor-

146 3261 268 3313 tuus
295 3261 394 3312 est
420 3255 718 3322 Christus,
749 3259 1017 3312 mortuus
1067 3258 1155 3309 est
1187 3253 1385 3309 semel.
1411 3252 1699 3309 Omnibus
1729 3251 1788 3308 in

1899 669 2110 726 Christi
2139 673 2392 746 pretium
2414 675 2592 731 totius
2614 675 2689 730 sit
2711 677 2939 732 mundi.
2964 700 2990 728 »
3017 681 3171 736 llanc
3194 682 3321 754 ipsa
3342 690 3544 739 sancta

1900 760 2068 815 sedes
2099 762 2419 834 apostolica
2444 763 2504 818 in
2524 765 2752 820 arcanis
2775 765 3098 822 caelestium
3133 771 3540 841 mysteriorum

1901 849 2046 904 297
2075 866 2142 904 ex
2163 850 2558 921 apostolorum
2579 853 2890 910 traditione
2909 855 3115 912 retinet
3131 857 3393 914 dicenszu
3414 860 3543 916 Haec

1899 937 2090 993 hostia
2120 955 2479 1011 quaesumus,
2515 941 2772 1009 Domine,
2806 945 3050 999 mundet
3078 950 3282 1004 nostra
3311 947 3540 1017 delicta,

1899 1042 2025 1103 quae
2074 1027 2132 1082 in
2183 1045 2285 1084 ara
2333 1029 2522 1086 crucis
2561 1030 2864 1088 immolata
2911 1032 3090 1090 totius
3148 1023 3355 1091 mundi
3410 1037 3547 1093 tulit

1899 1116 2201 1172 offensam.
2229 1140 2256 1166 »
2300 1119 2370 1173 Et
2418 1119 2556 1174 item
2586 1135 2602 1174 :
2633 1143 2652 1169 α
2687 1123 2893 1178 Annue
2947 1122 3137 1190 nobis,
3184 1124 3446 1193 Domino,
3481 1129 3547 1184 ut

1900 1204 2108 1258 animae
2140 1205 2342 1260 famuli
2375 1207 2458 1261 tui
2493 1209 2700 1264 Leonis
2731 1209 2851 1265 haec
2884 1211 3070 1282 prosit
3099 1212 3336 1280 oblatio,
3368 1232 3546 1285 quam

1899 1290 2258 1348 immolando
2293 1295 2471 1350 totius
2495 1297 2699 1351 mundi
2722 1296 2978 1354 tribuisti
3011 1299 3253 1356 relaxari
3276 1301 3545 1359 delicta.»

1898 1380 1966 1435 Et
1989 1397 2038 1434 ;‹‹
2062 1381 2322 1453 Respice,
2343 1384 2713 1456 omnipotens
2735 1390 2792 1442 et
2820 1386 3148 1447 misericors
3173 1389 3347 1457 Deus,
3367 1409 3547 1471 super

1897 1467 2048 1524 hanc
2076 1468 2357 1528 familiam
2382 1475 2564 1539 tuam,
2585 1490 2686 1546 pro
2710 1492 2825 1546 qua
2848 1475 3128 1535 Dominus
3152 1482 3348 1535 noster
3368 1467 3543 1538 Jeaus

1897 1555 2161 1613 Christus
2193 1576 2307 1614 non
2330 1561 2618 1617 dubitavit
2639 1563 2910 1620 manibus
2935 1566 3083 1621 tradi
3105 1568 3464 1634 nocentium,
3487 1573 3544 1624 et

1897 1646 2088 1701 crucis
2117 1648 2314 1703 subire
2363 1652 2742 1706 tormentum.
2769 1675 2795 1701 ››
2822 1653 2983 1709 Unde
3028 1654 3213 1727 legem
3246 1657 3542 1724 credendi,

1897 1739 1960 1790 ut
1979 1736 2184 1792 beatus
2200 1736 2542 1794 leestinus
2561 1741 2786 1808 scribit,
2801 1740 2889 1796 lex
2910 1747 3129 1798 statuat
3148 1745 3540 1822 supplicandi.

1969 1825 2126 1880 I-l—anc
2149 1826 2480 1882 orthodoxae
2502 1828 2897 1904 intelligentiae
2914 1832 3323 1889 discretionem
3345 1834 3548 1892 hause-

1899 1918 2035 1968 runt
2065 1914 2332 1970 catholici
2365 1920 2558 1988 patres
2598 1917 2781 1974 nostri
2814 1920 2885 1974 de
2915 1920 3173 1977 fontibus
3205 1921 3541 1991 Salvatoris,

1898 2002 1998 2074 qui
2027 2003 2201 2058 dicit:
2226 2005 2420 2060 Simile
2439 2013 2516 2060 est
2535 2023 2761 2078 regnum
2788 2010 3044 2064 caelorum
3063 2010 3278 2067 homini
3295 2013 3392 2084 qui
3417 2013 3548 2083 fecit

1895 2094 2116 2164 nuptias
2144 2093 2260 2164 ﬁlio
2289 2110 2408 2160 suo,
2439 2103 2491 2150 et
2525 2097 2678 2151 misit
2702 2113 2880 2154 servos
2910 2114 3036 2155 suos
3066 2115 3255 2156 vocare
3292 2102 3547 2156 invitatos

1895 2181 1964 2236 ad
2021 2184 2263 2254 nuptias,
2314 2191 2364 2238 et
2417 2184 2672 2242 nolebant
2716 2187 2902 2242 venire
2946 2188 3156 2255 (Matth.
3198 2206 3334 2256 xxu,
3367 2191 3443 2262 3).
3479 2191 3547 2246 Et

1899 2275 2029 2342 post
2053 2270 2168 2326 alia
2196 2287 2208 2326 :
2240 2273 2372 2328 Dico
2403 2273 2550 2328 vobis
2581 2274 2719 2346 quod
2746 2292 2902 2334 nemo
2925 2278 3167 2336 virorum
3198 2279 3421 2335 illorum
3451 2280 3549 2352 qui

1896 2361 2070 2416 vocati
2097 2368 2226 2416 sunt
2251 2363 2491 2432 gustabit
2513 2379 2720 2418 caenam
2740 2380 2916 2421 meum
2940 2365 3089 2439 (Luc.
3113 2384 3227 2436 xxv,
3250 2367 3550 2436 24).Vene-

1899 2453 2038 2504 runt
2068 2446 2265 2505 autem
2297 2450 2465 2505 multi
2498 2451 2569 2506 de
2600 2451 2709 2507 viis
2739 2454 2926 2509 vocati
2957 2458 3013 2510 et
3043 2456 3304 2530 sepibus,
3327 2459 3384 2512 et
3430 2455 3541 2512 im-

1898 2537 2064 2610 pletae
2082 2542 2221 2594 sunt
2239 2539 2453 2612 nuptiae
2469 2539 2986 2598 discumbentium.
3003 2545 3323 2618 thuidam
3342 2561 3544 2602 eorum

1898 2627 1998 2700 qui
2017 2633 2321 2696 venerunt,
2340 2645 2454 2684 non
2473 2629 2679 2685 habuit
2694 2636 2912 2688 vestem
2929 2633 3338 2706 nuptialem,et
3354 2633 3546 2714 ligatis

1899 2715 2173 2771 manibus
2193 2721 2250 2772 et
2281 2717 2528 2787 pedibus
2561 2718 2779 2775 missus
2801 2724 2890 2775 est
2921 2720 2977 2776 in
3009 2723 3280 2778 tenebras
3301 2724 3544 2779 exterio-

1899 2821 2012 2870 res,
2030 2804 2127 2858 ubi
2151 2805 2258 2859 erit
2281 2806 2450 2860 tletus
2481 2811 2537 2861 et
2558 2807 2774 2862 stridor
2801 2809 3086 2864 dentium.
3112 2814 3207 2865 Hae
3231 2812 3446 2884 nuptiae
3473 2813 3545 2868 ab

1900 2893 2044 2965 ipsis
2067 2893 2270 2948 mundi
2296 2894 2646 2950 rudimentis
2668 2901 2879 2967 paratas
2898 2902 3055 2964 sunt,
3077 2898 3196 2954 haec
3219 2901 3292 2954 ad
3315 2901 3420 2956 has
3445 2918 3551 2956 nu-

1899 2982 2051 3054 ptias
2071 2982 2142 3037 ab
2165 2989 2365 3038 exortu
2386 2983 2629 3039 humani
2652 2986 2882 3058 generis
2898 2987 3124 3042 vocatio
3140 2988 3376 3056 exstitit,
3394 2989 3548 3046 sicut

1900 3076 2138 3127 sanctus
2171 3071 2555 3145 Hieronymus
2603 3072 2664 3130 in
2712 3076 3139 3132 Commentario
3184 3077 3440 3150 epistolae
3472 3079 3542 3136 ad

1900 3160 2132 3216 Galatas
2164 3161 2340 3216 dicit:
2369 3163 2560 3218 Haeres
2590 3162 2699 3219 iste
2728 3164 3026 3236 parvulus,
3045 3165 3148 3238 qui
3177 3166 3322 3222 nihil
3353 3167 3546 3224 dill'ert

1900 3267 1934 3312 a
1953 3267 2116 3305 servo
2139 3267 2274 3307 cum
2297 3250 2372 3306 sit
2393 3252 2669 3308 dominus
2689 3253 3093 3320 omnium,sed
3117 3256 3226 3311 sub
3250 3255 3544 3312 tutoribus

144 3361 450 3402 commune
483 3343 665 3401 semel
698 3349 967 3400 mortuus
990 3349 1096 3414 est,
1119 3348 1177 3398 et
1199 3343 1447 3416 singulis
1469 3340 1648 3398 semel
1676 3358 1793 3396 mo-
1821 3329 1863 3402 C
1901 3345 1990 3395 est
2023 3357 2210 3412 usque
2232 3341 2302 3396 ad
2327 3341 2680 3413 praeﬁnitum
2701 3346 2935 3416 tempus
2961 3361 2994 3399 a
3020 3348 3202 3418 patre,
3223 3350 3418 3402 totum
3447 3346 3549 3402 hue

147 3435 295 3503 ritur,
323 3452 448 3492 non
476 3435 866 3507 frequenter.»
891 3433 984 3488 Sic
1013 3438 1250 3488 sanctus
1273 3432 1583 3505 Gregorius
1606 3431 1796 3487 tenuit

145 3530 193 3581 et
218 3523 562 3598 praedicavit
592 3523 651 3578 in
685 3521 834 3578 libro
867 3521 1177 3578 Moralium
1208 3521 1434 3577 decimo
1465 3525 1672 3593 quarto
1700 3521 1794 3575 di-

146 3632 267 3672 cens
290 3617 438 3688 (cap.
461 3614 553 3685 22)
581 3629 629 3668 ;‹‹
656 3611 833 3668 Stulti
872 3628 1104 3684 quoque
1151 3611 1554 3683 despiciebant
1603 3627 1694 3666 me
1728 3626 1792 3664 τι)

146 3722 202 3766 ac
253 3706 300 3760 si
363 3707 571 3776 aperte
603 3701 935 3757 diceretur:
973 3701 1091 3774 Ipsi
1151 3717 1242 3755 me
1289 3700 1464 3755 etiam
1515 3700 1794 3772 despexe-

146 3801 287 3862 runt,
312 3810 426 3866 pro
456 3791 677 3863 quibus
707 3790 990 3847 sanandis
1026 3789 1338 3845 stultitiam
1369 3786 1796 3861 praedicationis

147 3882 462 3956 assumpsi,
496 3881 556 3935 id
589 3885 683 3936 est
713 3884 776 3936 ut
805 3897 908 3951 per
937 3896 1171 3935 carnem
1202 3878 1375 3934 Verbi
1407 3881 1792 3933 sanarentur:

147 3977 197 4028 et
223 3974 292 4028 ab
325 3971 486 4046 ipsis
510 3971 822 4042 despectus
853 3986 1006 4036 sum,
1032 3985 1135 4040 pro
1166 3968 1382 4040 quibus
1413 3967 1630 4023 stultus
1652 3964 1796 4022 aesti-

148 4062 284 4116 mari
313 4060 543 4118 veritus
577 4075 692 4114 non
724 4075 878 4118 sum.
906 4058 976 4113 Et
1007 4058 1147 4112 item
1180 4059 1239 4112 in
1270 4056 1512 4112 homilia
1540 4056 1799 4112 secunda

149 4150 456 4215 Ezechielis
490 4147 784 4221 prophetae
821 4163 886 4202 :«
918 4147 1322 4202 Persecutores
1375 4163 1511 4202 suos
1543 4145 1798 4218 diligunt

148 4241 554 4310 praedicatores
604 4226 824 4306 Sancti;
858 4237 960 4294 sed
1010 4237 1136 4308 ipse
1187 4241 1388 4292 auctor
1436 4235 1702 4291 omnium
1732 4251 1797 4290 ac

149 4329 502 4403 Redemptor
530 4328 592 4384 in
624 4327 896 4400 passione
918 4327 1168 4398 positus,
1194 4343 1296 4398 pro
1329 4325 1798 4398 persecutoribus

147 4418 448 4485 intercedit
478 4419 683 4474 dicens
712 4434 726 4472 :
752 4417 934 4482 Pater,
966 4417 1201 4486 ignosce,
1234 4416 1370 4482 illis,
1395 4416 1525 4486 quia
1552 4416 1803 4470 nesciunt

147 4510 272 4580 quid
297 4511 523 4581 faciunt
551 4509 702 4580 (Luc.
731 4523 892 4575 XXIII,
912 4507 1024 4574 34).
1051 4504 1314 4560 Membra
1344 4521 1451 4559 sua
1482 4508 1708 4575 ponunt
1740 4503 1799 4566 in

148 4599 415 4670 passione
435 4614 544 4671 pro
561 4594 842 4664 fratribus
864 4612 877 4651 :
900 4595 1000 4650 sed
1024 4611 1128 4666 pro
1146 4593 1462 4650 electorum
1479 4593 1596 4647 vita
1614 4607 1802 4664 usque

149 4688 212 4744 ad
243 4692 500 4744 mortem
539 4703 602 4746 se
634 4684 875 4744 tradidit
905 4688 1109 4774 auctor
1136 4683 1284 4738 vitae.
1310 4706 1338 4734 (ί
1368 4684 1438 4774 Εἰ
1466 4681 1528 4774 in
1559 4681 1802 4736 homilia
1831 4707 1877 4774 D

149 4775 442 4850 Evangelii
471 4774 762 4848 vigesima
793 4791 843 4828 τι(
877 4773 1048 4830 Illum
1079 4773 1336 4830 Joannes
1367 4771 1630 4845 Baptista
1658 4789 1800 4844 prae-

150 4864 338 4926 dicare
367 4864 661 4932 veniebat,
687 4863 790 4935 qui
820 4863 1109 4935 quosdam
1139 4879 1209 4918 ex
1246 4861 1467 4929 Judaea,
1503 4865 1558 4916 et
1587 4859 1805 4916 multos

151 4969 214 5009 ex
241 4955 526 5027 gentibus
554 4952 868 5024 praedicare
888 4952 1176 5009 veniebat.
1202 4952 1322 5006 «Et
1353 4950 1410 5004 in
1441 4949 1721 5023 vigesimo
1742 4948 1806 5003 li-

151 5041 248 5098 bro
280 5041 601 5099 Moralium
627 5057 680 5096 :«
703 5041 1056 5114 Redemptor
1077 5057 1288 5112 corpus
1311 5039 1569 5111 passioni
1593 5037 1806 5094 obtulit

154 5133 302 5203 quod
326 5149 434 5205 pro
457 5131 660 5187 electis
677 5130 1218 5203 assumpserat.»Et
1238 5129 1376 5184 item
1401 5146 1448 5183 ;‹‹
1471 5126 1806 5200 Interpellat

155 5236 252 5292 pro
276 5221 454 5277 nobis
483 5219 792 5286 Dominus.
817 5236 930 5275 non
953 5234 1110 5285 voce,
1131 5219 1232 5274 sed
1256 5216 1649 5287 miseratione,
1668 5215 1807 5288 quia

157 5311 306 5381 quod
338 5309 613 5366 damnari
646 5308 705 5364 in
735 5307 934 5368 electis
962 5306 1168 5375 noluit,
1195 5305 1565 5379 suscipiendo
1597 5305 1807 5360 libera-

155 5400 378 5455 vit.»Et
395 5399 644 5471 Prosper
663 5415 732 5454 ex
747 5397 1106 5471 delegatione
1128 5396 1457 5469 apostoiicae
1483 5395 1638 5452 sedis
1660 5395 1809 5450 hanc

159 5487 506 5544 catholicam
556 5485 1004 5560 intelligentiam
1055 5485 1340 5559 exposuit,
1366 5485 1566 5540 dicens
1610 5490 1811 5539 contra

159 5577 352 5634 Gallos
385 5576 447 5632 in
470 5575 951 5649 recapitulatione
974 5593 1130 5633 nona
1153 5595 1202 5632 ;‹‹
1227 5575 1334 5642 Qui
1356 5574 1496 5630 dicit
1519 5575 1673 5648 quod
1696 5591 1810 5630 non

163 5683 263 5738 pro
291 5665 476 5723 totius
505 5666 715 5722 mundi
763 5665 1162 5740 redemptione
1193 5665 1458 5724 Salvator
1505 5665 1582 5721 sit
1619 5663 1812 5720 cruci-

162 5755 334 5828 fixus,
350 5771 467 5815 non
491 5756 566 5816 ad
585 5757 942 5826 sacramenti
955 5757 1253 5829 virtutem,
1269 5755 1371 5814 sed
1393 5755 1466 5814 ad
1485 5753 1812 5814 infidelium

487 5891 757 5958 Peraea.
803 5887 1033 5956 CXXV.

1902 3446 2144 3485 manum
2167 3446 2353 3503 genus
2374 3431 2445 3486 ab
2461 3435 2662 3487 exortu
2685 3449 2871 3504 usque
2888 3434 2960 3488 ad
2982 3434 3296 3491 adventum
3309 3435 3545 3510 Christi,

1902 3523 1957 3573 et
1989 3523 2055 3574 ut
2085 3517 2340 3590 amplius
2369 3518 2580 3588 dicam,
2615 3537 2802 3592 usque
2831 3523 2905 3577 ad
2946 3523 3150 3578 mundi
3182 3540 3550 3588 consumma-

1902 3610 2122 3665 tionem
2154 3609 2464 3682 signiﬁcat.
2497 3611 2796 3676 Quomodo
2830 3612 2986 3668 enim
3019 3629 3224 3669 omnes
3253 3615 3311 3670 in
3351 3618 3547 3690 proto-

1902 3697 2094 3770 plasto
2111 3699 2296 3754 Adam
2327 3699 2579 3754 necdum
2609 3699 2729 3754 nati
2761 3700 3132 3758 moriuntur:
3162 3702 3245 3757 ita
3269 3719 3474 3758 omnes
3494 3706 3552 3759 et

1903 3787 1965 3842 hi
1997 3786 2097 3858 qui
2127 3791 2261 3842 ante
2292 3789 2607 3843 adventum
2631 3788 2843 3844 Christi
2878 3790 2998 3844 nati
3029 3794 3186 3860 sunt,
3210 3790 3270 3845 in
3294 3792 3548 3848 secundo

1903 3877 2088 3932 Adam
2123 3875 2486 3931 viviﬁcantur
2509 3893 2522 3933 :
2547 3881 2722 3948 atque
2751 3877 2832 3932 ita
2863 3880 2948 3948 lit,
2974 3883 3038 3933 ut
3069 3883 3126 3934 et
3155 3897 3260 3935 nos
3291 3879 3402 3953 legi
3429 3895 3548 3934 ser-

1904 3965 2181 4020 vierimus
2203 3964 2261 4018 in
2285 3965 2571 4036 patribus,
2592 3970 2648 4020 et
2669 3965 2752 4020 illi
2777 3966 2965 4038 gratia
2985 3967 3287 4034 salvantur
3305 3967 3365 4023 in
3389 3967 3547 4024 ﬁliis.

1905 4054 1974 4109 Et
1994 4053 2290 4125 quoniam,
2317 4058 2381 4108 ut
2411 4054 2616 4109 beatus
2635 4055 3000 4128 Augustinus
3031 4055 3092 4111 in
3124 4056 3271 4112 libro
3293 4058 3363 4112 de
3396 4058 3550 4117 Bono

1905 4143 2345 4217 perseverantiae
2379 4143 2520 4198 dicit
2552 4144 2690 4218 (cap.
2719 4144 2795 4216 8),
2819 4145 3086 4218 nunquid
3118 4146 3425 4202 hominum
3457 4164 3556 4212 na-

1908 4237 2050 4288 turae
2083 4233 2207 4287 duae
2242 4232 2420 4288 sunt?
2450 4233 2622 4290 absit.
2648 4234 2708 4290 Si
2739 4236 2866 4290 duae
2908 4240 3127 4290 naturae
3173 4242 3390 4306 essent,
3424 4253 3553 4309 gra-

1909 4321 1991 4377 tia
2025 4321 2143 4377 ulla
2171 4339 2284 4378 non
2318 4327 2470 4378 esset
2503 4339 2516 4379 :
2552 4324 2706 4380 unde
2747 4329 2976 4380 constat
3006 4325 3147 4398 quia
3176 4331 3386 4381 natura
3417 4342 3552 4397 una,

1909 4412 2010 4467 sed
2030 4411 2229 4483 dispar
2245 4416 2333 4467 est
2349 4411 2555 4484 gratia.
2571 4413 2640 4467 Et
2657 4430 2791 4468 cum
2809 4431 2992 4469 unum
3013 4414 3070 4468 in
3088 4414 3344 4488 generali
3362 4432 3558 4494 massa

1909 4499 2252 4573 perditionis
2297 4501 2374 4556 sit
2421 4503 2718 4569 meritum,
2752 4519 2966 4577 magna
2996 4504 3302 4560 diversitas
3340 4508 3451 4577 est,
3484 4504 3556 4560 ab

1910 4589 2076 4645 initio
2100 4607 2285 4661 usque
2303 4591 2375 4644 ad
2398 4592 2966 4647 consummationem
2990 4593 3208 4659 seaculi,
3231 4593 3291 4649 in
3313 4593 3560 4654 homini-

1910 4679 2022 4733 bus
2057 4696 2288 4734 morum
2322 4683 2379 4735 et
2407 4680 2726 4736 actionum.
2752 4681 2857 4737 Per
2876 4681 3324 4739 similitudinem
3348 4683 3418 4738 de
3443 4699 3559 4738 uno

1911 4767 2168 4833 homine,
2184 4771 2242 4823 et
2255 4769 2327 4824 de
2345 4768 2521 4825 unius
2536 4769 2715 4826 vineae
2735 4769 3345 4840 diversitate,duarum
3367 4771 3560 4828 lectio-

1915 4875 2058 4913 num
2090 4857 2486 4930 distinctione,
2511 4859 2774 4916 Salvator
2806 4861 3188 4930 demonstrat,
3211 4860 3409 4916 dicens
3434 4877 3446 4916 :
3470 4859 3559 4916 Si-

1911 4949 2044 5003 mile
2072 4955 2151 5004 est
2190 4964 2420 5020 regnum
2460 4949 2717 5004 caelorum
2764 4949 2976 5006 homini
3018 4950 3432 5022 patrifamilias,
3465 4950 3563 5020 qui

1913 5038 2052 5092 ea‘iit
2075 5039 2256 5109 primo
2285 5053 2446 5093 mane
2474 5038 2770 5095 conducere
2787 5041 3062 5112 operarios
3085 5041 3143 5093 in
3162 5041 3378 5094 vineam
3405 5054 3562 5094 suam

1915 5127 2128 5196 (Matth.
2162 5144 2254 5197 xx,
2290 5128 2362 5198 1).
2396 5128 2529 5181 Cum
2583 5144 2701 5184 sero
2757 5136 2939 5184 autem
2991 5130 3196 5198 factum.
3248 5134 3400 5196 esset,
3432 5126 3566 5194 dicit

1913 5215 2166 5272 dominus
2222 5217 2393 5271 vinew
2444 5218 2788 5288 procuratori
2825 5233 2921 5272 suo
2957 5233 2968 5272 :
3007 5217 3139 5273 Voca
3186 5217 3460 5288 operarios
3515 5223 3568 5274 et

1915 5305 2079 5361 redde
2127 5306 2242 5360 illis
2286 5305 2582 5361 mercedem
2612 5306 2894 5378 (ibid.,8).
2928 5305 3089 5360 Unde
3139 5307 3378 5362 sanctus
3426 5306 3565 5363 Gre-

1915 5395 2118 5466 gorius
2145 5394 2308 5467 (hom.
2337 5394 2479 5467 19):«
2503 5395 2588 5450 Ad
2620 5395 3021 5462 erudiendam,
3046 5395 3258 5466 inquit,
3282 5391 3566 5452 Dominus

1919 5483 2148 5557 plebem
2181 5501 2370 5552 suam,
2395 5483 2564 5555 quasi
2595 5485 2667 5538 ad
2699 5483 3070 5539 excolendam
3101 5483 3332 5541 vineam
3373 5502 3565 5556 suam,

1921 5574 2080 5630 nullo
2124 5579 2380 5646 tempore
2425 5572 2648 5628 destitit
2694 5573 2988 5647 operarios
3034 5573 3265 5632 mittere
3298 5592 3312 5631 :
3345 5575 3486 5648 quia
3512 5579 3569 5639 et

1920 5663 2085 5739 prius
2113 5681 2218 5738 per
2265 5663 2483 5731 Patres,
2507 5666 2562 5718 et
2589 5663 2964 5735 postmodum
2995 5681 3098 5740 per
3126 5664 3276 5738 legis
3303 5666 3567 5724 doctores

1921 5758 1978 5815 et
1995 5753 2330 5832 prophetes,
2355 5754 2428 5813 ad
2446 5756 2774 5812 extremum
2793 5771 2926 5815 vero
2955 5772 3060 5833 per
3086 5755 3399 5832 apostolos,
3423 5756 3567 5830 dum

3171 5887 3246 5948 12
