4020 6442
495 418 612 480 363

1423 409 1808 473 HINCMARI
1855 407 2304 470 RHEMENSIS
2349 407 2972 470 ARCHIEPISCOPI.

3782 407 3893 470 364

494 547 682 621 plebis
711 564 830 604 sua:
862 563 1055 603 mores
1100 543 1369 610 excoluit,
1401 542 1568 616 quasi
1619 560 1722 614 per
1757 541 2050 615 operarios
2079 540 2138 596 in
2165 541 2222 608 Α
2250 539 2421 612 (Rom.
2453 559 2510 608 v,
2546 541 2654 608 19).
2686 541 2756 596 Et
2783 541 2925 597 item
2957 556 2970 596 :
3006 542 3070 598 Ut
3113 542 3188 597 sit
3230 541 3346 613 ipse
3390 542 3795 616 primogenitus
3838 545 3896 599 in

494 637 673 691 vinea}
695 635 852 692 cultu
863 653 926 691 ra
947 632 1535 700 laboravit.Quamvis
1556 632 1614 687 in
1633 631 1894 704 quolibet
1912 628 2148 686 modulo

493 723 582 780 vel
614 741 912 793 mensura,
957 725 1110 781 298
1143 722 1414 796 quisquis
1445 737 1576 777 cum
1620 721 1734 776 ﬁde
1782 725 1940 776 recta
1984 720 2146 776 bonae

495 815 746 870 actionis
791 813 1032 881 exstitit,
1059 813 1242 885 hujus
1287 811 1467 867 vineas
1515 809 1817 883 operarius
1863 809 2048 864 fuit.»
2077 810 2150 864 Et

494 903 688 960 item:
728 904 949 960 Vineam
996 904 1297 975 pastinavit
1349 901 1526 968 homo,
1552 908 1603 956 et
1655 898 2009 955 circumdedit
2063 915 2144 954 se-

491 1009 639 1066 pem,
669 1000 721 1050 ct
753 992 893 1064 fodit
925 993 1123 1059 lacum,
1153 999 1206 1048 et
1242 990 1536 1062 aediﬁcavit
1573 990 1794 1055 turrim,
1825 997 1877 1044 et
1901 989 2056 1044 misit
2079 987 2150 1044 ad

495 1082 763 1154 agricolas
794 1083 853 1138 in
883 1089 1116 1154 tempore
1143 1097 1380 1146 servum,
1403 1086 1463 1135 ut
1503 1079 1570 1134 ab
1602 1079 1858 1150 agricolis
1886 1081 2152 1151 acciperet

499 1171 565 1228 de
589 1173 776 1242 fructu
799 1172 968 1227 vinea:
988 1170 1170 1243 (Marc.
1195 1187 1295 1236 x11,
1325 1169 1398 1241 1),
1421 1172 1478 1224 et
1497 1166 1742 1238 reliqua.
1769 1167 1931 1224 Unde
1954 1171 2108 1226 Beda
2131 1187 2144 1226 :

499 1284 528 1312 α
561 1261 712 1318 Bene
759 1265 991 1332 tempus
1041 1260 1338 1315 fructuum
1369 1257 1586 1330 posuit,
1613 1275 1729 1313 non
1777 1263 2144 1330 proventum.

496 1347 708 1406 Nullus
747 1349 905 1404 enim
956 1349 1182 1404 fruetus
1236 1347 1456 1404 exstitit
1510 1345 1710 1419 pepuli
1759 1347 2143 1416 contumacis,

497 1437 698 1493 nullus
725 1437 899 1510 hujus
918 1437 1097 1492 vinea:
1120 1440 1457 1509 proventus,
1472 1435 1707 1490 tametsi
1729 1435 1928 1491 crebro
1951 1453 2016 1491 ac
2037 1435 2150 1492 sol-

499 1526 658 1584 licite
689 1529 1065 1600 quaircretur,
1089 1526 1361 1582 inventus
1391 1529 1496 1580 est.
1520 1525 1589 1580 Et
1615 1523 1699 1580 sic
1728 1524 1799 1579 de
1829 1524 2038 1596 primo,
2065 1541 2150 1582 se-

499 1616 712 1683 cundo,
733 1619 789 1671 et
817 1615 988 1672 tertio
1027 1613 1346 1688 praemissis
1384 1613 1588 1684 servis,
1612 1629 1800 1684 usque
1830 1613 1902 1668 ad
1930 1613 2147 1668 adven-

496 1709 625 1760 tum
675 1703 802 1771 ﬁlii,
841 1704 910 1760 de
941 1720 1056 1776 quo
1104 1703 1320 1758 dicitur
1352 1719 1365 1757 :
1397 1705 1552 1758 Forte
1594 1701 1922 1758 verebuntur
1966 1703 2144 1774 ﬁlium

495 1811 678 1850 meum
707 1793 910 1864 (Matth.
933 1811 1050 1860 x111,
1075 1792 1185 1864 37).
1207 1793 1367 1858 Quod
1401 1791 1695 1864 ambigere
1726 1792 1879 1846 Deus
1909 1791 2145 1862 dicitur,

497 1898 612 1938 non
647 1881 718 1937 de
747 1879 1078 1954 ignorantia
1107 1879 1282 1946 venit,
1308 1881 1410 1935 sed
1443 1879 1716 1936 ut-libcra
1745 1879 2014 1936 voluntas
2042 1880 2146 1936 ho-

497 1969 642 2025 mini
674 1973 1016 2026 reservetur.
1049 1969 1118 2025 Et
1155 1968 1313 2025 venit
1351 1968 1530 2036 ﬁlius,
1555 1969 1655 2041 qui
1695 1968 1852 2024 venit
1891 1985 2144 2042 qumrore

497 2063 555 2116 et
585 2059 812 2115 salvum
857 2059 1045 2114 facere
1071 2059 1225 2130 quod
1274 2058 1544 2130 perierat,
1567 2058 1768 2114 dicens
1801 2075 1814 2114 :
1851 2059 2030 2114 Venite
2075 2057 2146 2114 ad

495 2165 584 2204 me
611 2164 794 2206 omnes
814 2149 908 2222 qui
933 2147 1191 2204 laboratis
1219 2155 1270 2204 ct
1297 2149 1510 2204 onerati
1536 2149 1683 2214 estis,
1705 2155 1756 2202 et
1781 2163 1874 2218 ego
1900 2149 2146 2218 reﬁciam

497 2255 590 2294 ros
622 2238 801 2310 (ibid.,
825 2237 915 2309 28)
941 2254 954 2293 :
989 2237 1088 2310 qui
1121 2254 1238 2292 non
1267 2236 1425 2292 venit
1453 2240 1518 2291 ut
1557 2235 1784 2307 judicet
1829 2236 2141 2305 mundum,

494 2327 596 2383 sed
623 2331 685 2382 ut
707 2326 963 2383 salvetur
982 2326 1240 2381 mundus
1261 2343 1364 2398 per
1380 2323 1598 2398 ipsum.
1621 2325 1690 2380 Et
1709 2324 2146 2396 apprehenden-

493 2419 582 2472 tes
611 2414 800 2472 coloni
826 2415 1015 2470 ﬁlium
1040 2414 1562 2480 occiderunt.Quid
1583 2429 1719 2486 ergo
1750 2413 1922 2470 faciet
1949 2414 2142 2470 domi-

492 2521 606 2560 nus
625 2503 803 2560 vinea:
827 2503 1095 2578 agricolis
1117 2503 1270 2559 illis?
1287 2520 1632 2575 responsum
1655 2507 1746 2559 est
1769 2520 1782 2558 :
1804 2502 1968 2559 Malos
2000 2504 2144 2559 male

486 2593 676 2666 perdet
703 2593 885 2666 (ibid.,
910 2594 997 2662 41)
1023 2609 1036 2647 :
1065 2593 1341 2666 quoniam
1392 2592 1493 2664 qui
1533 2609 1646 2648 non
1681 2591 1865 2646 credit
1885 2593 2012 2665 jam
2036 2593 2142 2664 ju-

491 2683 721 2738 dicatus
754 2686 863 2749 est,
892 2682 947 2737 id
980 2688 1070 2738 est
1091 2683 1217 2753 jam
1241 2682 1557 2736 damnatus
1581 2686 1689 2748 est,
1712 2680 1851 2767 quia
1879 2697 1994 2736 non
2025 2697 2141 2738 cre-

2253 631 2449 686 multis
2477 631 2741 702 fratrtbus
2768 632 2943 701 (Rom.
2965 647 3090 698 vur,
3110 631 3221 702 29).
3254 630 3324 686 Et
3351 629 3490 687 item
3517 647 3530 686 :
3556 632 3678 704 Qui
3703 633 3896 690 multos

2253 719 2397 791 ﬁlios
2440 722 2501 776 in
2545 721 2778 791 gloriam
2825 720 3129 776 adduxerat
3153 719 3336 791 (Hebr.
3365 738 3426 786 11,
3459 722 3571 791 10).
3606 722 3679 778 Et
3709 721 3851 779 item
3879 739 3895 780 :

2227 809 2694 874 ‘Christussemel
2719 826 2914 882 passus
2959 817 3040 866 est
3067 808 3136 864 ad
3180 810 3480 866 multorum
3525 809 3900 868 exhauriendo

2249 906 2464 969 peccata
2514 898 2706 968 (Hebr.
2739 917 2816 966 1x,
2855 901 2968 968 28).
3009 899 3080 954 Et
3132 899 3271 954 item
3333 915 3346 954 :
3404 899 3651 956 Christus
3712 900 3905 958 dilexit

2254 987 2569 1055 Ecclesium,
2601 996 2653 1044 et
2677 989 2918 1060 seipsum
2963 987 3192 1044 tradidit
3211 1005 3314 1060 pro
3351 1005 3415 1044 ea
3452 988 3667 1060 (Ephcs.
3701 1007 3760 1062 ν,
3789 991 3896 1062 25).

2257 1075 2366 1132 Sed
2409 1081 2468 1132 et
2514 1075 2842 1144 Matthzeus,
2875 1080 2932 1133 et
2979 1077 3230 1145 Marcus,
3259 1081 3317 1132 et
3369 1078 3574 1144 Lucas,
3607 1077 3740 1135 ideo
3789 1097 3899 1136 non

2255 1182 2358 1238 pro
2391 1166 2685 1236 omnibus,
2718 1167 2819 1224 sed
2850 1183 2953 1240 pro
2987 1165 3189 1222 multis
3219 1170 3276 1222 et
3304 1183 3408 1238 pro
3439 1167 3604 1223 vobis
3641 1167 3901 1225 tradetur

2256 1255 2410 1310 299
2439 1270 2651 1327 corpus
2696 1271 2915 1324 meum,
2939 1259 2996 1310 et
3043 1255 3374 1312 eﬁ‘undetur
3419 1255 3664 1328 sanguis
3713 1274 3896 1328 meus,

2255 1342 2459 1399 dicunt
2503 1347 2888 1416 protestatum
2929 1343 3110 1401 fuisse
3156 1344 3471 1401 Dominum
3519 1345 3896 1418 Salvatorem,

2255 1431 2394 1502 quia
2410 1431 2544 1486 licet
2559 1449 2662 1504 pro
2681 1433 2956 1488 omnibus
2978 1449 3188 1505 passus
3205 1433 3398 1501 fuerit,
3417 1424 3532 1489 non
3549 1451 3758 1492 omnes
3780 1453 3902 1508 pas.

2255 1519 2438 1576 sionis
2459 1522 2508 1592 ej
2520 1539 2589 1576 us
2611 1522 2884 1595 mysterio
2909 1526 3049 1578 sunt
3069 1522 3385 1594 redempti:
3409 1528 3465 1580 et
3485 1523 3626 1596 quia
3645 1541 3763 1581 non
3785 1539 3902 1583 om-

2255 1625 2358 1664 nes
2378 1613 2518 1664 sunt
2546 1609 2852 1681 redempti,
2877 1625 2980 1681 pro
3001 1610 3218 1682 quibus
3238 1616 3328 1668 est
3349 1629 3580 1685 passus,
3607 1613 3682 1669 ad
3705 1613 3902 1674 inﬁde-

2253 1696 2399 1754 lium
2421 1698 2658 1770 respicit
2681 1701 2925 1770 partem,
2945 1715 3059 1754 non
3083 1699 3153 1754 ad
3181 1699 3345 1772 pretii
3370 1705 3747 1772 potestatem,
3770 1719 3899 1760 cum

2253 1786 2495 1860 sanguis
2511 1787 2744 1844 Domini
2763 1787 2947 1844 nostri
2963 1788 2996 1844 J
3001 1805 3102 1844 esu
3118 1787 3329 1845 Christi
3350 1790 3604 1862 pretium
3626 1791 3708 1848 sit
3726 1792 3900 1850 totius

2253 1877 2480 1932 mundi.
2499 1877 2872 1933 Manifestum
2893 1881 2981 1934 est
2997 1877 3339 1950 etiam,quia
3349 1879 3520 1950 juxta
3532 1881 3897 1952 Apostolum,

2257 1966 2573 2038 Quicunque
2603 1966 2862 2038 baptizati
2889 1983 3084 2041 sumus.
3115 1968 3176 2022 in
3219 1967 3430 2024 Christo
3457 1971 3611 2038 Jesu,
3639 1971 3705 2026 in
3735 1979 3900 2028 morte

2254 2057 2429 2128 ipsius
2459 2056 2718 2128 baptizati
2755 2073 2945 2112 sumus
2964 2057 3134 2129 (Rom.
3159 2073 3237 2124 v1,
3262 2057 3338 2127 3).
3362 2057 3434 2113 Et
3463 2061 3528 2114 ut
3569 2057 3732 2115 idem
3763 2060 3902 2117 dicit

2251 2145 2598 2217 Apostolus:
2623 2146 2804 2217 Empti
2829 2162 3019 2202 sumus
3043 2147 3219 2217 pretio
3240 2162 3437 2218 magno
3458 2147 3506 2218 (I
3531 2145 3653 2204 Cor.
3678 2165 3760 2216 v1,
3789 2150 3897 2222 20).

2252 2233 2322 2289 Et
2351 2235 2558 2290 beatus
2589 2235 2794 2291 Petrus
2819 2234 2960 2300 dicit
2993 2250 3005 2291 :
3037 2235 3154 2292 Non
3195 2235 3648 2308 corruptibilibus
3690 2254 3832 2294 auro
3853 2248 3900 2295 et

2248 2330 2468 2396 argento
2504 2323 2766 2396 redempti
2817 2326 2944 2380 estis
2973 2323 3040 2380 de
3086 2340 3227 2380 vana
3269 2333 3450 2382 vestra
3495 2329 3899 2384 conversatione

2245 2413 2846 2484 paternwjraditionis,
2879 2413 2972 2470 sed
3009 2417 3244 2486 pretioso
3267 2416 3536 2487 sanguine
3580 2418 3749 2488 quasi
3775 2419 3900 2489 agni

2250 2502 2669 2558 incontaminati
2709 2509 2760 2558 et
2806 2503 3147 2559 immaculati
3190 2505 3316 2560 Iesu
3369 2504 3574 2560 Christi
3604 2505 3650 2575 (ι
3679 2506 3828 2562 Petr.
3859 2523 3895 2574 1,

2253 2590 2360 2658 18).
2384 2590 2452 2645 Et
2481 2595 2676 2648 tamen
2702 2591 2839 2647 licet
2863 2591 3279 2648 Gothescalcus
3309 2591 3784 2664 pertinacissime
3812 2595 3901 2652 de-

2247 2683 2420 2751 neget
2439 2680 2593 2752 quod
2615 2697 2785 2736 nemo
2807 2679 3022 2736 Christi
3044 2681 3381 2754 redemptus
3402 2681 3695 2758 sanguine
3717 2683 3897 2756 possit

494 2771 644 2828 didit
675 2771 734 2826 in
767 2771 1003 2828 nomine
1034 2770 1315 2844 unigeniti
1352 2769 1478 2826 Filii
1517 2770 1618 2826 Dei
1644 2787 1657 2826 :
1683 2769 1792 2825 hoc
1821 2775 1911 2826 est
1939 2776 2138 2828 autem
2247 2768 2454 2840 perire,
2477 2774 2720 2840 pereunt
2741 2769 2984 2841 quidam
3005 2773 3108 2826 aut
3127 2770 3200 2826 ad
3222 2769 3628 2828 inﬁdelitatem
3655 2773 3895 2840 reversi,

491 2860 800 2931 iudicium,
823 2860 1046 2917 scilicet
1067 2860 1387 2928 damnatio,
1411 2859 1549 2933 quia
1579 2859 1678 2914 lux
1697 2859 1854 2915 venit
1881 2859 1940 2916 in
1973 2877 2140 2917 mun-
2246 2862 2348 2912 aut
2375 2857 2434 2912 in
2465 2857 2772 2930 iniquitate
2790 2857 3068 2928 defuncti,
3093 2858 3246 2915 sicut
3277 2858 3432 2915 idem
3462 2859 3675 2917 beatus
3695 2861 3895 2919 Petrus

489 2951 652 3020 dum,
676 2954 733 3006 et
769 2949 1097 3006 dilexerunt
1126 2949 1394 3006 homines
1425 2950 1697 3006 tenebras
1735 2949 1925 3023 magis
1958 2967 2135 3023 quam
2245 2947 2610 3003 demonstrat
2638 2943 2838 3004 dicens
2866 2963 2879 3002 :
2905 2949 3146 3004 Fuerunt
3179 2963 3304 3004 vero
3333 2955 3386 3004 et
3411 2947 3898 3022 pseudoprophetz

488 3037 714 3108 lucem;
747 3045 914 3094 erant
959 3037 1114 3094 enim
1170 3054 1373 3093 eorum
1421 3037 1578 3093 mala
1623 3054 1818 3110 opera.
1849 3038 2136 3095 Judicatis
2243 3035 2306 3090 in
2325 3037 2543 3108 populo,
2575 3038 2719 3093 sicut
2743 3045 2794 3094 et
2822 3039 2882 3092 in
2921 3037 3068 3094 vobis
3103 3043 3266 3093 erunt
3298 3039 3555 3109 magistri
3579 3038 3890 3111 mendaces,

487 3132 706 3198 autem,
731 3127 790 3183 id
821 3131 928 3195 est,
963 3126 1257 3182 damnatis
1288 3125 1446 3182 illius
1477 3125 1699 3182 colonis
1729 3127 2024 3198 pessimis,
2051 3128 2134 3183 vi-
2243 3128 2341 3198 qui
2369 3126 2624 3183 inducent
2667 3135 2834 3184 sectas
2880 3126 3226 3200 perditionis,
3257 3134 3309 3184 et
3334 3141 3460 3184 eum
3487 3129 3586 3200 qui
3629 3131 3767 3186 emit
3806 3145 3894 3186 eos

487 3233 660 3274 neam
691 3233 861 3272 suam
899 3215 1110 3272 locavit
1157 3214 1288 3271 aliis
1334 3215 1626 3288 agricolis,
1659 3215 1759 3288 qui
1806 3217 2053 3272 reddant
2079 3219 2131 3274 ei
2164 3282 2202 3292 Α
2238 3215 2530 3272 Dominum
2576 3225 2852 3287 negantes,
2883 3217 3298 3290 superducentes
3335 3217 3448 3274 sibi
3491 3217 3726 3275 celerem
3764 3235 3891 3292 per-

485 3305 747 3376 fractum
777 3305 1142 3376 temporibus
1163 3303 1315 3372 suis;
1341 3282 1478 3376 quia
1502 3304 1656 3360 sicut
1675 3282 1776 3360 ille
1805 3307 1960 3377 apud
1983 3307 2128 3364 Mat-
2158 3282 2202 3350 (ἶ
2238 3304 2501 3362 ditionem
2520 3306 2592 3379 (II
2609 3282 2754 3362 Petr.
2773 3282 2929 3376 11,1).
2948 3282 3112 3362 Unde
3128 3306 3284 3362 Beda
3301 3322 3351 3360 τί(
3370 3305 3451 3362 De
3471 3305 3581 3362 hoc
3604 3282 3892 3380 tempore,

486 3392 706 3450 thaaum
738 3391 1006 3464 exposuit
1037 3407 1051 3446 :
1083 3391 1205 3448 Ideo
1252 3391 1372 3447 dico
1400 3392 1569 3458 vobis,
1619 3393 1900 3464 auferetur
1922 3410 1958 3448 a
1984 3394 2132 3452 vobis
2240 3393 2452 3467 inquit,
2485 3399 2544 3451 et
2573 3395 2788 3451 Paulus
2827 3395 2987 3462 dicit,
3011 3394 3192 3466 empti
3222 3394 3366 3452 estis
3415 3395 3601 3468 pretio
3650 3413 3892 3471 magno,

485 3498 716 3554 regnum
768 3483 892 3550 Dei,
923 3489 974 3537 et
1001 3480 1224 3536 dabitur
1266 3481 1416 3553 genti
1467 3482 1696 3552 facienti
1746 3484 1958 3554 fructus
2014 3487 2132 3557 ejus
2238 3483 2557 3557 gloriﬁcate
2587 3489 2643 3542 et
2670 3489 2897 3556 portate
2944 3484 3259 3540 Dominum
3291 3483 3349 3540 in
3383 3501 3626 3558 corpore
3673 3491 3891 3543 vestro.

483 3571 688 3644 (Matth.
709 3587 826 3638 xxx,
849 3571 960 3640 43).
1005 3569 1098 3626 Sic
1142 3569 1356 3643 quippe
1407 3575 1549 3628 Deus
1596 3570 1792 3628 dilexit
1845 3574 2126 3645 mundum,

480 3669 544 3718 ut
569 3661 775 3717 Filium
801 3677 964 3716 suum
993 3661 1338 3732 unigenitum
1366 3659 1538 3728 daret,
1558 3669 1618 3717 ut
1635 3663 1813 3718 omnis
1837 3664 1936 3736 qui
1960 3663 2133 3721 credit

480 3754 542 3808 in
571 3753 752 3824 ipsum
777 3767 888 3807 non
913 3757 1116 3822 pereat,
1138 3749 1231 3806 sed
1259 3749 1454 3806 habeat
1473 3751 1640 3806 vitam
1661 3759 1926 3808 wternam
1946 3753 2123 3824 (Joan.

478 3859 564 3910 ιιι,
597 3841 706 3914 16).
728 3841 799 3897 Et
845 3841 1052 3897 beatus
1100 3839 1306 3894 Petrus
1340 3855 1353 3895 :
1385 3839 1505 3896 Non
1552 3840 1746 3910 tardat,
1782 3841 1993 3914 inquit,
2023 3843 2126 3900 Do-

475 3933 664 3988 minus
686 3931 1105 4002 promissioncm
1134 3945 1312 3996 suam,
1334 3927 1426 3983 sed
1463 3936 1732 4000 exspectat
1762 3939 1983 4002 prapter
2012 3947 2124 4001 vos,

473 4021 665 4076 nolens
684 4020 924 4092 aliquem
938 4019 1142 4090 perire,
1159 4017 1250 4073 sed
1271 4034 1454 4081 omnes
1475 4017 1544 4072 ad
1562 4019 1936 4089 paenitentiam
1953 4037 2127 4076 rever-

477 4111 522 4166 ti
539 4109 618 4179 (ΙΙ
631 4109 779 4164 Petr.
802 4123 886 4173 111,
907 4107 984 4176 9).
1009 4106 1080 4161 Et
1099 4110 1339 4162 sanctus
1362 4104 1608 4162 Paulus:
1634 4109 1750 4180 Qui
1764 4110 1987 4179 proprio
2005 4110 2124 4180 ﬁlio

474 4213 575 4255 suo
598 4213 710 4253 non
733 4196 993 4268 pepercit,
1013 4195 1106 4250 sed
1121 4211 1224 4266 pro
1253 4194 1408 4251 nobis
1435 4195 1687 4251 omnibus
1709 4195 1934 4252 tradidit
1961 4199 2123 4254 illum

475 4289 647 4358 (Rom.
671 4302 794 4354 vm,
815 4283 927 4356 32).
950 4285 1015 4340 Et
1043 4285 1094 4338 si
1134 4300 1280 4339 unus
1321 4300 1422 4356 pro
1467 4279 1716 4341 ornnibus
1747 4294 1992 4343 mortuus
2020 4296 2118 4356 est,

471 4393 598 4449 ergo
625 4391 809 4432 omnes
847 4374 1052 4428 mortui
1075 4381 1206 4429 sunt
1232 4373 1304 4444 (II
1335 4373 1454 4430 Cor.
1477 4392 1533 4441 v,
1560 4375 1645 4447 14)
1671 4392 1684 4431 :
1709 4379 1766 4431 et
1795 4393 1899 4448 pro
1931 4377 2119 4432 omni-

471 4465 584 4522 bus
607 4469 878 4520 mortuus
893 4462 1108 4534 est,qui
1127 4462 1285 4518 dedit
1301 4462 1681 4536 semetipsum
1698 4482 1800 4537 pro
1818 4465 2114 4536 omnibus,

470 4559 528 4612 et
553 4552 746 4628 gratia
765 4552 866 4608 Dei
891 4568 995 4624 pro
1017 4551 1291 4608 omnibus
1314 4552 1571 4624 gustavit
1591 4553 2029 4626 mortem,quia,
2051 4559 2117 4610 ut

2239 3573 2444 3630 Merito
2456 3577 2651 3630 autem
2669 3573 2780 3630 sibi
2795 3573 3036 3630 celerem
3058 3573 3446 3646 perditionem
3460 3574 3894 3646 superducunt,

2237 3663 2337 3735 qui
2371 3663 2819 3736 Redemptorem
2846 3680 3021 3728 suum
3051 3667 3352 3736 negantes,
3382 3662 3540 3718 hunc
3570 3668 3727 3721 recte
3758 3681 3894 3721 con-

2235 3753 2454 3810 ﬁtendo
2484 3753 2830 3826 gloriﬁcare,
2854 3757 2912 3809 et
2940 3752 3354 3809 benefaciendo
3397 3769 3504 3809 suo
3535 3753 3594 3808 in
3643 3769 3890 3826 corpore

2233 3835 2383 3898 ferre
2414 3842 2758 3912 detractant,
2784 3843 2941 3913 quod
2970 3857 3175 3898 omnes
3214 3840 3436 3897 faciunt
3463 3839 3742 3898 haeretici.
3767 3865 3799 3893 ι»
3821 3843 3892 3900 Et

2235 3935 2474 3988 sanctus
2495 3929 2711 3986 Paulus
2735 3930 2794 3985 in
2815 3929 3062 4002 epistola
3082 3931 3154 3986 ad
3176 3930 3535 3988 Corinthios:
3559 3932 3749 4004 Itaque
3767 3934 3890 4005 qui-

2230 4036 2442 4093 cunque
2469 4019 2642 4076 ederit
2661 4035 2862 4092 panem
2889 4019 3054 4090 hunc,
3075 4027 3174 4076 aut
3200 4019 3396 4076 biberit
3415 4021 3642 4076 calicem
3660 4022 3892 4078 Domini

2230 4109 2488 4181 indigne,
2549 4125 2675 4165 reus
2729 4095 2834 4165 erit
2888 4110 3129 4182 corporis
3185 4117 3237 4165 et
3288 4111 3580 4182 sanguinis
3633 4110 3884 4167 Domini.

2231 4201 2279 4269 (ι
2309 4199 2428 4254 Cor.
2460 4215 2537 4267 x1,
2573 4200 2686 4267 17).
2710 4198 2874 4254 Unde
2901 4198 3248 4254 Ambrosius
3280 4215 3294 4254 :
3321 4221 3348 4249 «
3382 4198 3529 4266 Quid
3559 4203 3652 4254 est
3680 4204 3885 4256 autem

2229 4305 2359 4344 reos
2389 4303 2537 4355 esse,
2561 4287 2676 4343 nisi
2707 4305 2910 4360 poenas
2940 4289 3078 4344 dare
3107 4289 3314 4344 mortis
3335 4287 3604 4344 Domini?
3633 4288 3886 4346 Occisus

2227 4382 2316 4434 est
2343 4376 2500 4434 enim
2531 4383 2589 4434 et
2618 4395 2722 4450 pro
2754 4377 2848 4433 his
2878 4377 2979 4450 qui
3009 4378 3358 4434 beneﬁcium
3389 4379 3519 4450 ejus
3549 4377 3610 4434 in
3638 4377 3884 4436 irritum

2227 4467 2468 4522 ducunt.
2497 4490 2526 4517 »
2547 4469 2617 4523 Et
2646 4466 2786 4523 item
2811 4483 2824 4521 :
2848 4468 3058 4524 Peribit
3085 4469 3146 4523 in
3188 4475 3284 4524 tua
3316 4469 3546 4524 scientia
3573 4469 3752 4540 frater
3775 4485 3883 4542 pro

2225 4572 2328 4628 quo
2358 4557 2603 4614 Christus
2642 4565 2889 4614 mortuus
2921 4564 2999 4613 est
3025 4557 3076 4628 (I
3101 4557 3222 4614 Cor.
3245 4574 3367 4625 VIII,
3397 4559 3507 4631 11).
3543 4557 3687 4614 Hinc
3733 4575 3881 4616 sau-

469 4643 653 4701 Isaias
673 4640 1063 4698 dicit:0mncs
1091 4641 1234 4696 velut
1262 4657 1381 4697 oves
1411 4643 1718 4697 erravimus
1738 4644 1868 4712 (Isa.
1891 4661 2013 4715 xm,
2035 4645 2112 4717 6).
2147 4655 2192 4720 [)
2223 4650 2352 4701 ctus
2408 4645 2753 4702 Ambrosius
2787 4663 2800 4701 :
2833 4647 2903 4702 Et
2931 4651 2996 4702 tu
3040 4645 3156 4703 eris
3203 4645 3428 4703 occasio
3488 4646 3695 4704 mortis
3755 4648 3878 4704 ira-

466 4730 883 4805 Unusquisque
901 4729 1054 4785 viam
1077 4747 1245 4785 suam
1269 4729 1596 4797 declinavit,
1619 4735 1675 4786 et
1695 4731 1980 4789 Dominus
2011 4751 2112 4806 po-

465 4823 585 4880 suit
613 4821 673 4876 in
704 4837 770 4878 eo
802 4818 1173 4892 iniquitatem
1208 4818 1475 4874 omnium
1507 4824 1794 4876 nostrum.
1815 4843 1844 4871 »

533 4911 680 4978 Quia
699 4926 831 4966 vero
853 4925 970 4964 non
992 4925 1196 4964 omnes
1215 4907 1509 4980 passionis
1531 4909 1657 4980 ejus
1678 4909 1952 4982 mysterio
1973 4915 2112 4967 sunt

463 4999 769 5074 redempti,
791 4998 927 5054 licet
959 4997 1080 5070 ipse
1104 4997 1277 5052 fuerit
1307 5015 1517 5068 passus
1549 5014 1651 5070 pro
1673 4998 1971 5068 omnibus,
1994 5017 2112 5056 ma-

461 5091 699 5146 nifestat
728 5089 940 5145 iterum
987 5104 1090 5159 per
1129 5085 1338 5142 Isaiam
1370 5087 1570 5142 dicens
1604 5104 1616 5142 :
1650 5087 1712 5142 In
1739 5089 1969 5144 scientia
2009 5106 2111 5145 sua

447 5180 775 5252 justiﬁcavit
807 5181 924 5251 ipse
969 5192 1150 5232 servos
1195 5192 1321 5232 suos
1366 5177 1567 5232 multos
1595 5176 1724 5246 (Isa.
1760 5194 1876 5244 1.111,
1901 5179 2008 5249 11).
2041 5178 2110 5234 Et

457 5267 598 5323 item
633 5285 646 5322 :
680 5269 798 5340 Ipse
835 5275 1056 5340 peccata
1099 5267 1395 5323 multorum
1434 5267 1560 5322 tulit
1590 5265 1792 5336 (ibid.).
1815 5267 1886 5321 Et
1917 5267 2054 5322 item
2089 5283 2103 5322 :

453 5359 562 5412 Iste
589 5366 833 5430 asperget
854 5366 1036 5430 gentes
1079 5359 1299 5412 multas.
1329 5357 1458 5426 (Isa.
1490 5373 1562 5423 ιι,
1593 5357 1700 5424 15).
1733 5357 1802 5410 Et
1831 5355 1890 5410 in
1923 5357 2104 5412 Evan-

453 5445 605 5520 gelio
658 5462 672 5501 :
722 5448 895 5503 Filius
949 5447 1194 5504 hominis
1250 5463 1361 5502 non
1417 5447 1565 5502 venit
1615 5445 1954 5513 ministrari,
2012 5446 2106 5503 sed

451 5536 799 5606 ministrare,
854 5545 905 5593 et
969 5537 1103 5592 dare
1165 5536 1409 5591 animam
1472 5551 1630 5590 suam
1687 5534 2104 5606 redemptionem

447 5639 551 5697 pro
603 5625 794 5681 multis
843 5625 1051 5694 (Matth.
1101 5643 1193 5695 xx,
1242 5627 1355 5692 28).
1410 5624 1480 5678 Et
1535 5624 1674 5679 item
1728 5622 2040 5696 Apostolus
2081 5641 2096 5682 :

450 5713 560 5774 Per
619 5715 790 5774 unius
853 5714 1214 5774 obedientiam
1267 5716 1411 5790 justi
1471 5715 1902 5772 constituuntur.
1937 5716 2101 5774 multi

2221 4733 2350 4804 tris,
2382 4750 2558 4806 quem
2587 4734 2858 4790 Christus
2891 4740 2954 4791 ut
2987 4735 3319 4804 redimeret,
3354 4735 3617 4810 cruciﬁgi
3645 4752 3711 4793 se
3741 4754 3878 4810 per-

2221 4821 2402 4876 misit.
2427 4821 2496 4876 Et
2526 4821 2812 4879 Dominus
2841 4822 3019 4878 dicit:
3051 4824 3171 4880 Non
3199 4826 3376 4880 omnis
3405 4826 3503 4898 qui
3527 4823 3661 4881 dicit
3683 4825 3876 4882 niihi:

2219 4911 2464 4978 Domine,
2495 4900 2740 4980 Domine,
2782 4913 3012 4970 intrabit
3063 4914 3124 4969 in
3171 4929 3401 4986 regnum
3449 4914 3708 4970 caelorum
3718 4935 3738 4983 ,-
3776 4913 3875 4972 sed

2218 5001 2316 5072 qui
2339 5001 2475 5070 facit
2503 5001 2827 5058 voluntatem
2852 5003 3037 5058 Patris
3068 5004 3180 5059 mei
3207 5003 3304 5076 qui
3331 5005 3392 5058 in
3422 5003 3568 5060 cretis
3595 5012 3694 5072 est,
3728 5007 3869 5078 ipse,

2218 5087 2448 5144 intrabit
2473 5091 2530 5145 in
2577 5106 2806 5162 regnum
2841 5092 3096 5148 castorum
3137 5091 3301 5164 (Matt.
3319 5109 3420 5160 vn,
3442 5095 3553 5161 21).
3577 5092 3683 5148 Et:
3709 5093 3874 5150 Multi

2214 5175 2395 5234 dicent
2420 5180 2561 5235 mihi
2595 5182 2656 5235 in
2704 5181 2806 5236 illa
2833 5180 2923 5237 die
2953 5197 2967 5236 :
2999 5181 3244 5250 Domine,
3293 5183 3540 5252 Domine,
3567 5199 3752 5240 nonne
3806 5185 3871 5240 in

2212 5268 2435 5323 nomine
2465 5276 2554 5326 tuo
2595 5269 3058 5342 prophetavimus,
3077 5279 3131 5328 et
3173 5273 3235 5327 in
3279 5274 3503 5328 nomine
3547 5280 3639 5329 tuo
3685 5275 3868 5331 virtu-

2213 5365 2288 5413 tes
2317 5359 2516 5414 multas
2541 5360 2808 5430 fecimus?
2835 5368 2886 5416 et
2913 5367 3041 5416 tunc
3067 5362 3358 5434 conﬁtebor
3385 5362 3503 5418 illis
3523 5379 3542 5416 :
3574 5364 3728 5436 Quia
3749 5380 3865 5420 non

2209 5449 2341 5504 novi
2397 5463 2507 5519 vos,
2565 5447 2822 5504 discedite
2875 5466 2910 5506 a
2961 5466 3049 5507 me
3099 5450 3376 5508 maledicti
3405 5451 3585 5524 (ibid.,
3615 5455 3708 5519 22,
3741 5453 3860 5522 23).

2209 5538 2279 5594 Et
2327 5537 2590 5596 Paulus:
2626 5539 2731 5606 Qui
2786 5540 3106 5612 conﬁtentur
3158 5557 3215 5598 se
3267 5555 3426 5598 nesse
3473 5541 3661 5608 Deum,
3694 5544 3858 5612 factis

2208 5635 2391 5684 autem
2417 5635 2617 5700 negant
2643 5628 2768 5701 (Tit.
2793 5645 2833 5696 1,
2861 5629 2948 5703 6):
2975 5631 3128 5703 quod
3163 5634 3220 5686 et
3251 5629 3705 5704 quamplurimis
3723 5630 3856 5689 aliis

2205 5716 2558 5776 testimoniis
2600 5720 2792 5793 potest
2844 5719 3100 5796 probari.
3132 5719 3295 5778 Unde
3341 5719 3392 5778 si
3441 5719 3514 5783 de
3560 5719 3853 5780 redimen-
