4020 6474
169 464 278 526 365

884 467 986 527 DE
1031 468 1790 532 PRAEDES'I‘INATIONE
1833 472 2344 539 DISSERTATIO
2384 479 2846 543 POSTERIOR.

3449 489 3568 558 366

168 595 256 688 dis
278 594 547 669 quidam,
574 597 646 653 ad
680 596 1082 688 inﬁdelitatem
1113 600 1200 656 vel
1223 607 1686 674 perseverantem
1711 602 1817 658 ini-
1842 604 1897 672 Α
1929 606 1973 677 (1
2004 605 2123 662 Cor.
2156 625 2232 676 x1,
2259 610 2368 679 17),
2402 610 2542 682 quia
2570 612 2670 684 qui
2717 612 2843 669 sine
2889 613 3198 688 disciplina
3238 618 3574 677 traditionis

169 684 448 759 quitatem
482 686 723 755 reversi,
751 686 891 743 vitio
924 689 1160 762 proprio
1189 695 1447 762 pereant,
1472 708 1576 763 pro
1604 692 1816 762 quibus

169 793 273 832 non
295 778 548 848 negatur
566 777 723 848 quod
744 775 1012 833 Christus
1044 778 1215 833 fuerit
1236 796 1470 852 passus,
1485 798 1591 835 cur
1606 797 1708 853 pro
1730 779 1813 836 eis

168 866 332 922 etiam
360 881 477 921 non
502 866 777 921 credatur
800 869 974 939 atque
993 865 1223 923 dicatur
1241 884 1453 941 passus
1496 869 1696 938 fuisse,
1712 868 1814 942 qui

168 970 267 1010 sua
296 952 572 1009 delectati
594 953 947 1027 captivitate,
962 959 1067 1012 aut
1087 956 1262 1012 ﬁdem
1287 956 1598 1014 noluerunt
1611 957 1697 1015 vel
1719 976 1816 1015 no-

167 1041 287 1099 lunt
316 1042 596 1115 recipere,
616 1046 719 1098 aut
745 1042 1116 1116 iniquitatem
1140 1044 1456 1102 noluerunt
1474 1047 1562 1103 vel
1607 1047 1817 1104 nolunt

164 1132 461 1203 deserere:
493 1131 818 1203 praisertim
840 1149 975 1188 cum
999 1133 1368 1206 apertissime
1405 1135 1689 1193 Dominus
1720 1137 1812 1193 di-

162 1223 247 1277 cat
273 1218 588 1291 discipulis
609 1236 624 1274 :
650 1219 958 1278 Praedicate
978 1223 1334 1294 Evangetium
1355 1225 1505 1280 omni
1524 1233 1810 1283 creaturae.

164 1308 259 1377 Qui
297 1307 604 1366 crediderit
644 1316 697 1365 et
743 1309 1046 1382 baptizatus
1082 1314 1271 1383 fuerit,
1311 1314 1501 1369 salvus
1542 1315 1649 1371 erit
1675 1334 1694 1369 :
1718 1317 1816 1387 qui

157 1413 271 1454 vero
288 1413 405 1452 non
434 1397 732 1454 crediderit
758 1399 1210 1456 condemnabitur
1237 1400 1420 1473 (Marc.
1443 1419 1559 1471 xv1,
1587 1404 1674 1470 15,
1702 1403 1810 1477 16).

160 1486 220 1542 Et
244 1486 389 1542 item
412 1503 428 1542 :
453 1488 522 1542 Et
538 1489 656 1543 nisi
671 1487 1032 1545 abundaverit
1038 1490 1264 1563 justitia
1284 1498 1461 1548 vestra
1484 1493 1609 1564 plus
1649 1510 1816 1566 quam

154 1576 299 1632 δυο
329 1575 661 1633 Scribarum
699 1585 753 1634 et
785 1578 1219 1649 Pharisaeorum,
1270 1596 1382 1638 non
1432 1582 1711 1638 intrabitis
1752 1584 1815 1638 in

154 1682 378 1739 regnum
408 1666 690 1722 calorum.
724 1667 931 1740 (Matth.
964 1686 1020 1737 v,
1052 1669 1168 1743 20).

219 1755 286 1811 Et
312 1755 480 1829 quod
504 1753 646 1810 dicit
664 1754 1105 1825 Gothescalcus,
1124 1757 1263 1830 quia
1283 1757 1392 1815 hoc
1413 1762 1503 1815 est
1532 1775 1813 1816 evacuare

156 1859 381 1904 crucem
435 1841 683 1913 Christi,
718 1844 767 1900 si
813 1844 1047 1902 dicatur
1092 1846 1233 1918 quia
1281 1864 1383 1919 pro
1431 1848 1705 1904 omnibus
1737 1848 1815 1905 sit

159 1949 363 2006 passus
394 1932 692 2003 Christus,
724 1936 782 1989 et
811 1951 927 1990 non
960 1934 1081 1991 sint
1122 1952 1328 1992 omnes
1377 1937 1661 2009 redempti
1708 1953 1812 2010 pro

158 2022 365 2095 quibus
396 2021 589 2078 voluit
617 2022 762 2094 pati,
783 2040 901 2079 non
932 2027 1023 2080 est
1052 2025 1269 2081 mirum
1291 2027 1339 2081 si
1366 2025 1562 2082 taliter
1578 2027 1813 2099 exponit

159 2110 420 2168 evacuari
450 2127 686 2167 crucem
717 2111 955 2184 Christi,
969 2113 1068 2186 qui
1113 2130 1391 2170 evacuare
1438 2116 1814 2188 praesumpsit

164 2203 600 2257 sacramentum
629 2200 937 2274 baptismi,
966 2202 1318 2259 sententiam
1366 2203 1609 2276 apostoli
1660 2203 1813 2260 Petri

149 2305 475 2362 exponens,
499 2290 640 2345 Eum
669 2291 766 2362 qui
812 2292 946 2347 emit
987 2308 1076 2349 eos
1119 2293 1412 2349 Dominum
1454 2300 1713 2363 negantes
1744 2293 1817 2365 (ΙΙ

163 2380 295 2434 Pctr.
330 2396 398 2445 ιι,
427 2380 499 2448 1).
529 2400 556 2428 ‹‹
581 2377 886 2452 Baptismi,
904 2379 1115 2453 inquit,
1141 2384 1506 2439 sacramento
1527 2398 1625 2438 eos
1646 2382 1811 2453 emit,

164 2484 267 2524 non
295 2471 505 2524 tamen
535 2485 641 2541 pro
681 2468 767 2524 eis
817 2486 1049 2525 crucem
1093 2470 1295 2538 subiit,
1332 2488 1519 2544 neque
1564 2475 1809 2527 mortem

160 2556 421 2630 pertulit,
455 2573 646 2631 neque
667 2558 1016 2631 sanguinem
1039 2559 1212 2615 fudit.
1232 2582 1259 2609 ››
1282 2560 1541 2626 Qualiter
1566 2578 1700 2617 vero
1723 2560 1811 2616 in-

158 2645 474 2721 telligenda
494 2646 573 2702 sit
592 2647 883 2704 sententia
901 2647 1184 2720 Apostoli,
1207 2665 1323 2720 qua
1344 2649 1503 2714 dicit,
1525 2648 1643 2706 Non
1687 2666 1811 2706 eva-

157 2744 335 2792 cuatur
365 2752 515 2791 crux
544 2736 756 2792 Christi
785 2735 832 2809 (Ι
861 2735 981 2793 Cor.
1004 2737 1175 2806 1,17),
1194 2736 1469 2809 quoniam
1503 2738 1815 2794 notissima

158 2828 237 2879 est
262 2823 701 2882 catholicorum
731 2824 1033 2898 expositio,
1067 2824 1367 2882 brevitatis
1411 2827 1608 2882 studio
1639 2827 1814 2884 verba

154 2913 468 2987 Augustini
497 2915 730 2969 tantum
762 2930 831 2969 ex
859 2913 1008 2970 libro
1039 2914 1110 2970 de
1143 2915 1361 2971 Natura
1407 2919 1463 2970 et
1492 2915 1689 2972 Gratia
1719 2933 1815 2989 po-

158 3003 348 3060 nimus
384 3007 530 3076 (cap.
566 3003 662 3076 7):
699 3025 727 3054 «
756 3004 1104 3073 Evacuatur,
1140 3003 1351 3076 inquit,
1383 3021 1525 3060 crux
1573 3004 1810 3072 Christi,

157 3091 200 3147 si
219 3091 425 3166 aliquo
447 3092 624 3148 modo
649 3095 858 3165 praeter
884 3090 1045 3148 illius
1073 3097 1532 3163 sacramentum,
1556 3094 1628 3148 ad
1642 3093 1816 3165 justi-

156 3180 289 3236 tiam
319 3181 634 3254 vitamque
656 3185 931 3237 aaternam
952 3180 1236 3253 perveniri
1270 3198 1441 3254 posse
1471 3182 1701 3239 dicatur
1733 3200 1746 3239 :
1783 3204 1814 3234 »

154 3270 630 3327 suecinctissime
660 3270 1086 3344 contingentes,
1110 3270 1248 3344 quia
1268 3271 1420 3329 sicut
1441 3289 1557 3327 non
1578 3289 1817 3328 evacua-

1929 698 1985 748 et
2014 698 2471 756 conversationis
2492 702 2889 768 accedunt,rei
2918 708 3058 758 sunt
3086 706 3343 778 corporis
3361 712 3417 763 et
3439 725 3574 763 san-

1922 783 2121 855 guinis
2152 786 2209 841 id
2243 791 2332 843 est
2361 788 2563 860 poenas
2593 789 2818 846 dabunt
2862 792 3068 848 mortis
3115 793 3379 863 Domini;
3425 813 3577 869 quo-

1924 873 2083 930 niam
2107 876 2368 947 quidem,
2385 880 2451 932 ut
2479 882 2721 935 sanctus
2752 879 3066 953 Gregorius
3087 880 3146 936 in
3169 881 3411 940 homilia
3431 885 3581 941 deci-

1923 980 2021 1019 ma
2042 964 2334 1036 prophetae
2357 966 2672 1023 Ezechielis
2693 967 2852 1038 dicit,
2870 986 2988 1025 una
3008 973 3097 1025 est
3119 986 3274 1043 spes,
3293 989 3411 1028 una
3432 973 3576 1030 fides

1922 1056 2012 1108 est
2040 1053 2493 1125 praecedentium
2515 1060 2689 1128 atque
2705 1058 3079 1130 sequentium
3103 1059 3475 1132 populorum.
3493 1062 3577 1118 Si-

1923 1144 2023 1195 cut
2043 1138 2127 1194 illi
2160 1145 2494 1214 exspectata
2538 1143 2810 1215 passione
2851 1162 2918 1201 ac
2968 1147 3394 1204 resurrectione
3445 1149 3574 1206 Filii

1922 1228 2023 1283 Dei
2055 1228 2259 1285 salvati
2293 1235 2450 1299 sunt,
2485 1230 2566 1287 ita
2595 1249 2702 1288 nos
2733 1235 3023 1306 praeterita
3071 1235 3342 1307 passione
3388 1236 3568 1307 illius,

1922 1334 1989 1374 ac
2018 1322 2395 1390 permanente
2422 1318 2483 1375 in
2532 1320 2747 1377 saecula
2786 1323 3210 1380 resurrectione
3251 1323 3566 1383 salvamur.

1922 1407 1991 1461 Et
2038 1411 2278 1471 sanctus
2328 1407 2713 1482 Hieronymus
2759 1411 2820 1466 in
2871 1412 3121 1484 epistola
3175 1413 3248 1468 ad
3310 1413 3569 1487 Galatas,

1923 1494 2169 1552 Christus
2195 1498 2375 1568 gratia
2396 1498 2516 1564 Dei,
2548 1498 2667 1555 sive
2698 1502 2763 1555 ut
2790 1501 2849 1555 in
2888 1501 3245 1573 quibusdam
3272 1504 3569 1577 exempla-

1922 1584 2087 1641 ribus
2107 1584 2340 1658 legitur,
2362 1586 2565 1660 absque
2591 1589 2697 1644 Deo
2720 1606 2822 1661 pro
2851 1590 3102 1646 omnibus
3131 1599 3378 1648 mortuus
3397 1601 3477 1649 est
3495 1594 3575 1663 (II

1920 1672 2042 1730 Cor.
2075 1690 2129 1742 v,
2166 1675 2253 1744 15)
2287 1690 2299 1729 :
2335 1697 2365 1726 «
2394 1674 2460 1730 Si
2488 1679 2683 1732 autem
2725 1694 2829 1750 pro
2862 1679 3163 1747 omnibus,
3194 1683 3252 1735 et
3281 1682 3426 1738 δθι
3462 1698 3568 1754 pro

1922 1761 2138 1835 Moyse,
2172 1767 2229 1818 et
2256 1779 2360 1836 pro
2383 1764 2672 1821 universis
2703 1766 3024 1839 prophetis,
3056 1768 3335 1841 aquibus
3371 1769 3569 1827 nullus

1921 1850 2110 1923 potuit
2138 1849 2328 1907 delere
2356 1851 2811 1926 chirographum
2842 1859 3011 1911 vetus
3059 1856 3213 1928 quod
3258 1857 3569 1915 adversum

1921 1956 2028 1995 nos
2077 1938 2361 2012 scriptum
2410 1945 2554 2010 erat,
2595 1946 2652 1997 et
2700 1942 2936 2015 attigero
2982 1942 3128 1999 illud
3173 1944 3350 2000 cruci.
3376 1944 3570 2002 Omnes

1919 2029 2069 2084 enim
2092 2036 2523 2100 peccaverunt,et
2541 2029 2789 2101 indigent
2810 2031 2986 2103 gloria
3006 2033 3101 2087 Dei
3122 2033 3294 2103 (Rom.
3319 2035 3569 2108 m,23).»

1881 2181 1898 2205 ἱ
1920 2117 1990 2172 Et
2019 2117 2090 2172 de
2120 2116 2213 2173 his
2239 2117 2338 2189 qui
2372 2117 2577 2175 salvati
2606 2136 2721 2174 non
2754 2122 2893 2174 sunt
2911 2124 3151 2177 sanctus
3169 2120 3483 2196 Gregorius
3506 2123 3569 2179 in

1921 2205 2164 2262 homilia
2207 2223 2361 2263 nona
2409 2206 2727 2264 Ezechielis
2773 2208 2961 2264 dicit:
2998 2233 3018 2259 «
3054 2209 3387 2266 Notandum
3430 2212 3571 2288 quia

1921 2299 2232 2367 postquam
2277 2295 2433 2351 mala
2489 2301 2799 2369 parentum
2858 2297 3265 2355 defunctorum
3323 2299 3570 2372 dixerat,

1921 2382 2161 2438 mittens
2192 2383 2534 2456 prophetam
2566 2385 2637 2439 ad
2686 2383 2835 2441 ﬁlios
2884 2385 3042 2456 dicit,
3074 2386 3139 2442 Si
3162 2389 3302 2458 forte
3348 2389 3429 2445 vel
3460 2391 3572 2460 ipsi

1919 2471 2167 2539 audiant,
2201 2480 2255 2528 et
2300 2474 2442 2544 forte
2480 2474 2781 2545 quiescant.
2822 2473 3032 2546 (Eiech.
3080 2492 3142 2544 II,
3173 2477 3249 2549 5).
3283 2477 3431 2543 Quid
3480 2482 3570 2534 est

1921 2560 2131 2629 dicere,
2146 2562 2231 2616 vel
2260 2563 2386 2633 ipsi,
2404 2560 2516 2616 nisi
2549 2561 2688 2635 quia
2715 2579 2917 2618 eorum
2944 2564 3271 2637 patres,qui
3303 2565 3363 2620 in
3395 2564 3570 2639 culpa

1923 2650 2180 2705 defuncti
2211 2653 2371 2717 sunt,
2387 2650 2589 2706 audire
2610 2650 2971 2707 noluerunt?
2995 2674 3022 2706 ››
3053 2653 3122 2707 Et
3143 2652 3489 2711 Ambrosius
3508 2653 3569 2711 in

1921 2737 2168 2811 epistola
2197 2739 2270 2793 ad
2302 2739 2616 2805 Romanos,
2639 2739 2898 2813 Nunquid
2926 2743 3008 2796 sic
3034 2742 3374 2814 o/Tenderunt
3399 2750 3463 2799 ut
3481 2760 3571 2799 ca-

1920 2826 2142 2883 derent?
2162 2827 2303 2883 absit
2320 2827 2574 2899 (Rom.x1,
2592 2828 2679 2899 11)
2701 2844 2713 2883 :
2738 2851 2765 2879 ‹‹
2783 2829 2897 2884 [loc
2917 2828 3060 2884 dicit
3079 2831 3234 2902 quod
3257 2848 3437 2904 supra
3459 2848 3576 2888 me-

1923 2914 2310 2987 moravi,quia
2327 2932 2441 2971 non
2460 2916 2542 2971 sic
2564 2915 2903 2972 difﬁderunt
2926 2920 2988 2972 ut
3009 2934 3314 2991 nunquam
3335 2924 3576 2993 possent

1921 3002 2248 3069 credere,id
2269 3007 2378 3071 est,
2394 3019 2510 3058 non
2540 3003 2623 3059 ita
2651 3007 2888 3077 propter
2906 3004 3377 3063 incredulitatem
3401 3024 3571 3063 suam

1923 3091 2119 3149 caecati
2132 3095 2272 3147 sunt
2284 3097 2349 3148 ut
2363 3092 2553 3148 curari
2569 3110 2683 3149 non
2695 3093 3426 3165 possent,sicutdiabolum
3438 3095 3575 3170 legi-

1924 3196 2055 3235 mus
2073 3180 2412 3236 cecidisse.»
2437 3182 2562 3237 llzec
2581 3180 2936 3250 diximus,ne
2948 3182 3124 3238 etiam
3144 3199 3300 3240 ωιμο
3316 3180 3571 3240 errorem

1921 3268 2185 3341 ejus,qui
2217 3286 2324 3326 nos
2353 3286 2580 3326 errasse
2612 3287 2728 3326 non
2758 3287 2889 3327 vere
2920 3270 3084 3341 dixit,
3099 3271 3170 3327 de
3199 3271 3399 3346 impiis
3435 3276 3571 3329 ante

156 3362 244 3415 tur
272 3360 428 3415 ﬁdes
457 3358 700 3428 Christi,
734 3358 783 3415 si
806 3376 1011 3416 omnes
1042 3376 1159 3415 non
1185 3360 1557 3430 crediderint,
1591 3367 1650 3418 et
1696 3379 1812 3418 non
1844 3348 1885 3414 C
1923 3358 2256 3430 passionem
2288 3357 2502 3415 Christi
2534 3358 2759 3432 punitis
2804 3359 3209 3418 indiscussum
3258 3362 3574 3435 praeterire-

154 3453 470 3505 evacuatur
500 3447 880 3520 baptismatis
910 3453 1342 3505 sacramentum
1374 3451 1652 3508 omnibus
1670 3468 1815 3524 prae-

156 3536 774 3603 dicandum;siomnes
796 3538 1115 3595 credendes
1135 3538 1411 3611 baptizati
1436 3556 1551 3595 non
1578 3540 1602 3595 f
1602 3540 1721 3596 ueri
1730 3544 1814 3596 nt.

155 3647 179 3675 ιι
208 3625 332 3683 Non
366 3624 556 3693 enim,
591 3623 785 3697 inquit
814 3625 1061 3698 Prosper
1089 3642 1157 3681 ex
1188 3625 1463 3699 Apostolo
1487 3626 1587 3699 (Ad
1627 3628 1812 3701 object.

155 3713 263 3770 Gal.
294 3715 452 3772 Sent.
491 3713 592 3787 Ix),
622 3712 838 3772 excidi.
873 3714 1118 3771 verbum
1166 3713 1287 3784 Dei,
1322 3731 1510 3788 neque
1540 3720 1818 3773 evacuate

153 3806 237 3858 est
265 3802 483 3860 mundi
505 3801 833 3876 redemptio
857 3819 870 3858 :
896 3802 1036 3875 quia
1064 3807 1122 3859 et
1149 3802 1197 3859 si
1219 3820 1334 3859 non
1358 3804 1629 3877 cognovit
1650 3822 1817 3861 mun-

152 3891 256 3948 dus
302 3893 502 3949 Deum
551 3890 614 3947 in
662 3891 821 3947 vasis
862 3890 982 3959 iraa,
1015 3892 1284 3965 cognovit
1323 3897 1518 3950 tamen
1554 3895 1817 3950 mundus

150 3979 328 4038 Deum
360 3982 430 4038 in
459 3980 619 4039 vasis
665 3980 1100 4037 misericordiae.
1136 4003 1163 4031 »
1206 3982 1292 4037 Ita
1340 3999 1455 4042 n.n
1503 3986 1815 4039 evacuatur

149 4071 337 4142 passio
363 4068 805 4143 Redemptoris,
829 4069 877 4125 si
902 4087 1019 4126 non
1044 4087 1268 4140 omnes,
1289 4070 1503 4143 quibus
1534 4070 1811 4144 poculum

151 4158 428 4218 humanae
459 4158 675 4216 salutis
704 4160 1033 4216 confectum
1065 4159 1261 4216 divina
1290 4160 1503 4216 virtute
1547 4165 1603 4216 et
1648 4161 1810 4218 inﬁr-

149 4250 349 4307 mitate
384 4253 595 4306 nostra
623 4248 886 4305 oblatum
917 4252 1028 4319 est,
1060 4266 1292 4306 sumere
1345 4250 1809 4319 detrectaverint,

149 4340 231 4396 vel
260 4356 541 4414 perverse
561 4339 755 4412 pravis
772 4339 1035 4395 moribus
1067 4342 1125 4395 et
1156 4339 1358 4412 iniqua
1378 4341 1810 4399 conversatione

148 4429 414 4499 vivendo,
446 4428 511 4484 in
534 4427 832 4500 judicium
862 4432 921 4484 et
949 4429 1586 4496 condemnationem,et
1616 4430 1663 4486 si
1692 4448 1809 4488 non

151 4518 248 4575 utJ
256 4519 410 4575 udas
431 4516 845 4591 peccatoribus
855 4517 886 4573 J
893 4515 1301 4585 udaeis,verum
1323 4518 1669 4591 sanguinem
1684 4520 1809 4592 jus-

149 4609 270 4664 tum
303 4606 533 4665 Christi
556 4606 659 4663 Dei
682 4605 865 4663 nostri
894 4605 1020 4662 suis
1042 4606 1444 4679 peccatoribus
1465 4608 1810 4667 tradiderint

148 4696 459 4755 membris.
476 4693 772 4752 Medicina
786 4693 942 4751 enim
965 4695 1246 4768 spiritalis
1275 4701 1384 4766 est,
1406 4701 1470 4752 ut
1499 4696 1639 4753 dicit
1665 4700 1807 4755 Am-

149 4784 405 4856 brosius,
420 4802 555 4859 quae
576 4801 712 4841 cum
730 4784 1049 4842 reverentia
1067 4785 1374 4859 degustata
1393 4785 1665 4858 puriﬁcat
1693 4788 1805 4845 sibi

150 4875 429 4933 devotum
453 4892 468 4931 :
494 4875 783 4931 memoria
800 4875 1016 4949 quippe
1033 4875 1451 4947 redemptionis
1471 4880 1682 4932 nostra:
1698 4881 1806 4934 est.

152 4961 310 5022 Unde
341 4966 553 5022 devote
583 4967 641 5021 et
670 4980 806 5020 cum
836 4963 1047 5021 timore
1095 4964 1489 5020 accedendum
1539 4966 1610 5021 ad
1643 4983 1808 5022 com-

150 5055 499 5111 munionem
529 5054 661 5127 ejus
691 5053 859 5110 docet
885 5052 1304 5126 Apostolus,ut
1332 5054 1478 5110 sciat
1521 5072 1687 5111 mens
1721 5073 1806 5112 re-

150 5144 476 5200 verentiam
510 5160 573 5200 se
598 5142 807 5200 debere
835 5141 997 5211 ei,ad
1029 5142 1199 5215 cujus
1216 5159 1429 5215 corpus
1451 5145 1805 5200 sumendum

153 5233 400 5290 accedit.
420 5232 540 5289 Hoc
562 5232 719 5289 enim
747 5232 901 5306 apud
931 5248 994 5288 se
1015 5231 1188 5287 debet
1215 5232 1502 5303 judicare,
1527 5233 1665 5305 quia
1695 5234 1805 5290 Do-

151 5321 349 5377 minus
371 5326 487 5391 est,
508 5321 681 5393 cujus
711 5320 771 5377 in
803 5319 1079 5394 mysterio
1111 5321 1458 5393 sanguinem
1504 5326 1683 5394 potat,
1706 5322 1810 5396 qui

150 5411 319 5468 testis
340 5414 440 5468 est
468 5410 736 5468 beneﬁcii
770 5409 893 5479 Dei,
912 5425 1090 5483 quem
1123 5427 1229 5467 nos
1260 5410 1308 5466 si
1341 5427 1477 5467 cum
1498 5411 1812 5484 disciplina

153 5499 629 5572 accipimus,non
651 5499 873 5557 erimus
893 5498 1121 5573 indigni
1142 5499 1401 5572 corporis
1423 5505 1481 5556 et
1503 5501 1810 5574 sanguinis

153 5587 414 5645 Domini.
431 5588 630 5646 Gratia
650 5588 808 5646 enim
833 5586 1126 5644 videbitur
1151 5587 1544 5661 Redemptori.
1566 5591 1812 5660 Quicun-

152 5693 255 5751 que
270 5695 414 5736 vere
432 5678 621 5736 ederit
640 5693 850 5749 panem
867 5682 1038 5747 hunc,
1050 5685 1154 5735 aut
1177 5676 1391 5734 biberit
1412 5676 1662 5735 calicem
1693 5682 1812 5736 Do-

153 5767 305 5827 mini
327 5766 597 5845 indigne,
608 5784 745 5828 reus
761 5767 874 5828 erit
890 5766 1157 5842 corporis
1174 5771 1232 5825 et
1248 5768 1556 5844 sanguinis
1579 5769 1817 5830 Domini

1926 3464 2078 3504 mus.
2094 3447 2220 3504 Non
2237 3448 2395 3504 enim
2418 3446 2784 3520 scripsimus,
2809 3448 3073 3506 Christus
3093 3450 3264 3507 Je’sus
3289 3451 3572 3509 Dominus

1926 3534 2303 3602 noster,sicut
2323 3533 2520 3591 nullus
2541 3534 2716 3592 homo
2737 3535 3066 3604 est,fuitvel
3088 3537 3394 3612 erit,cujus
3409 3543 3575 3596 natu-

1924 3639 1990 3678 ra
2009 3623 2070 3678 in
2090 3622 2188 3680 illo
2210 3627 2516 3697 assumpta
2535 3641 2651 3681 non
2676 3624 2849 3681 fuerit
2868 3642 2882 3681 :
2909 3625 2991 3682 ita
3009 3625 3210 3684 nullus
3225 3627 3468 3696 est,fuit,
3482 3627 3573 3685 vel

1924 3711 2034 3767 erit
2053 3712 2248 3781 homo,
2266 3729 2441 3786 quem
2484 3729 2599 3769 non
2637 3713 2906 3771 Christus
2930 3731 3144 3787 passus
3186 3717 3258 3772 ad
3295 3721 3572 3774 aeternam

1924 3799 2173 3857 salutem
2195 3801 2527 3858 redemerit.
2555 3802 2665 3859 Sed
2705 3802 3075 3876 scripsimus,
3091 3804 3360 3862 Christus
3399 3807 3574 3863 Jesus

1923 3888 2207 3946 Dominus
2219 3895 2418 3946 noster
2429 3889 2977 3948 sicutnullushomo
2991 3892 3329 3961 est,fuit,vel
3343 3893 3576 3963 erit,cu-

1913 3978 2017 4049 jus
2040 3982 2250 4034 natura
2269 3979 2329 4033 in
2349 3978 2777 4052 illoassumpta
2798 3997 2913 4035 non
2936 3980 3110 4037 fuerit
3124 3981 3236 4043 :_ita
3250 3981 3451 4038 nullus
3463 3988 3572 4051 est,

1923 4068 1950 4122 1‘
1949 4067 2145 4137 uit,vel
2156 4066 2264 4123 erit
2275 4067 2580 4140 homo,pro
2593 4085 2708 4141 quo
2722 4068 2990 4126 Christus
3004 4086 3215 4142 passus
3236 4088 3351 4127 non
3376 4070 3570 4142 fuerit,

1921 4156 2055 4213 licet
2071 4174 2185 4213 non
2204 4173 2408 4212 omnes
2429 4156 2721 4229 passionis
2739 4158 2868 4229 ejus
2888 4159 3166 4232 mysterio
3183 4159 3569 4218 redimantur.

1993 4248 2178 4313 Quare
2203 4250 2399 4303 autem
2428 4262 2543 4302 non
2576 4263 2780 4303 omnes
2812 4247 3195 4319 redimantur,
3228 4266 3365 4305 cum
3396 4250 3573 4307 fuerit

1920 4351 2132 4407 passus
2163 4335 2430 4392 Christus
2468 4352 2572 4408 pro
2623 4336 2921 4405 omnibus,
2953 4337 3277 4410 capitulum
3327 4356 3362 4395 a
3398 4339 3568 4396 nobis

1918 4428 2250 4497 excerptum
2274 4441 2389 4480 non
2410 4423 2614 4491 tacuit,
2628 4425 2783 4481 sicut
2803 4425 2903 4497 qui
2925 4423 3071 4481 illud
3094 4425 3284 4499 legere
3298 4426 3563 4498 voluerit,

1916 4511 2174 4569 invenire
2200 4512 2435 4570 valebit.
2451 4514 2561 4569 Sed
2589 4518 2647 4570 et
2676 4531 2712 4571 a
2730 4519 2991 4587 tempore
3011 4514 3325 4573 Dominicae
3345 4518 3567 4590 passio-

1916 4603 2030 4672 nis,
2049 4607 2114 4658 ut
2132 4602 2344 4659 iterum
2365 4601 2985 4672 inculcemus,eonstat
2996 4620 3125 4661 esse
3139 4605 3558 4677 certissimum,

1916 4690 2055 4764 quia
2081 4689 2237 4747 sicut
2264 4690 2546 4747 veraciter
2582 4691 2811 4748 Veritas
2840 4692 3001 4762 dicit,
3024 4694 3148 4749 Nisi
3176 4696 3297 4767 quis
3340 4704 3561 4752 renatus

1914 4781 2086 4852 fuerit
2111 4796 2182 4836 ea:
2199 4797 2344 4853 aqua
2362 4788 2414 4837 et
2429 4780 2641 4843 Spiritu
2659 4788 2862 4850 sancto,
2875 4798 2985 4838 non
3008 4783 3237 4839 intrabit
3254 4785 3313 4840 in
3332 4801 3562 4856 regnum

1915 4869 2173 4926 caelorum
2200 4870 2387 4942 (Joan.
2420 4888 2505 4940 III,
2539 4870 2615 4944 5),
2648 4870 2729 4926 ita
2755 4871 3037 4927 veraciter
3081 4873 3284 4929 eadem
3331 4873 3561 4930 Veritas

1916 4957 2102 5015 dicit:
2135 4959 2258 5015 Nisi
2301 4959 2761 5016 manducaveritis
2807 4977 3027 5016 carnem
3071 4961 3181 5032 ﬁlii
3222 4962 3480 5028 hominis,
3511 4970 3565 5018 et

1916 5048 2162 5104 biberitis
2183 5050 2301 5122 ejus
2327 5050 2674 5118 sanguinem,
2705 5066 2816 5106 non
2845 5049 3108 5105 habebitis
3137 5052 3305 5105 vitam
3324 5051 3385 5104 in
3412 5050 3562 5107 vobis

1915 5138 2090 5211 (Joan.
2123 5156 2201 5207 vx,
2232 5138 2347 5210 54),
2381 5138 2465 5194 ita
2493 5142 2552 5194 et
2597 5138 2878 5195 veraciter
2925 5139 3055 5211 ipsa
3092 5137 3320 5194 Veritas
3369 5137 3511 5195 dicit
3542 5157 3557 5197 :

1920 5227 2026 5296 Qui
2053 5227 2346 5283 crediderit
2372 5236 2424 5284 et
2453 5228 2753 5300 baptizatus
2799 5229 2987 5300 fuerit,
3013 5227 3197 5283 salvus
3240 5228 3349 5283 erit
3374 5227 3559 5300 (Marc.

1916 5334 2030 5385 xv1,
2085 5317 2211 5386 1G);
2266 5316 2406 5388 quia
2452 5318 2776 5373 secundum
2823 5315 3185 5388 Apostolum,
3247 5316 3566 5392 Quicunque

1920 5406 2180 5478 baptizati
2206 5422 2396 5461 sumus
2425 5408 2482 5461 in
2515 5406 2725 5461 Christo
2753 5407 2896 5474 Iesu,
2912 5407 2973 5461 in
2996 5412 3165 5462 morte
3193 5407 3367 5479 ipsius
3389 5408 3562 5481 bapti-

1916 5497 2030 5552 sati
2073 5511 2264 5550 sumus
2317 5494 2488 5567 (Rom.
2521 5512 2598 5562 v1,
2632 5496 2721 5564 3);
2756 5498 2813 5549 et
2845 5512 2858 5549 :
2895 5495 3211 5568 Quicunque
3254 5498 3317 5554 in
3354 5498 3564 5557 Christo

1921 5585 2181 5657 baptimti
2218 5584 2366 5650 estis,
2399 5583 2674 5639 Christum
2719 5583 2981 5640 induistis
3027 5585 3167 5655 (Gai.
3223 5604 3305 5656 ,n,
3335 5588 3447 5662 27).
3482 5589 3566 5644 Ita

1920 5672 2303 5730 nihilominus
2330 5689 2466 5728 vera
2493 5676 2582 5729 est
2610 5671 2713 5728 illa
2740 5674 3050 5745 sententia,
3082 5693 3261 5751 quam
3289 5676 3569 5734 veraciter

1920 5766 2124 5824 eadem
2172 5761 2464 5841 depromit
2503 5761 2755 5840 Veritas,
2776 5764 2882 5838 Qui
2924 5767 3238 5842 mandarat,
3269 5766 3565 5844 inquiens,
