4020 6484
521 437 637 497 367

1437 412 1826 490 HINCMABI
1873 423 2325 489 uHEMENSIs
2369 424 2993 487 AHCEIEPISCOPI.

517 584 737 626 carnem
761 583 939 623 meam
959 573 1011 622 et
1039 565 1178 622 bibit
1203 565 1526 636 sanguinem
1553 580 1754 631 meum,
1789 563 1850 618 in
1878 578 1968 618 me
1981 567 2163 616 manet
2183 557 2242 626 Α
2270 557 2429 614 mino
2477 562 2677 614 nostro
2719 557 2780 614 in
2829 557 3068 613 veritate
3125 559 3484 628 susceptam,
3513 558 3668 614 recte
3713 570 3909 614 omnes

516 666 566 714 et
593 674 686 731 ego
735 659 798 714 in
842 672 902 713 eo
954 656 1128 728 (Joan.
1154 671 1233 724 v1,
1263 655 1352 726 57)
1385 654 1456 708 Et
1493 654 1543 710 si
1575 652 1844 709 Christus
1879 649 2158 706 veraciter

471 729 478 734 ’
516 729 960 818 ρνοᾝδψῐὶκαὶίε
989 746 1045 796 et
1075 745 1576 798 sacramentorum
1623 739 1946 797 caelestium
1978 737 2156 811 parti-

515 833 868 906 cipantibus,
901 835 967 886 ut
995 848 1062 887 ex
1091 830 1406 904 Scripturis
1434 834 1491 886 et
1520 828 1937 886 catholicorum
1964 827 2157 884 verbis

513 921 904 992 ostendimus,
928 937 1138 994 passus
1167 921 1443 986 creditur,
1477 919 1576 992 qui
1608 922 1710 975 aut
1737 919 1811 974 ad
1841 917 2154 973 inﬁdelita-

515 1015 657 1080 tem,
681 1014 782 1066 aut
821 1011 894 1066 ad
924 1009 1190 1083 iniquam
1241 1009 1420 1065 vitam
1472 1010 1908 1082 perseveranter
1945 1005 2158 1078 relapsi

514 1103 782 1173 pereunt,
797 1116 903 1156 cur
931 1099 1087 1156 credi
1118 1115 1234 1155 non
1257 1099 1465 1154 debeat
1483 1115 1586 1170 pro
1611 1097 1704 1152 his
1724 1095 1898 1152 etiam
1921 1112 2153 1168 passus,

514 1189 615 1262 qui
641 1189 920 1262 quoniam
952 1206 1066 1244 non
1094 1189 1341 1245 credunt
1369 1205 1439 1244 ex
1465 1187 1630 1243 liberi
1661 1186 1885 1242 arbitrii
1918 1187 2156 1241 descen-

513 1278 600 1334 dit
629 1278 1034 1347 obduratione,
1065 1295 1182 1334 non
1213 1294 1282 1333 ex
1310 1277 1411 1332 Dei
1461 1275 1811 1348 operatione,
1845 1277 1942 1348 qui
1975 1292 2158 1332 mnnes

512 1367 756 1424 homines
802 1367 921 1424 vult
963 1367 1140 1423 salvos
1185 1367 1328 1438 ﬁeri,
1355 1374 1406 1422 et
1436 1365 1506 1422 ad
1533 1367 1869 1438 agnitionem
1915 1367 2158 1421 veritatis

512 1459 700 1514 venire
729 1457 776 1527 (1
821 1458 954 1514 Tim.
991 1474 1052 1522 ιῐ,
1083 1455 1184 1525 4)ῗ
1215 1456 1369 1512 Deus
1417 1455 1573 1511 enim
1613 1456 1999 1523 noster,Dcus
2043 1455 2157 1511 sal-

511 1563 615 1603 vos
639 1545 888 1602 faciendi
912 1549 1001 1601 est
1031 1561 1044 1600 :
1079 1549 1324 1617 pereunt
1343 1549 1537 1600 autem
1560 1544 1895 1617 quicunque
1914 1547 2160 1616 pereunt

509 1633 851 1690 inﬁdelitate
880 1633 1228 1705 voluntaria,
1261 1651 1377 1689 non
1409 1637 1626 1704 coacta,
1662 1633 1897 1706 propria
1943 1632 2156 1706 iniqui-

511 1727 650 1792 tate,
675 1740 791 1781 non
821 1723 1054 1780 Domini
1082 1723 1404 1789 voluntate,
1437 1722 1537 1796 qui
1569 1739 1774 1779 omnes
1802 1724 1875 1778 ad
1905 1723 2156 1780 salutem

510 1812 664 1870 802
694 1811 900 1868 invitat
927 1812 1128 1868 dicens
1162 1829 1174 1868 :
1210 1813 1392 1869 Ven-ite
1419 1811 1489 1867 ad
1515 1828 1601 1867 me
1629 1829 1813 1868 omnes
1863 1815 1961 1885 qui
2009 1813 2154 1870 tabo-

508 1904 579 1959 tis
605 1909 660 1959 et
683 1904 894 1958 onerati
919 1904 1070 1968 estis,
1103 1909 1156 1958 et
1181 1917 1275 1974 ego
1304 1903 1549 1973 reﬁciam
1596 1919 1688 1958 vos
1719 1901 1920 1975 (Matth.
1943 1919 2020 1970 xr,
2040 1903 2154 1974 28).
2185 1936 2232 2000 Β

507 1992 620 2048 Sed
652 1995 742 2048 est
769 1991 830 2046 in
863 1991 1191 2046 humilibus
1222 1991 1378 2063 quod
1409 1991 1696 2064 scriptum
1744 1994 1832 2046 est
1880 1991 1938 2045 in
1970 1992 2154 2047 Evan-

507 2079 678 2153 gelio,
714 2082 831 2153 ()ui
874 2097 985 2136 non
1032 2079 1214 2136 vident
1258 2079 1477 2136 videant
1518 2081 1696 2149 (Joan.
1744 2097 1819 2147 Ix,
1862 2081 1972 2148 39),
2011 2085 2068 2136 et
2095 2080 2175 2150 in_

508 2169 1053 2244 przesumptoribus,
1072 2176 1122 2224 et
1151 2171 1248 2242 qui
1270 2169 1454 2225 vident
1479 2171 1613 2226 caeci
1639 2171 1778 2240 ﬁant
1799 2169 2003 2239 (ibid),
2038 2186 2155 2226 non

508 2257 666 2330 quod
691 2257 944 2328 videant,
975 2257 1076 2313 sed
1107 2256 1247 2329 quia
1272 2257 1466 2313 videre
1495 2275 1556 2313 se
1581 2261 1812 2330 putant,
1841 2257 1930 2314 vel
1960 2258 2155 2330 potius

506 2346 702 2403 videre
731 2363 794 2402 se
823 2345 1124 2403 simulant.

580 2435 742 2492 Unde
761 2434 944 2492 totius
975 2435 1143 2492 nobis
1175 2435 1450 2492 omnibus
1481 2440 1572 2492 est
1601 2435 1802 2492 audire
1842 2436 2152 2493 consilium

509 2523 666 2597 quod
717 2523 922 2580 beatus
953 2524 1340 2596 Hieronymus
1370 2525 1426 2580 in
1462 2524 1686 2582 decima
1715 2543 1869 2582 nona
1907 2525 2158 2582 Homilia

507 2612 822 2686 Evangeliii
843 2613 1189 2682 Lucze,idcm
1210 2614 1585 2688 Evangelium
1611 2617 1948 2687 exponendo
1971 2615 2114 2672 dicit
2136 2633 2148 2672 :

510 2721 538 2752 «
571 2701 679 2770 Tu,
704 2701 996 2774 inquiens,
1014 2703 1062 2758 si
1095 2703 1329 2774 quando
1353 2703 1684 2775 Scripturas
1707 2703 1939 2776 legeris,
1961 2722 2153 2776 quaere

505 2790 566 2846 in
597 2789 681 2848 eis
710 2807 950 2848 sensum
979 2808 1114 2846 eum
1147 2791 1345 2848 dolore
1367 2793 1623 2864 quodam
1646 2797 1820 2865 atque
1841 2797 2150 2864 tormento,

504 2897 620 2936 non
651 2896 766 2953 quo
797 2880 1131 2953 Scripturas
1161 2898 1386 2937 errasse
1403 2885 1504 2937 aut
1533 2899 1836 2954 perperam
1862 2883 2001 2956 quid
2049 2883 2152 2940 11a-

501 2968 637 3025 bere
668 2968 988 3038 arbitreris,
1019 2969 1122 3026 sed
1165 2970 1322 3043 quod
1369 2969 1465 3026 ille
1515 2970 1870 3028 intrinsecus
1900 2971 2154 3030 habeant

477 3057 804 3114 veritatem
833 3075 1173 3115 sermonum
1197 3063 1370 3132 atque
1400 3058 1714 3127 rationum,
1734 3067 1792 3116 et
1813 3065 1876 3116 tu
1899 3079 2152 3134 nequeas

500 3145 758 3203 invenire
788 3148 942 3220 quod
971 3165 1173 3204 verum
1203 3152 1310 3204 est.
1327 3148 1443 3204 Hoc
1459 3152 1568 3216 est,
1585 3151 1834 3206 Dotentes
1865 3151 2151 3223 quwreba-

501 3251 625 3292 mus
655 3249 706 3292 te
732 3237 882 3306 (Luc.
915 3255 971 3308 ιι,
1007 3239 1118 3307 48).
1153 3259 1181 3287 ››
1214 3238 1308 3294 Sic
1340 3238 1608 3310 quaesivit
1636 3244 1692 3294 et
1721 3243 1960 3295 sanctus
1991 3240 2153 3297 Pros~

504 3341 626 3398 per,
642 3329 853 3381 sanctae
885 3325 1214 3400 apostolicae
1263 3307 1420 3382 sedis
1461 3327 1708 3400 legatus,
1743 3331 1808 3384 ut
1855 3327 2151 3386 catholica
2181 3307 2225 3375 (ἶ

509 3413 718 3470 matris
748 3413 1043 3484 alumnus,
1077 3415 1138 3470 in
1169 3415 1264 3472 his
1294 3415 1598 3472 sententiis
1635 3417 1708 3472 de
1755 3417 2154 3491 redemptione

507 3501 722 3560 Christi
791 3503 1099 3578 sanguinis
1144 3504 1466 3572 veritatem,
1516 3509 1572 3560 et
1619 3505 1840 3562 invenit
1893 3507 2153 3566 veritatis

504 3590 972 3667 intelligentiam,
1033 3599 1209 3666 atque
1267 3593 1661 3666 intelligentia:
1717 3595 2148 3655 discretionem.

505 3681 668 3740 Unde
697 3685 756 3739 et
801 3686 1004 3740 contra
1051 3681 1247 3739 Gallos
1277 3681 1423 3737 dixit
1467 3681 1526 3736 in
1577 3683 1900 3756 objectionc
1947 3704 2146 3746 nona:

505 3794 532 3822 «
564 3775 708 3828 Cum
737 3771 934 3845 itaque
959 3771 1285 3828 rectissime
1305 3770 1534 3826 dicatur
1558 3771 1822 3830 Salvator
1845 3792 1947 3847 pro
1969 3775 2149 3834 totius

502 3861 706 3918 mundi
739 3861 1136 3934 redemptione
1167 3859 1500 3931 cruciﬁxus,
1523 3866 1759 3934 propter
1802 3881 1997 3920 veram
2038 3865 2147 3922 hu-

502 3968 687 4007 mana:
719 3955 939 4007 natura:
971 3949 1496 4022 suseeptionem,et
1517 3956 1754 4024 propter
1775 3969 2147 4012 communem

501 4039 562 4094 in
629 4038 820 4111 primo
872 4038 1110 4094 homine
1175 4039 1438 4094 omnium
1499 4040 1906 4111 perditionem,
1955 4049 2148 4116 potest

502 4131 700 4184 tamen
726 4127 838 4182 dici
869 4144 974 4200 pro
1004 4126 1098 4182 his
1128 4131 1360 4183 tantum
1393 4128 1724 4200 cruciﬁxus,
1751 4132 1964 4203 quibus
1988 4150 2146 4192 mors

499 4215 688 4288 ipsius
716 4215 952 4288 profuit,
969 4217 1196 4272 dicente
1211 4215 1565 4290 evangelista
1588 4235 1601 4274 :
1627 4220 1767 4288 Quia
1792 4227 1956 4280 Iesus
1982 4227 2150 4280 mori-

499 4313 656 4362 turus
683 4314 802 4363 erat
825 4322 924 4378 pro
953 4315 1128 4376 gente,
1146 4323 1256 4363 non
1287 4314 1500 4363 tantum
1523 4325 1623 4380 pro
1646 4319 1819 4378 gerite,
1844 4311 1937 4367 sed
1983 4314 2148 4370 etiam

499 4403 565 4450 ut
589 4395 736 4467 ﬁlios
761 4397 862 4452 Dei
887 4405 1239 4468 congregaret
1285 4398 1345 4452 in
1389 4413 1563 4453 unum
1611 4399 1784 4471 (Joan.
1835 4418 1912 4468 xr,
1945 4403 2058 4472 52).
2082 4405 2147 4460 In

493 4500 597 4540 sua
626 4487 775 4540 enim
802 4487 966 4553 venit,
997 4495 1048 4542 et
1072 4487 1164 4542 sui
1190 4502 1314 4542 eum
1359 4503 1472 4542 non
1517 4498 1868 4561 receperunt:
1892 4501 2149 4566 quotquot

495 4581 678 4630 autem
707 4581 1023 4647 receperunt
1047 4591 1192 4643 eum,
1223 4575 1371 4632 dedit
1414 4579 1494 4632 eis
1529 4586 1839 4650 potestatem
1877 4582 2024 4652 ﬁlios
2046 4583 2148 4640 Dei

2265 646 2534 702 dicantur
2550 647 2856 720 redempti,
2871 651 2927 702 et
2945 650 3141 703 tamen
3161 663 3280 702 non
3303 663 3506 704 omnes
3529 664 3564 703 a
3582 646 3911 720 captivitatn

2265 734 2385 792 sint
2402 735 2572 804 eruti,
2588 735 3004 808 redemptionis
3023 736 3348 810 proprietas
3368 735 3525 792 haud
3542 736 3722 794 dubie
3739 755 3908 813 penes

2267 825 2400 883 illos
2420 829 2528 893 est,
2544 825 2614 881 de
2631 825 2846 898 quibus
2868 825 3136 898 princeps
3158 827 3366 882 mundi
3389 825 3609 884 missus
3629 832 3720 885 est
3736 829 3908 896 foras,

2265 919 2322 971 et
2345 915 2472 986 jam
2501 931 2617 971 non
2659 931 2798 971 vasa
2833 914 3068 987 diaboli,
3093 915 3194 972 sed
3221 915 3486 972 membra
3505 920 3647 972 sunt
3675 915 3908 975 Christi.

2266 1004 2448 1076 Cujus
2481 1021 2640 1060 mors
2660 1021 2776 1060 non
2796 1003 2880 1060 ita
2903 1003 3172 1078 impensa
3200 1008 3292 1062 est
3315 1004 3576 1062 humano
3598 1007 3821 1080 generi,
3853 1011 3912 1064 ut

2267 1093 2339 1150 ad
2369 1092 2826 1166 redemptionem
2858 1093 2986 1165 ejus
3017 1093 3194 1150 etiam
3225 1093 3328 1166 qui
3375 1095 3762 1168 regenerandi
3801 1113 3911 1154 non

2265 1188 2433 1240 erant
2462 1183 2820 1255 pertinerent
2853 1199 2867 1238 :
2901 1184 3002 1240 sed
3026 1184 3107 1240 ita
3127 1189 3192 1240 ut
3221 1185 3374 1257 quod
3397 1201 3502 1258 per
3523 1203 3714 1242 unum
3735 1203 3914 1244 exemo

2266 1271 2430 1344 plum
2455 1276 2684 1346 gestum
2716 1278 2807 1329 est
2825 1290 2928 1346 pro
2949 1273 3258 1341 universis,
3277 1291 3380 1348 per
3401 1274 3704 1348 singulare
3719 1293 3912 1336 sacra-

2267 1364 2532 1416 mentum
2564 1358 2956 1417 celebraretur
2983 1359 3043 1416 in
3075 1360 3345 1435 singulis.
3378 1362 3660 1422 Poculum
3701 1383 3912 1440 quippe

2266 1447 2746 1517 immortalitatis,
2778 1450 2932 1522 quod
2963 1451 3293 1507 confectum
3323 1456 3413 1508 est
3460 1453 3532 1510 de
3576 1453 3914 1512 inﬁrmitate

2266 1543 2484 1606 nostra,
2520 1542 2578 1594 et
2622 1538 2832 1594 virtute
2872 1538 3088 1607 divina,
3121 1539 3296 1596 habet
3340 1541 3580 1613 quidem
3641 1543 3702 1598 in
3754 1560 3822 1601 se
3857 1550 3914 1602 ut

2265 1627 2542 1683 omnibus
2571 1627 2773 1700 prosit,
2805 1629 2906 1684 sed
2937 1629 2986 1684 si
3017 1645 3133 1684 non
3163 1628 3404 1699 bibitur,
3439 1647 3554 1688 non
3587 1633 3913 1690 medetur.»

2265 1716 2336 1772 Et
2391 1715 2530 1772 item
2573 1720 2776 1772 contra
2821 1715 3018 1774 Gallos
3061 1717 3123 1774 in
3173 1719 3654 1792 recapitulatione
3713 1740 3911 1780 nona:

2268 1827 2296 1856 (ι
2329 1806 2472 1862 Item
2503 1805 2604 1878 qui
2637 1805 2780 1862 dicit
2801 1806 2956 1878 quod
2990 1823 3104 1863 non
3128 1823 3230 1880 pro
3262 1808 3443 1864 totius
3464 1811 3673 1867 mundi
3697 1813 3916 1870 redem-

2265 1893 2422 1950 tione
2470 1894 2734 1951 Salvator
2778 1894 2856 1951 sit
2899 1895 3232 1965 cruciﬁxus,
3266 1914 3382 1952 non
3441 1899 3912 1959 ad‘sacramenti

2263 1983 2558 2050 virtutem,
2587 1984 2687 2040 sed
2719 1983 2790 2039 ad
2824 1983 3149 2041 inﬁdelium
3179 1986 3334 2044 303
3364 1987 3604 2060 respicit
3643 1995 3870 2062 partem
3897 2009 3910 2048 :

2264 2091 2398 2130 cum
2426 2073 2670 2147 sanguis
2689 2073 2923 2130 Domini
2945 2075 3128 2130 nostri
3147 2075 3288 2132 Jesu
3309 2075 3524 2133 Christi
3553 2079 3822 2150 pretium
3847 2079 3914 2137 sit

2262 2163 2442 2220 totius
2471 2162 2697 2231 mundi,
2730 2181 2766 2219 a
2795 2179 2908 2236 quo
2937 2162 3122 2236 pretio
3170 2166 3426 2222 extranei
3475 2173 3642 2240 sunt,
3675 2170 3783 2242 qui
3825 2174 3911 2226 aut

2263 2251 2530 2307 delectati
2561 2250 2895 2324 captivitate
2927 2252 3134 2308 redimi
3165 2253 3500 2324 noluerunt,
3533 2262 3638 2314 aut
3665 2263 3810 2330 post
3836 2277 3914 2317 re-

2265 2340 2660 2414 demptionem
2691 2341 2764 2397 ad
2795 2341 3062 2399 eamdem
3107 2347 3247 2400 sunt
3293 2344 3634 2403 servitutem
3681 2349 3913 2408 reversi.

2263 2431 2388 2487 Non
2421 2434 2616 2486 autem
2649 2429 2861 2486 excidit
2887 2431 3129 2488 verbum
3160 2432 3284 2506 Dei,
3306 2450 3497 2507 neque
3526 2442 3818 2496 evacuate
3833 2445 3918 2498 est

2262 2520 2471 2577 mundi
2501 2519 2822 2593 redemptio
2853 2537 2865 2576 :
2890 2520 3030 2593 quia
3057 2526 3114 2577 et
3143 2521 3196 2578 si
3225 2539 3342 2579 non
3364 2525 3642 2598 cognovit
3657 2529 3918 2585 mundus

2263 2611 2322 2665 in
2351 2610 2507 2666 vasis
2538 2611 2658 2678 irae,
2672 2610 2940 2684 cognovit
2967 2615 3164 2668 tamen
3185 2613 3444 2670 mundus
3464 2613 3652 2671 Deum
3679 2616 3746 2672 in
3765 2619 3917 2676 vasis

2263 2699 2694 2768 misericordiae,
2722 2717 2851 2772 quae
2881 2700 3036 2756 Deus
3062 2699 3241 2757 nullis
3269 2718 3468 2758 eorum
3493 2703 3672 2762 bonis
3691 2707 3920 2764 meritis

2262 2789 2722 2861 praecedentibus
2769 2789 2922 2845 eruit
2969 2789 3042 2844 de
3085 2793 3374 2862 potestate
3425 2793 3832 2865 tenebrarum,
3862 2802 3919 2853 et

2261 2877 2564 2934 transtulit
2601 2877 2662 2933 in
2695 2893 2940 2951 regnum
2983 2877 3090 2933 ﬁlii
3137 2877 3466 2938 dilectionis
3509 2899 3654 2938 sum.
3691 2905 3723 2935 »
3759 2885 3920 2942 Hane

2259 2967 2707 3041 intelligentiam
2732 2967 2832 3040 qui
2862 2967 3112 3024 ﬁdeliter
3137 2972 3334 3025 tenere
3352 2968 3682 3040 voluit,nee
3707 2990 3743 3030 a
3762 2979 3919 3030 recto

2260 3075 2438 3115 sensu
2465 3056 2734 3126 deviavit,
2767 3073 2872 3113 nec
2905 3074 2939 3112 a
2967 3056 3270 3115 catholicis
3298 3059 3638 3118 doctoribus
3685 3062 3920 3120 discor-

2259 3145 2644 3220 dabit,neque
2663 3149 2898 3203 sanctas
2927 3147 3258 3218 Scripturas
3288 3147 3399 3204 sibi
3427 3149 3700 3208 diversas.
3716 3151 3807 3208 vel
3825 3153 3926 3210 ad-

2258 3252 2456 3293 versas
2485 3252 2612 3292 esse
2642 3234 2890 3308 putabit,
2905 3252 3093 3308 neque
3123 3238 3595 3296 contentionibus
3623 3241 3924 3299 deservire

2263 3325 2542 3384 studebit.

2332 3416 2414 3472 De
2443 3417 2614 3486 cujus
2645 3415 2832 3472 sancti
2877 3415 2984 3471 viri
3030 3415 3254 3472 scilicet
3301 3417 3567 3490 Prosperi
3598 3420 3823 3491 verbis,
3857 3426 3928 3479 ut

2259 3505 2372 3562 sim
2378 3504 2604 3577 pliciter
2613 3509 2670 3561 et
2679 3505 2959 3561 veraciter
2969 3505 3243 3562 omnibus
3259 3505 3590 3580 legentibus
3602 3508 3928 3580 fateamur,

2260 3595 2542 3651 instantia
2568 3594 2892 3650 devotionis
2915 3593 3116 3651 domni
3136 3599 3193 3650 et
3220 3594 3706 3654 ehristianissimi
3731 3599 3932 3656 Caroli

2260 3682 2542 3756 principis
2559 3682 2760 3752 coacti,
2785 3683 2886 3755 qui
2917 3682 3135 3740 librum
3166 3683 3326 3741 illius
3354 3701 3472 3757 prie
3494 3686 3779 3745 manibus
3805 3705 3932 3746 non

2257 3773 2598 3841 habuimus,
2630 3777 2915 3844 quantum
2948 3772 3022 3829 ad
3051 3773 3396 3831 memoriam
3427 3773 3600 3832 nobis
3643 3777 3834 3847 venit,
3867 3784 3940 3836 et

2257 3861 2508 3918 brevitas
2537 3861 2818 3934 temporis
2848 3865 2905 3918 et
2934 3861 3242 3919 subitanea
3270 3862 3596 3935 compulsio
3617 3867 3932 3936 permisit,

2257 3951 2365 4008 hoc
2384 3949 2705 4024 capitulum
2725 3950 3030 4007 humilitas
3051 3955 3263 4007 nostrae
3285 3951 3684 4026 intelligentia:
3696 3955 3938 4014 deliba-

2252 4041 2355 4097 vit.
2372 4041 2486 4097 Sed
2507 4041 2606 4113 qui
2630 4041 2879 4114 benigne
2895 4056 2961 4096 ae
2982 4039 3234 4113 simplici
3255 4040 3580 4099 intentione
3608 4043 3938 4104 advertere

2252 4130 2520 4197 voluerit,
2553 4147 2588 4185 a
2616 4147 2793 4186 sensu
2825 4129 2985 4186 illius
3015 4129 3180 4200 nihil,
3215 4147 3251 4187 a
3292 4131 3486 4188 verbis
3531 4148 3668 4189 vero
3716 4133 3935 4207 ipsius

2254 4237 2402 4293 pene
2423 4219 2569 4275 nihil
2591 4235 2698 4276 nos
2715 4219 3080 4276 discordasse
3099 4219 3340 4278 videbit.
3355 4219 3595 4294 Relegat
3613 4227 3672 4279 et
3687 4223 3946 4298 capitu-

2254 4310 2379 4366 lum
2403 4309 2556 4382 quod
2575 4309 2991 4382 excerpsimus,
3007 4313 3063 4366 et
3082 4309 3258 4366 verba
3277 4311 3463 4367 sancti
3487 4311 3760 4386 Prosperi
3785 4331 3939 4388 quae

2253 4399 2312 4455 in
2337 4397 2598 4472 proximo
2620 4398 3120 4470 proposuimus,et
3136 4398 3327 4456 videat
3343 4399 3394 4456 si
3410 4403 3500 4456 est
3515 4416 3723 4458 verum
3747 4406 3942 4476 quod

2253 4487 2526 4544 dicimus.
2553 4489 2623 4544 Et
2649 4504 2722 4544 ne
2751 4504 2921 4560 grave
2941 4488 3220 4560 cuiquam
3249 4487 3464 4562 legenti
3495 4489 3574 4546 sit
3601 4489 3786 4566 longe
3817 4509 3950 4551 sn-

2253 4577 2451 4650 perius
2489 4575 2812 4650 capitulum
2861 4577 3018 4650 quod
3055 4577 3454 4652 excerpsimus
3503 4595 3792 4652 quaerere,
3828 4583 3950 4640 hic

497 4664 645 4736 ﬁeri,
668 4664 766 4736 qui
791 4680 902 4720 non
930 4681 1000 4720 ex
1027 4667 1416 4738 sanguinibus,
1438 4684 1612 4740 neque
1638 4685 1708 4724 ea:
1735 4670 2007 4728 voluntate
2035 4689 2150 4730 car.
2179 4682 2226 4748 1)
2258 4667 2401 4722 illud
2433 4667 2678 4740 dignum
2707 4665 3046 4724 GenSUimUS
3093 4683 3328 4740 PODGPG-
3359 4668 3522 4724 Istud
3568 4673 3660 4726 est
3705 4677 3949 4730 autem

493 4753 791 4826 nis,neque
817 4770 886 4809 ex
915 4755 1187 4810 voluntate
1205 4757 1334 4824 viri,
1349 4755 1440 4812 sed
1465 4773 1534 4812 ea:
1550 4759 1656 4814 Deo
1683 4760 1804 4815 nati
1820 4770 1950 4817 sunt
1969 4762 2145 4834 (Joan.

495 4861 533 4911 ι,
568 4844 653 4912 11,
689 4844 798 4915 13).
847 4843 1087 4900 Diversa
1134 4861 1270 4917 ergo
1317 4845 1389 4901 ab
1433 4845 1564 4902 istis
1613 4863 1740 4903 sors
1783 4863 1985 4907 eorum
2029 4858 2139 4927 est,

2257 4755 2580 4830 capitulum
2614 4772 2648 4812 a
2667 4755 2837 4812 nobis
2857 4760 3193 4830 excerptum
3218 4773 3232 4814 :
3261 4779 3289 4808 ‹‹
3314 4757 3581 4816 Christus
3601 4758 3790 4819 Jesus
3813 4762 3954 4822 Do-

2249 4871 2277 4899 (ε
2311 4846 2509 4902 minus
2539 4849 2758 4912 noster,
2783 4844 2938 4902 sicut
2967 4845 3168 4902 nullus
3187 4845 3362 4904 homo
3382 4852 3492 4920 est,
3517 4847 3629 4904 fuit
3646 4848 3740 4905 vel
3777 4852 3946 4923 erit,

492 4933 595 5004 qui
638 4932 790 4988 inter
839 4931 970 4988 illos
1016 4937 1347 5003 censentur,
1377 4935 1448 4992 de
1495 4935 1712 5007 quibus
1757 4937 1988 5008 dicitur,
2023 4943 2143 5000 Lux
2247 4960 2276 4989 ‹‹
2308 4933 2895 5008 cujusnaturainillo
2914 4942 3219 5010 assumpta
3237 4953 3352 4994 non
3375 4937 3949 5000 fueritzitanullus

491 5021 632 5078 lucet
659 5023 719 5079 in
739 5021 992 5090 tenebris,
1007 5030 1059 5078 et
1085 5023 1324 5081 tenebrae
1344 5041 1464 5080 eam
1484 5040 1593 5081 non
1621 5027 2144 5098 comprehenderunt
2246 5050 2274 5078 «
2303 5025 2660 5094 θεῐνΐυίῐΝθῙ
2689 5024 2797 5080 erit
2824 5026 3018 5094 homo:
3036 5043 3138 5100 ΡΓο
3163 5043 3278 5100 quo
3300 5044 3512 5100 Passus
3547 5045 3668 5084 non
3700 5030 3944 5102 fuerit.

491 5109 672 5183 (ibid,
703 5112 758 5184 5)
792 5129 805 5167 :
840 5116 905 5167 ut
951 5112 1138 5184 possit
1167 5113 1490 5168 secundum
1536 5113 1644 5170 hoc
1696 5115 1809 5170 dici
1844 5131 1857 5170 :
1893 5118 2138 5176 Redem-
2247 5139 2275 5166 «
2307 5114 2444 5172 licet
2471 5130 2586 5170 non
2609 5131 2812 5170 omnes
2840 5115 3133 5187 passionis
3153 5117 3284 5189 ejus
3311 5116 3588 5190 mysterio
3608 5117 3949 5178 rediman-

489 5203 624 5271 ptor
653 5201 860 5256 mundi
890 5201 1051 5257 dedit
1082 5218 1184 5272 pro
1215 5204 1435 5258 mundo
1466 5203 1812 5276 sanguinem
1851 5223 2048 5278 suum,
2083 5214 2141 5266 et

2266 5227 2278 5256 ι
2307 5210 2424 5261 tur.
2449 5205 2596 5272 Quia
2621 5221 2754 5260 vero
2785 5222 2900 5260 non
2932 5221 3136 5262 omnes
3157 5206 3449 5278 passionis
3467 5207 3595 5280 ejus
3617 5211 3950 5280 mysterio

491 5290 750 5346 mundus
781 5291 990 5346 redimi
1021 5289 1227 5360 noluit,
1254 5291 1393 5364 quia
1413 5291 1603 5348 lucem
1635 5294 1885 5350 tenebrae
1908 5312 2022 5353 non
2048 5315 2136 5355 re-
2250 5317 2278 5346 «
2309 5294 2818 5363 redimuntur,non
2833 5295 3072 5368 rescipit
3086 5295 3952 5369 admagnitudinemetpretii

489 5383 768 5448 ceperunt
815 5397 828 5436 :
880 5386 937 5436 et
992 5381 1242 5437 tenebrae
1301 5386 1661 5454 receperunt,
1722 5383 1936 5454 quibus
1996 5386 2138 5443 dicit
2246 5407 2275 5435 ‹‹
2308 5383 2846 5457 copiositatem,sed
2869 5384 2941 5440 ad
2966 5381 3294 5441 inﬁdelium
3315 5388 3372 5441 et
3393 5385 3466 5441 ad
3499 5402 3615 5442 non
3651 5387 3950 5447 creden-

487 5465 818 5536 Apostolus,
849 5471 1052 5526 Fuistis
1107 5471 1404 5545 aliquando
1456 5471 1711 5538 tenebra',
1761 5490 1911 5530 nunc
1955 5483 2136 5534 autem
2244 5497 2273 5524 «
2305 5475 2454 5530 tium
2475 5491 2544 5530 ea
2565 5475 2679 5530 ﬁde
2699 5491 2825 5546 quae
2846 5490 2949 5546 per
2967 5474 3338 5532 dilectionem
3355 5480 3635 5548 operatur
3654 5477 3952 5550 respicit

489 5553 589 5609 tua:
618 5557 679 5610 in
703 5559 935 5615 Domino
965 5561 1176 5632 (Ephes.
1209 5579 1264 5629 v,
1295 5562 1370 5632 8).
1407 5582 1434 5610 ›ι
1457 5561 1526 5614 Et
1555 5565 1757 5617 contra
1793 5561 2132 5622 Vincentia—
2241 5587 2270 5616 «
2305 5568 2529 5637 partem
2563 5581 2577 5620 :
2609 5562 2747 5636 quia
2765 5564 3042 5636 poculum
3063 5564 3331 5621 humane
3349 5563 3743 5638 salutis,quod
3765 5582 3955 5627 oon-

487 5659 595 5700 nos
648 5643 810 5719 (resp.
865 5649 1058 5722 prim.)
1092 5667 1104 5706 :
1136 5673 1164 5701 «
1199 5650 1346 5705 Cum
1405 5649 1600 5722 itaque
1657 5655 1894 5724 propter
1950 5670 2129 5712 unam
2240 5677 2268 5705 «ι
2294 5654 2509 5710 fectum
2527 5658 2618 5710 est
2637 5653 2977 5710 inﬁrmitate
3000 5657 3200 5711 nostra
3217 5659 3276 5711 et
3301 5654 3522 5711 virtute
3549 5653 3773 5724 divina,
3791 5655 3950 5717 ha.-

485 5733 751 5794 omnium
781 5741 1147 5812 naturam,et
1175 5756 1354 5798 unam
1384 5739 1649 5798 omnium
1669 5756 1928 5814 causam,
1962 5760 1996 5802 a
2023 5743 2132 5806 Do-
2238 5767 2269 5797 ‹‹
2301 5744 2399 5804 bet
2427 5742 2666 5821 quidem
2695 5741 2756 5802 in
2793 5760 2856 5803 se
2900 5747 2967 5802 ut
3013 5741 3290 5804 omnibus
3319 5744 3534 5821 prosit,
3556 5744 3660 5804 sed
3689 5744 3745 5802 si
3776 5761 3954 5811 non
