4018 6482
484 434 600 494 367

1400 407 1788 485 HINCMARI
1835 417 2288 484 RHEMENSIS
2331 417 2955 480 ABCHIEPISCOPI.

479 580 698 622 carnem
723 579 901 618 meam
921 568 974 618 et
1001 561 1141 618 bibit
1167 560 1488 631 sanguinem
1516 575 1716 625 meum,
1751 558 1812 612 in
1840 572 1930 613 me
1943 561 2126 610 manet
2146 551 2205 619 Α
2233 551 2392 608 mino
2439 555 2640 608 nostro
2683 551 2743 606 in
2791 549 3030 606 veritate
3089 551 3446 620 susceptam,
3477 549 3632 606 recte
3679 559 3878 604 omnes

479 663 528 711 et
555 670 649 727 ego
698 655 760 709 in
805 667 865 708 eo
917 652 1092 724 (Joan.
1117 667 1196 719 γι,
1226 651 1316 720 57)
1348 649 1419 704 Et
1456 649 1505 704 si
1537 647 1806 703 Christus
1841 644 2121 701 veraciter

478 757 583 816 pro
611 739 924 812 baptizatis
952 742 1008 792 et
1039 740 1539 793 sacramentorum
1586 733 1909 791 cmlestium
1941 731 2118 805 parti-

478 829 832 902 cipantibus,
865 831 930 883 ut
957 844 1025 883 ex
1054 825 1369 900 Scripturis
1397 829 1454 880 et
1483 823 1900 880 catholicorum
1927 821 2120 878 verbis

476 917 867 988 ostendimus,
891 933 1100 990 passus
1131 916 1406 981 creditur,
1441 913 1540 986 qui
1571 917 1673 970 aut
1701 913 1774 968 ad
1803 911 2116 968 inﬁdelita-

477 1013 621 1076 tem,
644 1011 746 1063 aut
785 1007 857 1062 ad
887 1005 1153 1078 iniquam
1203 1004 1384 1060 vitam
1435 1005 1872 1076 perseveranter
1907 998 2121 1073 relapsi

478 1099 746 1170 pereunt,
761 1113 866 1152 cur
895 1095 1050 1151 credi
1082 1111 1198 1150 non
1221 1094 1429 1149 debeat
1447 1109 1550 1166 pro
1574 1091 1667 1147 his
1687 1091 1863 1147 etiam
1886 1107 2116 1162 passus,

477 1186 580 1259 qui
605 1185 884 1258 quoniam
915 1202 1029 1240 non
1057 1185 1304 1240 credunt
1333 1199 1402 1239 ex
1429 1181 1594 1238 liberi
1625 1181 1849 1237 arbitrii
1881 1181 2120 1236 descen-

477 1274 564 1331 dit
593 1275 998 1343 obduratione,
1029 1291 1146 1330 non
1177 1289 1245 1328 ex
1275 1272 1374 1328 Dei
1425 1269 1776 1344 operatione,
1809 1271 1906 1342 qui
1940 1286 2122 1326 omnes

476 1363 720 1421 homines
765 1363 884 1420 vult
927 1364 1104 1419 salvos
1149 1363 1292 1434 ﬁeri,
1319 1369 1370 1418 et
1401 1361 1471 1417 ad
1497 1361 1833 1432 agnitionem
1879 1361 2123 1415 veritatis

475 1455 664 1510 venire
693 1454 741 1523 (ι
785 1455 918 1509 Tim.
955 1470 1016 1519 ιι,
1049 1452 1148 1520 4)⁶ἶ
1181 1452 1334 1508 Deus
1382 1450 1539 1506 enim
1577 1451 1964 1518 noster,Dcus
2008 1448 2122 1504 sal-

475 1560 579 1600 vos
605 1541 852 1598 faciendi
875 1545 965 1596 est
996 1557 1009 1596 :
1043 1545 1288 1614 pereunt
1308 1544 1502 1596 autem
1525 1539 1860 1612 quicunque
1879 1542 2124 1610 pereunt

473 1629 815 1687 inﬁdelitate
845 1629 1193 1700 voluntaria,
1225 1646 1341 1685 non
1373 1632 1592 1698 coacta,
1627 1627 1862 1701 propria
1907 1625 2121 1700 iniqui-

475 1723 614 1788 tate,
639 1737 755 1777 non
786 1719 1018 1776 Domini
1048 1717 1369 1785 voluntate,
1402 1718 1501 1790 qui
1534 1734 1738 1774 omnes
1767 1718 1839 1773 ad
1871 1717 2120 1774 salutem

474 1808 628 1867 δίη
659 1808 864 1864 invitat
891 1808 1093 1864 dicens
1127 1825 1138 1864 :
1176 1808 1356 1864 Venite
1384 1807 1454 1862 ad
1479 1823 1566 1862 me
1594 1823 1778 1863 omnes
1829 1809 1926 1880 qui
1973 1807 2119 1864 labo-

472 1901 544 1956 tis
570 1906 624 1954 et
647 1900 858 1955 onerati
885 1899 1035 1964 estis,
1068 1905 1120 1953 et
1145 1913 1240 1969 ego
1269 1898 1514 1969 reﬁciam
1561 1913 1652 1954 vos
1683 1895 1885 1969 (Matth.
1908 1914 1986 1964 x1,
2005 1897 2120 1969 28).
2150 1930 2196 1994 Β

473 1988 587 2045 Sed
617 1991 707 2044 est
734 1987 796 2042 in
827 1986 1156 2042 humilibus
1187 1986 1342 2059 quod
1374 1985 1661 2059 scriptum
1709 1988 1797 2040 est
1845 1985 1904 2039 in
1935 1986 2120 2040 Evan-

473 2075 644 2150 gelio,
679 2078 796 2148 Qui
840 2093 950 2132 non
997 2075 1180 2132 vident
1223 2075 1443 2131 videant
1483 2076 1660 2144 (Joan.
1709 2091 1785 2141 1x,
1827 2075 1938 2141 39),
1977 2079 2033 2130 et
2059 2073 2140 2144 in.

473 2164 1018 2240 praesumptoribus,
1037 2172 1088 2220 et
1117 2166 1213 2237 qui
1236 2164 1419 2220 vident
1444 2165 1578 2220 eseci
1605 2165 1742 2234 ﬁant
1765 2163 1969 2233 (ibid.),
2004 2180 2122 2220 non

474 2253 632 2326 quod
657 2253 910 2324 videant,
941 2253 1041 2308 sed
1073 2251 1213 2324 quia
1239 2251 1432 2308 videre
1460 2269 1523 2308 se
1547 2255 1778 2324 putant,
1807 2251 1896 2307 vel
1927 2252 2121 2324 potius

473 2342 668 2398 videre
697 2359 760 2398 se
788 2341 1090 2398 simulant.

546 2430 709 2488 Unde
728 2429 910 2486 totius
941 2430 1109 2487 nobis
1141 2431 1416 2487 omnibus
1447 2435 1538 2486 est
1568 2429 1768 2486 audire
1809 2429 2119 2486 consilium

475 2520 633 2593 quod
682 2519 888 2576 beatus
919 2520 1306 2591 Hieronymus
1336 2519 1394 2575 in
1428 2519 1653 2576 decima
1683 2537 1836 2575 nona
1875 2519 2125 2576 Homilia

473 2607 788 2682 Evangeliii
809 2608 1154 2677 Lucae,idem
1177 2609 1550 2682 Evangelium
1577 2610 1916 2681 exponendo
1938 2609 2080 2664 dicit
2103 2626 2115 2665 :

477 2717 505 2748 ι(
537 2697 645 2766 Tu,
671 2697 963 2770 inquiens,
981 2697 1028 2754 si
1061 2698 1296 2770 quando
1319 2697 1652 2770 Scripturas
1675 2696 1906 2770 legeris,
1929 2715 2120 2770 quaere

471 2786 533 2842 in
563 2785 648 2844 eis
677 2803 917 2843 sensum
946 2803 1080 2842 cum
1113 2786 1308 2842 dolore
1334 2788 1590 2858 quodam
1613 2791 1787 2859 atque
1808 2792 2116 2856 tormento,

471 2893 587 2932 non
617 2891 732 2948 quo
763 2875 1098 2949 Scripturas
1128 2893 1352 2932 errasse
1369 2880 1470 2932 aut
1501 2893 1803 2948 perperam
1829 2877 1968 2949 quid
2016 2877 2119 2933 lia-

469 2963 604 3020 bere
635 2964 954 3032 arbitreris,
987 2965 1088 3022 sed
1132 2965 1288 3038 quod
1337 2965 1431 3020 ille
1483 2965 1836 3022 intrinsecus
1867 2965 2122 3022 habeant

466 3053 770 3110 veritatem
800 3071 1139 3111 sermonum
1163 3059 1336 3127 atque
1367 3053 1680 3122 rationum,
1701 3061 1758 3110 et
1779 3059 1843 3109 tu
1865 3072 2120 3127 nequeas

468 3141 725 3200 invenire
755 3144 908 3216 quod
937 3160 1140 3200 verum
1171 3143 1409 3199 est.Hoc
1426 3148 1534 3211 est,
1553 3144 1801 3200 Dolantes
1831 3145 2118 3217 quaereba-

467 3247 592 3288 mus
623 3245 672 3288 te
699 3233 849 3302 (Luc.
881 3250 938 3304 ιι,
974 3235 1084 3301 48).
1120 3255 1148 3282 ››
1182 3233 1276 3288 Sic
1307 3232 1575 3304 quaesivit
1603 3237 1660 3288 et
1689 3237 1927 3288 sanctus
1959 3233 2121 3290 Pros-

2227 640 2498 696 dicantur
2514 639 2820 712 redempti,
2835 645 2890 695 et
2909 643 3104 695 tamen
3124 655 3242 694 non
3266 654 3470 695 omnes
3492 655 3526 694 a
3546 636 3881 712 captivitah

2229 728 2348 786 sint
2365 729 2534 797 eruti,
2551 727 2967 802 redemptionis
2985 727 3312 802 proprietas
3331 727 3488 784 haud
3505 727 3688 785 dubie
3705 745 3878 804 pones

2230 817 2363 876 illos
2383 823 2491 885 est,
2507 819 2577 874 de
2594 817 2809 890 quibus
2831 817 3100 890 princeps
3121 819 3329 874 mundi
3353 817 3572 875 missus
3592 819 3878 887 estfortis,

2227 912 2286 965 et
2309 909 2436 980 jam
2465 925 2580 964 non
2623 923 2761 964 vasa
2795 906 3032 979 diaboli,
3056 907 3158 964 sed
3185 907 3450 964 membra
3469 911 3610 963 sunt
3640 906 3878 966 Christi.

2229 998 2410 1070 Cujus
2445 1014 2603 1053 mors
2624 1014 2738 1052 non
2761 995 2844 1053 ita
2867 995 3136 1069 impensa
3164 1000 3254 1053 est
3279 996 3540 1053 humano
3563 997 3788 1071 generi,
3819 1001 3882 1054 ut

2230 1087 2304 1143 ad
2333 1085 2790 1159 redemptionem
2822 1086 2950 1157 ejus
2981 1085 3158 1142 etiam
3189 1085 3292 1158 qui
3339 1085 3728 1160 regenerandi
3769 1103 3882 1144 non

2229 1181 2398 1234 erant
2426 1175 2784 1248 pertinerent
2817 1193 2830 1231 :
2865 1175 2966 1232 sed
2990 1177 3071 1232 ita
3093 1181 3156 1232 ut
3185 1177 3338 1248 quod
3362 1193 3466 1249 per
3488 1193 3679 1233 unum
3700 1193 3884 1234 axem.

2231 1265 2394 1338 plum
2419 1269 2649 1338 gestum
2680 1271 2770 1322 est
2791 1283 2892 1338 pro
2914 1265 3222 1332 universis,
3241 1282 3344 1338 per
3365 1265 3668 1339 singulare
3685 1283 3882 1326 saera-

2230 1357 2496 1408 mentum
2528 1351 2922 1409 celebraretur
2948 1352 3007 1408 in
3039 1352 3309 1427 singulis.
3342 1353 3624 1413 Poculnm
3666 1373 3882 1431 qunppe

2231 1441 2710 1509 immortalitatis,
2743 1443 2898 1514 quod
2927 1443 3258 1499 confectum
3288 1447 3378 1499 est
3425 1444 3497 1500 de
3541 1445 3883 1502 inﬁrmitate

2231 1535 2450 1599 nostra,
2485 1535 2542 1587 et
2587 1531 2796 1587 virtute
2837 1530 3053 1600 divina,
3086 1531 3261 1587 habet
3305 1532 3546 1604 quidem
3605 1533 3668 1589 in
3720 1550 3786 1592 se
3823 1540 3883 1591 ut

2231 1620 2506 1676 omnibus
2536 1620 2738 1693 prosit,
2770 1620 2870 1676 sed
2901 1619 2950 1676 si
2982 1636 3097 1676 non
3127 1620 3368 1690 bibitur,
3403 1639 3519 1679 non
3553 1624 3881 1680 medetur.»

2231 1710 2300 1765 Et
2355 1709 2495 1766 item
2538 1713 2741 1765 contra
2786 1707 2984 1766 Gallos
3026 1709 3088 1766 in
3138 1710 3619 1784 recapitulatione
3679 1729 3878 1770 nona:

2233 1821 2262 1850 ιι
2295 1799 2437 1855 Item
2469 1799 2568 1871 qui
2603 1798 2745 1854 dicit
2766 1799 2921 1869 quod
2955 1815 3070 1855 non
3093 1815 3196 1871 pro
3227 1800 3408 1856 totius
3430 1801 3640 1858 mnndi
3663 1803 3883 1860 redem-

2229 1887 2387 1944 tione
2436 1887 2699 1945 Salvator
2743 1887 2822 1944 sit
2865 1886 3197 1956 cruciﬁxus,
3231 1905 3346 1945 non
3406 1891 3880 1949 ad'sacramenti

2229 1977 2524 2044 virtutem,
2553 1977 2652 2032 sed
2685 1976 2757 2032 ad
2790 1975 3114 2033 inﬁdelium
3145 1978 3300 2035 ωε
3331 1979 3570 2051 respicit
3608 1985 3840 2053 partem
3866 1998 3880 2038 :

2229 2084 2364 2124 cum
2393 2067 2636 2140 sanguis
2655 2065 2888 2122 Domini
2910 2066 3093 2122 nostri
3113 2067 3254 2123 Jesu
3274 2067 3490 2125 Christi
3520 2070 3787 2141 pretium
3815 2069 3886 2128 sit

2229 2155 2408 2214 totius
2438 2155 2664 2224 mundi,
2697 2173 2732 2211 a
2761 2171 2875 2228 quo
2904 2154 3088 2228 pretio
3136 2157 3392 2214 extranei
3442 2163 3608 2230 sunt,
3640 2159 3746 2232 qui
3789 2165 3885 2217 aut

2229 2245 2495 2301 delectati
2527 2243 2861 2316 captivitate
2893 2243 3100 2300 redimi
3131 2245 3466 2315 noluerunt,
3499 2252 3603 2304 aut
3631 2254 3774 2321 post
3802 2267 3884 2307 re-

2231 2335 2626 2408 demptionem
2658 2333 2730 2390 ad
2761 2335 3028 2390 eamdem
3073 2339 3214 2391 sunt
3260 2335 3600 2394 servitutem
3645 2340 3880 2398 reversi.

2230 2425 2356 2480 Non
2388 2428 2582 2479 autem
2615 2422 2828 2478 excidit
2853 2423 3095 2480 verbum
3127 2425 3251 2497 Dei,
3273 2443 3464 2498 neque
3493 2434 3884 2488 evacuataest

2229 2513 2437 2570 mundi
2468 2512 2789 2586 redemptio
2819 2529 2832 2568 :
2857 2513 2998 2585 quia
3024 2518 3081 2569 et
3110 2513 3163 2570 si
3192 2531 3309 2571 non
3331 2516 3608 2590 cognovit
3623 2519 3882 2576 mundus

2229 2603 2290 2658 in
2318 2603 2474 2659 vasis
2506 2603 2624 2670 irae,
2639 2602 2906 2676 cognovit
2933 2608 3131 2660 tamen
3153 2604 3411 2662 mundus
3431 2605 3620 2662 Deum
3644 2607 3708 2663 in
3729 2609 3880 2666 vasis

2230 2691 2660 2761 misericordias,
2689 2709 2818 2764 quia
2848 2692 3004 2748 Deus
3029 2691 3208 2748 nullis
3237 2710 3436 2750 eorum
3461 2695 3636 2753 bonis
3656 2697 3881 2754 meritis

2227 2781 2689 2854 praecedentibus
2737 2781 2890 2837 eruit
2937 2781 3009 2836 de
3053 2785 3343 2854 potestate
3391 2783 3795 2856 tenebrarum,
3823 2792 3878 2843 et

2228 2870 2532 2927 transtulit
2569 2870 2628 2926 in
2661 2886 2907 2943 regnum
2951 2869 3058 2925 ﬁlii
3104 2870 3434 2929 dilectionis
3477 2889 3622 2930 sum.
3657 2897 3688 2926 »
3723 2875 3878 2934 Hanc

2225 2959 2674 3034 intelligentiam
2699 2959 2798 3032 qui
2830 2959 3080 3016 ﬁdeliter
3107 2964 3302 3017 tenere
3321 2959 3526 3031 voluit,
3541 2979 3650 3020 nec
3672 2981 3710 3021 a
3727 2969 3878 3021 recte

2228 3067 2405 3107 sensu
2433 3048 2702 3117 deviavit,
2735 3066 2840 3105 nec
2872 3065 2906 3104 a
2935 3048 3237 3107 catholicis
3266 3051 3608 3109 doctoribus
3654 3053 3878 3110 discor-

2227 3138 2612 3212 dabit,neque
2631 3141 2866 3194 sanctas
2894 3137 3226 3210 Scripturas
3256 3138 3367 3196 sibi
3394 3140 3661 3199 diversas
3682 3141 3773 3199 vel
3789 3143 3882 3200 ad-

2226 3245 2424 3286 versas
2453 3245 2580 3284 esse
2610 3227 2858 3300 putabit,
2873 3245 3060 3300 neque
3091 3229 3564 3287 contentionibus
3591 3231 3880 3290 deservire

471 3337 594 3393 per,
609 3300 821 3377 sanctae
852 3300 1182 3394 apostolicae
1231 3300 1387 3376 scd—is
1429 3320 1676 3393 legatus,
1711 3325 1775 3377 ut
1823 3321 2119 3380 catholica:
2150 3300 2193 3367 (ἶ
2231 3318 2510 3376 studebit.

476 3409 685 3464 matris
715 3408 1012 3478 alumnus,
1046 3409 1106 3464 in
1139 3408 1232 3465 his
1263 3408 1566 3464 sententiis
1603 3410 1675 3466 de
1724 3411 2122 3485 redemptione

474 3497 691 3554 Christi
759 3497 1068 3572 sanguinis
1113 3497 1435 3566 veritatem,
1484 3503 1541 3554 et
1587 3498 1809 3556 invenit
1861 3501 2122 3559 veritatis

473 3585 942 3661 intelligentiam,
1003 3592 1178 3660 atque
1236 3586 1630 3660 intelligentiae
1686 3589 2116 3648 discretionem.

473 3675 637 3735 Unde
667 3680 725 3732 et
770 3680 974 3734 contra
1020 3675 1215 3732 Gallos
1246 3675 1391 3732 dixit
1435 3675 1495 3730 in
1545 3677 1868 3750 objectione
1916 3698 2114 3738 nona:

473 3789 501 3817 «
533 3770 677 3822 Cum
706 3765 902 3839 itaque
927 3765 1253 3822 rectissime
1273 3765 1503 3821 dicatur
1526 3765 1791 3823 Salvator
1813 3786 1916 3841 pro
1938 3769 2118 3827 totius

471 3855 676 3912 mundi
706 3855 1104 3928 redemptione
1134 3853 1469 3925 cruciﬁxus,
1491 3860 1728 3928 propter
1771 3874 1966 3914 veram
2006 3858 2116 3915 hu-

470 3963 654 4001 manae
687 3949 907 4002 naturas
939 3945 1391 4017 susceptionem,
1408 3949 1465 4000 et
1486 3951 1722 4018 propter
1743 3963 2116 4005 communem

469 4034 530 4088 in
598 4033 788 4105 primo
841 4033 1077 4088 homine
1143 4033 1405 4089 omnium
1469 4034 1875 4104 perditionem,
1925 4042 2118 4109 potest

471 4125 669 4178 tamen
695 4121 807 4177 dici
838 4139 942 4194 pro
973 4121 1066 4178 his
1096 4127 1329 4178 tantum
1362 4121 1694 4192 cruciﬁxus,
1720 4125 1934 4196 quibus
1957 4143 2116 4184 mors

468 4209 656 4283 ipsius
685 4209 1164 4282 profuit,dicente
1180 4209 1533 4283 evangelista
1557 4229 1570 4267 :
1596 4214 1735 4281 Quia
1761 4219 1924 4272 Iesus
1953 4219 2120 4272 mori-

469 4307 626 4356 turus
652 4308 771 4358 erat
794 4317 893 4372 pro
922 4309 1097 4370 gente,
1114 4317 1225 4357 non
1257 4309 1468 4356 tantum
1491 4319 1592 4374 pro
1615 4312 1789 4372 gente,
1813 4305 1906 4360 sed
1952 4307 2118 4362 etiam

469 4396 534 4445 ut
558 4389 705 4460 ﬁlios
731 4391 832 4446 Dei
857 4399 1209 4462 congregaret
1254 4392 1314 4446 in
1358 4407 1531 4446 unum
1580 4393 1754 4464 (Joan.
1804 4411 1882 4462 x1,
1914 4395 2028 4465 52).
2051 4397 2116 4452 In

463 4493 566 4534 sua
596 4480 744 4534 enim
771 4481 935 4547 venit,
967 4488 1018 4536 et
1041 4481 1134 4535 sui
1159 4496 1284 4535 eum
1329 4496 1440 4536 non
1486 4491 1838 4554 receperunt:
1862 4494 2120 4558 quotquot

465 4575 648 4624 autem
677 4576 993 4641 receperunt
1017 4585 1161 4636 eum,
1193 4569 1340 4625 dedit
1383 4573 1463 4626 eis
1498 4579 1810 4643 pc-testatem
1847 4575 1993 4645 ﬁlios
2016 4575 2118 4632 Dei

2301 3409 2382 3464 De
2411 3409 2582 3480 cujus
2613 3407 2801 3465 sancti
2845 3407 2952 3463 viri
2998 3407 3222 3464 scilicet
3268 3407 3534 3482 Prosperi
3567 3410 3786 3480 verbis,
3819 3415 3882 3468 ut

2229 3497 2572 3570 simpliciter
2581 3497 2928 3554 etveraciter
2937 3497 3212 3553 omnibus
3226 3496 3559 3571 legentibus
3571 3499 3881 3569 fateamur,

2229 3587 2511 3644 instantia
2536 3587 2860 3642 devotionis
2883 3585 3085 3643 domui
3105 3591 3162 3642 et
3189 3586 3675 3645 christianissimi
3700 3589 3885 3646 Caroli

2228 3675 2510 3750 principis
2527 3675 2728 3744 coacti,
2754 3675 2854 3748 qui
2886 3674 3104 3732 librum
3135 3674 3294 3732 illius
3323 3693 3442 3749 pra:
3462 3678 3746 3736 manibus
3769 3694 3884 3735 non

2226 3765 2566 3833 habuimus,
2599 3769 2883 3837 quantum
2917 3765 2990 3821 ad
3020 3765 3364 3822 memoriam
3396 3765 3568 3822 nobis
3612 3768 3797 3836 venit,
3827 3773 3890 3825 et

2225 3855 2477 3911 brevitas
2506 3853 2786 3926 temporis
2817 3858 2874 3910 et
2903 3854 3211 3910 subitanea
3239 3853 3565 3926 compulsio
3587 3856 3882 3928 permisit,

2225 3944 2335 4001 hoc
2353 3943 2673 4018 capitulum
2695 3942 2999 4000 humilitas
3021 3947 3232 3999 nostra;
3255 3942 3653 4016 intelligentia:
3666 3945 3887 4003 deliba-

2222 4034 2324 4090 vit.
2341 4035 2454 4090 Sed
2476 4033 2575 4106 qui
2600 4033 2848 4105 benigne
2863 4049 2930 4088 ac
2951 4031 3204 4104 simplici
3224 4032 3550 4090 intentione
3577 4034 3885 4092 advertere

2223 4123 2489 4190 voluerit,
2523 4139 2558 4178 a
2585 4139 2762 4178 sensu
2794 4121 2954 4178 illius
2984 4121 3150 4191 nihil,
3184 4139 3220 4178 a
3261 4122 3455 4180 verbis
3500 4139 3637 4180 vero
3687 4124 3882 4198 ipsius

2224 4229 2370 4285 pene
2392 4211 2538 4267 nihil
2560 4227 2667 4267 nos
2685 4211 3050 4268 discordasse
3069 4211 3310 4268 videbit.
3325 4211 3564 4286 Relegat
3583 4218 3642 4270 et
3656 4214 3889 4288 capitu-

2224 4302 2348 4358 lum
2371 4301 2526 4374 quod
2545 4300 2960 4374 excerpsimus,
2976 4305 3034 4357 et
3052 4301 3227 4358 verba
3246 4302 3432 4358 sancti
3456 4302 3725 4377 Prosperi
3751 4321 3884 4378 qua

2223 4390 2281 4447 in
2306 4390 2568 4464 proximo
2590 4390 3090 4463 proposuimus,et
3105 4389 3298 4446 videat
3313 4391 3362 4447 si
3379 4395 3469 4447 est
3487 4407 3694 4448 verum
3715 4395 3883 4466 quod

2223 4479 2495 4536 dicimus.
2522 4481 2592 4536 Et
2620 4496 2692 4536 ne
2721 4496 2891 4552 grave
2911 4479 3189 4552 cuiquam
3217 4478 3432 4554 legenti
3464 4480 3544 4537 sit
3572 4480 3752 4556 longe
3782 4499 3889 4541 su-

2223 4569 2420 4642 perius
2459 4567 2781 4642 capitulum
2831 4569 2988 4641 quod
3025 4569 3424 4643 excerpsimus
3472 4587 3758 4644 quaerere,
3793 4572 3886 4630 llic

467 4659 616 4730 ﬁeri,
639 4658 736 4730 qui
761 4674 872 4714 non
900 4674 970 4714 ea:
997 4659 1386 4732 sanguinibus,
1408 4677 1582 4733 neque
1607 4678 1678 4717 ea:
1705 4663 1977 4720 voluntate
2005 4681 2120 4722 car.
2149 4675 2196 4740 D
2228 4659 2371 4715 illud
2403 4659 2648 4732 dignum
2677 4657 3015 4715 OBDSUimUS
3063 4674 3297 4731 PODBI‘G-
3329 4659 3491 4716 Istud
3538 4664 3630 4716 εει
3676 4667 3884 4719 autem

463 4748 761 4820 nis,neque
786 4764 856 4804 ea:
885 4749 1156 4804 voluntate
1176 4750 1304 4817 viri,
1319 4748 1410 4805 sed
1435 4767 1504 4805 ea:
1521 4751 1626 4807 Deo
1653 4753 1774 4808 nati
1790 4761 1922 4810 sunt
1938 4755 2115 4826 (Joan.
2227 4747 2551 4822 capitulum
2585 4764 2620 4804 8
2637 4747 2807 4803 n0bi8
2827 4751 3162 4821 excerptum
3188 4765 3202 4806 ε
3230 4771 3259 4799 (ι
3283 4748 3552 4806 Christus
3572 4749 3754 4808 Jews
3777 4752 3891 4810 D0-

465 4855 503 4905 ι,
537 4838 623 4905 11,
659 4836 768 4909 13).
817 4836 1056 4893 Diversa
1104 4854 1240 4910 ergo
1287 4839 1360 4894 ab
1403 4837 1534 4894 istis
1584 4856 1710 4896 sors
1753 4857 1955 4899 eorum
1999 4851 2109 4920 est,
2218 4863 2248 4892 ‹‹
2281 4838 2478 4894 minus
2510 4841 2728 4904 noster,
2753 4836 2908 4892 sicut
2937 4836 3138 4894 nullus
3157 4837 3333 4894 homo
3352 4843 3462 4910 est,
3487 4838 3600 4895 fuit
3617 4839 3708 4896 vel
3742 4841 3880 4910 erit,

463 4926 565 4999 qui
609 4925 760 4982 inter
807 4924 940 4982 illos
987 4931 1317 4996 censentur,
1347 4928 1418 4984 de
1466 4928 1682 5000 quibus
1727 4930 1959 5000 dicitur,
1992 4935 2113 4992 Lua;
2217 4953 2246 4981 ι(
2278 4925 2865 5001 cujusnaturainillo
2883 4933 3189 5001 assumpta
3207 4945 3321 4985 non
3346 4928 3884 4987 fuerit:itanullus

461 5016 602 5072 lucet
629 5018 688 5072 in
710 5015 962 5084 tenebris,
977 5023 1029 5072 et
1055 5017 1296 5075 tenebrae
1314 5034 1433 5074 eam
1454 5033 1563 5073 non
1591 5020 2114 5092 comprehenderunt
2216 5043 2244 5071 α
2273 5017 2526 5085 est,fuit,
2541 5017 2630 5073 vel
2659 5016 2767 5072 erit
2795 5018 2988 5085 homo,
3006 5035 3108 5090 pro
3134 5034 3249 5090 quo
3271 5035 3482 5090 passus
3517 5035 3638 5075 non
3671 5021 3878 5088 fuerit,

461 5103 642 5176 (ibid.,
674 5107 728 5176 5)
763 5122 776 5162 :
810 5110 875 5162 ut
922 5106 1108 5178 possit
1137 5107 1461 5162 secundum
1507 5106 1614 5162 hoc
1667 5108 1780 5164 dici
1814 5125 1828 5164 :
1863 5111 2109 5169 Redem-
2217 5132 2246 5160 «
2279 5107 2414 5164 licet
2441 5123 2556 5162 non
2579 5122 2782 5162 omnes
2811 5106 3104 5178 passionis
3123 5109 3254 5179 ejus
3281 5107 3558 5180 mysterio
3580 5108 3886 5166 rediman-

461 5197 594 5264 pter
623 5195 829 5250 mundi
861 5195 1021 5250 dedit
1051 5212 1154 5267 pro
1184 5197 1405 5252 mundo
1436 5197 1784 5268 sanguinem
1822 5217 2019 5270 suum,
2053 5206 2113 5260 et
2219 5219 2248 5250 «
2278 5203 2394 5254 tur.
2419 5197 2566 5265 Quia
2591 5213 2725 5252 vero
2756 5213 2872 5252 non
2902 5213 3106 5252 omnes
3128 5197 3420 5269 passionis
3437 5198 3566 5270 ejus
3587 5198 3886 5272 mysterio

462 5284 721 5339 mundus
752 5285 960 5341 redimi
991 5283 1198 5353 noluit,
1225 5285 1363 5357 quia
1383 5284 1574 5341 lucem
1605 5287 1856 5342 tenebrae
1880 5306 1993 5346 non
2019 5308 2106 5347 re-
2221 5309 2250 5338 «
2281 5287 2788 5354 redimuntur,non
2803 5285 3042 5359 rescipit
3057 5287 3129 5343 ad
3143 5286 3888 5360 magnitudinemetpnetii

460 5377 738 5442 ceperunt
785 5391 798 5430 :
851 5379 908 5430 et
964 5375 1212 5431 tenebrae
1271 5379 1632 5447 receperunt,
1693 5377 1907 5448 quibus
1967 5379 2109 5436 dicit
2217 5399 2246 5428 «
2279 5375 2816 5449 copiositatem,sed
2840 5375 2912 5430 ad
2937 5373 3264 5432 inﬁdelium
3285 5379 3343 5432 et
3363 5377 3436 5432 ad
3471 5393 3586 5432 non
3622 5377 3884 5434 creden—

458 5459 788 5530 Apostolus,
819 5465 1022 5520 Fuistis
1077 5463 1374 5536 aliquando
1427 5464 1682 5531 tenebrae,
1733 5483 1882 5522 nunc
1927 5475 2106 5525 autem
2216 5489 2245 5517 «
2277 5467 2424 5523 tium
2446 5484 2514 5523 ea
2534 5467 2648 5522 ﬁde
2669 5483 2795 5538 quae
2817 5482 2920 5538 per
2938 5465 3309 5522 dilectionem
3326 5471 3606 5540 operatur
3625 5467 3890 5540 respicit

460 5547 561 5602 lita:
590 5549 651 5603 in
675 5553 906 5608 Domino
936 5554 1146 5625 (Ephes.
1179 5571 1234 5622 v,
1266 5554 1340 5626 8).
1377 5576 1406 5603 ››
1428 5554 1497 5608 Et
1526 5558 1729 5610 contra
1765 5554 2103 5614 Vincentia-
2213 5579 2241 5608 «
2277 5560 2498 5629 partem
2533 5573 2546 5613 :
2579 5555 2717 5628 quia
2736 5555 3012 5628 poculum
3033 5554 3302 5612 humanas
3320 5555 3714 5629 salutis,quod
3733 5573 3892 5613 eon-

457 5653 566 5694 nos
619 5636 782 5712 (resp.
836 5643 1028 5715 prim.)
1063 5659 1076 5698 :
1107 5667 1134 5693 ‹‹
1170 5643 1316 5698 Cum
1376 5643 1572 5714 itaque
1629 5647 1864 5716 propter
1921 5663 2100 5704 unam
2211 5669 2240 5698 α
2266 5645 2480 5702 fectum
2498 5650 2588 5702 est
2607 5645 2948 5702 inﬁrmitate
2971 5648 3172 5702 nostra
3188 5650 3247 5702 et
3274 5646 3492 5702 virtute
3520 5645 3741 5715 divina,
3759 5645 3890 5703 ha-

457 5726 723 5788 omnium
752 5733 1118 5804 naturam,et
1146 5749 1324 5791 unam
1355 5731 1622 5791 omnium
1641 5749 1899 5806 causam,
1933 5753 1967 5794 a
1995 5736 2104 5798 Do-
2210 5759 2241 5790 ‹‹
2273 5735 2370 5795 bet
2399 5735 2637 5814 quidem
2666 5734 2726 5794 in
2763 5752 2825 5796 se
2870 5739 2937 5794 ut
2985 5731 3262 5795 omnibus
3290 5735 3506 5812 prosit,
3527 5734 3632 5794 sed
3661 5735 3716 5794 si
3745 5751 3890 5798 non
