4018 6486
187 433 308 502 373

186 665 327 724 hinc
348 666 762 732 iturum,nihil
784 667 894 725 sibi
917 685 1086 726 suam
1110 669 1462 742 praeteritam
1485 671 1852 744 profuturam

179 755 506 830 justitiam,
531 756 670 816 huic
701 757 1006 831 perspicue
1025 759 1252 816 veritati
1276 759 1693 832 quis'ﬁdelium
1723 779 1856 818 con-

901 441 1005 502 DE
1047 441 1812 506 PREDESTINATIONE
1854 445 2378 509 DlSSERTATIO
2425 447 2884 510 POSTERIOR.

187 575 294 632 sed
325 593 514 634 unum
565 575 721 638 diem
750 576 978 646 vixerit,
1011 577 1070 636 in
1109 593 1311 652 poenas
1355 578 1576 653 iniquis
1623 579 1847 638 debitas
1873 578 1931 651 Α
1959 579 2115 637 Beda
2134 596 2183 635 :«
2204 580 2772 655 Sanguinis,inquit,
2792 581 3007 656 pr0prii
3032 582 3311 639 tinctione
3331 580 3498 655 prius
3517 581 3620 640 ha'
3727 647 3734 654 ,

3488 444 3606 522 374

1961 673 2068 728 beo
2098 671 2390 745 perfundi,
2419 677 2476 728 et
2497 673 2581 729 sic
2609 673 2787 729 corda
2808 672 3166 728 credentium
3191 672 3434 746 spiritus
3455 673 3608 748 igne,

1961 779 2076 834 quo
2106 767 2338 819 terrena
2367 761 2566 818 omnia
2609 761 2783 819 simul
2815 767 2872 818 et
2911 761 3168 818 animam
3219 780 3386 820 suam
3419 762 3612 836 despi-

185 846 468 906 tradicit?
487 847 676 906 .Porro
707 847 758 904 si
790 851 1087 920 quaeratur
1117 867 1152 906 a
1180 849 1369 918 nobis,
1400 855 1599 907 utrum
1631 852 1682 907 si
1711 855 1854 908 tunc
1960 869 2108 920 cere,
2133 853 2250 908 imo
2274 853 2432 910 odire
2459 857 2696 925 queant,
2722 853 3109 908 inﬂammare.
3141 852 3266 908 Non
3297 853 3453 908 enim
3483 857 3609 910 erat

185 939 344 995 esset
373 940 650 993 mortuus
679 939 916 1010 quando
947 943 1071 996 erat
1091 940 1315 1012 justus,
1341 959 1543 1015 pmnas
1573 946 1727 1000 esset
1757 942 1852 999 in-

183 1028 477 1084 venturus
508 1043 584 1083 an
610 1026 893 1099 requiem,
920 1029 1184 1102 nunquid
1213 1030 1475 1102 requiem
1501 1031 1851 1103 respondere

183 1113 604 1172 dubitabimus
622 1115 651 1172 ‘2
679 1115 814 1172 Haec
842 1119 934 1172 est
969 1121 1094 1174 tota
1121 1135 1302 1177 causa
1349 1136 1456 1175 cur
1482 1119 1710 1176 dictum
1739 1125 1848 1188 est,

181 1204 343 1262 808
375 1220 414 1260 a
433 1219 793 1277 quocunque
819 1206 898 1262 sit
918 1206 1140 1263 dictum
1167 1225 1180 1263 :
1203 1209 1406 1280 Raptus
1434 1216 1606 1265 estne
1633 1210 1852 1265 malitia

178 1301 429 1351 mutaret
483 1295 818 1351 intellectum
871 1296 989 1368 ejus
1035 1295 1184 1370 (Sap.
1214 1297 1425 1371 mit).
1471 1297 1704 1354 Dictum
1761 1302 1851 1354 est

179 1382 344 1440 enim
370 1383 702 1440 secundum
727 1384 988 1455 pericula
1005 1386 1136 1441 vitae
1157 1385 1358 1456 hujus,
1384 1404 1498 1443 non
1523 1388 1848 1444 secundum

181 1471 624 1544 praescientiam
658 1473 783 1541 Dei,
807 1473 909 1546 qui
938 1474 1050 1532 hac
1079 1475 1367 1548 praescivit
1395 1477 1552 1548 quod
1583 1477 1846 1534 futurum

181 1564 332 1627 erat,
365 1577 488 1618 non
520 1563 677 1634 quod
727 1563 996 1620 futurum
1045 1581 1162 1621 non
1211 1568 1353 1621 erat.
1384 1565 1446 1621 Id
1478 1570 1586 1634 est,
1611 1567 1766 1639 quod
1795 1566 1847 1622 ei

181 1653 444 1708 mortem
476 1650 858 1708 immaturam
890 1653 1078 1709 fuerat
1107 1652 1449 1726 largiturus,
1482 1659 1549 1710 ut
1576 1655 1846 1712 tentatio-

181 1756 328 1796 num
366 1739 819 1798 subtraheretur
865 1741 1106 1808 incerto,
1135 1760 1250 1798 non
1294 1744 1449 1816 quod
1500 1749 1847 1816 peccaturus

179 1833 339 1886 esset
365 1828 472 1901 qui
495 1844 818 1886 mansurus
836 1829 895 1884 in
919 1831 1242 1888 tentatione
1261 1849 1376 1887 non
1399 1837 1608 1900 esset,»
1635 1831 1848 1888 Contra

1960 941 2204 1014 spiritus
2235 943 2428 1010 datus,
2460 943 2599 1015 quia
2654 943 2828 998 Jesus
2884 943 3145 997 nondum
3197 942 3385 997 fuerat
3429 941 3605 1014 glori-

1959 1031 2170 1088 ﬁcatus
2203 1049 2216 1087 :
2253 1031 2364 1088 hoc
2411 1037 2502 1088 est
2535 1031 2776 1088 victoria
2804 1031 3117 1104 passionis,
3152 1031 3223 1086 de
3255 1047 3370 1103 qua
3416 1029 3553 1086 alibi
3588 1047 3602 1084 :

1955 1121 2203 1198 Potestis,
2245 1120 2459 1192 inquit,
2491 1123 2673 1176 bibere
2719 1121 2944 1176 calicem
2990 1135 3149 1192 quem
3195 1135 3291 1188 ego
3339 1120 3481 1186 bibo,
3511 1127 3610 1176 aut

1960 1211 2286 1282 baptismum
2306 1227 2464 1282 quem
2493 1212 2645 1266 309
2669 1225 2762 1281 ego
2794 1209 3042 1281 baptizor
3085 1209 3395 1280 baptizari?
3421 1207 3602 1280 (Marc.
3640 1273 3648 1281 ,

1955 1316 2012 1366 x,
2046 1299 2192 1371 38).»
2225 1299 2296 1355 Et
2325 1299 2467 1355 item
2498 1299 2610 1356 Leo
2642 1299 2702 1356 in
2733 1297 2980 1372 epistola
3017 1298 3089 1353 ad
3120 1297 3606 1370 Constantinopo-

1957 1386 2172 1445 litanos
2210 1389 2386 1462 (epist.
2409 1389 2538 1456 23):
2567 1409 2595 1440 «
2623 1387 3051 1455 Sacramentum,
3093 1385 3307 1459 inquit,
3347 1385 3446 1442 hoc
3487 1402 3604 1441 ma-

1954 1495 2125 1550 gnum
2153 1486 2250 1546 est,
2283 1494 2375 1550 ego
2405 1486 2586 1533 autem
2621 1477 2741 1534 dico
2789 1478 2846 1532 in
2881 1477 3092 1532 Christo
3137 1483 3188 1532 et
3235 1477 3296 1532 in
3343 1475 3602 1531 Ecclesia.

1953 1567 2039 1622 Ab
2070 1567 2196 1639 ipso
2239 1583 2375 1640 ergo
2423 1565 2710 1639 principio
2762 1565 2992 1640 generis
3038 1565 3304 1636 humani,
3329 1564 3604 1620 omnibus

1955 1655 2296 1712 hominibus
2327 1655 2597 1712 Christus
2641 1659 2731 1712 est
2760 1655 3143 1712 denuntiatus
3171 1654 3232 1710 in
3263 1670 3437 1710 carne
3463 1670 3602 1708 ven-

1953 1748 2160 1801 turus:
2185 1743 2245 1800 in
2277 1763 2412 1818 qua,
2437 1745 2588 1802 sicut
2609 1746 2830 1800 dictum
2863 1747 2969 1812 est,
2995 1747 3166 1799 erunt
3190 1744 3306 1798 duo
3337 1743 3395 1797 in
3427 1758 3600 1797 carne

1955 1851 2072 1890 una
2105 1821 2354 1907 {utique
2385 1835 2500 1890 duo
2531 1837 2671 1890 sunt
2719 1835 2873 1890 Deus
2919 1838 2975 1889 et
3023 1833 3218 1900 homo,
3245 1831 3512 1888 Christus
3539 1835 3600 1886 et

180 1933 308 2022 αρε
341 1917 1008 2022 Praedpstinatianorum
1039 1919 1198 1976 dicta
1222 1919 1466 1990 nefaria,
1499 1921 1620 1977 haec
1650 1924 1707 1977 et
1732 1921 1848 1977 alia
1873 1957 1921 2022 B
1953 1919 2230 1990 Ecclesia,
2263 1941 2389 1996 quae
2421 1924 2490 1978 de
2530 1922 2731 1995 sponsi
2781 1939 2953 1979 carne
3000 1921 3234 1996 prodiit,
3262 1921 3497 1994 quando
3528 1937 3598 1975 ex

179 2006 356 2080 plura
377 2007 662 2080 praefatus
682 2008 1104 2082 sagacissimus
1121 2011 1320 2066 doctor
1340 2010 1502 2078 dixit,
1518 2015 1577 2066 et
1596 2027 1703 2067 nos
1724 2027 1842 2066 non
1873 2006 1921 2022 "
1949 2012 2128 2068 latere
2149 2011 2405 2068 cruciﬁxi
2430 2016 2706 2068 manante
2725 2012 3012 2085 sanguine
3033 2015 3089 2067 et
3103 2028 3257 2083 aqua
3272 2025 3598 2065 sacramen-

179 2095 372 2152 mnlta
403 2095 686 2155 collibere
706 2099 1046 2155 studuimus
1071 2115 1084 2154 :
1109 2099 1250 2172 quia
1277 2103 1336 2156 et
1356 2099 1468 2173 ipsi
1491 2099 1587 2156 his
1610 2100 1846 2156 Gothes—

179 2184 325 2244 calci
343 2185 640 2243 resistunt
653 2187 1264 2262 perversitatibus,qui
1281 2205 1416 2244 cum
1431 2205 1498 2244 eo
1516 2189 1846 2245 consistunt

181 2275 471 2338 adversus
497 2275 827 2332 doctrinam
850 2276 1196 2334 catholicam
1227 2278 1287 2334 in
1319 2277 1470 2346 aliis,
1493 2277 1646 2334 sicut
1665 2295 1845 2350 supra

179 2363 941 2436 ostendimus,quibusdam
957 2365 1535 2424 diversitatibus.Nos
1547 2371 1743 2422 autem
1756 2383 1834 2422 ca-

176 2451 414 2510 tholica:
429 2457 492 2510 et
507 2453 840 2526 apostolicae
857 2454 1126 2512 Ecclesia;
1139 2457 1492 2512 documenta
1507 2460 1840 2528 sequentes.

177 2542 372 2598 eidem
387 2541 1108 2617 Gotbescalco,ipsiusque
1125 2561 1312 2618 pravae
1325 2545 1601 2600 doctrinm
1613 2543 1844 2601 obsisti-

177 2647 486 2700 mus,cum
502 2630 740 2688 fremitu
753 2631 982 2688 cunctis
998 2633 1152 2690 male
1167 2633 1558 2690 sentientibus
1575 2633 1844 2706 pertime-

175 2719 419 2788 scendo,
447 2719 607 2776 beati
629 2720 840 2778 Leonis
861 2721 1189 2794 apostolicae
1212 2723 1367 2779 sedis
1390 2722 1646 2795 episcOpi
1679 2721 1841 2778 inso-

176 2813 356 2866 nante
379 2808 562 2865 corde
582 2813 642 2866 et
661 2827 760 2866 ore
779 2827 848 2866 ac
872 2811 1020 2884 stylo
1044 2811 1366 2868 clamantes
1388 2813 1565 2884 (epist.
1589 2812 1622 2866 4
1639 2811 1710 2868 ad
1731 2812 1844 2884 epi-

174 2915 362 2971 scopos
378 2897 620 2966 Siciliae,
634 2915 683 2955 c.
697 2900 810 2968 3):«
829 2900 1106 2966 Quamvis
1123 2905 1180 2956 et
1198 2899 1300 2956 illa
1316 2918 1442 2974 quae
1458 2901 1530 2958 ad
1549 2899 1842 2956 humilita-

172 2991 314 3056 tem,
333 2991 396 3043 et
411 2985 519 3043 illa
535 3004 665 3060 quae
683 2989 752 3044 ad
767 2987 1012 3060 gloriam
1033 2988 1412 3061 pertinentCh
1422 2988 1568 3056 risti,
1583 2989 1642 3044 in
1661 3005 1839 3044 unam

176 3079 545 3152 concurrant
573 3077 959 3150 eomdemque
989 3093 1320 3149 personam,
1347 3081 1656 3150 totumque
1685 3077 1838 3149 quod

177 3164 236 3220 in
255 3163 366 3221 illo
385 3169 446 3220 et
465 3163 700 3220 virtutis
723 3163 930 3222 divina:
955 3169 1046 3222 est
1065 3165 1126 3221 in
1155 3165 1518 3222 inﬁrmitatis
1545 3166 1836 3233 humanae,

178 3253 248 3312 ad
279 3257 507 3310 nostra:
541 3253 928 3326 reparationis
957 3255 1158 3310 tendat
1180 3255 1470 3324 eﬁectum,
1492 3253 1722 3327 proprie
1751 3259 1839 3310 ta-

1950 2105 2077 2158 tum
2101 2101 2520 2174 redemptionis
2539 2105 2596 2156 et
2615 2100 3070 2174 regenerationis
3093 2099 3332 2171 accepit.
3357 2099 3491 2170 lpsa
3509 2101 3600 2154 est

1950 2190 2107 2247 enim
2155 2207 2304 2247 nova
2351 2189 2606 2246 conditio
2645 2195 2943 2258 creaturae,
2973 2207 3100 2262 quae
3129 2188 3189 2243 in
3221 2188 3593 2260 baptismate,

1949 2297 2066 2336 non
2094 2279 2439 2359 indumento
2471 2296 2615 2335 verae
2645 2279 2860 2350 carnis,
2883 2279 2984 2334 sed
3011 2277 3278 2352 contagio
3307 2277 3596 2332 damnatae

1946 2369 2260 2425 vetustatis
2278 2369 2528 2438 exuitur,
2545 2373 2610 2424 ut
2629 2367 2918 2425 efﬁciatur
2937 2367 3112 2423 homo
3130 2383 3340 2440 corpus
3357 2363 3595 2431 Christi,

1949 2457 2089 2530 quia
2108 2461 2165 2513 et
2185 2457 2452 2513 Christus
2483 2474 2696 2529 corpus
2726 2461 2816 2513 est
2841 2455 3152 2536 hominis.»

2020 2546 2164 2602 Hinc
2192 2547 2250 2602 S.
2277 2545 2518 2602 Siricius
2539 2547 2610 2601 ad
2633 2545 2979 2613 Himerium,
3005 2563 3130 2616 cap.
3155 2547 3189 2600 3
3215 2563 3264 2600 τι(
3289 2543 3594 2616 Adjeetum

1948 2640 2037 2691 est
2094 2636 2292 2705 etiam,
2345 2635 2632 2708 quosdam
2676 2635 3037 2690 Christianos
3095 2634 3168 2690 ad
3217 2633 3592 2706 apostasiam,

1949 2725 2100 2796 quod
2135 2723 2247 2778 dici
2280 2724 2444 2779 nefas
2475 2727 2582 2791 est,
2611 2727 3002 2792 transeuntes,
3026 2726 3081 2778 et
3108 2721 3398 2778 idolorum
3429 2719 3592 2776 cultu

1949 2827 2013 2868 ac
2044 2811 2466 2868 sacriﬁciorum
2513 2810 3005 2868 contaminatione
3043 2811 3591 2884 profana'toszquos

1948 2919 1982 2957 a
2002 2901 2213 2957 Christi
2237 2919 2473 2974 corpore
2496 2906 2553 2957 et
2576 2902 2882 2974 sanguine,
2909 2919 3022 2974 quo
3052 2901 3276 2956 dudum
3306 2897 3591 2970 redempti

1948 2991 2177 3046 fuerant
2197 2991 2574 3059 renascendo,
2589 2991 2871 3062 jubemus
2893 2989 3134 3044 abscidi.
3149 2989 3219 3044 Et
3237 2987 3592 3044 Athanasius

1946 3078 2007 3136 in
2039 3079 2332 3153 Symbolo,
2357 3080 2558 3136 dicens
2599 3097 2660 3136 se
2707 3079 2940 3135 credere
2985 3078 3046 3133 in
3096 3077 3412 3144 Christum,
3447 3092 3590 3148 pra:-

1948 3167 2147 3226 missis
2177 3168 2328 3240 aliis,
2352 3172 2723 3240 assumptum
2755 3169 2813 3223 in
2845 3167 3024 3238 caelis,
3049 3167 3249 3224 sedere
3275 3165 3337 3221 in
3359 3166 3596 3220 dextera

1948 3257 2156 3326 Patris,
2187 3258 2323 3313 inde
2350 3261 2662 3314 venturum
2703 3257 2972 3330 judicare
3017 3256 3178 3312 vivos
3225 3259 3282 3312 et
3329 3258 3594 3312 mortuos

173 3358 310 3400 men
336 3342 404 3398 in
435 3345 628 3399 morte
660 3343 941 3411 cruciﬁxi,
963 3347 1022 3399 et
1049 3344 1108 3400 in
1142 3326 1566 3401 resurrectione
1597 3343 1834 3410 mortui,
1867 3326 1910 3392 (ἶ
1946 3349 2375 3420 exspectamus,
2399 3346 2457 3402 in
2491 3347 2669 3418 hujus
2689 3326 2874 3403 morte
2903 3350 2960 3403 et
2986 3344 3272 3419 sanguine
3303 3344 3596 3402 remissio-

175 3430 444 3503 potentia
467 3429 844 3503 baptismatis
867 3448 1074 3488 novam
1097 3437 1424 3488 creaturam
1441 3433 1640 3488 condit
1660 3449 1730 3488 ex
1748 3449 1838 3488 ve-

174 3523 315 3585 tere,
352 3523 423 3575 ut
452 3517 516 3574 in
557 3519 1002 3576 renascentibus
1038 3524 1098 3577 et
1137 3537 1296 3577 mors
1325 3520 1538 3576 Christi
1569 3525 1840 3593 operetur

150 3611 233 3664 -et
255 3609 406 3676 vita,
439 3607 676 3664 dicente
704 3607 874 3664 beato
903 3608 1165 3680 apostolo
1195 3609 1372 3666 Paulo
1397 3626 1410 3666 :
1437 3611 1519 3665 An
1548 3611 1834 3680 ignoratis,

173 3699 304 3769 quia
336 3697 660 3770 quicunque
707 3696 969 3767 baptizati
1011 3712 1202 3753 sumus
1245 3699 1306 3754 in
1335 3699 1550 3756 Christo
1594 3703 1748 3766 Jesu,
1778 3700 1840 3754 in

174 3794 348 3850 morte
375 3787 560 3858 ipsius
591 3785 852 3856 baptizati
874 3789 1106 3843 sumus?
1135 3786 1446 3860 Conscpulti
1473 3791 1624 3844 enim
1649 3804 1838 3844 sumus

174 3891 298 3932 uim
328 3875 434 3931 illo
475 3889 578 3947 per
625 3874 952 3946 baptismum
981 3877 1043 3930 in
1073 3883 1240 3932 morte
1271 3892 1284 3931 :
1317 3883 1379 3932 ut
1405 3875 1664 3948 quomodo
1706 3892 1836 3932 sur-

174 3967 320 4021 rexit
339 3963 597 4020 Christus
624 3979 660 4018 α
683 3964 916 4020 mortuis
945 3979 1042 4036 per
1067 3965 1299 4034 gloriam
1331 3966 1532 4034 Patris,
1559 3965 1636 4020 ita
1663 3971 1714 4020 et
1739 3980 1838 4022 nos

177 4055 238 4109 in
261 4055 512 4110 novitate
535 4053 668 4110 vitae
690 4052 1054 4108 ambulemus.
1077 4053 1140 4108 Si
1157 4054 1304 4109 enim
1331 4053 1682 4126 complantati
1707 4055 1841 4124 facti

175 4159 368 4200 sumus
391 4141 764 4199 similitudini
786 4143 977 4198 mortis
997 4143 1134 4216 ejus,
1155 4144 1326 4198 simul
1347 4150 1399 4198 et
1425 4143 1838 4200 resurrectionis

176 4234 386 4289 erimus
407 4233 588 4300 (Rom.
612 4247 689 4298 v1,
711 4229 787 4303 3).
818 4231 890 4287 Et
918 4235 1144 4310 caetera,
1179 4248 1309 4304 quae
1351 4231 1529 4288 latius
1559 4231 1841 4304 magister

177 4323 448 4394 gentium
473 4320 550 4376 ad
581 4319 1130 4376 commendandum.
1147 4325 1582 4376 sacramentum
1613 4319 1839 4392 baptis-

179 4409 360 4467 matis
391 4408 722 4482 disputavit
752 4425 765 4464 :
801 4412 866 4464 ut
902 4413 1208 4481 appareret
1235 4425 1306 4464 ex
1334 4409 1514 4480 hujus
1563 4408 1838 4464 doctrinae

179 4499 418 4572 spiritu,
439 4497 859 4572 regenerandis
878 4497 1016 4554 ﬁliis
1043 4497 1446 4564 hominum,et
1471 4498 1531 4553 in
1561 4497 1664 4552 Dei
1687 4495 1838 4554 ﬁlios

180 4587 562 4661 adoptandis,
583 4585 755 4642 illum
775 4585 932 4642 diem
963 4589 1022 4642 et
1049 4585 1195 4642 illud
1223 4590 1456 4658 tempus
1487 4586 1756 4654 electum,
1779 4585 1839 4640 in

179 4693 293 4749 quo
315 4693 424 4750 per
445 4674 898 4734 similitudinem
921 4675 1290 4748 formamque
1311 4675 1591 4748 mysterii,
1613 4692 1682 4730 ea
1713 4691 1840 4747 qua:

181 4770 474 4840 geruntur
503 4764 565 4821 in
597 4763 901 4832 membris,
934 4763 1027 4820 his
1057 4781 1186 4836 quas
1224 4764 1286 4820 in
1326 4765 1454 4837 ipso
1485 4769 1624 4820 sunt
1653 4765 1840 4837 capite

182 4859 350 4928 gesta
365 4868 726 4926 congruere:
747 4853 889 4908 dum
914 4853 973 4908 in
995 4852 1368 4925 baptismatis
1386 4852 1586 4928 regula
1605 4857 1662 4909 et
1681 4870 1840 4910 mors

183 4942 501 5000 intervenit
535 4941 938 4998 interiectione
976 4943 1217 5015 peccati,
1251 4947 1310 4998 et
1338 4941 1701 5015 sepulturam
1731 4942 1838 4998 tri-

185 5033 444 5090 duanum
466 5031 740 5087 imitatur
755 5031 911 5086 trina
925 5031 1231 5100 demersio,
1245 5035 1302 5086 et
1317 5031 1388 5088 ab
1409 5031 1576 5104 aquis
1598 5031 1840 5088 elevatio

186 5120 552 5196 resurgentis
581 5119 770 5176 instar
797 5124 888 5176 est
917 5121 989 5175 de
1019 5119 1349 5192 sepulcro.«
1372 5120 1444 5176 Et
1471 5121 1612 5176 item
1643 5121 1798 5176 idem
1823 5137 1836 5176 :

187 5233 214 5261 α
238 5209 529 5284 Baptismi
559 5212 760 5265 autem
791 5208 882 5265 sui
915 5208 972 5264 in
1007 5225 1070 5264 se
1093 5209 1355 5264 condidit
1383 5214 1840 5281 sacramentum,

189 5298 330 5372 quia
355 5299 418 5354 in
449 5297 732 5356 omnibus
772 5297 1092 5370 primatum
1123 5301 1348 5367 tenens,
1372 5315 1434 5354 se
1463 5298 1662 5354 docuit
1713 5315 1843 5355 esse

191 5387 570 5462 principium,
585 5389 643 5442 et
657 5390 800 5442 tunc
821 5385 1272 5458 regenerationis
1289 5387 1608 5458 potentiam
1627 5387 1840 5454 sanxit,

190 5477 426 5548 quando
470 5476 543 5532 de
590 5475 770 5531 latere
802 5475 990 5548 ipsius
1023 5476 1420 5548 proﬂuxerunt
1465 5477 1707 5549 sanguis
1755 5495 1842 5532 re-

192 5565 551 5638 demptionis
581 5568 642 5621 et
671 5581 827 5637 aqua
868 5563 1264 5636 baptismatis.
1288 5565 1451 5630 Quod
1483 5567 1846 5622 demonstrat

197 5651 321 5725 ipse
334 5654 682 5723 Dominus,d
691 5654 852 5710 icens
869 5653 927 5708 in
940 5653 1248 5726 Evangelio
1265 5670 1438 5708 secun
1448 5655 1584 5709 dum
1602 5655 1840 5710 Lucam:

198 5743 468 5816 Baptismo
495 5751 682 5801 autem
709 5743 876 5801 habeo
908 5744 1178 5816 baptizari
1207 5744 1358 5813 (Luc.
1389 5760 1488 5811 χιι,
1514 5745 1626 5814 50).
1648 5765 1676 5794 ››
1700 5744 1845 5802 Hinc

1947 3453 2082 3492 nem
2113 3440 2482 3508 peccatorum
2527 3435 2918 3499 consecuturi.
2944 3436 3063 3490 nEt
3101 3439 3341 3490 sanctus
3379 3434 3592 3507 Grego-

1948 3525 2072 3581 rius
2099 3525 2159 3580 in
2191 3524 2340 3580 libro
2384 3525 2692 3581 Moralium
2730 3542 2906 3580 XXXIII
2925 3528 3065 3596 (cap.
3099 3523 3198 3596 v1).
3225 3545 3252 3574 ε(
3283 3521 3596 3580 Absorbebit

1943 3616 2176 3686 ﬂuvium
2205 3623 2256 3670 et
2284 3631 2393 3669 non
2421 3615 2736 3679 mirabitur,
2759 3621 2811 3670 et
2845 3613 3007 3669 habet
3047 3611 3306 3684 ﬁduciam
3336 3611 3474 3684 quod
3505 3613 3591 3666 in-

1943 3705 2082 3774 ﬂuat
2101 3702 2356 3760 Iordanis
2389 3705 2446 3758 in
2485 3720 2542 3759 os
2571 3705 2688 3774 ejus
2717 3703 2838 3774 (Job
2867 3720 2956 3770 XL,
2994 3702 3100 3775 18).
3133 3701 3237 3768 Qui
3281 3704 3476 3756 autem
3507 3698 3590 3755 si-

1947 3795 2205 3866 gnantur
2234 3791 2621 3864 appellatione
2641 3791 2934 3860 Jordanis,
2957 3789 3070 3844 nisi
3101 3789 3198 3862 qui
3225 3789 3354 3860 jam
3379 3787 3592 3844 imbuti

1947 3885 2086 3937 sunt
2103 3883 2466 3936 sacramento
2485 3878 2854 3950 baptismatis
2867 3877 2895 3932 ?
2911 3878 3058 3944 Quia
3071 3867 3229 3932 enim
3241 3877 3594 3948 Redemptor

1946 3972 2145 4024 noster
2173 3967 2231 4022 in
2265 3967 2374 4022 hoc
2406 3967 2645 4022 ﬂumine
2683 3965 2962 4038 baptizari
3012 3965 3288 4038 dignatus
3318 3968 3428 4032 est,
3461 3965 3592 4036 ejus

1947 4055 2182 4112 nomine
2229 4056 2442 4111 debent
2489 4054 2762 4128 baptizati
2813 4071 3017 4110 omnes
3067 4053 3332 4126 exprimi,
3364 4051 3424 4107 in
3473 4068 3589 4124 quo

1945 4145 2141 4218 ipsum
2175 4143 2421 4216 contigit
2441 4147 2874 4198 sacramentum
2901 4141 3272 4215 baptismatis
3303 4140 3586 4196 inchoari.

1948 4233 2093 4300 Quia
2120 4249 2253 4288 vero
2285 4237 2342 4286 et
2370 4235 2502 4304 post
2547 4230 2884 4286 Mediatoris
2933 4231 3269 4299 adventum,
3303 4230 3590 4302 quosdam

1948 4321 2049 4394 qui
2071 4325 2224 4376 recte
2243 4320 2432 4376 vivere
2460 4319 2766 4394 negligant
2783 4319 2960 4375 etiam
2986 4319 3189 4374 ﬁdeles
3219 4319 3390 4392 rapit,
3415 4335 3591 4390 quos-

1947 4413 2082 4468 dam
2107 4410 2204 4482 qui
2228 4409 2600 4482 baptismatis
2619 4412 2990 4464 sacramenta
3003 4407 3218 4481 signati
3237 4410 3378 4463 sunt
3397 4405 3595 4480 deglu-

1946 4499 2056 4555 tire
2077 4515 2140 4554 se
2161 4515 2331 4571 posse
2363 4497 2622 4552 conﬁdit.
2645 4497 2803 4553 Alios
2835 4513 3089 4568 namque
3119 4496 3228 4552 sub
3249 4494 3591 4552 Christiani-

1947 4587 2087 4643 tatis
2116 4585 2352 4642 nomine
2383 4585 2604 4658 positos
2633 4587 2886 4656 devorat,
2916 4585 3055 4656 quia
3083 4584 3142 4639 in
3172 4584 3300 4656 ipso
3331 4601 3429 4640 eos
3458 4581 3592 4638 ﬁdei

1871 4697 1918 4762 Β
1948 4693 2140 4732 errore
2182 4674 2540 4748 supplantat.
2567 4673 2725 4729 Alios
2757 4691 2792 4728 a
2821 4674 3166 4729 rectitudine
3197 4671 3590 4762 ﬁdeignequa-

1947 4781 2125 4838 quam
2157 4763 2367 4831 deviat,
2390 4764 2491 4820 sed
2522 4764 2594 4819 ad
2625 4779 2798 4818 usum
2830 4779 3017 4836 pravae
3040 4760 3395 4834 operationis
3423 4759 3589 4815 incli-

1949 4859 2070 4910 nat.
2096 4875 2123 4904 ››
2151 4853 2220 4908 Et
2249 4857 2382 4924 post
2409 4851 2716 4924 paululum
2741 4869 2797 4908 ;‹‹
2821 4851 3003 4908 Valde
3032 4850 3291 4907 terribile
3321 4853 3427 4916 est,
3453 4848 3592 4920 quia

1948 4942 2166 4999 multos
2197 4945 2394 5014 aperto
2425 4958 2522 4997 ore
2550 4941 2728 4997 etiam
2769 4945 2902 5013 post
2924 4939 3313 5013 cognitionem
3345 4937 3589 4992 Redem-

1947 5031 2132 5105 ptoris
2186 5029 2454 5102 suscipit,
2490 5033 2622 5102 post
2678 5029 2888 5086 lavacri
2930 5029 3148 5084 undam
3200 5025 3427 5100 polluit,
3459 5029 3591 5097 post

1949 5123 2320 5176 sacramenta
2345 5117 2604 5185 cmlestia
2641 5119 2710 5173 ad
2761 5118 2970 5172 inferni
3023 5115 3312 5188 profunda
3359 5113 3532 5186 rapit.
3558 5135 3587 5164 »

1947 5211 2019 5266 Et
2048 5212 2287 5266 sanctus
2332 5207 2676 5263 Ambrosius
2706 5206 2764 5261 in
2798 5206 2945 5261 libro
2994 5205 3248 5261 secundo
3279 5204 3350 5260 de
3381 5204 3590 5282 Sacra-

1952 5297 2166 5354 mentis
2211 5300 2353 5368 (cap.
2383 5299 2473 5366 2):
2501 5318 2528 5348 ‹‹
2565 5295 2710 5350 Vide
2763 5295 2862 5352 ubi
2921 5293 3252 5365 baptizaris,
3306 5293 3462 5349 unde
3518 5291 3595 5350 sit

1951 5387 2266 5460 baptisma,
2293 5385 2405 5441 nisi
2441 5387 2513 5441 de
2559 5402 2729 5440 cruce
2757 5383 2990 5451 Christi,
3027 5383 3095 5436 de
3127 5385 3312 5439 morte
3357 5381 3592 5438 Christi.

1953 5476 2036 5532 Ibi
2067 5480 2156 5532 est
2185 5491 2357 5532 omne
2386 5474 2750 5547 mysterium,
2775 5473 2914 5545 quia
2943 5489 3044 5544 pro
3075 5475 3131 5526 te
3161 5488 3371 5545 passus
3403 5476 3514 5544 est,
3535 5471 3596 5526 in

1954 5567 2080 5640 ipso
2111 5565 2434 5634 redimcris,
2463 5563 2522 5618 in
2574 5563 2699 5636 ipso
2741 5563 3002 5619 salvaris.
3031 5585 3058 5612 ››
3090 5563 3234 5618 Item
3283 5562 3344 5618 in
3393 5564 3596 5620 eodem

1954 5660 2093 5728 (cap.
2115 5658 2172 5725 7)
2198 5672 2251 5710 :«
2279 5654 2500 5709 Clamat
2531 5670 2667 5726 ergo
2699 5651 3010 5726 Apostolus
3059 5653 3213 5709 sicut
3261 5652 3508 5709 audistis
3538 5652 3596 5708 in

1952 5745 2200 5802 lectione
2219 5742 2794 5817 praesenti,qnoniam
2817 5743 3156 5816 quicunque
3177 5743 3523 5815 baptizatur,
3539 5741 3597 5796 in
