4018 6482
444 419 565 486 875

438 644 617 701 modo
634 643 905 700 Christus
935 647 1204 700 mortuus
1242 647 1350 711 est,
1385 643 1471 700 sic
1499 647 1555 700 et
1602 647 1666 700 tu
1717 649 1965 702 mortem
2001 646 2092 702 de-

433 737 682 808 gustes:
712 734 1006 806 quomodo
1037 733 1301 790 Christus
1333 739 1601 790 mortuus
1631 738 1718 790 est
1748 737 2004 808 peccato,
2037 739 2096 791 et

437 815 562 880 Deo
591 822 748 890 vivit,
773 823 857 879 ita
886 826 943 880 et
970 827 1034 879 tu
1068 823 1469 896 superioribus
1513 821 1800 880 illecebris
1829 828 2092 896 peccato-

438 929 578 968 rum
607 917 879 969 mortuus
907 913 988 970 sis
1019 929 1118 985 per
1149 913 1521 986 baptismatis
1549 918 2003 983 sacramentum,
2036 917 2094 971 et

443 1006 722 1074 'resurgas
764 1017 868 1073 per
913 1001 1160 1075 gratiam
1192 1003 1425 1060 Christi.
1459 995 1614 1059 Mors
1663 1017 1798 1077 ergo
1850 1009 1958 1075 est,
1990 1003 2092 1060 sed

438 1087 565 1147 ‘non
586 1089 647 1146 in
663 1090 872 1147 mortis
886 1091 1204 1164 corporalis
1221 1091 1336 1148 veri
1347 1093 1589 1161 tate,sed
1608 1091 1666 1147 in
1685 1091 2090 1150 similitudine.

443 1179 594 1236 Cum
625 1179 781 1235 enim
821 1181 1124 1254 mergeris,
1151 1181 1358 1238 mortis
1395 1181 1650 1255 suscipis
1686 1186 1743 1238 et
1780 1179 2093 1255 sepultum

441 1267 919 1338 similitudinem,
939 1261 1030 1326 8|
1044 1271 1093 1326 0
1111 1269 1301 1326 crucis
1333 1265 1492 1328 illius
1522 1271 1737 1344 accipis
1760 1287 2093 1328 sacramen-

443 1361 596 1423 tum,
619 1359 776 1430 quod
803 1358 862 1414 in
885 1375 1056 1415 cruce
1076 1358 1346 1417 Christus
1377 1359 1654 1434 pependit
1673 1365 1730 1417 et
1751 1360 1930 1418 clavis
1951 1375 2093 1418 con-

443 1447 630 1503 ﬁxum
655 1451 999 1520 est'corpus.
1026 1441 1114 1504 Tn
1137 1463 1272 1522 ergo
1303 1467 1438 1506 cum
1464 1448 1842 1524 cruciﬁgeris,
1862 1450 2094 1508 Christo

440 1535 729 1603 adhaeres,
752 1535 931 1594 clavis
952 1537 1183 1594 Domini
1207 1537 1387 1596 nostri
1412 1537 1553 1597 Jesu
1574 1538 1790 1596 Christi
1811 1539 2092 1610 adhaeres,

443 1631 524 1680 nc
555 1628 610 1680 te
640 1624 910 1682 diabolus
960 1625 1148 1700 possit
1191 1627 1550 1685 abstrahere.
1578 1651 1605 1678 ››
1639 1626 1783 1684 Item
1838 1625 1900 1684 in
1946 1629 2094 1686 libro

441 1713 654 1788 ’quinto
679 1731 729 1771 :«
762 1716 928 1771 Tunc
959 1733 1114 1774 unus
1133 1717 1204 1774 de
1234 1710 1526 1775 militibus
1554 1715 1756 1776 lancea
1782 1717 1938 1776 latus
1967 1721 2097 1792 ejus

447 1802 692 1876 aperuit,
715 1808 773 1860 et
801 1805 871 1861 de
919 1803 1099 1863 latere
1129 1807 1258 1880 ejus
1285 1825 1441 1880 aqua
1479 1807 1648 1864 ﬂuxit
1693 1812 1752 1864 et
1800 1808 2042 1882 sanguis
2075 1825 2090 1866 :

443 1908 628 1965 quare
659 1893 857 1966 aqua?
873 1911 1052 1968 quare
1083 1888 1364 1970 sanguis?
1401 1913 1556 1971 aqua
1583 1901 1780 1954 autem
1813 1901 1884 1954 ut
1921 1915 2093 1956 mun-

446 1982 630 2051 daret,
664 1985 910 2058 sanguis
939 1989 1003 2041 ut
1030 1975 1362 2043 redimeret.
1390 2010 1419 2038 »

515 2073 588 2127 Et
617 2077 854 2130 sanctus
891 2073 1148 2131 Joannes
1175 2075 1629 2148 Chrysostomus
1659 2077 1719 2132 in
1751 2077 1994 2134 homilia
2022 2077 2094 2135 ad

446 2161 781 2235 Neophytos
805 2179 855 2218 :«
877 2153 982 2220 Vis
1003 2167 1061 2220 et
1089 2163 1264 2221 aliam
1296 2165 1477 2238 hujus
1509 2166 1816 2240 sanguinis
1845 2167 2096 2224 scrutari

443 2249 764 2307 virtutem?
790 2251 932 2308 Volo
965 2251 1120 2309 unde
1147 2253 1409 2326 primum
1439 2255 1799 2312 concurrerit
1823 2255 2092 2330 incipias,

445 2343 506 2396 et
543 2339 616 2395 de
653 2355 770 2413 quo
809 2339 968 2396 fonte
1015 2341 1295 2398 manavit.
1329 2341 1410 2399 De
1447 2343 1576 2416 ipsa
1615 2344 1874 2418 primum
1923 2361 2094 2403 cruce

446 2427 748 2500 processit,
773 2427 930 2486 latus
961 2430 1042 2486 illi
1066 2430 1435 2488 Dominicum
1463 2431 1698 2489 initium
1722 2424 1850 2490 fuit.
1866 2433 2095 2491 Mortuo

447 2517 605 2574 enim
635 2517 718 2573 ait
736 2517 897 2588 Jesu,
919 2522 977 2574 et
1004 2519 1196 2576 adhuc
1221 2519 1281 2576 in
1302 2537 1474 2578 cruce
1503 2523 1810 2594 pendente,
1834 2523 2096 2596 approxi-

447 2609 572 2662 mat
609 2605 798 2674 miles,
820 2607 976 2665 latus
1023 2607 1227 2666 lancea
1273 2611 1584 2684 percussit,
1605 2617 1664 2669 et
1695 2612 1898 2670 exinde
1942 2631 2096 2686 aqua

447 2695 616 2752 {luxit
632 2699 689 2752 et
703 2697 1162 2769 sanguis.Unum
1184 2700 1558 2773 baptismatis
1575 2701 2092 2776 symbolum,aliud

447 2785 820 2842 sacramenti.
839 2775 964 2843 Non
990 2788 1092 2860 ait,
1115 2789 1254 2846 exiit
1275 2790 1516 2865 sanguis
1535 2795 1593 2848 et
1611 2775 1783 2864 aqua,
1807 2793 1930 2863 sed,
1956 2793 2096 2850 exiit

446 2879 602 2946 aqua
629 2874 888 2948 primum
925 2881 982 2933 ct
1019 2879 1300 2952 sanguis:
1327 2879 1466 2952 quia
1521 2880 1686 2954 prius
1742 2881 2094 2954 baptismate

443 2961 748 3033 diluimu'r,
760 2968 822 3021 et
842 2970 1042 3039 postea
1063 2967 1338 3042 mysterio
1361 2969 1721 3049 dedicamur,
1747 2969 1902 3027 latus
1923 2969 2094 3028 miles

443 3053 784 3124 aperuit,‘et
809 3055 1012 3128 templi
1045 3057 1230 3113 sancti
1263 3058 1544 3130 parietem
1574 3060 1864 3132 patefecit.
1887 3061 1958 3116 Et
1985 3075 2091 3132 ego

438 3139 789 3200 thesaurum
820 3143 1164 3217 praeclarum
1208 3135 1420 3215 inveni,
1443 3152 1500 3204 et
1539 3147 1832 3222 fulgentes
1861 3147 2092 3206 divitias

1385 419 1773 484 HINCMARI
1819 419 2272 484 RHEMENSIS
2315 421 2914 484 AHCHIEPISCOPI

311 601 319 608 .
429 557 628 611 ‘morte
655 553 795 611 Jesu
825 551 1178 627 baptizatur.
1202 553 1354 621 Quid
1383 557 1474 610 est
1505 554 1563 611 in
1591 553 1826 611 morte?
1847 558 1914 610 ut
1941 571 2090 628 quo-
2119 553 2175 622 Α
2201 551 2356 610 facta
2381 558 2474 610 est
2491 557 2709 612 mater.
2735 553 3003 612 Christus
3041 551 3236 612 autem
3276 571 3392 614 non
3427 551 3516 614 ita
3546 572 3561 612 :
3596 552 3852 613 nutritor

3733 421 3848 488 εκ

2199 648 2290 700 est
2315 647 2536 700 noster.
2562 644 2692 700 Ideo
2721 649 2782 701 et
2808 661 2914 718 pro
2944 643 3072 702 cibo
3103 643 3338 718 propria
3352 661 3531 703 carne
3561 646 3778 720 pascit,
3797 651 3850 703 et

2199 749 2304 807 pro
2333 738 2471 806 potu
2506 749 2612 790 suo
2643 748 2750 790 nos
2783 735 3069 806 sanguine
3101 735 3490 808 propinavit.»
3515 737 3588 792 Et
3612 735 3763 792 item
3793 735 3850 792 in

2197 821 2444 879 homilia
2463 823 2534 878 de
2559 821 2862 896 principiis
2885 823 3063 881 Marci
3085 825 3397 882 :«Grandis
3417 825 3847 892 misericordia,

2197 911 2301 984 qui
2330 915 2566 984 peccata
2595 929 2710 968 non
2741 913 2954 968 fecerat
2981 913 3512 986 baptiz'atur'qua'si
3553 915 3848 987 peccator.

2198 1001 2265 1056 in
2287 1001 2579 1072 baptismo
2599 1001 2832 1057 Domini
2854 1002 3054 1058 omnia
3071 1003 3848 1075 peccata'dimittunturﬁed

2199 1089 2368 1162 quasi
2399 1090 2746 1162 praeludium
2769 1095 2859 1148 est
2886 1091 3179 1164 baptisma
3196 1091 3514 1149 Salvatoris
3535 1108 3550 1148 :
3575 1097 3848 1150 caeterum

2197 1194 2333 1234 vero
2365 1179 2630 1236 remissio
2652 1181 2797 1236 8“
2835 1185 3207 1252 peccatorum
3231 1181 3290 1236 in
3311 1181 3527 1238 Christi
3561 1181 3848 1255 sanguine

2199 1271 2310 1336 est,
2325 1267 2384 1323 in
2407 1268 3068 1343 Trinitatis-mysterio.»
3086 1270 3158 1327 Et
3175 1271 3236 1327 in
3255 1271 3536 1328 Sermone
3557 1271 3633 1326 de
3659 1273 3849 1330 verbis

2199 1357 2458 1430 Apostoli
2495 1374 2562 1414 τα
2595 1358 2674 1413 Αη
2725 1360 3008 1429 ignoratis,
3059 1359 3272 1433 inquit,
3319 1361 3539 1432 fratres,
3591 1362 3850 1434 quoniam

2199 1447 2510 1519 quicunque
2536 1449 2600 1503 in
2626 1447 2846 1505 Christo
2895 1449 3154 1522 baptizatt
3177 1464 3388 1518 sumus,
3419 1451 3482 1506 in
3515 1457 3693 1507 morte
3736 1451 3850 1524 ejus

2199 1535 2462 1608 baptismi
2487 1540 2718 1593 sumus?
2747 1537 3058 1610 Conseputti
3092 1554 3220 1611 ergo
3250 1539 3348 1599 iiii
3365 1545 3560 1596 sumus
3581 1555 3689 1612 per
3711 1540 3850 1612 bap-

2197 1640 2352 1680 mum
2379 1625 2440 1680 in
2469 1633 2638 1682 morte
2667 1625 2838 1699 (Rom.
2862 1643 2941 1694 vr,
2971 1627 3050 1696 3).
3081 1629 3229 1695 Quid
3259 1632 3349 1685 est
3377 1627 3438 1684 in
3467 1631 3662 1685 morte
3693 1627 3850 1686 illius

2200 1713 2478 1786 baptizati
2509 1715 2756 1772 sumus?
2785 1719 2852 1772 ut
2877 1720 2938 1773 et
2959 1716 3075 1789 ipsi
3109 1717 3433 1774 moriamur
3461 1717 3620 1774 sicut
3643 1722 3707 1775 et
3731 1717 3848 1775 ille.

2199 1805 2350 1859 Crux
2377 1803 2534 1860 enim
2563 1809 2654 1860 est
2686 1805 3184 1878 baptisma.‘Quod
3218 1821 3356 1880 ergo
3373 1822 3518 1863 crux
3529 1804 3767 1864 Christo
3793 1813 3852 1865 et

2200 1891 2558 1964 sepulcrum,
2591 1893 2700 1949 hoc
2744 1893 2915 1950 nobis
2949 1893 3245 1967 baptisma
3274 1881 3494 1952 factum
3529 1900 3622 1954 est
3653 1911 3668 1951 :
3701 1902 3848 1953 tam-

2201 1981 2310 2038 etsi
2341 1998 2457 2038 non
2499 1981 2562 2039 in
2611 1982 2834 2039 eisdem
2893 1983 3062 2056 ipsis.
3095 1983 3224 2056 Ipse
3278 2000 3537 2058 namque
3591 1991 3851 2044 comest

2197 2074 2474 2128 mortuus
2505 2077 2591 2128 est
2610 2077 2669 2128 st
2689 2071 2974 2146 sepultus,
2999 2089 3108 2130 nos
3129 2074 3322 2131 autem
3348 2080 3586 2148 peccato
3607 2076 3680 2132 'in
3703 2070 3851 2133 u'tro-

2202 2176 2336 2232 que.
2361 2160 2721 2236 Quapropter
2751 2179 2867 2218 non
2899 2160 3062 2232 dixit,
3092 2161 3474 2237 complantati
3513 2165 3715 2236 morti,
3745 2165 3847 2222 sed

2199 2249 2575 2306 similitudini
2607 2251 2833 2309 mortis.
2859 2251 3016 2308 Mors
3045 2268 3302 2324 namque
3337 2251 3397 2309 et
3432 2253 3543 2309 hoc
3569 2258 3644 2311 ποι
3677 2253 3844 2326 illud,

2203 2339 2305 2396 sed
2334 2356 2451 2396 non
2508 2339 2728 2396 eisdem
2760 2339 2905 2412 ipsis
2933 2340 3202 2414 subjacet
3233 2358 3246 2398 :
3275 2340 3380 2399 sed
3435 2341 3560 2399 huic
3603 2343 3846 2416 quidem

2201 2427 2396 2485 carnis
2433 2428 2668 2496 Christi,
2703 2433 2902 2488 nostra
2940 2429 3136 2487 autem
3176 2430 3436 2504 peccati:
3463 2431 3848 2504 quemadmo-

2195 2515 2344 2574 dum
2375 2534 2511 2592 ergo
2539 2517 2641 2575 illa
2668 2535 2822 2587 vera,
2855 2523 2912 2576 et
2941 2519 3082 2576 haec.
3103 2541 3135 2571 υ

2271 2607 2343 2663 Et
2372 2622 2622 2680 magnus
2655 2607 2766 2664 Leo
2797 2623 2950 2682 papa
2986 2608 3046 2664 in
3090 2612 3250 2666 tomo
3275 2607 3578 2666 catholicae
3609 2610 3749 2668 ﬁdei
3777 2611 3848 2668 ad

2202 2693 2540 2752 Flavianum
2578 2698 2756 2768 (epist.
2791 2699 2879 2764 10,
2909 2713 2956 2753 c.
2989 2697 3044 2769 5)
3069 2713 3127 2752 :«
3161 2697 3222 2754 Si
3279 2714 3417 2771 ergo
3456 2696 3850 2756 Christianam

2195 2784 2460 2858 suscepit
2486 2785 2681 2852 iidem,
2703 2789 2761 2842 et
2789 2802 2822 2842 a
2851 2785 3261 2859 praedicatione
3279 2786 3578 2860 Evangelii
3607 2788 3704 2845 sui
3738 2804 3850 2846 non

2196 2873 2408 2930 avertit
2431 2875 2722 2946 auditum,
2746 2873 2938 2932 videat
2958 2891 3085 2949 quae
3115 2880 3327 2932 natura
3354 2878 3644 2934 transﬁxa
3673 2878 3851 2935 clavis

2198 2964 2541 3036 pependerit
2569 2962 2627 3020 in
2649 2963 2808 3038 ligno
2831 2965 3040 3033 crucis,
3063 2967 3338 3038 etaperto
3368 2981 3473 3038 per
3501 2965 3717 3024 militis
3735 2966 3852 3024 lan-

2197 3065 2359 3108 ceam
2381 3052 2559 3109 latere
2578 3053 2860 3122 crucifixi,
2875 3053 3164 3128 intelligat
3177 3055 3334 3111 unde
3355 3055 3601 3129 sanguis
3619 3061 3681 3113 et
3700 3071 3853 3130 aqua

2199 3141 2530 3208 ﬂuxerit,ut
2556 3139 2816 3200 Ecclesia
2844 3139 2946 3199 Dei
2977 3145 3034 3199 et
3061 3142 3289 3200 lavacro
3335 3143 3630 3219 rigaretur
3657 3151 3717 3202 et
3745 3163 3849 3219 po-

440 3237 537 3286 ma
567 3231 830 3312 gratulor
862 3235 1134 3306 reperire,
1159 3235 1252 3292 sic
1301 3241 1360 3294 et
1405 3237 1476 3294 de
1525 3231 1625 3294 illo
1672 3254 1822 3312 agno
1871 3237 2088 3294 factum
2127 3301 2158 3312 μ
2196 3229 2347 3286 culo.
2373 3231 2588 3287 Audiat
2615 3231 2850 3288 beatum
2881 3231 3112 3289 Petrum
3147 3232 3481 3306 apostolum
3524 3235 3851 3306 praedican-

443 3323 551 3388 es't,
574 3301 762 3376 διιΰωί
783 3301 946 3378 ovem
967 3301 1393 3392 occiderunt,et
1411 3341 1516 3399 ego
1537 3301 1792 3384 fructum
1811 3328 1882 3384 de
1900 3344 2087 3384 sacra-
2115 3301 2160 3374 (ἶ
2197 3322 2314 3376 tem
2334 3320 2490 3392 quod
2521 3321 2906 3378 sanctiﬁcatio
2930 3301 3304 3394 Spiritus-per
3321 3301 3726 3395 aspersionem
3749 3325 3850 3382 ﬁat

442 3412 640 3492 mento
670 3410 930 3480 cognovi,
965 3411 1038 3469 de
1079 3411 1258 3470 latere
1301 3415 1545 3489 sanguis
1591 3419 1650 3472 et
1694 3432 1846 3488 aqua
1889 3415 2084 3472 exivit.

438 3491 588 3580 Nolo
619 3501 741 3556 tam
772 3499 940 3557 facile
970 3501 1202 3560 auditor
1229 3507 1496 3562 transeas
1525 3509 1692 3561 tanta
1719 3509 1942 3562 secreta
1974 3522 2090 3579 my-

443 3585 628 3644 sterii.
651 3587 897 3646 Pamstat
925 3589 1080 3648 enim
1123 3591 1268 3648 mihi
1308 3593 1556 3666 mystica
1585 3597 1760 3667 atque
1789 3593 2088 3652 secretalis

443 3676 648 3733 oratio.
673 3676 798 3734 Dixi
830 3679 1202 3752 baptismatis
1231 3681 1564 3755 symbolum
1589 3687 1648 3738 et
1677 3681 2085 3755 m'ysteriorum

441 3769 656 3836 aquam
677 3764 838 3822 illam
855 3772 914 3824 et
929 3769 1278 3843 sanguinem
1296 3770 1704 3827 demonstrari.
1725 3773 1806 3827 Ex
1821 3769 1912 3828 his
1929 3772 2086 3828 enim

437 3857 646 3912 "saneta
673 3843 920 3914 i‘undata
938 3863 1027 3914 cst
1046 3857 1321 3928 Ecclesia,
1343 3875 1448 3932 per
1465 3859 1677 3916 lavacri
1700 3859 2086 3933 regeneratio-

436 3946 575 4000 ‘nem
597 3947 654 4002 et
685 3945 1115 4003 renovationcm
1138 3947 1390 4020 Spiritus
1411 3949 1618 4005 sancti.
1645 3949 1750 4005 Per
1770 3949 2084 4022 baptisma,

438 4030 726 4104 inquit,et
745 4035 1023 4107 mysteria
1042 4051 1171 4107 quae
1197 4052 1266 4094 ex
1296 4037 1476 4094 latere
1504 4039 1776 4094 videntur
1797 4056 1924 4096 esse
1953 4057 2086 4112 pro-

441 4119 578 4176 lata.
603 4121 685 4176 Ex
714 4121 893 4179 latere
923 4124 1104 4196 igitur
1133 4143 1238 4181 suo
1262 4126 1532 4184 Christus
1559 4128 1864 4184 aedificavit
1892 4129 2085 4186 Eccle-

439 4209 614 4280 siam,
630 4209 782 4267 sicut
801 4211 871 4268 de
899 4211 1077 4270 latere
1100 4215 1284 4270 Adam
1316 4216 1444 4285 ejus
1475 4217 1688 4288 conjux
1718 4217 1831 4273 Eva
1861 4217 2088 4290 prolata

438 4301 550 4354 est.
583 4299 732 4356 Nam
759 4299 870 4357 hac
901 4302 970 4358 dc
1001 4318 1180 4360 causa
1210 4303 1424 4360 Paulus
1455 4322 1687 4378 quoque
1717 4311 1968 4363 testatur
1996 4307 2085 4363 di-

441 4399 617 4443 cens:
642 4387 714 4444 Dc
740 4405 959 4463 corpore
982 4400 1034 4448 ct
1067 4391 1133 4450 de
1161 4393 1371 4450 ossibus
1406 4395 1522 4467 ejus
1562 4412 1752 4452 sumus
1783 4396 1996 4469 (Ephcs.
2029 4415 2082 4466 γ,

439 4478 553 4550 30).
589 4477 766 4535 Latus
795 4479 1064 4536 videlicet
1094 4481 1237 4538 illud
1271 4483 1630 4557 significans.
1654 4486 1800 4542 Nam
1834 4485 1986 4542 sicut
2016 4487 2085 4542 de

439 4562 541 4620 illo
571 4565 748 4621 latere
779 4567 932 4623 Deus
970 4571 1132 4640 fecit}
1151 4571 1430 4627 feminam
1472 4574 1786 4646 procreari,
1815 4574 1900 4631 sic
1929 4579 1985 4632 et
2015 4576 2087 4632 de

440 4666 548 4710 suo
569 4652 747 4710 latere
759 4654 1029 4713 Christus
1047 4675 1259 4730 aquam
1279 4660 1446 4718 nobis
1467 4667 1523 4716 ct
1541 4661 1886 4736 sanguinem
1905 4664 2082 4734 dedit,
2113 4679 2161 4747 Β

439 4743 596 4800 [inde
618 4751 984 4816 repararctur
1007 4746 1282 4805 Ecclesia.
1301 4748 1372 4804 Et
1391 4750 1546 4806 sicut
1571 4750 1630 4806 in
1661 4769 1869 4824 sopore
1889 4752 2084 4824 quies-

433 4835 625 4892 centis
652 4836 788 4892 Adae
817 4836 972 4894 Deus
1003 4836 1202 4894 lateris
1232 4840 1508 4906 membra
1529 4841 1820 4912 patefecit,
1851 4841 1935 4898 sic
1966 4859 2083 4898 mo-

435 4925 512 4981 do
542 4930 676 4998 post
717 4931 968 4982 mortem
1001 4943 1215 5000 aquam
1260 4927 1430 4984 nobis
1459 4928 1694 4984 donavit
1739 4933 1797 4986 et
1843 4933 2080 5004 sangui-

431 5029 570 5072 nem
597 5032 611 5070 :
635 5021 694 5074 et
724 5031 898 5088 sopor
925 5013 1020 5071 ille
1043 5033 1197 5072 nunc
1220 5033 1378 5074 mors
1399 5023 1508 5086 est,
1523 5025 1590 5074 ut
1611 5018 1804 5076 discas
1831 5024 2079 5076 mortem

436 5103 600 5174 nulla
630 5105 854 5178 soporis
885 5104 1250 5178 separatione
1281 5106 1555 5162 discerni.
1576 5107 1778 5162 Videte
1807 5109 2084 5180 quemad-

435 5194 676 5250 ‘mod'um
700 5211 976 5268 sponsam
1001 5194 1112 5249 sibi
1135 5193 1402 5250 Christus
1424 5195 1943 5266 conjunxit,vidcte
1965 5215 2081 5269 quo

428 5293 536 5338 vos
558 5283 686 5340 cibo
708 5283 994 5341 satietatis
1015 5282 1251 5339 enutrit.
1274 5285 1402 5357 Ipse
1425 5284 1595 5340 nobis
1615 5284 1729 5340 cibi
1752 5285 2084 5342 substantia

433 5377 522 5427 est
553 5376 726 5444 atque
757 5374 1204 5430 nutrimentum.
1229 5373 1373 5429 Nam
1399 5373 1550 5428 sicut
1577 5373 1810 5439 mulier,
1835 5374 2083 5430 affectio-

433 5460 529 5517 ‘nis
560 5467 769 5518 natura
798 5468 1056 5534 cogente,
1081 5463 1346 5534 genitura
1375 5461 1528 5517 alere
1560 5461 1650 5516 sui
1683 5461 1848 5519 lactis
1881 5463 2078 5519 fecun-

435 5550 617 5605 ditate
651 5550 906 5619 festinat,
932 5551 1015 5606 sic
1047 5557 1104 5606 et
1131 5551 1401 5606 Christus
1432 5567 1580 5622 quos
1623 5550 1747 5622 ipse
1778 5557 2080 5622 regenerat

435 5655 544 5695 suo
560 5639 844 5712 sanguine
864 5657 1095 5713 semper
1113 5641 1354 5696 nutrit.»
1370 5641 1438 5696 Et
1457 5639 1514 5694 in
1537 5639 1780 5696 homilia
1800 5641 1990 5714 prima
2007 5642 2080 5698 de

427 5725 661 5800 psalmo
684 5743 716 5782 ε.
735 5743 784 5783 :«
808 5727 972 5800 Apud
1005 5728 1208 5785 divites
1239 5726 1531 5785 erubescit
1561 5727 1684 5784 fieri
1725 5729 1920 5785 nutrix
1949 5744 2075 5802 qme

2195 3409 2504 3482 sanguinis
2519 3409 2734 3466 Christi
2751 3427 2764 3464 :
2782 3427 2886 3467 nec
2902 3411 3238 3468 transitorie
3254 3410 3413 3484 legat
3425 3412 3696 3484 ejusdem
3719 3431 3852 3486 apo-

2195 3496 2331 3553 stoli
2351 3499 2525 3554 verba
2542 3499 2790 3554 dicentis
2815 3516 2828 3555 :
2852 3499 3090 3557 Scientss
3109 3499 3249 3573 quod
3267 3516 3378 3558 non
3397 3503 3848 3575 cormptibilibus

2193 3595 2416 3658 argento
2446 3596 2496 3644 et
2517 3605 2654 3645 auro
2684 3588 2948 3662 redempti
2971 3591 3100 3646 estis
3118 3589 3184 3646 de
3204 3605 3346 3646 vana
3363 3598 3542 3648 vestra
3569 3607 3849 3650 conversa-

2195 3677 2341 3734 tione
2363 3685 2604 3749 paterna:
2644 3678 2978 3746 traditionis,
2999 3674 3092 3736 sed
3118 3681 3351 3752 pretioso
3377 3681 3648 3751 sanguine
3687 3683 3850 3754 quasi

2193 3767 2326 3837 agni
2355 3767 2773 3824 incontaminati
2798 3775 2852 3824 et
2880 3769 3220 3825 imnuwutati
3245 3772 3378 3826 Jesu
3407 3767 3613 3826 Christi
3627 3770 3680 3843 (1
3697 3770 3846 3827 Patr.

2194 3871 2235 3922 ι,
2259 3855 2366 3923 18).
2393 3851 2550 3912 Beati
2575 3873 2809 3928 quoque
2830 3855 3075 3914 Joannis
3096 3856 3344 3930 apostoli
3367 3857 3708 3916 testimonio
3727 3873 3846 3915 non

2195 3942 2430 4000 resistat
2458 3944 2706 4001 dicentis
2730 3962 2743 4001 τ
2775 3946 2841 4002 Et
2866 3947 3096 4016 sanguis
3136 3947 3263 4003 Jesu
3295 3948 3430 4002 Filii
3457 3948 3559 4003 Dei
3585 3947 3851 4006 metu

2191 4047 2291 4088 nos
2319 4033 2388 4088 ab
2417 4035 2571 4090 omni
2593 4043 2806 4105 peccato
2835 4035 2884 4107 (ι
2906 4035 3060 4091 Joan.
3084 4051 3124 4102 ι,
3147 4028 3226 4105 7).
3249 4036 3320 4092 Et
3346 4035 3558 4092 iterum
3584 4037 3852 4095 :Haecost

2191 4123 2420 4178 victoria
2460 4138 2586 4194 qius
2635 4124 2810 4199 'vincit
2857 4123 3148 4193 mundam,
3174 4124 3308 4196 ﬁdos
3359 4129 3567 4182 nostra.
3603 4126 3742 4194 Qui:
3767 4136 3852 4184 est

2189 4212 2292 4282 'qui
2319 4212 2490 4266 vincit
2513 4211 2800 4276 mundum.
2832 4229 2865 4268 η
2874 4214 2946 4270 isi
2974 4214 3071 4286 qui
3094 4213 3270 4270 credit
3291 4215 3557 4287 quoniam
3573 4219 3748 4273 Jesu:
3769 4226 3851 4273 eu

2192 4301 2369 4356 Filius
2399 4302 2542 4356 Dei?
2571 4301 2669 4357 Hic
2695 4303 2888 4374 estqui
2915 4304 3064 4358 venit
3087 4319 3186 4376 per
3205 4317 3407 4376 aqcutm
3433 4311 3487 4360 et
3511 4305 3850 4374 sanguinem

2189 4392 2349 4446 Jews
2377 4389 2628 4446 Christus
2656 4409 2674 4445 :
2701 4406 2810 4447 non
2868 4393 2931 4448 in
2981 4405 3127 4465 aqua
3181 4393 3378 4460 sctum,
3408 4393 3502 4450 sed
3531 4395 3596 4450 in
3619 4410 3771 4468 aqua
3786 4404 3852 4452 σα

2190 4482 2481 4549 sanguine.
2520 4481 2588 4536 Et
2637 4483 2866 4553 spiritus
2919 4489 3002 4537 est
3051 4483 3154 4554 qui
3207 4483 3526 4554 testiﬁcatur
3581 4486 3847 4556 quoniam

2191 4559 2448 4626 Christus
2476 4578 2557 4626 cst
2581 4572 2782 4626 veritas
2811 4588 2830 4624 :
2861 4572 2993 4642 quia
3023 4578 3127 4627 (res
3165 4578 3296 4627 sunt
3331 4571 3428 4643 qui
3463 4573 3848 4630 testimonium

2189 4657 2340 4726 dant,
2369 4661 2619 4731 spiritus,
2653 4673 2817 4732 aqua,
2851 4667 2900 4716 at
2951 4661 3201 4730 sanguis,
3229 4667 3286 4717 ct
3337 4667 3446 4716 tres
3491 4675 3670 4717 unum
3715 4671 3851 4720 sunt

2191 4749 2246 4817 (Ι
2281 4753 2446 4806 Joan.
2477 4765 2533 4814 v,
2568 4749 2641 4816 4).
2675 4747 2926 4820 Spiritus
2984 4749 3191 4823 utique
3247 4749 3756 4818 sanctiﬁcationis,
3787 4757 3846 4810 ot

2187 4837 2432 4911 sanguis
2453 4837 2892 4909 redemptionis,
2905 4841 2964 4894 et
2980 4853 3135 4910 aqua
3149 4837 3523 4912 baptismatis
3543 4856 3556 4895 :
3576 4853 3708 4912 quas
3730 4842 3846 4898 tria

2191 4943 2375 4982 unum
2407 4930 2566 4994 sunt,
2585 4929 2641 4981 et
2671 4925 2972 4982 individua
3002 4931 3260 4995 manent,
3285 4927 3550 5001 nihilque
3569 4945 3778 4986 eorum
3809 4947 3844 4986 a

2187 5014 2281 5070 sui
2313 5014 2668 5070 connexione
2697 5015 3030 5088 sejungitur
3056 5015 3233 5089 :quia
3261 5017 3553 5074 catholica
3579 5019 3842 5076 Ecclesia

2189 5102 2299 5159 hac
2321 5103 2434 5158 fide
2453 5103 2606 5172 vivit,
2631 5119 2698 5160 ac
2721 5105 2968 5177 proiicit,
2989 5110 3056 5160 ut
3087 5105 3145 5161 in
3167 5105 3400 5163 Christo
3419 5107 3559 5164 Jesu
3583 5123 3690 5164 nec
3714 5109 3841 5166 sine

2188 5207 2324 5248 vera
2369 5191 2670 5249 divinitate
2700 5193 3059 5264 humanitas,
3093 5211 3199 5251 nec
3228 5195 3355 5252 sine
3391 5211 3525 5252 vera
3563 5197 3842 5254 credatur

2185 5282 2554 5339 humanitate
2575 5283 2950 5339 divinitatis.»
2975 5285 3045 5340 Et
3073 5284 3134 5341 in
3155 5284 3402 5358 epistola
3421 5287 3494 5342 ad
3523 5287 3837 5344 Turibium

2187 5370 2588 5428 Asturiensem
2617 5371 3118 5446 episcopum'(cap.
3144 5376 3231 5447 10)
3254 5373 3395 5431 dicit
3426 5392 3492 5430 :«
3527 5375 3834 5434 Neminem

2183 5477 2358 5533 posse
2382 5478 2415 5516 a
2434 5461 2765 5518 conditione
2786 5461 2995 5518 veteris
3025 5462 3281 5519 hominis
3306 5463 3563 5533 liberari,
3589 5464 3703 5520 nisi
3736 5481 3838 5540 per

2187 5556 2619 5607 sacramentum
2651 5551 3026 5623 baptismatis
3049 5552 3283 5622 Christi,
3308 5554 3368 5609 in
3391 5571 3507 5626 quo
3529 5553 3694 5610 nulla
3714 5556 3832 5612 dis~

2185 5639 2362 5696 cretio
2411 5641 2862 5709 renascentium,
2895 5641 3121 5698 dicente
3150 5643 3424 5715 Apostolo
3459 5660 3472 5700 :
3505 5645 3834 5718 Quicunque

2183 5732 2330 5786 enim
2351 5732 2409 5785 in
2430 5730 2640 5787 Christo
2658 5733 2790 5786 Jesu
2804 5730 3069 5804 'ba‘p’tisati
3087 5734 3234 5790 estis.
3249 5732 3526 5790 Christum
3550 5733 3826 5792 maluistis.
