4018 6478
201 440 311 504 381
911 444 1015 507 DE
1055 409 1824 514 PRJEDESTINATIONE
1864 446 2382 512 DISSERTATIO
2423 447 2884 514 POSTERIOR.
3476 445 3596 534 382

201 575 538 652 adoptionis
565 575 669 634 ﬁlii
699 577 800 635 Dei
838 577 1024 635 eﬂ‘ecti
1066 583 1226 647 sunt,
1259 581 1360 638 sed
1409 581 1848 655 dereliquerunt
1874 583 1930 651 Α
1957 581 2171 638 iterum
2193 582 2477 640 Dominus
2498 583 2672 658 jubet
2703 599 2717 639 :
2751 581 2980 654 Vigilate
3007 591 3058 642 et
3081 591 3248 652 orate,
3279 589 3342 640 ut
3367 597 3480 640 non
3504 581 3594 639 in-

201 683 375 725 suum
407 667 874 738 domicilium,id
903 673 992 726 est
1022 670 1291 727 Ecclesiae
1325 673 1608 728 unitatem
1637 671 1698 728 in
1729 690 1847 746 qua
1954 673 2106 727 iretis
2161 674 2223 728 in
2266 674 2610 729 tentationcm
2639 673 2841 744 (Matth.
2873 691 3026 740 xxvr,
3057 675 3167 743 42).
3199 674 3270 730 Et
3299 690 3314 730 :
3349 673 3508 730 Orate
3534 679 3598 730 ut

199 755 313 813 Deo
333 755 525 814 renati
545 761 704 825 sunt,
737 757 828 814 vel
857 762 1012 816 certe
1030 760 1198 816 sedes
1217 761 1381 834 regni
1403 760 1672 834 ccelestis,
1697 780 1847 836 quas

199 843 496 918 accepturi
517 849 684 901 erant
704 845 754 902 si
777 847 951 902 ﬁdem
986 853 1302 916 servarent,
1325 853 1383 904 et
1405 853 1538 905 ante
1551 850 1843 921 judicium

195 933 468 1007 graviter,
482 938 547 990 et
561 935 796 1007 gravius
815 934 874 990 in
886 935 1116 1007 judicio
1137 937 1449 993 universali
1483 939 1844 995 damnabit.»

194 1023 262 1079 Et
289 1021 502 1078 Petrus
552 1023 614 1078 in
660 1023 924 1096 Epistola
965 1024 1014 1080 II
1047 1041 1060 1080 :
1097 1025 1446 1098 Quapropter,
1477 1028 1696 1100 fratres,
1725 1045 1844 1085 ma-

192 1113 278 1182 gis
292 1114 530 1184 satagite
553 1120 614 1168 ut
633 1129 738 1186 per
760 1113 900 1170 bona
926 1130 1090 1186 opera
1120 1122 1321 1171 certam
1347 1123 1582 1173 vestram
1605 1119 1843 1174 vocatio-

189 1217 314 1257 nem
334 1209 390 1258 et
404 1203 722 1259 electionem
738 1203 959 1274 faciatis
988 1203 1060 1276 (II
1083 1205 1230 1266 Petr.
1254 1221 1294 1273 ι,
1321 1206 1430 1275 10).
1455 1205 1618 1262 Unde
1647 1207 1838 1264 Beda:

191 1311 220 1340 α
249 1289 413 1347 Multi
439 1297 573 1346 sunt
597 1292 790 1362 vocati,
821 1293 988 1362 pauci
1015 1300 1196 1348 autem
1223 1293 1396 1350 electi.
1424 1294 1593 1352 Certa
1621 1301 1710 1352 est
1739 1315 1841 1354 au-

189 1383 305 1435 tem
335 1379 566 1436 vocatio
597 1385 942 1442 cunctorum
993 1381 1094 1454 qui
1128 1383 1199 1438 ad
1232 1383 1409 1440 ﬁdem
1439 1385 1699 1442 veniunt.
1734 1387 1842 1452 Qui

187 1483 320 1524 vero
333 1468 473 1525 ﬁdei
490 1469 878 1558 sacraarentis
891 1486 1016 1543 quas
1029 1476 1416 1544 perceperunt
1435 1474 1590 1530 bona
1610 1491 1842 1548 quoque

187 1573 368 1630 opera
379 1561 823 1631 perseveranter
839 1561 934 1616 31
945 1561 994 1616 0
1015 1561 1368 1634 adjungunt,
1391 1562 1488 1618 isti
1513 1580 1682 1619 suam
1705 1581 1841 1620 cum

186 1647 493 1704 vocatione
523 1646 701 1704 etiam
731 1637 1072 1705 electionem
1105 1653 1325 1706 certam
1355 1651 1720 1710 intuentibus
1752 1654 1840 1710 fa-

187 1735 372 1792 ciunt.
407 1735 578 1793 Sicut
607 1753 638 1793 e
666 1740 889 1805 contra,
918 1737 1022 1808 qui
1053 1743 1185 1810 post
1224 1739 1584 1796 vocationem
1615 1743 1688 1798 ad
1722 1743 1838 1798 cri-

187 1824 350 1881 mina
381 1829 779 1894 revertuntur,
798 1842 930 1881 cum
964 1826 1023 1880 in
1055 1826 1148 1883 his
1178 1844 1248 1883 ex
1276 1828 1385 1884 hac
1413 1829 1533 1885 vita
1559 1831 1841 1904 migrave-

103 1971 108 1977 ,
185 1913 318 2016 rint,
357 1918 591 2016 certum
632 1916 760 2016 jam
810 1915 1086 2016 omnibus
1117 1915 1254 1990 quia
1285 1919 1514 1990 reprobi
1544 1924 1684 1976 sunt
1710 1923 1836 1978 red-
1869 1952 1912 2016 Β

183 2003 392 2059 dunt.»
433 2005 508 2062 Et
546 2004 687 2061 item
706 2003 767 2060 in
789 2005 993 2060 eadem
1023 2021 1034 2062 :
1071 2009 1326 2063 Fuerunt
1347 2025 1482 2064 vero
1500 2018 1556 2064 et
1581 2011 1834 2079 pseudo-

179 2093 573 2166 prophetaein
588 2096 826 2167 papula,
845 2095 996 2150 sicut
1013 2105 1070 2150 ct
1088 2095 1145 2150 in
1165 2096 1326 2152 vobis
1349 2107 1520 2152 erant
1546 2100 1836 2173 magis/ri

181 2183 524 2250 mndaces,
546 2183 646 2256 qui
665 2183 1034 2240 introducmt
1053 2190 1240 2240 sectas
1259 2186 1680 2255 perditionis,et
1703 2205 1833 2244 eum

181 2273 277 2345 qui
291 2273 448 2328 emit
461 2287 559 2328 eos
582 2273 890 2330 Dominum
910 2275 1602 2347 negantes,suprrduccnt
1619 2277 1736 2332 sibi
1751 2295 1834 2334 ce-

183 2359 360 2418 lerem
373 2361 772 2432 perditionem
788 2366 1035 2432 (lIPetr.
1057 2380 1120 2432 ιι,
1145 2363 1219 2432 1).
1245 2364 1389 2420 Hinc
1403 2366 1556 2421 Beda
1575 2367 1790 2440 (cap.2)
1815 2383 1828 2422 :

183 2449 308 2506 «De
341 2449 460 2507 hoc
498 2455 762 2524 emptore
783 2455 842 2506 et
859 2452 1074 2508 Paulus
1107 2451 1224 2509 ait:
1253 2456 1447 2523 Empti
1480 2456 1620 2511 estis
1644 2457 1836 2524 pretio

121 2539 140 2579 '-
179 2555 394 2616 magno
414 2537 858 2613 :gloriﬁcateet
867 2547 1104 2613 portate
1127 2547 1302 2598 Deum
1315 2543 1624 2615 incorpore
1645 2551 1834 2601 vestro

178 2627 225 2696 (ι
239 2631 376 2686 Cor.
399 2645 480 2696 v1,
503 2628 616 2700 20).
642 2627 844 2684 Merito
885 2633 1082 2685 autem
1132 2629 1242 2686 sibi
1275 2630 1518 2687 celerem
1553 2633 1834 2705 perditio—

179 2733 305 2773 nem
321 2717 863 2791 superducunt,qui
881 2718 1326 2792 Redemptorcm
1340 2737 1513 2776 suum
1530 2726 1830 2796 negantes,

178 2804 329 2862 hunc
355 2809 514 2862 recte
531 2805 862 2864 conﬁtendo
877 2806 1202 2881 gloriﬁcare
1219 2812 1276 2864 et
1292 2808 1705 2866 benefaciendo
1726 2827 1832 2868 suo

177 2894 229 2950 in
259 2912 516 2970 corpore
569 2895 718 2952 ferre
762 2897 1293 2971 detrectant,.quod
1353 2917 1557 2956 omnes
1613 2901 1834 2958 faciunt

177 2983 505 3042 haeretici.»
537 2985 610 3040 Et
636 2983 777 3041 item
812 2985 870 3041 in
902 2986 1094 3059 prima
1122 2987 1381 3060 Epistola
1401 2989 1632 3046 Petrus:
1659 2991 1834 3064 Quod

163 3080 226 3130 et
254 3089 359 3130 eos
387 3091 550 3132 nunc
575 3075 785 3131 similis
821 3075 1030 3147 forma'
1079 3077 1280 3134 salvos
1332 3078 1487 3152 facit
1537 3080 1832 3153 baptisma

174 3166 225 3233 (Ι
242 3169 410 3221 Petr.
451 3179 534 3232 In,
562 3165 676 3234 21).
713 3164 876 3221 Unde
915 3165 1106 3222 Beda:
1153 3189 1180 3218 ‹‹
1206 3169 1368 3233 Quod
1399 3185 1536 3242 ergo
1559 3185 1713 3242 aqua
1741 3169 1828 3226 di-

175 3249 309 3308 luvii
335 3269 460 3309 non
500 3251 748 3309 salvavit
778 3257 940 3310 extra
968 3271 1163 3310 arcam
1193 3255 1436 3329 positos,
1462 3257 1563 3312 sed
1594 3258 1824 3325 occidit,

173 3340 292 3398 sine
323 3341 516 3398 dubio
558 3341 970 3416 przeﬁgurabat
1017 3318 1250 3402 omnem
1299 3318 1659 3416 haereticum,
1694 3318 1828 3404 licet
1859 3318 1900 3386 Ο

175 3428 490 3490 habentem
508 3430 881 3504 baptismatis
899 3437 1333 3489 sacramentum
1345 3451 1477 3499 ,non
1493 3435 1623 3492 aliis
1635 3437 1735 3492 sed
1749 3435 1828 3508 ip-

173 3518 250 3576 sis
264 3519 446 3592 aquis
459 3519 534 3576 ad
553 3518 781 3576 inferna
801 3523 1206 3595 mergendum,
1230 3521 1447 3595 quibus
1477 3540 1609 3580 arca
1641 3524 1830 3581 suble-

172 3611 338 3664 vatur
368 3607 448 3664 ad
479 3606 716 3665 ccelum.

240 3697 388 3753 Hinc
409 3695 677 3770 plurium
691 3701 748 3754 et
767 3715 944 3770 quam
969 3697 1226 3770 plurima
1243 3717 1552 3773 possemus
1565 3703 1828 3776 exempla

175 3801 408 3858 ponere,
441 3786 544 3843 sed
579 3787 986 3859 superﬂuuum
1017 3788 1315 3860 duximus,
1351 3789 1490 3862 quia
1519 3793 1577 3847 et
1605 3790 1738 3864 ipsi,
1762 3795 1828 3848 ut

175 3873 452 3944 diximus,
476 3874 580 3948 qui
611 3875 940 3950 conglobati
973 3882 1178 3934 contra
1207 3879 1655 3937 unanimitatem
1690 3882 1826 3938 doc-

175 3963 330 4022 trinae
362 3964 800 4034 ecclesiasticis,
834 3965 972 4024 huic
1019 3969 1384 4040 perversitati
1435 3970 1736 4038 resistunt,
1769 3976 1827 4029 et

173 4051 335 4124 plura
364 4053 768 4128 plurimorum
817 4061 1140 4130 aggregant
1167 4061 1224 4112 et
1255 4058 1628 4114 accumulant
1655 4059 1826 4115 testi-

173 4143 386 4200 monia.
420 4145 496 4200 Et
545 4147 788 4200 sanctus
835 4145 949 4201 Leo
999 4145 1176 4202 Leoni
1221 4147 1481 4220 Augusto
1511 4149 1699 4218 (epist.
1729 4148 1820 4216 97,

171 4247 290 4306 cap.
322 4234 404 4304 4),
433 4233 763 4289 secundum
822 4233 1272 4306 promissionem
1328 4253 1520 4304 suam,
1553 4255 1668 4293 non
1701 4241 1821 4292 tam

171 4319 515 4389 multorum,
539 4337 718 4394 quam
741 4321 1348 4380 nominatissimorum
1373 4329 1700 4394 auctorum,
1716 4341 1822 4382 nec

170 4411 286 4466 tam
309 4409 673 4484 multiplicia
691 4409 1050 4479 testimonia,
1075 4429 1251 4484 quam
1275 4412 1469 4469 valida
1481 4415 1820 4471 eorumdem

173 4503 477 4566 auctorum
551 4503 868 4573 aggregata
924 4501 996 4556 ad
1057 4517 1248 4568 suam,
1309 4501 1574 4573 quinimo
1625 4503 1820 4558 ortho-

169 4586 397 4657 doxam,
422 4589 838 4645 afﬁrmandam
861 4589 1212 4646 sententiam
1236 4589 1418 4646 misit.
1443 4591 1641 4663 Neque
1663 4593 1818 4650 enim

1951 777 2022 815 ne
2047 760 2152 832 ﬁat
2177 763 2310 834 fuga
2335 769 2510 818 vestra
2537 764 2727 842 hyeme
2755 765 2838 820 vel
2864 763 3093 821 Sabbato
3114 763 3588 836 (Matth.xx1v,20),

1953 849 2009 904 id
2044 853 2153 917 est,
2187 855 2253 905 ut
2281 851 2421 906 dum
2451 855 2618 907 vacat
2661 856 2932 924 operetur
2973 851 3221 926 quisque
3268 853 3421 908 bona
3463 868 3590 924 quas

1951 937 2124 1005 valet,
2201 956 2274 995 ne
2347 943 2488 996 tunc
2575 941 2823 1014 quilibet
2905 941 3152 1015 incipiat
3218 940 3364 997 velle
3437 928 3592 996 bona

1953 1043 2142 1100 agere,
2175 1030 2410 1100 quando
2468 1047 2583 1086 non
2641 1029 2840 1087 licebit
2896 1031 3050 1086 bona
3105 1029 3279 1086 modo
3336 1029 3594 1103 quolibet

1951 1117 2200 1188 operari.
2235 1117 2454 1174 Idcirco
2483 1119 2640 1176 enim
2672 1120 2842 1176 nobis
2885 1119 3172 1176 Dominus
3227 1119 3433 1175 horam
3465 1117 3582 1174 exi-

1951 1207 2049 1260 tus
2080 1205 2262 1260 nostri
2293 1205 2476 1262 voluit
2504 1224 2632 1264 esse
2675 1207 2980 1275 incertam,
3013 1213 3080 1264 ut
3128 1225 3358 1280 semper
3405 1205 3590 1280 possit

1950 1309 2078 1349 esse
2108 1299 2399 1366 suspecta,
2423 1313 2768 1370 semperque
2798 1297 2857 1352 in
2889 1299 3139 1354 adventu
3162 1297 3383 1369 judicis
3403 1296 3591 1352 simus

1949 1382 2295 1453 parati,ante
2316 1383 2487 1456 cujus
2509 1385 2715 1441 faciem
2727 1386 2941 1456 judicii
2971 1403 3086 1442 non
3118 1385 3445 1459 poterimus
3461 1384 3589 1441 abs-

1949 1471 2141 1526 condi.
2177 1471 2282 1538 Qui
2341 1489 2456 1528 non
2513 1474 2637 1530 vult
2689 1475 2948 1531 invenire
3005 1492 3154 1548 quos
3211 1475 3470 1530 damnet.
3518 1474 3590 1528 Et

1949 1557 2078 1614 ideo
2136 1577 2340 1617 omnes
2399 1561 2948 1620 misericordissime
3004 1565 3281 1620 admonet
3337 1563 3584 1620 dicens:

1947 1649 2116 1717 Quod
2135 1651 2299 1706 vobis
2319 1652 2455 1707 dico
2474 1653 2742 1708 omnibus
2771 1654 2922 1724 (lico,
2950 1654 3192 1728 vigilate
3221 1657 3432 1722 (Marc.
3462 1669 3586 1718 xm,

1946 1736 2060 1805 37).
2089 1739 2159 1794 Et
2213 1756 2336 1808 vos,
2395 1740 2690 1813 inquiens,
2750 1741 2938 1815 parati
2990 1746 3194 1810 estote,
3251 1743 3400 1799 817
3449 1740 3589 1814 quia

1947 1826 2186 1882 nescitis
2233 1845 2353 1900 qua
2399 1829 2544 1886 hora
2589 1830 2876 1887 Dominus
2921 1834 3110 1888 vester
3156 1833 3438 1886 venturus
3485 1829 3581 1898 sit,

1946 1917 2004 1968 et
2032 1915 2080 1971 si
2112 1915 2170 1971 in
2203 1917 2412 1989 prima,
2444 1918 2531 1974 vel
2564 1921 2840 1990 secunda,
2873 1919 2994 1977 sive
3037 1921 3210 1976 tertia
3249 1917 3448 1992 vigilia
3479 1934 3582 1974 ve-

1944 2004 2115 2072 nerit,
2149 2005 2372 2063 similes
2428 2013 2611 2065 estote
2659 2009 2840 2066 servis
2885 2009 3360 2083 exspectantibus
3389 2006 3583 2064 domi-

1942 2109 2084 2148 num
2137 2111 2334 2163 suum,
2365 2099 2599 2167 quando
2647 2103 2968 2156 revertatur
2997 2117 3032 2155 a
3059 2098 3304 2172 nuptiis,
3335 2101 3401 2154 ut
3446 2113 3582 2152 cum

1941 2183 2162 2239 venerit
2181 2185 2593 2257 etpulsaverit,
2618 2187 2925 2244 confestim
2965 2187 3229 2261 aperiant
3255 2186 3328 2242 ei.
3357 2187 3583 2243 Nescitis

1940 2274 2091 2328 enim
2110 2290 2218 2346 qua
2255 2274 2393 2330 liora
2420 2277 2886 2334 Dominus-vester
2912 2285 3172 2333 venturus
3198 2277 3272 2332 sit
3299 2276 3446 2348 (Luc.
3478 2291 3580 2344 xu,

1941 2361 2054 2428 36).
2078 2362 2188 2417 Sed
2207 2362 2314 2418 hoc
2337 2368 2561 2420 certum
2583 2370 2690 2432 est,
2714 2365 2990 2438 quoniam
3012 2365 3112 2438 qui
3135 2363 3584 2438 perseveraverit

1943 2466 2133 2522 usque
2161 2451 2220 2506 in
2253 2452 2428 2508 ﬁnem
2461 2453 2544 2522 (in
2589 2455 2702 2511 ﬁde
2759 2455 2983 2511 scilicet
3037 2459 3196 2510 recta
3223 2457 3280 2510 et
3309 2451 3582 2526 operibus

1942 2537 2266 2612 bonis,quze
2299 2545 2387 2597 est
2407 2543 2577 2613 juxta
2603 2541 3116 2615 Apostolumﬁdes
3134 2559 3262 2618 quae
3284 2559 3392 2616 per
3418 2539 3583 2598 dile-

1939 2629 2187 2685 ctionem
2217 2637 2522 2702 aperatur,
2551 2638 2608 2686 et
2635 2633 2900 2688 Charitas
2929 2633 3002 2689 tle
3031 2633 3208 2690 corde
3246 2648 3396 2704 puro
3427 2627 3576 2702 (Gal.

1941 2734 1997 2783 v,
2029 2718 2104 2786 6),
2135 2722 2201 2774 ut
2232 2719 2452 2775 nullius
2483 2721 2562 2776 sit
2591 2721 2832 2778 haeresis
2861 2721 3306 2795 participatione
3336 2719 3577 2793 polluta,

1941 2811 1996 2861 et
2013 2808 2361 2864 conscientia
2397 2809 2569 2877 bona,
2592 2814 2654 2865 ut
2677 2827 2790 2867 non
2815 2810 2892 2866 sit
2921 2811 3210 2867 malorum
3239 2809 3581 2866 confusione

1941 2896 2242 2966 permista,
2273 2907 2329 2954 ct
2373 2899 2484 2969 ﬁde
2529 2915 2643 2954 non
2685 2899 2886 2970 fictaa
2917 2899 3062 2955 Tim.
3089 2917 3129 2966 ι,
3151 2899 3228 2966 5),
3260 2901 3326 2952 ut
3355 2913 3470 2952 non
3502 2895 3582 2952 sit

1941 3001 2226 3041 consensu
2242 2987 2452 3058 juncta
2470 3005 2604 3044 cum
2625 2987 2864 3060 perﬁdis
2883 2988 2970 3044 vel
2991 2988 3252 3061 iniquis),
3269 2986 3364 3042 hic
3384 2985 3581 3042 salvus

1939 3074 2052 3129 erit
2071 3075 2260 3147 gratia
2280 3075 2513 3132 Domini
2534 3077 2719 3132 nostri
2748 3077 2887 3134 Jesu
2918 3076 3155 3143 Christi,
3183 3092 3358 3148 quem
3390 3075 3577 3130 bono-

1941 3180 2070 3218 rum
2093 3181 2333 3236 operum
2350 3169 2406 3220 et
2423 3165 2818 3238 spiritualium
2840 3165 3173 3222 studiorum
3186 3167 3481 3220 auctorem
3493 3178 3578 3219 es-

1941 3269 2002 3309 se
2015 3269 2129 3309 non
2145 3254 2388 3309 dubium
2399 3259 2486 3310 est
2501 3273 2514 3310 :
2531 3254 2630 3328 qui
2644 3271 2894 3327 quorum
2907 3253 3116 3310 incitat
3132 3257 3378 3318 mentes,
3403 3253 3578 3324 adju-

1934 3345 2032 3397 vat
2046 3341 2323 3414 actiones,
2341 3348 2399 3398 et
2418 3361 2758 3416 perseveran
2767 3344 2906 3399 tiam
2930 3344 3032 3399 dat
3049 3339 3574 3416 perseverantibus,

1921 3434 2111 3503 "atque
2140 3432 2502 3488 coronandos
2532 3436 2771 3490 coronat
2798 3432 2858 3487 in
2889 3431 3288 3488 misericordia
3315 3434 3372 3487 et
3399 3429 3576 3486 mise-

1936 3517 2282 3588 rationibus,
2311 3521 2402 3576 cui
2427 3537 2558 3576 cum
2583 3521 2752 3577 Patre
2774 3521 2834 3576 in
2856 3521 3080 3577 unitate
3104 3519 3358 3592 Spiritus
3388 3518 3575 3575 sancti

1935 3613 2026 3665 est
2056 3607 2243 3665 honor
2274 3613 2330 3665 et
2351 3609 2554 3683 gloria,
2586 3610 2646 3664 in
2695 3608 2910 3666 saecula
2967 3609 3336 3666 saeculorum.
3367 3608 3572 3664 Amen.

2498 3851 2730 3908 CAPUT
2767 3849 3004 3906 XXXVI.

1930 3992 2182 4056 Apologia
2229 3990 2574 4042 denotaliom's
2626 3995 2813 4042 nostra!
2864 3991 3207 4056 subsequitur,
3255 3990 3376 4056 quia
3428 3989 3574 4053 ﬁlius

1993 4063 2218 4126 Ephrem
2265 4067 2444 4113 contra
2501 4079 2590 4112 nos
2646 4063 2914 4112 intendens
2967 4077 3166 4122 arcum,
3217 4062 3359 4111 misit
3411 4061 3574 4124 sagit-

1993 4136 2073 4182 tas
2103 4149 2116 4183 :
2145 4133 2238 4183 sed
2261 4149 2408 4183 suum
2437 4137 2572 4198 forte
2623 4135 2806 4184 sentiet
2859 4148 3036 4182 arcum
3089 4147 3326 4196 pravum.
3379 4132 3575 4196 Gaique

1991 4220 2258 4254 conversus
2289 4206 2446 4270 ipsius
2470 4204 2681 4270 gladius
2707 4219 2810 4254 non
2836 4203 3103 4268 praestabit
3131 4203 3385 4252 auxilium
3415 4203 3469 4253 in
3490 4201 3574 4251 die

1993 4274 2130 4324 belli.

2000 4500 2136 4556 Post
2157 4517 2255 4556 sex
2277 4499 2390 4555 ista
2408 4497 2761 4572 capitula,de
2783 4498 2996 4572 quibus
3017 4514 3362 4572 responsum
3386 4497 3574 4555 reddi-

1928 4588 2474 4661 dimus,septimum
2499 4587 2665 4664 nobis
2685 4589 2816 4659 subj
2826 4591 3069 4644 unctum
3089 4585 3334 4643 dedistis
3353 4586 3411 4642 in
3435 4603 3573 4661 prae-

169 4690 453 4732 numerus
483 4675 986 4742 testimoniorum,
1019 4677 1120 4733 scd
1171 4679 1490 4735 auctoritas
1536 4679 1706 4736 valet.
1741 4683 1821 4738 Ex
1850 4691 1896 4756 D
1928 4679 2051 4734 fata
2077 4677 2216 4733 villa
2245 4677 2450 4746 Nielfa,
2485 4677 2626 4749 quia
2680 4676 3000 4734 indiscussi
3057 4679 3114 4734 et
3168 4674 3568 4746 inexaminati,

170 4763 380 4836 quibus
401 4765 756 4832 ostenditur,
781 4765 1226 4841 Gothescalcum
1257 4783 1359 4838 per
1391 4768 1685 4824 modicum
1709 4769 1815 4826 fer-

170 4857 432 4910 mentum
463 4857 648 4910 totam
691 4853 962 4910 Ecclesiae
994 4871 1252 4912 massam
1279 4859 1566 4928 quantum
1596 4873 1666 4912 ex
1687 4856 1815 4931 ipso

168 4941 618 5016 estcorrupisse.
651 4941 814 5000 Unde
851 4943 964 5016 piis
983 4943 1097 5000 ista
1117 4943 1434 5014 sufﬁciant,
1459 4961 1586 5018 quae
1617 4945 1816 5020 impiis

169 5029 311 5086 sicut
329 5035 390 5088 et
402 5029 577 5104 plura
597 5030 671 5087 ad
689 5030 899 5088 salutis
919 5031 1379 5088 satisfactionem
1403 5033 1672 5090 sufﬁcere
1699 5052 1814 5091 non

168 5117 460 5176 valebunt.
480 5119 630 5176 Nam
647 5119 1012 5192 hujusmodi,
1037 5120 1190 5177 sicut
1209 5122 1628 5179 Gothescalcus
1645 5128 1702 5180 et
1723 5125 1813 5181 sui

169 5207 479 5282 complices
499 5209 1156 5284 proferunt,nugatoriis
1178 5210 1689 5275 adiuventionibus
1711 5231 1815 5269 au-

169 5310 284 5352 rem
316 5315 434 5354 non
465 5298 936 5354 accommodabit
981 5298 1252 5372 quisquis
1296 5301 1468 5356 verba
1513 5301 1814 5359 Dominica

168 5385 372 5443 devota
398 5386 616 5444 mentis
643 5403 784 5444 aure
813 5387 1154 5460 perceperit,
1189 5389 1406 5462 quibus
1453 5407 1618 5446 orare
1639 5391 1812 5463 jubet

139 5473 394 5534 'dicens:
427 5479 526 5534 Sic
563 5483 762 5534 autem
801 5477 1072 5545 ambitis,
1105 5483 1162 5534 et
1190 5483 1322 5551 post
1351 5479 1654 5552 aliquanta
1683 5497 1696 5536 :
1727 5485 1810 5537 Ne

166 5578 262 5620 nos
290 5566 543 5625 inducas
571 5567 633 5623 in
669 5567 1067 5624 tentalionem.
1100 5568 1246 5633 Quia
1292 5585 1424 5624 cum
1474 5569 1808 5627 deserentes

170 5649 350 5709 Deum
363 5655 524 5727 juste
542 5655 870 5713 deserimur
889 5673 924 5712 a
943 5655 1082 5725 Deo,
1095 5655 1154 5711 in
1177 5657 1559 5714 tentationem
1583 5657 1806 5725 induci,

171 5737 226 5795 id
244 5747 356 5812 est,
377 5761 410 5800 a
435 5745 758 5824 tentatione
787 5745 1048 5818 patimur
1089 5745 1372 5818 superari.
1407 5746 1616 5802 Contra
1648 5749 1805 5820 quod

1924 4765 2298 4838 scientiaeque
2322 4765 2651 4822 litterarum
2681 4782 2829 4839 pene
2849 4764 3381 4839 ignari,minusque
3403 4781 3570 4838 apos-

1922 4855 2108 4912 tolicae
2119 4855 2492 4928 praeceptioni
2515 4855 3072 4929 appropinquantes,
3086 4853 3341 4928 peccatis
3353 4852 3568 4910 nostris

1926 4944 2258 5018 agentibus,
2293 4962 2396 5017 per
2423 4943 2682 5000 civitates
2739 4943 2994 5018 episcopi
3051 4943 3418 5009 ordinantur,
3451 4957 3571 5013 qua

1925 5033 2230 5090 occasione
2252 5033 2504 5090 maxime
2525 5033 2688 5108 vigor
2707 5031 3138 5088 ecclesiasticus
3159 5028 3419 5102 deperiit.
3453 5029 3566 5085 Sed

1924 5123 1984 5178 in
2015 5122 2328 5190 volumine,
2361 5123 2514 5195 quod
2548 5139 2735 5196 nuper
2762 5121 2930 5178 nobis
2985 5118 3249 5190 dedistis,
3281 5115 3565 5190 capitulo-

1929 5231 2058 5268 rum
2081 5213 2326 5270 istorum
2350 5212 2704 5286 compositor
2725 5213 2990 5284 quaedam
3013 5209 3128 5270 alia
3153 5207 3564 5276 intermiscuit,

1922 5303 2064 5358 adeo
2099 5306 2164 5358 ut
2194 5302 2352 5358 istud
2383 5303 2539 5374 quod
2569 5301 2628 5357 in
2663 5300 2778 5356 illis
2811 5301 2998 5356 fuerat
3040 5297 3380 5370 septimum,
3411 5297 3568 5354 inter

1920 5391 2036 5448 ista
2051 5391 2344 5448 decimum
2363 5390 2835 5458 habeatur.Quod
2859 5388 3012 5444 sicut
3034 5386 3359 5462 intelligere
3381 5387 3570 5461 potui-

1920 5498 2078 5550 mus,
2111 5485 2167 5537 et
2198 5480 2314 5536 illic
2346 5485 2402 5535 et
2430 5480 2565 5536 istic
2596 5480 2724 5534 idco
2755 5477 3077 5550 capitulum
3107 5477 3267 5535 istud
3301 5481 3388 5534 est
3409 5475 3564 5550 posi-

1916 5575 2066 5638 tum,
2100 5574 2165 5625 ut
2199 5569 2426 5625 [acilius
2458 5568 2644 5642 possit
2674 5567 3004 5640 legentibus
3053 5566 3412 5641 persuaderi,
3447 5584 3563 5622 non

1917 5675 2046 5715 esse
2075 5659 2292 5714 mirum
2319 5657 2368 5714 si
2401 5675 2578 5730 prava
2605 5658 2902 5726 docemus,
2939 5657 3038 5732 qui
3091 5675 3355 5731 perverse
3383 5663 3440 5714 et
3469 5657 3564 5712 in-

1915 5747 2298 5816 considerate,
2332 5751 2504 5819 atque
2552 5745 2808 5803 indebite
2866 5747 2937 5803 ad
2995 5746 3259 5806 ordinem
3317 5745 3559 5802 docendi
