4018 6460
452 415 572 482 383
1378 417 1766 482 HINCMARI
1814 416 2262 480 RHEMENSIS
2307 415 2926 481 ARCHIEPISCOPI.
3072 413 3075 414 ⁷
3735 413 3845 476 384

453 550 810 610 accessimus
834 569 848 609 :
872 551 1012 626 quia
1031 551 1184 610 sicut
1203 552 1344 610 dicit
1365 553 1497 624 Leo,
1521 551 1619 626 qui
1667 551 1940 610 habuerit
1967 568 2090 608 ma-
2121 551 2178 620 Α
2277 553 2407 609 Haec
2426 557 2516 610 est
2535 569 2782 610 censura
2807 548 3197 625 capitulorum
3227 547 3651 624 eompilatoris,
3680 549 3847 624 quasi

449 639 575 698 lum
607 642 1108 710 initium,difﬁcile
1137 643 1355 699 bonum
1387 643 1625 700 habebit
1655 658 2013 714 processum,
2037 646 2097 698 et
2203 659 2320 698 non
2349 642 2643 700 suffecerit
2671 643 2826 714 quod
2859 641 2996 698 hinc
3026 641 3343 698 decernant
3380 653 3658 696 canones.
3692 638 3850 696 Unde

453 731 505 787 si
533 731 593 786 in
625 733 739 788 ﬁde
770 733 1025 804 suspecti
1057 733 1363 801 fuerimus,
1389 750 1514 805 quae
1545 733 1992 788 fundamentum
2009 736 2098 788 est
2205 732 2473 789 dicamus
2497 749 2631 788 cum
2661 733 2856 788 Boetio
2889 747 2914 787 :-
2937 735 3066 788 Heu
3089 745 3265 804 quam
3307 729 3612 802 praecipiti
3657 743 3851 786 mersa

453 821 742 878 bonorum
796 823 1085 890 omnium,
1118 822 1272 879 bona
1317 839 1492 895 opera
1539 822 1664 879 sine
1711 821 2096 877 fundamento

453 914 612 968 recte
643 927 758 968 non
791 912 1051 981 stabunt,
1095 913 1213 968 imo
1255 929 1361 969 nec
1392 913 1547 968 bona
1575 915 1764 967 erunt.
1795 911 2093 980 Quocirca,

455 999 610 1056 sicut
656 1005 896 1058 sanctus
944 1003 1110 1058 docet
1158 1002 1492 1075 Gregorius,
1524 1005 1706 1057 restat
1749 1005 1814 1056 ut
1843 1016 2094 1073 quorum

455 1089 574 1144 vita
600 1089 942 1162 despicitur,
966 1095 1022 1146 et
1043 1090 1377 1162 praedicatio
1407 1094 1839 1157 contemnatur,
1874 1094 1932 1146 et
1961 1107 2095 1146 cum

455 1181 657 1252 pastor
684 1195 786 1251 per
815 1180 1064 1252 abrupta
1089 1181 1376 1253 graditur,
1411 1181 1482 1236 ad
1534 1178 1917 1253 praecipitium
1959 1197 2097 1254 grex

456 1271 756 1340 sequatur.
791 1268 954 1325 Unde
981 1285 1216 1326 necesse
1234 1277 1320 1326 est
1341 1269 1532 1336 nobis,
1556 1269 1782 1326 cunctis
1814 1269 1962 1326 scire
1993 1288 2097 1326 vo-

456 1355 714 1416 lentibus
734 1359 1154 1430 demonstrare,
1179 1359 1471 1432 quomodo
1490 1358 1578 1414 vel
1611 1359 1880 1432 qualiter,
1911 1377 2097 1432 quan-

455 1449 582 1502 tum
605 1447 678 1504 ad
701 1446 997 1504 humanos
1017 1452 1241 1520 spectat
1269 1449 1609 1516 obtutus,ad
1639 1448 2098 1506 ecclesiasticum

457 1535 612 1592 818
633 1535 898 1592 ordinem
940 1536 1380 1594 accesserimus.
1401 1539 1472 1593 Et
1498 1538 1688 1610 primo
1718 1539 1788 1594 de
1818 1542 2101 1610 metropo-

452 1621 641 1681 litano
662 1623 1021 1682 Rhemorum
1043 1626 1333 1700 episcopo,
1359 1627 1568 1684 deinde
1589 1628 1658 1684 de
1677 1626 1864 1700 ipsius
1891 1627 2098 1684 dimce-

449 1721 589 1770 'seos
619 1714 1024 1788 suifraganeis.
1058 1716 1127 1771 Et
1155 1715 1296 1788 quia
1333 1731 1449 1772 non
1481 1733 1588 1772 nos
1613 1715 1964 1788 specialiter,
1997 1717 2097 1772 sed

453 1801 802 1876 generaliter
820 1821 1025 1860 omnes
1046 1804 1372 1878 capitulum
1391 1805 1551 1862 istud
1572 1805 1761 1880 tangit
1773 1805 2099 1878 episcopos,

2201 820 2504 897 profundo
2531 839 2692 878 mens
2721 821 2922 878 habet!
2932 820 3201 876 videlicet
3222 819 3395 876 istius
3424 819 3672 892 capituli
3703 834 3852 874 com-

2204 911 2490 985 pilatoris,
2523 916 2717 968 utnec
2747 911 2904 984 quod
2935 909 3097 980 dicit,
3125 925 3232 965 nec
3262 908 3438 964 etiam
3470 907 3730 980 seipsam
3761 923 3850 963 co-

2203 1013 2485 1075 gnoscere
2511 1001 2716 1058 valeat.
2751 1000 3047 1074 Scriptum
3079 1003 3168 1055 est
3194 997 3352 1055 enim
3385 1013 3399 1053 :
3433 996 3685 1068 Mediae,
3717 1011 3854 1052 cura

2205 1091 2570 1161 teme/ipsum
2591 1090 3015 1160 (Luc.1v,23),et
3037 1105 3050 1144 :
3074 1090 3170 1144 Ea:
3193 1087 3382 1144 verbis
3399 1087 3525 1142 tuis
3541 1091 3606 1142 te
3642 1087 3854 1159 judico

2203 1181 2364 1255 (Luc.
2395 1198 2512 1248 xxx,
2543 1183 2657 1250 22).
2690 1177 2908 1235 Videat
2947 1176 3200 1250 qualiter
3244 1175 3431 1232 isdem
3481 1175 3554 1232 ad
3585 1173 3853 1231 ordinem

2203 1283 2441 1328 sacrum
2485 1267 2828 1342 pervenerit,
2859 1270 2920 1323 et
2975 1265 3060 1323 sic
3114 1265 3176 1321 in
3235 1264 3550 1336 semetipso
3609 1262 3853 1338 gloriam

2205 1363 2436 1415 tantum
2483 1357 2742 1428 habebit,
2775 1361 2834 1413 et
2888 1371 3005 1412 non
3065 1355 3124 1411 in
3187 1353 3388 1411 altero.
3419 1352 3652 1410 Veritas
3701 1351 3854 1408 enim

2203 1448 2361 1505 '819
2392 1447 2562 1504 dicit:
2581 1448 2688 1517 Qui
2713 1463 2826 1504 non
2855 1448 3028 1503 intrat
3049 1461 3151 1518 per
3167 1445 3368 1520 ostium
3397 1445 3459 1500 in
3485 1440 3630 1500 ovile
3649 1443 3855 1508 ovium,

2208 1539 2300 1596 sed
2327 1537 2572 1595 ascendit
2599 1537 2845 1604 aliunde,
2880 1535 2974 1592 hic
3024 1535 3121 1608 fur
3173 1540 3254 1590 est
3305 1541 3359 1590 et
3408 1533 3567 1589 latro.
3597 1532 3710 1604 Ego
3737 1545 3859 1587 sunt

2207 1631 2430 1698 ostium,
2457 1643 2558 1700 per
2583 1642 2670 1683 me
2697 1627 2749 1682 si
2777 1627 2899 1698 quis
2924 1624 3207 1682 introierit
3255 1622 3562 1679 salvabitur
3585 1621 3769 1690 (Joan.
3801 1637 3857 1691 ι,

2211 1717 2394 1790 1,19).
2423 1717 2663 1774 Constat
2681 1715 2880 1788 igitur,
2914 1711 3193 1787 quoniam
3217 1710 3316 1784 qui
3338 1724 3442 1785 per
3459 1725 3597 1768 eum
3617 1709 3682 1766 in
3711 1707 3858 1766 ovile

2209 1807 2404 1864 ovium
2436 1823 2551 1862 non
2577 1805 2778 1872 intrat,
2808 1803 2870 1859 id
2901 1807 2992 1860 est
3021 1803 3094 1860 ad
3129 1801 3389 1875 regimen
3437 1811 3556 1856 non
3603 1804 3699 1857 est
3725 1815 3856 1872 pro-

455 1907 522 1990 eo
553 1891 675 1948 solo
705 1897 942 1990 excepto
973 1894 1074 1966 qui
1128 1893 1271 1950 illud
1333 1895 1666 1966 dictaverat,
1700 1912 1772 1951 ne
1801 1895 1872 1951 de
1903 1901 2104 1952 nostra
2133 1925 2180 1990 Β
2210 1901 2414 1953 vectus
2467 1893 2756 1963 Ecclesiae,
2790 1909 2906 1948 non
2937 1896 3026 1949 est
3054 1895 3254 1964 pastor
3295 1889 3512 1990 ovium,
3545 1889 3650 1946 sed
3803 1892 3861 1944 et

455 1979 836 2038 infamatione
864 1984 1275 2038 tantummodo
1301 1982 1611 2040 videamur
1640 1983 1897 2051 solliciti,
1929 2001 2105 2056 pona-

457 2087 592 2128 mus
612 2087 681 2128 ex
699 2071 902 2128 ordine
923 2071 1320 2146 integritatem
1337 2073 1524 2146 ipsius
1539 2073 2104 2147 capituli,etvidcant

457 2159 793 2234 quicunque
813 2160 959 2217 illud
994 2161 1258 2235 legerint,
1283 2163 1331 2218 si
1362 2167 1482 2218 tam
1515 2168 1954 2219 monstruosum
1984 2163 2102 2218 cri-

451 2247 839 2310 minationem
869 2250 1216 2325 generaliter
1239 2251 1466 2308 cunctis
1523 2251 1834 2325 episcopis,
1861 2252 2104 2308 civitati-

445 2336 1375 2414 ‘bus,plebibus,archiepiscopis,
1399 2340 1764 2414 principibus
1794 2341 2017 2398 illatam
2047 2343 2104 2396 et

451 2426 772 2500 impactam
795 2428 1329 2487 audierint.Textus
1350 2431 1506 2486 enim
1527 2431 1708 2503 hujus
1728 2429 1969 2504 capituli
1991 2429 2102 2487 iste

457 2519 586 2574 est:
643 2540 670 2567 ‹‹
694 2518 764 2572 Et
785 2517 922 2590 quia
951 2519 1270 2576 indiscussi
1301 2522 1359 2576 et
1387 2519 1787 2588 inexaminati,
1819 2519 2101 2576 scientiae-

457 2621 573 2680 que
602 2603 928 2665 litterarum
981 2624 1128 2682 pene
1181 2607 1390 2682 ignari,
1423 2609 1736 2682 minusque
1775 2608 2101 2681 apostolicae

455 2695 828 2768 praeceptioni
855 2696 1669 2772 apprOpinquantes,peccatis
1691 2699 1906 2754 nostris
1927 2715 2102 2771 agen-

457 2783 638 2853 tibus,
671 2801 776 2858 per
805 2786 1071 2844 civitates
1099 2788 1358 2862 episcopi
1390 2788 1757 2856 ordinantur,
1785 2805 1904 2860 qua
1931 2805 2102 2844 occa-

457 2873 622 2931 sione
652 2874 903 2932 maxime
931 2877 1096 2949 vigor
1124 2876 1557 2934 ecclesiasticus
1585 2876 1847 2950 deperiit,
1882 2875 2104 2950 placuit

459 2965 525 3019 ut
554 2964 602 3020 si
635 2967 870 3036 quando
903 2964 1154 3038 alicujus
1182 2965 1434 3022 civitatis
1465 2967 1774 3040 episcopus
1803 2966 2104 3022 vocatione

457 3052 690 3110 Domini
723 3054 1097 3124 decesserit,a
1117 3055 1560 3130 gloriosissimis
1589 3055 1955 3129 principibus
1971 3072 2105 3128 sup-

459 3140 730 3215 plicando
751 3143 1102 3216 postuletur,
1128 3149 1192 3200 ut
1211 3145 1553 3202 canonicam
1577 3145 1916 3202 electionem
1949 3143 2102 3200 clero

458 3233 516 3286 et
545 3231 762 3304 populo
819 3231 1008 3304 ipsius
1065 3233 1316 3290 civitatis
1371 3233 1704 3308 permittere
1763 3233 2098 3307 dignentur,

2201 1985 2486 2058 ‘latro,qui
2518 2001 2634 2062 non
2666 1981 3008 2050 salvabitur,
3033 1981 3133 2038 sed
3165 1979 3566 2037 damnabitur.
3599 1977 3860 2046 Qualiter

2211 2078 2407 2131 autem
2439 2073 2516 2129 sit
2545 2089 2648 2146 per
2675 2071 2918 2138 ostium,
2948 2069 3220 2126 videlicet
3263 2085 3368 2142 per
3411 2067 3740 2137 Christum,
3773 2067 3859 2122 in-

2208 2165 2490 2220 trandum
2519 2161 2580 2218 in
2611 2160 2758 2218 ovile
2789 2159 3006 2228 ovium,
3039 2159 3098 2215 id
3149 2162 3240 2214 est
3283 2153 3754 2214 ecclesiasticum
3777 2171 3862 2212 re-

2209 2254 2406 2327 gimen
2439 2251 2900 2325 suscipiendum,
2933 2247 3384 2319 idemChristus
3408 2245 3632 2304 ostium
3663 2245 3857 2302 ovium

2203 2342 2322 2411 via,
2368 2345 2426 2398 et
2471 2341 2706 2407 veritas,
2740 2343 2799 2396 et
2849 2339 2988 2410 vita,
3021 2339 3388 2394 demonstrat
3415 2337 3622 2393 dicens
3651 2336 3726 2391 de
3755 2349 3858 2392 suo

2197 2431 2432 2505 'Spiritu
2465 2447 2478 2486 :
2510 2430 2752 2502 Spiritus
2781 2429 2878 2502 qui
2907 2446 2938 2484 a
2970 2433 3136 2484 Patre
3170 2425 3430 2500 procedit,
3462 2425 3562 2482 ille
3589 2441 3684 2482 vos
3711 2424 3861 2482 dooe-

2201 2521 2290 2577 ‘bit
2316 2521 2522 2590 omnia,
2553 2526 2606 2576 et
2631 2525 2888 2592 suggeret
2913 2517 3061 2573 vobis
3089 2517 3276 2574 omnia
3303 2531 3643 2588 quaecunque
3671 2514 3861 2570 om

2209 2610 2360 2667 vobis
2388 2611 2567 2679 (Joan.
2597 2623 2714 2676 xxv,
2741 2607 2854 2680 26).
2886 2607 3004 2663 Non
3032 2607 3181 2662 enim
3217 2621 3309 2662 vos
3353 2605 3482 2662 estis
3538 2604 3639 2677 qui
3695 2604 3862 2677 loqui-

2208 2701 2372 2766 mini,
2402 2698 2498 2755 sed
2525 2697 2764 2770 Spiritus
2817 2697 3005 2753 Patris
3032 2696 3200 2752 vestri
3226 2695 3324 2768 qui
3351 2695 3599 2767 loquitur
3621 2695 3690 2750 in
3715 2693 3863 2750 vobis

2209 2787 2416 2858 (Matth.
2449 2805 2504 2856 x,
2537 2788 2650 2856 20).
2684 2784 2792 2853 Qui
2825 2802 2928 2858 per
2956 2801 3107 2858 quos
3137 2783 3293 2840 idem
3320 2783 3579 2856 Spiritus
3628 2781 3862 2838 locutus

2209 2882 2318 2951 est,
2352 2880 2418 2934 ut
2444 2880 2684 2934 sanctus
2713 2876 2826 2932 Leo
2855 2873 3018 2941 dicit,
3051 2873 3242 2930 adhuc
3300 2871 3612 2929 nobiscum
3643 2871 3708 2928 in
3740 2872 3864 2930 suis

2210 2964 2729 3024 constitutionibus
2759 2962 3125 3037 vivunt,quia
3155 2976 3271 3020 non
3301 2966 3393 3018 est
3420 2960 3577 3018 Deus
3609 2968 3864 3018 mortuo-

2206 3071 2365 3124 rum,
2399 3055 2499 3111 sed
2530 3051 2869 3110 viventium.
2901 3053 3050 3126 Ergo
3081 3051 3182 3126 qui
3212 3055 3414 3108 contra
3456 3067 3661 3107 sacros
3691 3065 3863 3107 uano-

2199 3157 2335 3210 ‘nes,
2369 3143 2589 3216 Spiritu
2621 3141 2720 3198 Dei
2750 3158 2854 3214 per
2881 3157 3100 3214 organa
3137 3153 3246 3196 sua
3274 3139 3564 3208 conditos,
3591 3143 3654 3196 et
3681 3139 3862 3196 totius

2199 3233 2417 3290 'mundi
2450 3231 2772 3288 reverentia
2799 3230 3266 3298 consecratos,ad
3297 3227 3570 3286 Ecclesia;
3601 3223 3862 3302 regimen

450 3299 642 3390 atque
662 3320 744 3376 ita
772 3299 956 3376 autin
989 3321 1162 3394 clero,
1195 3326 1298 3379 aut
1341 3299 1402 3378 in
1451 3323 1686 3396 populo,
1720 3299 2101 3378 autvdimcesi
2132 3299 2174 3366 (ἶ
2199 3321 2568 3397 'provehitur,
2605 3337 2719 3376 non
2777 3319 2960 3376 intrat
3010 3336 3114 3392 per
3171 3317 3389 3376 ostium
3445 3317 3506 3374 in
3556 3299 3731 3387 ovile,
3757 3317 3860 3374 sed

460 3411 613 3465 certe
632 3407 780 3480 ipsa,
801 3409 891 3466 vel
913 3410 961 3466 si
983 3428 1130 3483 opus
1166 3411 1242 3468 sit
1280 3411 1341 3468 in
1381 3412 1592 3468 vicinia
1618 3411 1826 3485 ipsius,
1859 3411 2102 3484 probata

459 3499 520 3552 et
537 3497 730 3554 ofﬁcio
751 3499 929 3574 digna
948 3518 1198 3574 persona
1218 3505 1533 3573 quaeratur,
1557 3519 1684 3574 qum
1705 3501 1942 3556 inventa
1973 3517 2102 3556 con-

461 3602 637 3642 sensu
663 3587 844 3645 totius
864 3588 999 3646 cleri
1023 3595 1080 3646 et
1100 3591 1297 3664 populi
1323 3591 1394 3646 ad
1418 3589 1699 3646 honorem
1740 3589 1841 3646 Dei
1883 3588 2101 3646 civitati

461 3677 830 3748 prwﬁciatur.
865 3679 976 3736 Sed
1007 3683 1064 3736 et
1091 3681 1140 3736 si
1172 3699 1206 3736 a
1235 3679 1467 3737 servitio
1508 3679 1737 3751 piorum
1769 3679 2100 3752 principum

461 3770 794 3822 nostrorum
825 3767 1040 3841 aliquis
1070 3768 1414 3826 clericorum
1445 3768 1686 3838 venerit,
1719 3772 1786 3824 ut
1811 3767 1984 3824 alicui
2016 3767 2102 3824 ci-

457 3853 618 3910 vitati
655 3862 1027 3929 praeponatur
1055 3859 1386 3930 episcopus,
1423 3858 1631 3914 timore
1669 3862 1828 3914 casto
1857 3857 2104 3915 sollicite

455 3943 844 4013 examinetur,
876 3945 1137 4019 primum
1185 3948 1358 4019 cujus
1403 3947 1534 4002 vita:
1565 3947 1662 4014 sit,
1693 3946 1902 4003 deinde
1933 3947 2104 4018 cujus

461 4031 803 4098 scientiae,et
829 4033 1028 4108 vigore
1057 4034 1448 4091 ecclesiastico
1479 4035 1591 4092 sub
1623 4035 1810 4092 oculis
1838 4035 2104 4107 omnipo-

460 4119 640 4174 tentis
662 4119 762 4175 Dei
790 4126 926 4194 agat
945 4122 1455 4195 metropolitanus,
1479 4123 1538 4179 in
1558 4123 1668 4181 hac
1689 4129 1852 4197 parte
1881 4123 2106 4180 caateris

461 4205 752 4280 episcopis
772 4209 926 4266 sicut
945 4210 1046 4266 Dei
1070 4211 1360 4266 ministris
1383 4212 1738 4284 adjutorium
1762 4213 2102 4282 ferentibus,

461 4311 536 4350 ne
565 4296 868 4353 maculata
905 4298 1056 4367 vitae,
1091 4304 1148 4356 et
1202 4317 1419 4374 pompa
1474 4301 1669 4357 saeculi
1725 4302 2020 4376 turgidus,
2051 4305 2109 4358 et

463 4383 798 4442 Simoniaca
854 4385 1060 4444 haeresi
1113 4388 1396 4461 pollutus,
1429 4390 1754 4447 humilibus
1785 4396 1840 4447 et
1869 4390 2108 4447 mundis

464 4474 744 4531 membris
757 4475 970 4532 Christi
983 4477 1289 4550 Ecclesizsq
1300 4497 1370 4535 ue
1391 4485 1758 4552 supponatur
1775 4479 2104 4554 episcopus.

463 4561 578 4619 Nec
599 4570 917 4634 praesumat
938 4565 1325 4637 illitteratum,
1357 4573 1415 4624 et
1435 4569 1749 4641 cupiditate
1779 4569 1981 4626 illicita
2001 4586 2107 4626 cae-

2209 3411 2472 3469 ascendit
2499 3409 2758 3476 aliunde,
2792 3425 2859 3466 ac
2907 3425 3010 3481 per
3055 3408 3167 3464 hoc
3209 3409 3304 3464 fur
3353 3411 3442 3464 est
3469 3411 3530 3463 et
3559 3405 3714 3463 latro
3743 3423 3756 3462 :
3790 3407 3860 3462 de

2210 3500 2484 3575 qualibus
2506 3499 2649 3556 dicit
2670 3497 2983 3554 Psalmista
3004 3497 3252 3554 Domino
3275 3513 3288 3553 :
3314 3496 3705 3570 Dejeeistieos
3718 3497 3857 3553 dum

2209 3589 2624 3647 allevarenlur
2653 3586 2832 3655 (Psal.
2861 3604 3031 3654 Lxxu,
3058 3589 3164 3657 18).
3199 3587 3346 3642 Cum
3379 3584 3670 3641 allevatur
3704 3584 3858 3641 enim

2211 3679 2502 3752 dejicitur,
2527 3677 2629 3750 qui
2659 3675 2980 3734 honoribus
3010 3675 3242 3748 prolicit
3260 3680 3318 3732 et
3345 3674 3614 3730 moribus
3639 3673 3860 3730 deficit.

2211 3768 2291 3826 De
2307 3768 2524 3841 quibus
2547 3767 2826 3824 Dominus
2848 3783 2952 3838 per
2973 3765 3318 3838 prophetam
3339 3763 3611 3838 queritur
3627 3763 3860 3820 dicens:

2197 3858 2323 3931 'Ipsi
2341 3863 2722 3930 regnaverunt,
2737 3863 2790 3912 et
2815 3871 2926 3912 non
2953 3871 3024 3911 ex
3050 3871 3137 3911 me
3162 3873 3181 3910 :
3209 3855 3484 3926 principes
3513 3854 3863 3920 exstiterunt,

2209 3955 2264 4005 et
2283 3963 2398 4004 non
2425 3946 2649 4018 cognovi
2679 3945 2818 4018 (Ose.
2849 3959 2972 4013 vm,
3002 3946 3082 4016 4).
3113 3945 3159 3999 Α
3190 3959 3254 4000 se
3283 3957 3540 4015 namque
3567 3947 3627 3998 et
3656 3957 3776 3998 non
3797 3956 3868 3997 ex

2213 4035 2452 4093 arbitrio
2483 4035 2698 4091 summi
2731 4034 2972 4090 rectoris
3004 4031 3378 4106 regnant,qui
3401 4049 3510 4088 sua
3537 4030 3866 4105 cupiditate

2213 4125 2440 4182 accensi
2451 4123 2704 4192 ,culmen
2721 4123 3025 4197 regiminis
3040 4123 3278 4196 rapiunt
3293 4121 3487 4195 potius
3499 4134 3680 4194 quam
3704 4135 3866 4176 asse-

2213 4219 2478 4288 quuntur
2501 4231 2515 4270 :
2540 4230 2688 4285 quos
2716 4217 2914 4268 tamen
2943 4211 3214 4268 internus
3237 4211 3421 4283 judex
3448 4214 3507 4266 et
3526 4209 3870 4282 provehitet

2213 4321 2330 4360 non
2363 4301 2680 4376 cognoscit,
2716 4301 2855 4374 quia
2883 4318 3030 4374 quos
3053 4301 3444 4374 permittendo
3473 4298 3704 4364 tolerat,
3737 4311 3869 4372 pro-

2213 4393 2363 4449 fecto
2393 4409 2496 4466 per
2517 4392 2814 4464 judicium
2855 4391 3279 4465 reprobationis
3309 4391 3558 4463 ignorat,
3589 4394 3651 4444 et
3678 4388 3740 4444 in
3775 4393 3866 4445 ta-

2198 4481 2362 4538 ‘lium
2419 4480 2786 4556 provectione
2842 4498 2959 4538 non
3017 4485 3127 4548 est,
3160 4483 3224 4536 ut
3273 4481 3386 4536 Leo
3429 4479 3595 4548 dicit,
3625 4477 3868 4552 populis

2217 4570 2520 4628 consulere
2548 4571 2652 4628 sed
2683 4586 2914 4638 nocere,
2941 4585 3048 4626 nec
3105 4574 3382 4642 praestare
3439 4568 3701 4642 regimen
3761 4568 3865 4624 sed

464 4655 684 4721 catum,
718 4653 1054 4712 redditurus
1102 4656 1237 4712 facti
1281 4657 1373 4714 sui
1404 4657 1522 4714 Deo
1551 4659 1858 4727 rationem,
1895 4659 2108 4732 populo
2139 4673 2184 4738 Ι)
2217 4679 2430 4736 augere
2459 4661 2795 4716 discrimen.
2827 4661 3174 4716 Revertatur
3217 4658 3399 4732 igitur
3427 4657 3523 4714 hic
3549 4659 3871 4732 derogator

464 4741 774 4814 praeficere.
808 4743 868 4799 Si
893 4759 1026 4800 vero
1058 4746 1452 4802 necessarium
1481 4745 1669 4804 isdem
1718 4747 2108 4820 metropolita-

463 4848 576 4888 nus
608 4832 834 4901 viderit,
868 4850 939 4890 ne
971 4837 1200 4892 tantum
1257 4835 1481 4892 malum
1538 4841 1780 4910 cogatur
1823 4854 2012 4911 agere,
2047 4844 2112 4895 ut

461 4919 720 4978 indebito
750 4921 1030 4979 honorem
1065 4923 1235 4980 bonis
1281 4927 1510 4981 tantum
1569 4925 1834 4982 debitum
1893 4927 2107 4993 tradat,

463 5008 720 5066 instruat
739 5010 1045 5084 populum,
1068 5012 1341 5068 informet
1361 5014 1699 5083 Eeclesiam,
1727 5015 1922 5088 potius
1951 5015 2109 5072 adire

464 5097 835 5156 clementiam
869 5118 1093 5175 regum,
1124 5106 1181 5158 et
1209 5102 1334 5175 ipse
1381 5119 1517 5159 cum
1577 5103 1937 5178 coepiscopis
1986 5105 2112 5161 suis

465 5187 682 5260 quibus
711 5189 958 5246 valuerit
988 5189 1180 5248 modis
1210 5193 1483 5260 adeat,ut
1513 5193 1832 5250 Ecclesium
1862 5193 1962 5250 Dei
1994 5193 2112 5267 glo-

461 5275 604 5332 riosi
637 5296 801 5352 reges
826 5281 1002 5355 digno
1032 5279 1317 5338 honorent
1348 5282 1638 5340 ministro.
1661 5284 1718 5340 Si
1753 5287 1950 5339 autem
1979 5288 2107 5338 tur—

464 5365 616 5438 piter
640 5367 957 5438 cupiditate
987 5387 1336 5444 quacunque
1385 5371 1866 5444 metrOpolitanus
1895 5372 2106 5444 victus,

465 5459 569 5511 aut
597 5453 792 5528 aliquo
823 5477 1063 5516 munere
1096 5460 1636 5534 deceptus,tantum
1653 5479 1802 5533 opus
1819 5460 2110 5535 negligen-

463 5549 554 5600 ter
582 5549 638 5600 et
663 5562 814 5618 aegre
845 5549 1016 5604 fuerit
1045 5556 1374 5619 exsecutus,
1401 5549 1693 5622 judicium
1746 5550 1946 5606 omnia
1992 5567 2110 5606 cer-

465 5635 661 5692 nentis
684 5635 778 5692 Dei
801 5654 862 5692 se
885 5637 1177 5696 incurrere
1200 5657 1315 5700 non
1356 5639 1618 5696 dubitet:
1655 5640 1755 5694 sed
1786 5644 1841 5695 et
1874 5644 2105 5697 senten-

465 5723 546 5788 tia
574 5724 978 5784 Ecclesiastica
1008 5727 1228 5786 noverit
1256 5747 1319 5784 se
1349 5727 1730 5802 culpandum.
1765 5749 1793 5778 »

2216 4756 2416 4808 noster
2459 4751 2530 4806 ad
2591 4765 2761 4806 suam
2818 4749 3257 4818 conscientiam,
3289 4748 3388 4822 qui
3429 4751 3636 4805 contra
3663 4763 3868 4805 sacras

2219 4839 2453 4914 regulas
2475 4839 2547 4895 ab
2568 4837 2827 4895 Ecclesia
2845 4839 2904 4894 in
2949 4856 3066 4912 qua
3097 4837 3206 4894 fuit
3233 4841 3440 4894 tonsus
3469 4841 3527 4893 et
3553 4836 3867 4894 ordinatus

2219 4929 2546 4998 discedens,
2599 4928 2671 4984 ad
2702 4927 2849 4985 alias
2877 4927 3204 5001 provincias
3233 4926 3578 4996 convolavit,
3609 4930 3668 4983 et
3695 4944 3870 4984 cano-

2215 5018 2348 5075 nica
2368 5016 2965 5074 excommunicatione
2985 5017 3309 5084 devinctus,
3330 5015 3470 5090 quia
3495 5017 3743 5073 verbum
3765 5021 3866 5073 Do-

2217 5106 2364 5164 mini
2387 5122 2500 5163 non
2525 5111 2614 5163 est
2649 5105 2976 5181 alligatum,
3010 5104 3410 5180 irregulariter
3439 5105 3746 5178 usurpavit
3775 5123 3864 5163 re-

2218 5197 2436 5270 gimen,
2459 5200 2517 5252 et
2536 5196 2648 5253 sibi
2671 5213 2736 5253 ac
2758 5196 3194 5253 ordinatoribus
3217 5195 3364 5262 suis,
3387 5211 3614 5252 uecnon
3631 5199 3694 5251 et
3722 5196 3864 5252 sub-

2218 5285 2357 5342 ditis
2383 5286 2619 5342 adauxit
2640 5285 3136 5351 discrimen,sicut
3159 5285 3270 5341 Leo
3291 5301 3443 5358 papa
3471 5284 3864 5341 demonstrat.

2289 5375 2401 5432 Sed
2430 5381 2487 5431 et
2514 5375 2839 5432 notandum
2898 5373 3037 5446 quia
3095 5374 3361 5447 quaedam
3394 5374 3466 5430 de
3494 5373 3870 5447 prteﬂciendo

2216 5463 2435 5521 civitati
2465 5463 2735 5536 episcopo
2766 5463 2995 5520 decreta
3023 5463 3413 5530 omiserit,aut
3427 5461 3868 5537 oblivionecap-

2213 5559 2332 5624 tus,
2367 5558 2471 5610 aut
2508 5552 2863 5609 conscientia
2891 5553 3254 5610 stimulatus.
3286 5555 3536 5609 Cautum
3567 5553 3866 5624 siquidem

2215 5643 2368 5700 inter
2387 5643 2501 5700 alia
2521 5641 2672 5698 sacri
2702 5658 2954 5699 canones
2983 5643 3381 5709 decreverunt,
3413 5647 3480 5698 ut
3507 5643 3580 5698 de
3611 5641 3868 5698 alia~Ec-

2217 5731 2396 5789 clesia
2415 5731 2633 5804 petitus
2664 5730 2753 5787 vel
2783 5733 3057 5804 sumptus
3077 5732 3128 5788 is
3161 5731 3260 5804 qui
3292 5732 3468 5790 fuerit
3497 5731 3870 5790 ordinandus
