4018 6456
171 441 271 503 385

853 436 955 496 DE
998 435 1762 502 PBJEDESTINATIONE
1805 434 2328 496 DlSSERTATIO
2370 435 2836 497 POSTERIOR.

3427 438 3546 500 386

170 572 483 647 episcopus,
511 587 629 627 non
649 569 778 626 sine
806 568 1019 642 placito
1038 568 1129 627 vel
1149 568 1359 625 litteris
1378 570 1507 641 ejus
1536 567 1793 641 episcopi
1822 568 1877 637 Α
1905 585 2027 635 xm,
2058 568 2174 637 26),
2206 568 2447 624 audient
2479 585 2493 624 :
2530 568 2822 624 Discedite
2847 585 2884 625 a
2910 586 3021 637 me,
3049 570 3240 627 nescio
3275 571 3376 643 qui
3399 572 3545 629 sitis.

172 664 320 735 cujus
338 661 531 716 fuerat
549 657 797 715 clericus
818 658 1139 726 ordinetur,
1164 674 1442 715 concessa
1467 657 1798 730 specialiter

172 748 594 821 Carthaginensi
612 746 885 804 Ecclesiae
907 750 1045 803 nota
1066 745 1413 803 necessitate
1432 745 1688 803 licentia.
1698 747 1799 801 Re~

172 841 303 913 legat
327 837 583 910 denique
612 840 816 893 sancta
846 835 1181 893 fraternitas
1210 835 1456 892 concilia
1483 840 1541 891 et
1568 836 1801 893 decreta

173 948 203 986 a
225 927 498 987 Romanis
556 926 933 999 pontiﬁcibus
992 924 1283 980 celebrata
1320 928 1377 980 et
1405 924 1799 997 promulgata,

170 1016 404 1075 revolvat
423 1016 483 1071 in
507 1015 723 1073 Graecis
743 1013 1081 1088 regionibus
1112 1015 1344 1071 decreta
1371 1014 1637 1079 concilia,
1670 1030 1799 1085 per-

168 1110 446 1164 scmietur
472 1105 534 1161 in
574 1104 817 1171 Italicis,
850 1102 1109 1169 Gallicis,
1143 1101 1523 1171 Germanicis,
1554 1100 1800 1175 Belgicis

169 1195 473 1271 provinciis
521 1198 687 1250 actas
732 1193 1017 1265 synodos,
1041 1197 1103 1248 et
1140 1192 1333 1249 videat
1363 1192 1413 1248 si
1444 1193 1519 1248 de
1547 1192 1656 1248 sub
1687 1190 1801 1248 isto

167 1284 291 1342 celo
317 1282 668 1355 bujusmodi
698 1280 1024 1355 capitulum
1055 1278 1561 1352 comprovincialis
1582 1282 1801 1350 quanto

167 1373 335 1447 magis
345 1371 642 1446 generalis
657 1370 865 1445 synodi
877 1370 1181 1427 obtutibus
1197 1385 1459 1441 unquam
1472 1366 1801 1440 apostolicae

168 1464 306 1520 sedis
322 1461 594 1535 pontifex
622 1461 848 1517 dederit
865 1458 957 1516 vel
976 1459 1225 1527 miserit,
1259 1464 1360 1514 aut
1379 1459 1536 1517 320
1556 1457 1804 1528 quilibet

168 1554 577 1625 imperatorum
608 1566 717 1606 sua
745 1547 1047 1605 sanctione
1073 1548 1293 1620 synodo
1322 1550 1684 1619 congregatae
1716 1545 1801 1601 di-

170 1639 481 1711 rexerit,vel
501 1640 553 1696 si
571 1638 847 1712 quaelibet
869 1638 1130 1711 synodus
1150 1635 1420 1704 ediderit,
1446 1640 1548 1695 aut
1569 1635 1619 1691 si
1642 1634 1801 1707 quis-

171 1744 331 1801 quam
360 1727 777 1800 episcoporum
799 1726 1022 1797 synodo
1052 1728 1403 1798 praesentare
1433 1740 1694 1795 unquam
1713 1723 1802 1779 vel

171 1834 407 1891 usquam
458 1815 921 1889 praesumpserit.
955 1815 1071 1871 Nos
1119 1831 1223 1887 pro
1268 1818 1443 1881 certe,
1475 1814 1536 1871 in
1564 1814 1804 1869 veritate

168 1907 299 1963 sciat
324 1910 540 1962 sancta
569 1905 927 1973 fraternitas,
948 1920 1052 1977 pro
1090 1908 1289 1960 nostra
1318 1903 1557 1976 speciali
1590 1902 1807 2003 injuria
1834 1938 1884 2004 Β

168 1997 270 2053 ista
285 2013 407 2053 non
430 1995 712 2063 dicimus,
736 1994 839 2067 qui
868 2011 903 2050 a
945 1993 1225 2052 fratribus
1271 1993 1508 2061 nostris,
1544 1991 1806 2066 Remigio

170 2084 376 2141 scilicet
421 2082 740 2143 venerabili
788 2083 1248 2155 archiepiscopo,
1280 2086 1338 2138 et
1366 2081 1807 2138 honorabilibus

171 2173 677 2231 consaeerdotibus
733 2173 951 2229 nostris
1006 2172 1314 2245 provincize
1374 2171 1805 2244 Lugdunensis,

170 2262 299 2319 illud
317 2260 730 2334 conscriptum
750 2277 1124 2333 nequaquam
1148 2260 1329 2317 fuisse
1350 2259 1676 2316 certissime
1696 2259 1807 2315 sci-

172 2369 292 2409 mus
316 2357 379 2409 et
410 2350 735 2418 credimus,
768 2350 871 2424 qui
919 2367 1127 2407 omnes
1172 2348 1260 2405 illi
1291 2366 1437 2422 pene
1468 2366 1575 2406 nos
1605 2365 1811 2405 omnes

170 2442 233 2498 ab
252 2441 400 2515 ipsis
423 2440 599 2497 annis
621 2439 986 2513 juvenilibus
1016 2443 1432 2512 cognoverunt,
1461 2442 1517 2494 et
1547 2438 1814 2495 scientio-

169 2531 275 2586 lam
304 2535 578 2587 nostram
629 2546 696 2586 ac
741 2528 1238 2586 conversationem
1290 2528 1445 2585 sicut
1492 2527 1813 2583 familiares

172 2619 539 2676 familiariter
554 2619 908 2686 didicerunt,
934 2622 991 2674 et
1011 2634 1079 2674 ex
1100 2618 1316 2691 quibus
1346 2616 1620 2675 Ecclesiis
1640 2621 1815 2689 atque

172 2709 494 2776 ordinibus,
509 2713 569 2764 et
598 2707 853 2781 qualiter
881 2708 953 2763 ad
988 2724 1293 2763 summum
1325 2707 1717 2764 sacerdotium
1743 2706 1815 2763 si-

177 2814 297 2853 mus
341 2796 546 2870 gratia
593 2796 795 2852 divina
846 2797 1157 2868 assumpti,
1191 2796 1344 2852 sicut
1373 2798 1444 2852 de
1476 2795 1816 2853 domesticis

173 2886 441 2958 ignorare
459 2901 581 2942 non
600 2890 944 2957 potuerunt:
970 2885 1336 2958 qualiterque
1366 2885 1426 2941 in
1448 2885 1731 2958 regimine
1761 2889 1820 2942 et

173 2974 280 3030 vita
311 2980 373 3031 et
426 2973 867 3033 conversatione
916 2978 973 3029 et
1020 2974 1265 3031 scientia
1320 2978 1496 3046 atque
1552 2973 1819 3031 doctrina

173 3064 483 3137 degamus,
498 3062 619 3119 illis
639 3063 932 3119 occultare
961 3080 1067 3119 nec
1097 3063 1370 3120 volumus
1398 3081 1503 3120 nec
1531 3062 1815 3120 valemus.

172 3157 235 3208 In
259 3153 483 3226 quibus
533 3152 689 3209 sicut
718 3153 776 3207 in
810 3151 1173 3225 spiritalibus
1216 3152 1358 3209 viris
1399 3153 1717 3209 maximam
1748 3153 1818 3209 de

171 3242 328 3299 nobis
347 3243 647 3299 habemus
683 3241 980 3310 ﬁduciam,
1011 3259 1259 3315 quorum
1290 3247 1348 3298 et
1370 3243 1551 3299 vitam
1582 3242 1815 3315 religio-

171 3347 307 3400 sam,
330 3337 392 3388 et
412 3331 751 3388 doctrinam
789 3330 1161 3402 catholicam,
1185 3335 1243 3388 et
1263 3332 1689 3389 ordinationem
1720 3348 1811 3386 ca-
1845 3307 1888 3375 (ἶ

170 3421 441 3478 nonicam
473 3437 592 3476 non
624 3420 989 3494 ignoramus.

230 3510 323 3566 Ait
349 3510 523 3568 enim
548 3508 791 3583 capituli
824 3509 999 3567 istius
1046 3510 1406 3584 compositor
1436 3527 1449 3567 :
1500 3533 1529 3562 ‹‹
1563 3510 1710 3578 Quia
1734 3511 1816 3566 in-

170 3597 418 3657 discussi
442 3603 501 3657 et
521 3597 1305 3672 inexaminati,scientizeque
1328 3599 1657 3657 litterarum
1674 3617 1819 3673 pene

171 3686 369 3761 ignari,
396 3688 720 3761 minusque
740 3687 1068 3761 apostolica
1099 3688 1471 3762 praeceptioni
1501 3689 1821 3763 apprOpin-

171 3790 437 3849 quantes,
471 3777 728 3851 peccatis
779 3778 997 3834 nostris
1054 3777 1385 3851 agentibus,
1420 3795 1523 3851 per
1558 3778 1819 3835 civitates

169 3867 424 3943 episeOpi
458 3866 809 3924 ordinantur
841 3885 853 3923 :
889 3884 1008 3938 qua
1043 3867 1347 3923 occasione
1378 3867 1629 3924 maxime
1658 3868 1821 3940 vigor

170 3956 603 4013 ecclesiasticus
632 3956 899 4028 deperiit.
937 3978 964 4006 ››
996 3956 1059 4012 In
1107 3956 1290 4013 fronte
1347 3956 1520 4013 istius
1577 3956 1818 4029 capituli

171 4044 331 4103 docet
378 4047 517 4117 ejus
564 4045 944 4118 compositor,
976 4062 1093 4101 non
1139 4062 1267 4102 esse
1315 4046 1649 4119 episcopos,
1672 4062 1820 4118 quos

170 4133 473 4209 episcopos
505 4134 822 4208 appellavit
851 4134 1061 4191 dicens.
1087 4152 1100 4191 :
1153 4157 1183 4185 ‹‹
1216 4135 1363 4201 Quia
1414 4135 1733 4192 indiscussi
1763 4139 1822 4192 et

168 4222 547 4281 iuexaminati
579 4224 928 4280 ordinantur
956 4223 1234 4296 episcopi.
1264 4246 1291 4274 ››
1313 4224 1464 4280 Nam
1481 4228 1539 4280 et
1568 4224 1631 4279 in
1659 4224 1820 4298 capi-

170 4312 284 4370 talo
324 4315 524 4388 primo
573 4312 1055 4385 Carthaginensis
1099 4312 1329 4368 concilii
1389 4314 1675 4386 scriptum
1733 4317 1824 4369 est

168 4404 335 4470 (conc.
369 4403 450 4475 ιν)
477 4420 489 4459 :
518 4402 627 4471 Qui
666 4404 949 4474 episcopus
993 4401 1334 4458 ordinandus
1370 4410 1468 4472 est,
1499 4410 1661 4459 antea
1689 4419 1819 4459 exe-

166 4495 429 4563 ηιὴιαων,
452 4496 512 4549 et
533 4491 780 4564 reliqua.
812 4491 977 4548 Unde
1016 4491 1397 4548 manifestum
1438 4496 1528 4548 est
1555 4510 1689 4548 eum
1720 4493 1822 4565 qui

168 4586 370 4640 contra
399 4598 659 4640 canones
690 4580 998 4637 ordinatus
1028 4597 1159 4637 esse
1185 4580 1437 4648 videtur,
1467 4598 1584 4636 non
1614 4582 1823 4639 debere

1905 657 2109 712 Adhuc
2167 656 2343 713 etiam
2401 658 2736 714 addamus:
2784 660 3082 725 Quomodo
3139 659 3328 716 dicere
3386 665 3546 733 pote-

1907 750 2062 813 runt,
2097 745 2158 800 in
2212 746 2449 802 nomine
2506 749 2606 801 tuo
2663 747 3139 819 prophetavimus
3169 752 3227 804 et
3254 749 3312 803 in
3339 748 3548 821 plateis

1908 835 2146 901 nostris,
2171 834 2392 890 scilicet
2412 835 2472 891 in
2493 835 2805 892 latitudine
2823 836 2991 892 nobis
3014 837 3545 910 commissipopuli,

1908 942 2011 997 per
2039 941 2145 980 nos
2173 923 2447 991 docuisti,
2478 923 2581 997 qui
2611 924 2867 981 scientiae
2895 925 3118 982 lumine
3148 926 3339 1000 ignari
3373 929 3550 989 duces

1909 1018 2048 1070 sunt
2105 1013 2262 1081 caeci,
2322 1031 2615 1086 praecones
2663 1013 2859 1070 muti?
2899 1015 3067 1081 Quod
3121 1015 3549 1088 subsequitur:

1910 1125 1939 1153 «
1966 1102 2281 1175 minusque
2318 1102 2647 1175 apostolicae
2678 1102 3048 1176 praeceptioni
3076 1103 3552 1178 appropinquan-

1907 1195 2017 1259 tes,
2051 1212 2078 1242 »
2112 1191 2222 1246 hoc
2252 1195 2341 1246 est
2375 1195 2571 1265 aperte
2602 1192 2791 1247 dicere
2825 1209 2839 1247 :
2873 1192 3124 1265 Ideoque
3170 1192 3307 1249 boni
3360 1193 3552 1255 meriti

1909 1280 2107 1349 alieni,
2140 1284 2197 1336 et
2242 1281 2633 1337 ordinattione
2679 1280 2926 1353 indigni.
2963 1282 3126 1348 Quod
3166 1281 3308 1338 dicit
3338 1300 3351 1338 :
3387 1306 3414 1333 ‹‹
3452 1283 3556 1339 Per

1908 1369 2173 1425 civitates
2224 1368 2482 1442 episcopi
2539 1369 2905 1438 ordinantur,
2940 1386 3058 1442 qua
3095 1370 3398 1428 occasione
3430 1388 3552 1428 ma-

1908 1458 2064 1515 xime
2084 1459 2248 1531 vigor
2267 1458 2701 1516 ecclesiasticus
2731 1457 2997 1530 deperiit,
3020 1480 3050 1509 ››
3076 1476 3191 1516 non
3224 1477 3327 1533 per
3356 1459 3553 1516 civita-

1910 1551 1999 1602 tes
2029 1547 2286 1619 episcopi
2319 1547 2685 1615 ordinantur,
2720 1547 2820 1602 sed
2853 1563 3190 1618 pervaseres
3228 1547 3550 1617 civitatum,

1913 1637 2059 1693 321
2114 1640 2173 1691 et
2227 1635 2401 1691 alieni
2464 1634 2771 1690 ministerii
2832 1635 3148 1705 invasores,
3182 1641 3240 1692 et
3286 1637 3443 1693 fures
3488 1653 3555 1696 ac

1911 1724 2187 1790 latrones,
2220 1742 2336 1780 non
2369 1712 2559 1780 dicain
2592 1724 2935 1779 mercenarii
2961 1726 3421 1795 'exordinantur,
3452 1744 3557 1801 per

1912 1830 2063 1886 quos
2116 1813 2280 1886 vigor
2335 1813 2763 1869 ecclesiasticus
2818 1814 3061 1885 deperit,
3089 1814 3191 1886 qui
3222 1815 3295 1871 ad
3323 1814 3431 1870 hoc
3456 1817 3553 1873 de.-

1913 1903 2162 1958 buerant
2186 1902 2442 1974 praeferri
2485 1906 2547 1957 ut
2590 1902 2754 1974 vigor
2810 1902 3239 1959 ecclesiasticus
3268 1903 3328 1958 in
3359 1903 3554 1976 aliquo

1915 1990 2212 2064 delapsus,
2244 2008 2348 2063 per
2396 1990 2557 2063 ipsos
2603 1990 2891 2062 potuisset
2941 1992 3190 2061 restitui,
3221 1997 3279 2048 et
3305 1991 3366 2047 in
3398 1982 3555 2050 statu

1914 2097 2159 2136 manens
2190 2078 2448 2134 valenter
2479 2078 2778 2135 constitui.
2801 2080 2869 2134 Et
2889 2078 2939 2135 si
2971 2083 3213 2136 sanctus
3244 2080 3557 2152 Gregorius

1862 2181 1871 2185 '
1915 2168 1975 2223 in
2006 2168 2250 2224 homilia
2277 2166 2573 2240 Evangelii
2602 2166 2830 2222 decima
2858 2167 3128 2239 septima,
3163 2185 3224 2224 se
3256 2185 3439 2224 unum
3472 2170 3556 2229 fai-

1916 2258 2076 2314 ciens
2106 2258 2176 2313 de
2207 2256 2300 2311 his
2331 2273 2579 2329 quorum
2628 2256 2919 2330 praecipue
2949 2261 3183 2330 peccato
3215 2257 3437 2315 dixerat
3465 2259 3559 2332 agi

1917 2349 2073 2422 quod
2105 2347 2357 2421 populus
2386 2345 2546 2401 illius
2577 2345 2856 2419 temporis
2886 2346 3169 2415 interiret,
3202 2347 3273 2403 de
3302 2348 3559 2420 generali

1919 2443 2152 2511 peccato
2194 2440 2551 2508 conquestus
2580 2439 2687 2498 est,
2723 2452 2838 2511 non
2896 2440 3093 2492 tamen
3149 2437 3233 2492 sic
3286 2438 3561 2510 specialia

1920 2526 2186 2594 erimina,
2220 2528 2277 2580 et
2307 2525 2377 2580 de
2409 2524 2635 2593 merito,
2669 2528 2727 2579 et
2773 2524 2844 2580 de
2891 2524 3201 2580 inscientia
3228 2529 3285 2580 et
3314 2526 3385 2581 de
3413 2527 3562 2587 ordi-

1921 2615 2154 2672 natione
2185 2613 2405 2683 illicita,
2439 2611 2882 2686 generalitatem
2933 2614 3302 2670 sacerdotum
3360 2617 3562 2673 redar-

1921 2705 2050 2778 guit
2081 2721 2094 2758 :
2128 2709 2184 2759 et
2212 2703 2262 2759 si
2293 2703 2582 2775 quosdam
2640 2702 2835 2757 tacitis
2883 2702 3222 2759 nominibus
3256 2705 3326 2759 de
3357 2704 3563 2762 haeresi

1923 2793 2255 2849 Simoniaca
2287 2790 2567 2863 corripuit
2606 2791 2805 2846 dicens
2830 2807 2843 2845 :
2867 2790 3047 2846 Vobis
3067 2791 3223 2847 enim
3246 2795 3561 2850 sacerdoti-

1922 2884 2034 2938 bus
2064 2881 2272 2953 lugens
2316 2879 2544 2951 loquor,
2576 2880 2715 2952 quia
2767 2879 3079 2936 nonnullos
3121 2885 3378 2936 vestrum
3426 2899 3562 2942 cum

1924 2970 2181 3043 praemiis
2203 2970 2391 3025 facere
2411 2968 2809 3025 ordinationes
2848 2969 3212 3041 agnovimus.
3235 2970 3380 3026 Cum
3411 2976 3565 3028 esset

1924 3058 2181 3132 pontifex
2236 3057 2437 3130 prima
2487 3056 2644 3113 sedis
2694 3057 2754 3111 in
2784 3061 2902 3113 toto
2936 3062 3221 3114 terrarum
3254 3059 3412 3128 orbe,
3446 3076 3562 3115 non

1925 3164 2129 3203 omnes
2161 3145 2417 3219 generali
2444 3145 2788 3213 invectione,
2821 3145 3195 3218 interponens
3225 3147 3561 3217 nonnullos,

1927 3239 2079 3293 sicut
2098 3237 2208 3293 iste
2227 3235 2415 3291 ferula
2433 3235 2758 3309 magistrali
2778 3233 2911 3291 sine
2928 3234 3049 3291 ulla
3076 3237 3407 3313 exceptione
3438 3256 3566 3311 per-

1926 3326 2188 3399 ceptione
2218 3325 2527 3398 percussit.
2562 3326 2624 3380 In
2682 3324 2855 3380 istius
2909 3329 3104 3382 autem
3161 3326 3568 3400 compositoris

1926 3415 2181 3488 capitulo
2213 3415 2404 3471 videat
2431 3414 2635 3483 lector,
2666 3431 2794 3487 quae
2826 3414 2990 3488 plebs
3021 3414 3325 3473 Dominica
3353 3433 3469 3472 non
3491 3417 3569 3473 sit

1926 3503 2284 3573 conculcata,
2314 3521 2443 3576 qua:
2493 3503 2697 3561 civitas
2746 3520 2861 3559 non
2910 3503 2987 3560 sit
3025 3504 3402 3572 dehonorata,
3434 3505 3568 3578 quis

1925 3595 2234 3667 episcopus
2257 3611 2373 3649 non
2395 3593 2493 3665 sit,
2518 3610 2633 3649 non
2655 3594 2846 3649 dicam
2882 3610 3136 3663 morsus,
3169 3595 3271 3651 sed
3301 3594 3568 3659 annulla—

1925 3688 2046 3752 tus,
2070 3684 2205 3756 quis
2226 3683 2498 3755 princeps
2529 3699 2645 3738 non
2678 3682 3090 3754 reprehensus,
3126 3683 3260 3755 quis
3291 3683 3571 3757 archiepi-

1926 3790 2140 3846 scopus
2194 3790 2310 3828 non
2361 3773 2718 3828 confutatus.
2747 3771 2844 3825 Ait
2869 3771 3027 3827 enim
3056 3788 3070 3828 :
3104 3794 3131 3822 ‹‹
3162 3771 3484 3828 Indiscussi
3513 3775 3571 3829 et

1926 3862 2325 3931 inexaminati,
2359 3860 2732 3932 scientiaeque
2787 3859 3114 3915 litterarum
3164 3876 3310 3932 pene
3356 3858 3566 3931 ignari,

1927 3952 2240 4023 minusque
2258 3948 2584 4022 apostolica:
2607 3947 2979 4021 praeceptioni
3009 3947 3567 4023 appropinquantes,

1927 4059 2031 4115 per
2084 4040 2345 4097 civitates
2401 4039 2750 4117 ordinantur
2805 4036 3082 4110 episcopi.
3130 4036 3356 4094 Placuit
3404 4041 3470 4093 ut
3517 4038 3570 4101 si

1927 4130 2161 4202 quando
2192 4128 2442 4200 alicujus
2471 4126 2722 4183 civitatis
2780 4126 3090 4199 episcopus
3137 4124 3435 4181 vocatione
3465 4125 3570 4183 Do-

1928 4218 2073 4274 mini
2105 4217 2434 4285 decesserit,
2459 4233 2491 4271 a
2511 4213 2951 4288 gloriosissimis
2968 4214 3333 4288 principibus
3354 4214 3573 4288 suppli-
3678 4260 3687 4265 .

1929 4308 2113 4363 cando
2145 4305 2492 4379 postuletur,
2519 4326 2547 4354 »
2570 4315 2627 4360 el.
2646 4303 2872 4376 reliqua
2911 4321 3036 4375 quae
3076 4304 3469 4376 prosequitur.
3493 4306 3573 4362 Ac

1929 4396 1980 4453 si
2002 4397 2176 4464 dicat,
2201 4394 2339 4467 quia
2377 4393 2663 4450 hactenus
2688 4393 2830 4448 talia
2863 4392 3157 4465 principes
3190 4410 3304 4449 non
3336 4410 3573 4459 conces-

1928 4489 2151 4543 serunt.
2184 4483 2402 4539 Deinde
2428 4483 2497 4538 de
2528 4481 2983 4555 archiepiscopis
3015 4481 3184 4538 dicit:
3206 4483 3310 4539 «Si
3340 4488 3442 4539 aut
3458 4487 3575 4543 tur-

1931 4575 2081 4648 piter
2121 4572 2440 4645 cupiditate
2469 4588 2820 4645 quacunque
2852 4571 3335 4643 metropolitanus
3365 4573 3572 4643 victus,

170 4672 399 4728 censeri
426 4670 800 4744 episcopum,
833 4668 987 4727 sicut
1030 4669 1185 4725 inter
1231 4669 1376 4725 alios
1424 4670 1821 4742 Innocentius,
1850 4684 1898 4750 D
1930 4668 2032 4720 aut
2050 4663 2249 4734 aliquo
2284 4677 2525 4718 munere
2551 4661 3088 4733 deceptus,tantum
3108 4677 3256 4734 opus
3285 4660 3575 4735 negligen-

170 4759 547 4829 leostinus,
575 4763 633 4816 et
663 4760 776 4816 Leo
806 4759 1232 4816 demonstrant.
1267 4760 1428 4825 Quod
1478 4758 1635 4816 enim
1679 4759 1822 4816 dicit

172 4851 310 4921 quia
330 4849 681 4918 indiscussi,
704 4865 845 4922 ergo
880 4849 1127 4905 dubium
1157 4866 1230 4905 an
1253 4848 1371 4904 sint
1391 4848 1504 4905 fide
1533 4848 1823 4918 catholici,

171 4938 257 4996 vel
278 4939 447 4997 circa
462 4939 642 4995 fidem
664 4937 785 4994 sint
804 4937 1057 5011 reprobi.
1077 4938 1239 5005 Quod
1260 4936 1401 4993 dicit
1420 4937 1822 5007 inexaminati,

170 5027 357 5100 igitur
394 5029 517 5085 vita
555 5032 614 5084 et
642 5026 1080 5085 conversatione
1108 5043 1223 5082 non
1254 5025 1420 5099 probi
1454 5042 1469 5082 :
1504 5027 1657 5099 quod
1686 5026 1829 5082 dicit

174 5117 434 5175 scientia
454 5117 788 5174 litterarum
809 5132 956 5189 pene
981 5116 1190 5189 ignari,
1228 5116 1380 5172 sicut
1413 5119 1652 5172 sanctus
1685 5114 1828 5172 dicit

158 5204 603 5279 hieronymus:
634 5203 923 5278 Ignoratio
948 5203 1384 5275 Seripturarum
1405 5202 1693 5276 ignoratio
1723 5201 1827 5261 Dei

176 5297 284 5349 est.
306 5293 384 5349 Et
408 5292 754 5368 Apostolus:
781 5293 886 5362 Qui
906 5295 1120 5365 ignorat
1139 5292 1486 5363 ignorabitur
1500 5292 1551 5363 (Ι
1568 5291 1688 5347 Cor.
1711 5309 1827 5360 XIV,

175 5381 601 5453 38).Quomodo
625 5398 763 5456 ergo
788 5382 1141 5438 mediatores
1167 5382 1254 5439 vel
1273 5382 1695 5438 iuterventores
1724 5398 1827 5454 pro

177 5470 303 5528 suis
323 5489 397 5528 ac
417 5471 618 5546 populi
643 5471 896 5545 peccatis
918 5472 1075 5544 apud
1095 5471 1281 5529 Deum
1319 5471 1698 5527 habebuntur
1728 5471 1828 5544 qui

176 5559 526 5632 ignorantur
535 5563 566 5618 ‘I
576 5561 677 5635 qui
688 5560 827 5618 licet
837 5561 1602 5630 dicant,Domine,innomine
1611 5567 1701 5617 tuo
1709 5577 1831 5632 pro-

173 5648 524 5718 phetatum
544 5650 755 5722 (Bouh.
781 5667 885 5720 vn,
914 5653 1008 5721 22)
1032 5667 1048 5720 ;
1070 5655 1146 5718 et,
1176 5650 1619 5708 Manducavimus
1649 5666 1832 5707 coram

162 5744 255 5808 χω,
276 5748 337 5798 ιε
689 5748 743 5801 et
798 5742 863 5800 in
912 5740 1111 5817 plateis
1162 5742 1364 5801 nostris
1417 5739 1648 5801 docuisti
1674 5741 1826 5816 (Luc.

1927 4758 2017 4810 ter
2046 4757 2105 4808 et
2132 4768 2283 4824 aegre
2312 4750 2490 4808 fuerit
2519 4754 2847 4820 exsecutus,
2873 4749 3170 4822 judicium
3217 4750 3415 4807 omnia
3453 4767 3574 4813 cer-

1934 4841 2128 4899 nentis
2157 4840 2259 4897 Dei
2306 4858 2369 4897 se
2418 4841 2714 4897 incurrere
2767 4857 2883 4896 non
2932 4838 3179 4895 dubitet.
3214 4840 3325 4896 Sed
3355 4843 3412 4895 et
3441 4856 3574 4897 sen-

1932 4932 2120 4988 tentia
2146 4930 2544 4988 ecclesiastica
2571 4928 2795 4986 noverit
2826 4945 2887 4985 se
2917 4927 3296 5002 culpandum.
3333 4950 3362 4978 ››

2004 5023 2147 5078 Ecce
2169 5019 2370 5093 quales
2401 5037 2530 5077 esse
2559 5018 2851 5092 principes
2882 5016 3195 5086 denotavit,
3212 5032 3343 5072 ecce
3373 5015 3576 5088 quales

1934 5111 2402 5183 archiepiscopos
2432 5108 2749 5182 cupiditate
2792 5107 3014 5164 scilicet
3037 5106 3219 5163 victos
3248 5109 3306 5162 et
3337 5122 3578 5163 munere

1934 5202 2205 5274 deceptos
2227 5199 2558 5272 descripsit,
2583 5214 2713 5254 ecce
2739 5196 2942 5270 quales
2972 5195 3274 5268 episcopos
3305 5212 3409 5269 per
3438 5195 3577 5252 civi-

1936 5295 2089 5348 tates
2145 5290 2443 5347 ordinatos
2501 5287 2771 5345 asseruit.
2808 5286 3080 5358 Legimus
3127 5284 3188 5340 in
3231 5284 3575 5357 canonibus,

1936 5387 1993 5438 et
2023 5384 2222 5439 sancto
2270 5378 2544 5452 Gregorio
2593 5379 2832 5434 docente
2889 5375 3224 5445 didicimus,
3260 5377 3399 5450 quia
3428 5376 3580 5436 sacri

1938 5486 2189 5528 canones
2221 5467 2611 5526 Simoniacam
2641 5464 2912 5521 haeresim
2941 5465 3246 5535 damnant,
3279 5471 3336 5523 et
3364 5484 3462 5524 eos
3494 5484 3582 5527 sa-

1938 5559 2192 5618 cerdotio
2214 5558 2427 5630 privari
2461 5555 2824 5629 praecipiunt,
2847 5555 2946 5627 qui
2978 5555 3050 5611 de
3079 5554 3396 5631 largiendis
3426 5557 3580 5615 ordi-

1937 5651 2113 5708 nibus
2144 5648 2397 5722 pretium
2420 5649 2708 5719 quaarunt,
2733 5661 2986 5717 quorum
3008 5645 3315 5705 cathedras
3341 5647 3584 5705 Redem-

1937 5746 2071 5821 ptor
2099 5742 2297 5801 uoster
2326 5735 2550 5807 evertit,
2581 5741 2639 5796 et
2668 5734 3061 5797 sacerdotium
3090 5736 3362 5808 destruit,
3393 5739 3451 5796 et
3480 5733 3582 5813 qui
