4018 6464
490 426 610 488 387

1419 426 1804 489 HINCMARI
1851 425 2300 489 RIlEMENSlS
2340 425 2958 489 ARCHIEPISCOPI.

3778 429 3880 491 388

487 568 592 630 pro
625 572 836 614 manus
862 557 1238 630 impositione
1287 574 1505 613 munus
1554 559 1735 616 donat
1781 559 1868 617 vel
1901 559 2134 632 accipit,
2163 559 2218 628 Α
2247 559 2523 615 dentibus
2551 559 2614 616 in
2641 559 2862 632 synodo
2888 559 3319 616 venerabilibus
3361 560 3654 634 episcopis
3707 560 3768 616 in
3795 579 3880 618 no-

485 648 706 720 ipsese
749 647 1068 702 anathema
1123 646 1320 702 efﬁcit.
1354 647 1587 704 Scimus
1645 648 1801 704 enim
1860 649 2014 722 quod
2073 649 2130 704 in

486 735 851 808 spiritalibus
873 735 1127 790 devitare
1147 736 1450 804 debemus,
1479 754 1696 793 munus
1718 754 1845 794 esse
1866 755 1901 793 a
1929 755 2128 805 manu,

485 841 706 880 munus
723 843 758 881 a
773 823 994 897 lingua,
1014 840 1232 880 munus
1253 825 1325 879 ab
1347 825 1647 898 obsequio.
1663 825 1826 882 Unde
1848 826 2130 882 Dominus

482 929 588 985 per
615 913 959 986 prophetam
989 911 1171 968 dicit:
1206 916 1324 984 Qui
1375 915 1595 969 excutit
1645 931 1852 970 manus
1890 931 2026 970 suas
2051 917 2128 972 ab

482 1003 641 1057 omni
663 1017 926 1067 munere,
949 1003 1060 1058 iste
1080 1002 1140 1056 in
1163 1001 1402 1057 excelsis
1441 1004 1728 1059 habitabit
1761 1006 1900 1076 (15a.
1932 1022 2124 1073 xxxm,

483 1090 594 1162 15).
627 1089 940 1162 Propterea
969 1091 1486 1160 considerandum,
1511 1094 1838 1149 secundum
1869 1094 2129 1150 admoni-

481 1177 700 1234 tionem
742 1178 928 1234 sancti
960 1180 1240 1252 Gregorii,
1263 1181 1456 1254 qualis
1481 1181 1540 1236 in
1574 1183 1854 1255 regimine
1885 1183 1994 1239 erit
2024 1185 2124 1256 qui

482 1267 556 1322 ad
596 1267 706 1323 hoc
743 1271 1116 1340 promovetur
1137 1273 1203 1324 ut
1232 1269 1538 1326 hazreticus
1577 1271 1699 1326 ﬁat.
1722 1271 1780 1328 Si
1811 1271 1958 1328 tales
1988 1277 2128 1328 sunt

479 1354 794 1428 principes,
814 1355 1020 1413 sitales
1041 1357 1482 1431 archiepiscopi,
1507 1358 1556 1416 si
1575 1359 1722 1416 tales
1745 1375 1848 1432 per
1865 1359 2125 1418 civitates

480 1449 620 1500 sunt
674 1443 925 1501 ordinati
984 1444 1265 1518 episcopi,
1290 1464 1372 1501 vae
1404 1447 1522 1504 illis
1551 1448 1743 1515 terris,
1779 1465 1926 1520 quas
1973 1450 2124 1506 tales

479 1551 596 1590 non
654 1533 842 1590 solum
901 1534 1055 1591 822
1111 1534 1508 1604 infructuosae,
1558 1553 1761 1594 verum
1820 1542 1880 1594 et
1939 1539 2122 1595 noxias

477 1621 736 1679 ﬁculneae
758 1640 872 1679 non
915 1624 1088 1678 modo
1128 1629 1435 1697 occupant,
1460 1630 1614 1682 certe
1635 1627 1734 1683 sed
1758 1627 2118 1700 opprimunt.

476 1711 570 1767 Vae
601 1712 1024 1785 peccatricibus
1052 1711 1407 1781 civitatibus,
1438 1715 1656 1786 quibus
1689 1721 1880 1788 pestes
1911 1717 2118 1788 hujus-

474 1801 633 1857 modi
673 1799 948 1870 insident,
978 1817 1060 1855 va:
1119 1801 1352 1858 miseris
1410 1802 1701 1876 plebibus,
1733 1805 1832 1876 qui
1865 1821 2117 1862 erronem

472 1895 530 1946 et
559 1889 686 1945 sine
716 1893 946 1962 pastore
977 1906 1090 1945 non
1125 1889 1314 1946 solum
1347 1891 1646 1957 dentibus,
1673 1910 1874 1948 verum
1906 1897 1964 1949 et
1983 1898 2118 1965 gut-

472 1977 706 2034 turibus
744 1977 1019 2051 luporum
1055 1978 1356 2036 hiantibus
1386 1980 1511 2036 sine
1539 1980 1658 2037 ullo
1691 1985 1890 2054 patent
1918 1983 2112 2038 obsta-

471 2067 626 2134 culo,
659 2067 784 2124 sine
811 2067 933 2123 ullo
963 2069 1120 2124 verbi
1147 2069 1244 2124 Dei
1298 2068 1522 2126 lumine
1569 2071 1840 2127 sedentes
1872 2072 1930 2126 in
1963 2059 2116 2128 tene-

469 2157 615 2222 bris,
649 2155 773 2212 sine
799 2173 946 2228 pane
972 2157 1131 2213 verbi
1155 2157 1254 2213 Dei
1277 2161 1334 2213 et
1353 2158 1478 2214 sine
1501 2158 1810 2216 refectione
1841 2160 2112 2233 spiritali,

469 2244 666 2301 inedia
689 2246 1055 2302 tabescentes
1085 2245 1257 2300 morti
1288 2248 1707 2320 propinquant,
1739 2253 1814 2317 et,
1839 2250 1992 2320 quod
2023 2255 2114 2306 est

469 2333 1182 2406 lugubrius,sempiternze
1205 2349 1218 2388 :
1245 2339 1506 2407 petentes
1538 2353 1746 2408 panem
1779 2337 2022 2409 parvuli,
2055 2343 2113 2393 et

469 2441 582 2480 non
608 2424 818 2496 estqui
841 2424 1074 2496 frangat
1091 2424 1201 2493 eis,
1224 2441 1338 2497 quo
1359 2426 1665 2480 abundant
1680 2427 1854 2482 etiam
1891 2443 2108 2482 merce-

468 2513 618 2571 narii
651 2514 709 2568 in
743 2515 917 2570 domo
949 2513 1121 2569 istius
1151 2513 1296 2568 tanti
1329 2514 1518 2570 Patris
1563 2515 1662 2587 qui
1712 2534 1818 2572 nos
1865 2517 2110 2574 miseros

467 2601 776 2675 descripsit
799 2602 1104 2674 episcopos
1127 2601 1247 2658 :‘ita
1273 2610 1336 2657 ut
1361 2603 1433 2658 de
1454 2602 1579 2658 sola
1607 2604 1775 2676 plebe
1801 2605 1918 2660 illis
1949 2622 2106 2662 com-

465 2691 650 2748 missa
677 2689 1047 2765 possimus,si
1069 2695 1265 2747 tamen
1297 2709 1614 2764 possumus
1645 2693 2106 2761 dicere,13catum

462 2781 740 2837 dixerunt
783 2781 1068 2854 populum
1124 2782 1224 2836 cui
1251 2785 1370 2838 haec
1398 2789 1528 2836 sunt
1553 2781 1736 2851 (1)δαί.
1769 2799 1956 2851 cxun,
1993 2785 2102 2852 15),

463 2869 686 2926 scilicet
721 2885 848 2942 quae
896 2867 990 2924 ille
1038 2868 1566 2942 largiturzbeatus
1623 2871 1877 2945 populus
1934 2875 2104 2946 cujus

460 2965 649 3018 rector
677 2961 804 3017 sine
831 2959 1264 3032 comparatione
1315 2960 1426 3016 iste
1470 2965 1560 3017 est
1607 2961 1788 3018 solus.
1817 2962 1924 3028 Qui
1951 2963 2105 3018 sicut

461 3049 533 3106 de
547 3049 658 3106 Job
679 3049 902 3104 nuntiis
923 3048 1138 3104 dicitur
1156 3049 1438 3104 remansit
1459 3049 1555 3105 ille
1577 3050 1759 3117 solus,
1783 3057 1846 3105 ut
1867 3051 2104 3107 nuntia-

459 3143 547 3196 ret
574 3137 842 3195 Ecclesia:
871 3137 1075 3210 quales
1108 3155 1221 3193 non
1268 3142 1518 3195 rectores
1567 3140 1668 3196 sed
1726 3139 2102 3196 subversores

459 3229 770 3286 sustineat.
804 3227 914 3283 Sed
965 3228 1167 3283 audiat
1213 3227 1526 3283 Dominum
1572 3227 1682 3284 sibi
1741 3230 2092 3301 responden-

2243 647 2400 704 mine
2421 647 2669 717 Domini,
2694 647 3006 704 Hincmaro
3038 648 3387 705 Rhemensis
3416 648 3689 706 Ecclesiae
3710 649 3881 706 archi-

2240 734 2536 806 episcopo,
2553 734 2862 790 Wenilone
2887 736 3183 792 Sennense
3213 735 3675 810 archiepiscopo,
3703 737 3880 794 Amal~

2239 823 2358 879 rico
2389 825 2729 880 Turonense
2758 823 3214 897 archiepiscopo,
3231 825 3594 882 Theoderico
3621 826 3881 883 Camars-

2239 928 2340 967 cen
2349 928 2410 968 se
2425 913 2718 985 episcopo,
2728 911 2908 968 Hroth
2917 913 3022 968 ade
3039 913 3316 970 Suessoni
3323 930 3400 970 ea:
3413 913 3577 972 urbis
3589 914 3876 988 episcopo,

2238 1001 2400 1074 Lupo
2413 1001 2837 1058 Gatalaunense
2848 1001 3230 1074 episcopo,lm
3238 1018 3409 1058 mone
3423 1002 3877 1077 NoviOmagenso

2236 1091 2529 1162 episcopo,
2549 1091 2806 1162 Erpuino
2827 1090 3255 1148 Silvanectense
3271 1091 3566 1164 episcopo,
3579 1091 3875 1148 Yrminfri-

2236 1178 2310 1232 do
2327 1177 2671 1236 Belvacense
2695 1178 3244 1252 episcopo,Pardulo
3262 1180 3653 1236 Laudunense
3668 1181 3879 1254 episeo-

2235 1282 2328 1338 po,
2361 1265 2694 1323 Hilmerado
2721 1267 3116 1324 Ambianense
3144 1267 3718 1341 episcopo,Huberto
3745 1269 3872 1327 Mel-

2232 1355 2412 1410 dense
2423 1353 2824 1428 episcopo,Aio
2835 1355 3250 1413 Aurelianense
3266 1357 3874 1430 episcopo,Prudentio

2231 1443 2388 1500 828
2445 1445 2803 1501 Trecassinaa
2855 1445 3108 1502 civitatis
3179 1446 3472 1520 episcopo,
3524 1446 3875 1505 llerimanno

2229 1532 2581 1589 Nivernense
2591 1533 3037 1606 episcopo,Jona
3058 1534 3872 1611 Augustidunenseepiscopo,

2229 1621 2554 1678 Godelsado
2583 1621 2984 1680 Cavillonense
3035 1623 3330 1697 episcOpo,
3361 1623 3599 1681 Dodone
3621 1627 3876 1699 Andega.

2227 1727 2403 1767 vense
2453 1711 2744 1784 episcopo,
2807 1713 3128 1769 Guntberto
3187 1713 3513 1770 Ebrocense
3575 1713 3870 1788 episcOpo,

2227 1799 2621 1857 Hildehranno
2658 1802 2912 1874 Sagense
2931 1801 3226 1874 episcopo,
3257 1802 3491 1868 Erloino
3519 1801 3871 1860 Constantia

2225 1888 2390 1944 urbis
2418 1889 2712 1962 episcopo,
2747 1890 3028 1946 Baltfrido
3079 1890 3411 1948 Baiocensis
3458 1891 3736 1949 Ecclesia:
3762 1893 3872 1967 epi-

2223 1993 2418 2049 scopo,
2483 1975 2756 2034 Heirardo
2815 1979 3184 2036 Lexoviensis
3243 1978 3514 2036 Ecclesiae
3571 1981 3866 2054 episcopo,

2221 2068 2568 2140 Ansegaudo
2597 2068 2983 2124 Abrincatinaa
3021 2067 3186 2125 urbis
3213 2069 3508 2142 episcopo,
3543 2070 3868 2128 Teutboldo

2225 2155 2552 2228 Lingonicaa
2583 2157 2748 2213 urbis
2772 2157 3067 2230 episcopo,
3089 2157 3396 2231 Breidingo
3429 2158 3866 2216 Matiscentium

2221 2244 2486 2300 Ecclesiae
2542 2247 2834 2318 episcopo,
2899 2247 3098 2302 Launo
3167 2245 3548 2318 [Equolesinze
3617 2247 3864 2305 civitatis

2220 2332 2806 2406 episcopo,Ricboldo
2831 2335 3204 2391 Remensium
3235 2335 3678 2410 chorepiscOpo.
3715 2337 3865 2395 Resi-

2219 2424 2494 2483 dentibus
2542 2425 2718 2481 etiam
2770 2425 3125 2498 presbyteris
3172 2431 3230 2481 et
3259 2426 3596 2495 abbatibus,
3631 2429 3863 2485 Dodona

2217 2513 2428 2568 abbate
2481 2515 2818 2570 monasterii
2894 2514 3083 2570 sancti
3149 2515 3371 2585 Sabini,
3434 2517 3598 2589 Lupo
3655 2517 3863 2575 abbate

2216 2603 2556 2658 monasterii
2591 2595 2885 2660 Bethleem
2941 2606 3098 2678 quod
3141 2605 3435 2662 Ferrarias
3464 2606 3709 2675 dicitur,
3742 2607 3866 2664 Ber-

2217 2691 2400 2748 nardo
2441 2693 2652 2748 abbate
2708 2693 3050 2750 monasterii
3106 2693 3295 2750 sancti
3352 2694 3650 2752 Benedicti
3709 2696 3862 2768 quod

2213 2779 2541 2853 appellatur
2570 2781 2886 2848 Floriacus,
2912 2782 3147 2838 Hodone
3169 2784 3378 2840 abbate
3406 2800 3474 2840 ex
3505 2785 3861 2842 monasterio

2212 2869 2483 2938 Corbeizs,
2520 2871 2762 2928 Henrico
2807 2871 3018 2928 abbate
3047 2888 3116 2928 ex
3144 2873 3504 2929 monasterio
3533 2873 3858 2946 Corbionis,

2212 2959 2438 3014 Bavone
2468 2959 2675 3014 abbate
2705 2976 2772 3016 ex
2797 2960 3151 3016 monasterio
3180 2960 3528 3030 Orbacense,
3563 2967 3623 3018 et
3653 2979 3860 3036 quam-

2211 3046 2483 3120 plurimis
2516 3047 2646 3104 aliis
2675 3049 3076 3106 sacerdotibus
3107 3055 3164 3105 et
3191 3050 3526 3107 abbatibus.
3560 3051 3634 3106 Et
3659 3056 3860 3108 astan-

2208 3135 2368 3192 tibus
2407 3136 2771 3205 diaconibus,
2807 3143 3034 3194 astante
3089 3155 3324 3212 quoque
3379 3143 3438 3196 et
3494 3139 3858 3214 reliquorum

2173 3225 2498 3298 'graduum
2529 3226 2702 3283 clero.
2739 3227 3050 3284 Residente
3105 3228 3283 3284 etiam
3329 3229 3390 3286 in
3451 3229 3646 3286 medio
3703 3236 3858 3287 coetu

459 3322 579 3374 tem
610 3317 765 3389 quod
817 3315 960 3370 dixit
1009 3315 1144 3370 Elia:
1193 3315 1306 3371 alio
1354 3316 1562 3372 alfectu
1613 3333 1790 3388 quam
1839 3318 1948 3374 iste
1981 3317 2100 3373 haec
2131 3301 2173 3369 C
2210 3315 2616 3388 episcoporum
2655 3317 2908 3390 glorioso
2941 3334 3074 3390 rege
3093 3317 3320 3388 Carolo,
3342 3319 3440 3391 qui
3463 3319 3658 3376 eidem
3681 3337 3857 3376 sacrm

459 3404 670 3461 dixerit
698 3405 1072 3478 conquerenti
1104 3423 1117 3460 :
1154 3403 1428 3460 Remansi
1477 3422 1584 3477 ego
1633 3405 1814 3460 solus.
1847 3405 2096 3480 Reliqui,

459 3494 744 3551 Dominus
774 3493 986 3566 inquit,
1017 3483 1168 3549 mihi
1210 3503 1424 3567 septem
1456 3493 1660 3550 millia
1691 3495 1970 3564 virorum,
2003 3496 2102 3569 qui

454 3599 571 3640 non
617 3589 1002 3640 curraverunt
1055 3600 1210 3657 genu
1265 3589 1400 3640 ante
1457 3583 1613 3639 Baal
1641 3584 1745 3653 (III
1773 3585 1902 3658 Reg.
1936 3601 2094 3653 xvm,

458 3673 566 3748 19).
599 3673 880 3742 Quocirca
905 3677 962 3728 et
984 3673 1288 3740 Dominus,
1322 3671 1503 3745 gratis
1535 3691 1652 3729 sua:
1685 3673 2094 3730 misericordiae

455 3763 841 3836 sempiterna}.
857 3762 1053 3836 plures
1075 3765 1132 3817 et
1153 3760 1317 3816 aliter
1339 3767 1390 3816 et
1411 3761 1554 3816 alios
1577 3779 1678 3833 per
1697 3762 1956 3818 civitates
1987 3763 2094 3818 ha-

453 3853 550 3910 bet
569 3853 866 3910 ordinatos
887 3851 1190 3924 episcopos
1204 3855 1254 3906 et
1270 3849 1439 3906 aliter
1459 3851 1794 3908 ordinantes
1816 3852 2094 3924 archiepi-

452 3958 678 4015 scopos,
710 3941 972 4014 talesque
1005 3939 1318 4012 principes,
1353 3938 1452 4011 qui
1501 3957 1609 3995 sua
1655 3941 2028 3997 concessione
2057 3959 2093 3997 a

395 4055 403 4061 -
451 4031 663 4087 divinis
693 4029 912 4102 regulis
941 4045 1044 4101 per
1074 4033 1474 4100 contemptum
1525 4029 1752 4085 deviare
1782 4047 1897 4085 non
1930 4035 2090 4086 sata-

450 4120 615 4190 gunt.
633 4117 878 4172 Istorum
902 4115 1256 4187 compositor
1275 4115 1684 4187 capitulorum,
1709 4118 1883 4190 primi
1903 4119 2087 4175 Adam

449 4205 628 4272 ﬁlius,
651 4205 842 4261 sciens
863 4221 926 4260 se
949 4220 1218 4276 perversa
1247 4203 1625 4276 scripturum,
1660 4207 1720 4262 in
1751 4207 2088 4279 przefatione

447 4295 785 4353 eorumdem
800 4293 1186 4366 capitulorum
1203 4293 1440 4349 nomina
1455 4295 1860 4368 episcoporum
1873 4313 2089 4352 connu-

447 4382 709 4451 meravit,
739 4381 940 4438 volens
969 4399 1032 4438 se
1059 4382 1211 4438 inter
1241 4382 1400 4456 ligna
1429 4384 1684 4456 paradisi
1717 4402 1789 4440 ne
1819 4391 2088 4458 peccator

445 4476 860 4547 agnosceretur
905 4472 1283 4539 abscondere,
1313 4477 1372 4528 et
1411 4473 1580 4546 quasi
1627 4479 1865 4546 opertus
1895 4475 2084 4547 operi-

444 4566 641 4618 mento
661 4561 1048 4635 pretiosorum
1079 4561 1362 4634 lapidum,
1376 4566 1434 4617 et
1453 4563 1761 4620 condensis
1779 4565 2084 4623 frondibus

443 4650 740 4726 palliatus,
773 4654 840 4706 ut
867 4649 1176 4724 gloriosior
1229 4651 1454 4708 caeteris
1511 4657 1818 4725 appareret
1862 4655 1920 4710 in
1970 4655 2083 4713 isto
2115 4676 2160 4740 ι)

440 4740 697 4814 capitulo
715 4757 777 4796 se
791 4740 1156 4811 monstravit,
1181 4741 1334 4796 sicut
1353 4746 1411 4797 et
1432 4742 1491 4798 in
1512 4741 1630 4799 illis
1652 4743 1940 4816 capitulis,
1955 4762 2083 4818 quas

439 4829 676 4888 nomine
702 4828 1023 4885 Valcntinze
1054 4829 1258 4903 synodi
1291 4832 1652 4903 prmnotavit,
1687 4833 1742 4886 in
1775 4832 1988 4906 quibus
2019 4851 2081 4890 se

436 4938 506 4978 ex
535 4920 771 4977 nomine
801 4935 977 4992 quam
1009 4919 1262 4975 maxime
1309 4920 1698 4977 collaborasse
1746 4922 2076 4995 descripsit.

506 5010 565 5068 Si
621 5013 816 5066 autem
877 5004 1207 5082 generalem
1265 5009 1642 5078 calumniam,
1678 5027 1750 5066 ne
1795 5028 1902 5066 nos
1943 5012 2079 5068 inde

435 5099 884 5172 perciperemus,
920 5099 1089 5154 nobis
1121 5097 1450 5170 specialiter
1497 5099 1753 5172 irrogare
1802 5100 2075 5169 decrevit,

434 5205 550 5244 non
573 5189 676 5260 pro
699 5188 860 5246 illius
883 5187 1427 5260 redargutione,sed
1449 5204 1552 5260 pro
1573 5205 1777 5243 eorum
1799 5188 1899 5260 qui
1931 5189 2077 5245 torte

432 5281 662 5334 nostros
693 5279 888 5334 aditus
919 5279 988 5334 ad
1021 5277 1256 5333 ordines
1288 5295 1484 5333 sacros
1517 5277 1788 5350 ignorant
1840 5279 2074 5334 satisfa-

431 5365 641 5434 ctione,
661 5369 948 5439 quomodo
970 5384 1032 5424 se
1053 5368 1132 5424 rei
1155 5367 1368 5423 veritas
1390 5365 1600 5422 habeat
1621 5367 1847 5423 cunctis
1880 5367 2072 5440 legen-

428 5454 589 5512 tibus
619 5472 684 5511 ac
713 5457 859 5512 scire
889 5456 1216 5512 volentibus
1264 5457 1622 5512 innotescere
1667 5473 2070 5528 procuramus.

431 5545 510 5602 De
534 5544 979 5617 metropolitano
1009 5546 1302 5618 siquidem
1341 5544 1681 5617 metropolis
1713 5545 2070 5603 Rhemorum

427 5633 695 5692 Ecclesiae
707 5634 834 5708 jam
858 5634 1102 5707 quiestio
1141 5635 1346 5704 fuerat,
1373 5633 1526 5689 sicut
1544 5633 1604 5690 in
1625 5634 1807 5708 gestis
1829 5637 2070 5710 synoda-

425 5725 540 5792 δυο
583 5724 686 5805 qui
731 5722 980 5787 voluerit
1034 5723 1268 5804 plenius
1321 5723 1580 5786 invenire
1626 5723 1862 5788 valebit.
1903 5725 2068 5794 Resi-

2208 3405 2428 3476 synodo
2459 3423 2626 3462 suam
2660 3411 2750 3462 est
2796 3407 3072 3479 dignatus
3129 3406 3401 3464 exhibere
3455 3408 3855 3480 praesentiam,

2207 3495 2360 3566 apud
2423 3495 2758 3552 Suessionis
2814 3495 3132 3563 civitatem,
3160 3495 3222 3552 in
3253 3496 3614 3553 monasterio
3664 3498 3858 3554 sancti

2205 3582 2466 3638 Medardi
2487 3584 2840 3642 confessoris
2860 3584 3097 3652 Christi,
3121 3585 3275 3658 quod
3300 3583 3481 3642 situm
3510 3590 3602 3642 est
3619 3586 3682 3641 in
3713 3586 3857 3642 sub-

2205 3671 2574 3745 urbioipsius
2609 3673 2880 3742 civitatis,
2905 3674 2964 3730 in
2985 3673 3230 3732 ecclesia
3256 3692 3386 3748 quas
3417 3679 3510 3732 est
3538 3675 3600 3731 in
3631 3675 3857 3732 honore

2201 3767 2417 3817 sanctas
2441 3761 2743 3820 Trinitatis
2763 3769 3168 3831 sacrata,anno
3184 3763 3606 3821 lncarnationis
3616 3765 3858 3822 Domini

2205 3850 2386 3905 nostri
2429 3851 2570 3908 Jesu
2623 3851 2836 3908 Christi
2872 3868 3129 3920 ncccuu,
3163 3871 3316 3909 anno
3346 3853 3521 3909 etiam
3544 3855 3676 3926 jam
3709 3854 3854 3910 dicti

2201 3939 2482 4012 principis
2532 3941 2727 3996 Karoli
2774 3958 2876 3996 xm
2909 3941 3230 3998 Indictione
3276 3942 3488 4015 prima,
3519 3959 3578 3999 γι
3601 3943 3850 4000 Kalend.

2200 4029 2356 4084 Maii.
2390 4029 2540 4084 Dum
2589 4031 2854 4102 quaedam
2899 4029 3294 4088 ecclesiastica
3322 4036 3380 4087 et
3412 4031 3854 4104 pernecessaria

2197 4117 2428 4190 negotia
2455 4117 2513 4172 in
2536 4119 2736 4174 eadem
2761 4119 2982 4192 synodo
3005 4119 3425 4176 ventilarentur
3443 4127 3502 4177 et
3523 4120 3853 4178 dil'ﬁniren—

2193 4210 2309 4273 tur,
2336 4205 2535 4262 habita
2563 4212 2653 4262 est
2674 4207 2818 4264 ratio
2841 4208 2912 4264 de
2932 4209 3296 4266 ordinatione
3325 4209 3512 4282 ipsius
3545 4210 3852 4268 llincmari

2195 4295 2623 4368 metropolitani
2646 4296 2999 4353 Rhemorum
3017 4298 3386 4371 episcopiqui
3404 4298 3686 4371 quoniam
3699 4299 3847 4368 Eho,

2193 4383 2293 4456 qui
2306 4385 2568 4455 ejusdem
2584 4385 2741 4441 sedis
2754 4386 3229 4459 archiepiscopus
3240 4387 3446 4456 fuerat,
3461 4386 3658 4444 adhuc
3689 4388 3848 4446 vive-

2192 4473 2310 4542 bat,
2336 4473 2642 4530 dicebatur
2660 4491 2695 4529 a
2715 4475 3069 4546 quibusdam
3109 4479 3312 4532 contra
3336 4475 3570 4549 regulas
3599 4479 3848 4534 canoni-

2191 4581 2290 4619 cas
2310 4563 2805 4620 ordinatus.Unde
2825 4563 3188 4620 ordinatores
3207 4564 3396 4637 ipsius
3407 4564 3520 4622 tale
3531 4567 3848 4625 reddidere

2191 4653 2961 4726 responsum.Theodericus
2981 4654 3138 4708 enim
3162 4653 3600 4712 Camaracensis
3617 4657 3848 4729 episco-

2192 4759 2306 4814 pus
2328 4741 2448 4796 haac
2468 4759 2596 4814 quae
2619 4746 2948 4814 sequuntur
2966 4741 3229 4798 libellum
3252 4743 3557 4816 porrigens
3567 4746 3841 4818 protulit.

2189 4832 2321 4898 Leo,
2353 4830 2566 4902 inquit,
2601 4847 2750 4902 papa
2779 4830 2840 4886 in
2861 4831 3107 4888 decretis
3137 4832 3263 4889 suis
3291 4833 3364 4888 ad
3395 4832 3705 4906 episcopos
3735 4852 3845 4908 per

2187 4919 2601 4975 Caesariensem
2625 4919 3036 4978 Mauritaniam
3063 4921 3545 4989 constitutos,aut
3573 4924 3844 4981 confuta-

2185 5013 2444 5074 tum,aut
2471 5014 2625 5065 certe
2651 5010 2983 5066 confessum
3007 5011 3180 5082 jubet
3203 5011 3507 5085 subjacere
3527 5013 3838 5070 sententiae

2185 5097 2266 5152 ita
2310 5097 2510 5154 dicens
2561 5099 2754 5171 (epist.
2785 5102 2877 5168 87,
2908 5115 3036 5170 cap.
3069 5104 3125 5169 2)
3157 5117 3171 5155 :
3233 5124 3262 5151 «
3293 5101 3602 5173 Adjectum
3650 5103 3837 5159 etiam

2183 5185 2329 5242 illud
2361 5191 2468 5255 est,
2519 5189 2674 5260 quod
2715 5188 2852 5244 huic
2881 5193 3095 5246 temere
3125 5189 3542 5247 subordinatus
3573 5207 3706 5249 esse
3734 5209 3836 5249 co-

2181 5275 2616 5349 gnoscitur,qui
2647 5295 2764 5334 non
2793 5278 2995 5334 debuit
3022 5279 3278 5336 ordinari
3309 5283 3626 5354 antequam
3660 5281 3840 5356 Lupi-

2181 5364 2350 5422 cinus
2372 5366 2428 5421 in
2454 5367 2722 5439 praesenti
2755 5367 3000 5440 positus,
3025 5373 3130 5426 aut
3158 5371 3515 5439 confutatus,
3539 5374 3644 5427 aut
3671 5376 3834 5428 certe

2181 5459 2504 5523 confessus,
2556 5457 2718 5527 juste
2776 5461 2974 5529 posset
3028 5459 3332 5531 subjacere
3388 5459 3719 5527 sententia,
3764 5465 3832 5517 ut.

2177 5551 2478 5602 vacantem
2505 5545 3834 5621 locum,quemadmodumdisciplinaecclesia-

2177 5636 2326 5692 stica
2353 5633 2549 5709 exigit,
2582 5633 2634 5690 is
2663 5634 2763 5708 qui
2793 5637 3244 5695 consecrabatur
3284 5637 3588 5712 acciperet.
3626 5660 3658 5689 ι»
3687 5622 3824 5697 Ιῖωι

2175 5726 2248 5790 de
2260 5723 2652 5788 convincendo
2672 5723 2924 5805 qualiter
2947 5726 3212 5788 accusari
3227 5730 3286 5788 et
3299 5724 3564 5790 convinci
3586 5726 3820 5810 debeat,
