  <div class='ocr_page' id='page_1' title='image "/cluster/home/n/w/nwhite01/storage/ocr_20150623/125/umn.31951002477418t/217.png"; bbox 0 0 4018 6454; ppageno 0'>
   <div class='ocr_carea' id='block_1_1' title="bbox 467 399 584 462">
    <p class='ocr_par' dir='ltr' id='par_1_1' title="bbox 467 399 584 462">
     <span class='ocr_line' id='line_1_1' title="bbox 467 399 584 462; baseline -0.017 0"><span class='ocrx_word' id='word_1_1' title='bbox 467 399 584 462; x_wconf 66' lang='grc'>391</span> 
     </span>
    </p>
   </div>
   <div class='ocr_carea' id='block_1_2' title="bbox 1401 391 2942 458">
    <p class='ocr_par' dir='ltr' id='par_1_2' title="bbox 1401 391 2942 458">
     <span class='ocr_line' id='line_1_2' title="bbox 1401 391 2942 458; baseline -0.004 0"><span class='ocrx_word' id='word_1_2' title='bbox 1401 397 1788 458; x_wconf 78' lang='lat' dir='ltr'>IllNCMAltl</span> <span class='ocrx_word' id='word_1_3' title='bbox 1834 391 2284 456; x_wconf 77' lang='lat' dir='ltr'>RHEMENSIS</span> <span class='ocrx_word' id='word_1_4' title='bbox 2329 392 2942 455; x_wconf 80' lang='lat' dir='ltr'>ARCHIEPISCOPI.</span> 
     </span>
    </p>
   </div>
   <div class='ocr_carea' id='block_1_3' title="bbox 3751 388 3866 460">
    <p class='ocr_par' dir='ltr' id='par_1_3' title="bbox 3751 388 3866 460">
     <span class='ocr_line' id='line_1_3' title="bbox 3751 388 3866 460; baseline 0 0"><span class='ocrx_word' id='word_1_5' title='bbox 3751 388 3866 460; x_wconf 66' lang='grc' dir='ltr'><strong>3θὲ</strong></span> 
     </span>
    </p>
   </div>
   <div class='ocr_carea' id='block_1_4' title="bbox 470 493 3866 579">
    <p class='ocr_par' dir='ltr' id='par_1_4' title="bbox 470 493 3866 579">
     <span class='ocr_line' id='line_1_4' title="bbox 470 493 3866 579; baseline -0.004 -17"><span class='ocrx_word' id='word_1_6' title='bbox 470 522 645 579; x_wconf 79' lang='lat' dir='ltr'>scopo</span> <span class='ocrx_word' id='word_1_7' title='bbox 684 503 1045 571; x_wconf 88' lang='lat' dir='ltr'>&#39;l‘reverensi,</span> <span class='ocrx_word' id='word_1_8' title='bbox 1077 502 1316 560; x_wconf 90' lang='lat' dir='ltr'>Fulconi</span> <span class='ocrx_word' id='word_1_9' title='bbox 1365 502 1467 576; x_wconf 87' lang='lat' dir='ltr'>qui</span> <span class='ocrx_word' id='word_1_10' title='bbox 1515 519 1819 560; x_wconf 81' lang='lat' dir='ltr'>successor</span> <span class='ocrx_word' id='word_1_11' title='bbox 1866 501 1926 558; x_wconf 91' lang='lat' dir='ltr'>in</span> <span class='ocrx_word' id='word_1_12' title='bbox 1975 501 2111 560; x_wconf 88' lang='lat' dir='ltr'>sede</span> <span class='ocrx_word' id='word_1_13' title='bbox 2139 500 2194 572; x_wconf 81' lang='grc' dir='ltr'><strong>Α</strong></span> <span class='ocrx_word' id='word_1_14' title='bbox 2223 499 2618 574; x_wconf 73' lang='lat' dir='ltr'>postulabant,</span> <span class='ocrx_word' id='word_1_15' title='bbox 2652 502 2717 554; x_wconf 91' lang='lat' dir='ltr'>ut</span> <span class='ocrx_word' id='word_1_16' title='bbox 2745 515 2843 558; x_wconf 87' lang='lat' dir='ltr'>eos</span> <span class='ocrx_word' id='word_1_17' title='bbox 2874 495 3245 564; x_wconf 79' lang='lat' dir='ltr'>reconciliare</span> <span class='ocrx_word' id='word_1_18' title='bbox 3275 511 3342 554; x_wconf 91' lang='lat' dir='ltr'>ac</span> <span class='ocrx_word' id='word_1_19' title='bbox 3369 493 3618 569; x_wconf 78' lang='lat' dir='ltr'>pallium</span> <span class='ocrx_word' id='word_1_20' title='bbox 3651 493 3739 552; x_wconf 82' lang='lat' dir='ltr'>eis</span> <span class='ocrx_word' id='word_1_21' title='bbox 3768 494 3866 562; x_wconf 81' lang='lat' dir='ltr'>tri-</span> 
     </span>
    </p>
   </div>
   <div class='ocr_carea' id='block_1_5' title="bbox 467 591 1647 670">
    <p class='ocr_par' dir='ltr' id='par_1_5' title="bbox 467 591 1647 670">
     <span class='ocr_line' id='line_1_5' title="bbox 467 591 1647 670; baseline -0.003 -20"><span class='ocrx_word' id='word_1_22' title='bbox 467 594 785 670; x_wconf 76' lang='lat' dir='ltr'>llhemcnsi</span> <span class='ocrx_word' id='word_1_23' title='bbox 817 593 1032 649; x_wconf 86' lang='lat' dir='ltr'>Ebouis</span> <span class='ocrx_word' id='word_1_24' title='bbox 1064 594 1255 648; x_wconf 80' lang='lat' dir='ltr'>fuerat</span> <span class='ocrx_word' id='word_1_25' title='bbox 1283 591 1647 664; x_wconf 88' lang='lat' dir='ltr'>designatus.</span> 
     </span>
    </p>
   </div>
   <div class='ocr_carea' id='block_1_6' title="bbox 541 677 2113 750">
    <p class='ocr_par' dir='ltr' id='par_1_6' title="bbox 541 677 2113 750">
     <span class='ocr_line' id='line_1_6' title="bbox 541 677 2113 750; baseline -0.003 -12"><span class='ocrx_word' id='word_1_26' title='bbox 541 683 659 740; x_wconf 85' lang='lat' dir='ltr'>Hoc</span> <span class='ocrx_word' id='word_1_27' title='bbox 685 687 881 738; x_wconf 88' lang='lat' dir='ltr'>autem</span> <span class='ocrx_word' id='word_1_28' title='bbox 913 683 995 738; x_wconf 90' lang='lat' dir='ltr'>ila</span> <span class='ocrx_word' id='word_1_29' title='bbox 1021 697 1222 736; x_wconf 87' lang='lat' dir='ltr'>verum</span> <span class='ocrx_word' id='word_1_30' title='bbox 1255 696 1381 736; x_wconf 89' lang='lat' dir='ltr'>esse</span> <span class='ocrx_word' id='word_1_31' title='bbox 1410 684 1476 736; x_wconf 93' lang='lat' dir='ltr'>ut</span> <span class='ocrx_word' id='word_1_32' title='bbox 1505 679 1776 747; x_wconf 83' lang='lat' dir='ltr'>dicimus,</span> <span class='ocrx_word' id='word_1_33' title='bbox 1801 677 1979 735; x_wconf 90' lang='lat' dir='ltr'>etiam</span> <span class='ocrx_word' id='word_1_34' title='bbox 2011 677 2113 750; x_wconf 87' lang='lat' dir='ltr'>qui</span> 
     </span>
    </p>
   </div>
   <div class='ocr_carea' id='block_1_7' title="bbox 466 767 2112 842">
    <p class='ocr_par' dir='ltr' id='par_1_7' title="bbox 466 767 2112 842">
     <span class='ocr_line' id='line_1_7' title="bbox 466 767 2112 842; baseline -0.004 -14"><span class='ocrx_word' id='word_1_35' title='bbox 466 771 752 828; x_wconf 85' lang='lat' dir='ltr'>Annalem</span> <span class='ocrx_word' id='word_1_36' title='bbox 783 770 1004 827; x_wconf 80' lang='lat' dir='ltr'>domini</span> <span class='ocrx_word' id='word_1_37' title='bbox 1030 769 1303 826; x_wconf 83' lang='lat' dir='ltr'>Ludovici</span> <span class='ocrx_word' id='word_1_38' title='bbox 1322 769 1694 842; x_wconf 81' lang='lat' dir='ltr'>imperatoris</span> <span class='ocrx_word' id='word_1_39' title='bbox 1713 767 2018 831; x_wconf 85' lang='lat' dir='ltr'>historiam</span> <span class='ocrx_word' id='word_1_40' title='bbox 2041 767 2112 822; x_wconf 90' lang='lat' dir='ltr'>de</span> 
     </span>
    </p>
   </div>
   <div class='ocr_carea' id='block_1_8' title="bbox 469 854 2111 918">
    <p class='ocr_par' dir='ltr' id='par_1_8' title="bbox 469 854 2111 918">
     <span class='ocr_line' id='line_1_8' title="bbox 469 854 2111 918; baseline -0.003 -3"><span class='ocrx_word' id='word_1_41' title='bbox 469 876 622 916; x_wconf 91' lang='lat' dir='ltr'>anno</span> <span class='ocrx_word' id='word_1_42' title='bbox 653 877 942 916; x_wconf 78' lang='lat' dir='ltr'>Dcccxxxv</span> <span class='ocrx_word' id='word_1_43' title='bbox 967 858 1280 916; x_wconf 71' lang='lat' dir='ltr'>Dominica:</span> <span class='ocrx_word' id='word_1_44' title='bbox 1298 856 1898 918; x_wconf 71' lang='lat' dir='ltr'>3261ncarnationis</span> <span class='ocrx_word' id='word_1_45' title='bbox 1930 854 2111 912; x_wconf 89' lang='lat' dir='ltr'>revol-</span> 
     </span>
    </p>
   </div>
   <div class='ocr_carea' id='block_1_9' title="bbox 466 946 2112 1018">
    <p class='ocr_par' dir='ltr' id='par_1_9' title="bbox 466 946 2112 1018">
     <span class='ocr_line' id='line_1_9' title="bbox 466 946 2112 1018; baseline -0.002 -15"><span class='ocrx_word' id='word_1_46' title='bbox 466 949 636 1015; x_wconf 86' lang='lat' dir='ltr'>verit,</span> <span class='ocrx_word' id='word_1_47' title='bbox 685 947 1000 1004; x_wconf 78' lang='lat' dir='ltr'>manifesta</span> <span class='ocrx_word' id='word_1_48' title='bbox 1043 947 1289 1003; x_wconf 82' lang='lat' dir='ltr'>lectione</span> <span class='ocrx_word' id='word_1_49' title='bbox 1340 947 1672 1018; x_wconf 88' lang='lat' dir='ltr'>comperiet.</span> <span class='ocrx_word' id='word_1_50' title='bbox 1709 946 2015 1012; x_wconf 54' lang='lat' dir='ltr'>Craterum,</span> <span class='ocrx_word' id='word_1_51' title='bbox 2045 948 2112 1000; x_wconf 91' lang='lat' dir='ltr'>ut</span> 
     </span>
    </p>
   </div>
   <div class='ocr_carea' id='block_1_10' title="bbox 470 1033 2110 1110">
    <p class='ocr_par' dir='ltr' id='par_1_10' title="bbox 470 1033 2110 1110">
     <span class='ocr_line' id='line_1_10' title="bbox 470 1033 2110 1110; baseline -0.001 -18"><span class='ocrx_word' id='word_1_52' title='bbox 470 1035 886 1110; x_wconf 67' lang='lat' dir='ltr'>praemisimus,</span> <span class='ocrx_word' id='word_1_53' title='bbox 909 1037 980 1092; x_wconf 90' lang='lat' dir='ltr'>de</span> <span class='ocrx_word' id='word_1_54' title='bbox 1001 1036 1339 1110; x_wconf 87' lang='lat' dir='ltr'>hujusmodi</span> <span class='ocrx_word' id='word_1_55' title='bbox 1362 1035 1538 1092; x_wconf 90' lang='lat' dir='ltr'>unius</span> <span class='ocrx_word' id='word_1_56' title='bbox 1559 1033 1986 1108; x_wconf 80' lang='lat' dir='ltr'>subscriptione</span> <span class='ocrx_word' id='word_1_57' title='bbox 2007 1051 2110 1106; x_wconf 89' lang='lat' dir='ltr'>pro</span> 
     </span>
    </p>
   </div>
   <div class='ocr_carea' id='block_1_11' title="bbox 469 1123 2111 1198">
    <p class='ocr_par' dir='ltr' id='par_1_11' title="bbox 469 1123 2111 1198">
     <span class='ocr_line' id='line_1_11' title="bbox 469 1123 2111 1198; baseline -0.002 -16"><span class='ocrx_word' id='word_1_58' title='bbox 469 1123 765 1194; x_wconf 73' lang='lat' dir='ltr'>amnibus,</span> <span class='ocrx_word' id='word_1_59' title='bbox 791 1125 944 1182; x_wconf 80' lang='lat' dir='ltr'>sicut</span> <span class='ocrx_word' id='word_1_60' title='bbox 962 1124 1057 1180; x_wconf 90' lang='lat' dir='ltr'>hic</span> <span class='ocrx_word' id='word_1_61' title='bbox 1077 1125 1258 1182; x_wconf 91' lang='lat' dir='ltr'>Jonas</span> <span class='ocrx_word' id='word_1_62' title='bbox 1279 1124 1589 1198; x_wconf 89' lang='lat' dir='ltr'>episcopus</span> <span class='ocrx_word' id='word_1_63' title='bbox 1609 1128 1814 1197; x_wconf 86' lang='lat' dir='ltr'>rogatu</span> <span class='ocrx_word' id='word_1_64' title='bbox 1846 1123 2111 1179; x_wconf 91' lang='lat' dir='ltr'>omnium</span> 
     </span>
    </p>
   </div>
   <div class='ocr_carea' id='block_1_12' title="bbox 469 1212 2114 1288">
    <p class='ocr_par' dir='ltr' id='par_1_12' title="bbox 469 1212 2114 1288">
     <span class='ocr_line' id='line_1_12' title="bbox 469 1212 2114 1288; baseline -0.001 -18"><span class='ocrx_word' id='word_1_65' title='bbox 469 1230 666 1270; x_wconf 90' lang='lat' dir='ltr'>coram</span> <span class='ocrx_word' id='word_1_66' title='bbox 697 1214 972 1270; x_wconf 89' lang='lat' dir='ltr'>omnibus</span> <span class='ocrx_word' id='word_1_67' title='bbox 1002 1217 1059 1270; x_wconf 91' lang='lat' dir='ltr'>et</span> <span class='ocrx_word' id='word_1_68' title='bbox 1079 1231 1181 1288; x_wconf 90' lang='lat' dir='ltr'>pro</span> <span class='ocrx_word' id='word_1_69' title='bbox 1211 1213 1485 1270; x_wconf 90' lang='lat' dir='ltr'>omnibus</span> <span class='ocrx_word' id='word_1_70' title='bbox 1508 1231 1686 1268; x_wconf 88' lang='lat' dir='ltr'>manu</span> <span class='ocrx_word' id='word_1_71' title='bbox 1715 1212 1926 1268; x_wconf 85' lang='lat' dir='ltr'>notarii</span> <span class='ocrx_word' id='word_1_72' title='bbox 1947 1229 2114 1286; x_wconf 74' lang='lat' dir='ltr'>syno-</span> 
     </span>
    </p>
   </div>
   <div class='ocr_carea' id='block_1_13' title="bbox 470 1301 2114 1376">
    <p class='ocr_par' dir='ltr' id='par_1_13' title="bbox 470 1301 2114 1376">
     <span class='ocr_line' id='line_1_13' title="bbox 470 1301 2114 1376; baseline -0.002 -18"><span class='ocrx_word' id='word_1_73' title='bbox 470 1301 622 1359; x_wconf 89' lang='lat' dir='ltr'>dalis</span> <span class='ocrx_word' id='word_1_74' title='bbox 651 1303 788 1376; x_wconf 83' lang='lat' dir='ltr'>egit,</span> <span class='ocrx_word' id='word_1_75' title='bbox 821 1301 921 1376; x_wconf 89' lang='lat' dir='ltr'>qui</span> <span class='ocrx_word' id='word_1_76' title='bbox 952 1301 1152 1376; x_wconf 90' lang='lat' dir='ltr'>legerit</span> <span class='ocrx_word' id='word_1_77' title='bbox 1187 1303 1246 1357; x_wconf 91' lang='lat' dir='ltr'>in</span> <span class='ocrx_word' id='word_1_78' title='bbox 1279 1301 1522 1358; x_wconf 89' lang='lat' dir='ltr'>concilio</span> <span class='ocrx_word' id='word_1_79' title='bbox 1559 1301 1848 1370; x_wconf 82' lang='lat' dir='ltr'>Africano,</span> <span class='ocrx_word' id='word_1_80' title='bbox 1883 1318 2010 1374; x_wconf 86' lang='lat' dir='ltr'>cap.</span> <span class='ocrx_word' id='word_1_81' title='bbox 2041 1301 2114 1356; x_wconf 84' lang='lat'>52</span> 
     </span>
    </p>
   </div>
   <div class='ocr_carea' id='block_1_14' title="bbox 470 1389 2111 1464">
    <p class='ocr_par' dir='ltr' id='par_1_14' title="bbox 470 1389 2111 1464">
     <span class='ocr_line' id='line_1_14' title="bbox 470 1389 2111 1464; baseline -0.002 -16"><span class='ocrx_word' id='word_1_82' title='bbox 470 1396 527 1448; x_wconf 91' lang='lat' dir='ltr'>et</span> <span class='ocrx_word' id='word_1_83' title='bbox 555 1409 684 1464; x_wconf 92' lang='lat' dir='ltr'>cap.</span> <span class='ocrx_word' id='word_1_84' title='bbox 714 1394 786 1448; x_wconf 85' lang='lat'>60</span> <span class='ocrx_word' id='word_1_85' title='bbox 815 1391 1175 1449; x_wconf 88' lang='lat' dir='ltr'>sul&#39;ﬁcientcr</span> <span class='ocrx_word' id='word_1_86' title='bbox 1199 1390 1465 1464; x_wconf 92' lang='lat' dir='ltr'>reperiet.</span> <span class='ocrx_word' id='word_1_87' title='bbox 1499 1391 1646 1458; x_wconf 85' lang='lat' dir='ltr'>Quia</span> <span class='ocrx_word' id='word_1_88' title='bbox 1677 1394 1872 1446; x_wconf 91' lang='lat' dir='ltr'>autem</span> <span class='ocrx_word' id='word_1_89' title='bbox 1903 1389 2111 1462; x_wconf 85' lang='lat' dir='ltr'>hujus-</span> 
     </span>
    </p>
   </div>
   <div class='ocr_carea' id='block_1_15' title="bbox 470 1478 2110 1552">
    <p class='ocr_par' dir='ltr' id='par_1_15' title="bbox 470 1478 2110 1552">
     <span class='ocr_line' id='line_1_15' title="bbox 470 1478 2110 1552; baseline -0.002 -16"><span class='ocrx_word' id='word_1_90' title='bbox 470 1480 630 1537; x_wconf 91' lang='lat' dir='ltr'>modi</span> <span class='ocrx_word' id='word_1_91' title='bbox 647 1480 892 1537; x_wconf 82' lang='lat' dir='ltr'>libellari</span> <span class='ocrx_word' id='word_1_92' title='bbox 910 1480 1475 1552; x_wconf 84' lang='lat' dir='ltr'>confessionc,quam</span> <span class='ocrx_word' id='word_1_93' title='bbox 1495 1479 1658 1552; x_wconf 85' lang='lat' dir='ltr'>sequi</span> <span class='ocrx_word' id='word_1_94' title='bbox 1679 1479 1848 1534; x_wconf 89' lang='lat' dir='ltr'>debet</span> <span class='ocrx_word' id='word_1_95' title='bbox 1865 1478 2110 1552; x_wconf 65' lang='lat' dir='ltr'>propria:</span> 
     </span>
    </p>
   </div>
   <div class='ocr_carea' id='block_1_16' title="bbox 472 1567 2110 1642">
    <p class='ocr_par' dir='ltr' id='par_1_16' title="bbox 472 1567 2110 1642">
     <span class='ocr_line' id='line_1_16' title="bbox 472 1567 2110 1642; baseline -0.002 -17"><span class='ocrx_word' id='word_1_96' title='bbox 472 1587 684 1626; x_wconf 89' lang='lat' dir='ltr'>manus</span> <span class='ocrx_word' id='word_1_97' title='bbox 715 1569 1092 1642; x_wconf 86' lang='lat' dir='ltr'>subscriptio,</span> <span class='ocrx_word' id='word_1_98' title='bbox 1126 1569 1433 1641; x_wconf 85' lang='lat' dir='ltr'>cpiscopus</span> <span class='ocrx_word' id='word_1_99' title='bbox 1465 1568 1722 1640; x_wconf 89' lang='lat' dir='ltr'>corporis</span> <span class='ocrx_word' id='word_1_100' title='bbox 1753 1567 1872 1623; x_wconf 87' lang='lat' dir='ltr'>sive</span> <span class='ocrx_word' id='word_1_101' title='bbox 1902 1567 2110 1623; x_wconf 62' lang='lat' dir='ltr'>anima}</span> 
     </span>
    </p>
   </div>
   <div class='ocr_carea' id='block_1_17' title="bbox 471 1655 2109 1729">
    <p class='ocr_par' dir='ltr' id='par_1_17' title="bbox 471 1655 2109 1729">
     <span class='ocr_line' id='line_1_17' title="bbox 471 1655 2109 1729; baseline -0.001 -18"><span class='ocrx_word' id='word_1_102' title='bbox 471 1655 810 1712; x_wconf 88' lang='lat' dir='ltr'>inﬁrmitate</span> <span class='ocrx_word' id='word_1_103' title='bbox 830 1661 1123 1729; x_wconf 83' lang='lat' dir='ltr'>gravatus,</span> <span class='ocrx_word' id='word_1_104' title='bbox 1140 1663 1202 1710; x_wconf 88' lang='lat' dir='ltr'>ut</span> <span class='ocrx_word' id='word_1_105' title='bbox 1220 1673 1334 1710; x_wconf 88' lang='lat' dir='ltr'>non</span> <span class='ocrx_word' id='word_1_106' title='bbox 1357 1656 1562 1712; x_wconf 90' lang='lat' dir='ltr'>debeat</span> <span class='ocrx_word' id='word_1_107' title='bbox 1582 1655 1670 1711; x_wconf 86' lang='lat' dir='ltr'>vel</span> <span class='ocrx_word' id='word_1_108' title='bbox 1693 1673 1806 1711; x_wconf 91' lang='lat' dir='ltr'>non</span> <span class='ocrx_word' id='word_1_109' title='bbox 1831 1655 2019 1726; x_wconf 88' lang='lat' dir='ltr'>possit</span> <span class='ocrx_word' id='word_1_110' title='bbox 2037 1656 2109 1710; x_wconf 88' lang='lat' dir='ltr'>ad</span> 
     </span>
    </p>
   </div>
   <div class='ocr_carea' id='block_1_18' title="bbox 469 1743 2108 1818">
    <p class='ocr_par' dir='ltr' id='par_1_18' title="bbox 469 1743 2108 1818">
     <span class='ocr_line' id='line_1_18' title="bbox 469 1743 2108 1818; baseline -0.002 -16"><span class='ocrx_word' id='word_1_111' title='bbox 469 1745 862 1802; x_wconf 85' lang='lat' dir='ltr'>ministerium</span> <span class='ocrx_word' id='word_1_112' title='bbox 893 1763 1127 1802; x_wconf 88' lang='lat' dir='ltr'>sacrum</span> <span class='ocrx_word' id='word_1_113' title='bbox 1158 1763 1526 1818; x_wconf 84' lang='lat' dir='ltr'>consurgere,</span> <span class='ocrx_word' id='word_1_114' title='bbox 1557 1763 1591 1802; x_wconf 89' lang='lat' dir='ltr'>a</span> <span class='ocrx_word' id='word_1_115' title='bbox 1621 1746 1757 1801; x_wconf 89' lang='lat' dir='ltr'>sede</span> <span class='ocrx_word' id='word_1_116' title='bbox 1793 1743 2108 1818; x_wconf 81' lang='lat' dir='ltr'>episcopali</span> 
     </span>
    </p>
   </div>
   <div class='ocr_carea' id='block_1_19' title="bbox 467 1833 2110 1905">
    <p class='ocr_par' dir='ltr' id='par_1_19' title="bbox 467 1833 2110 1905">
     <span class='ocr_line' id='line_1_19' title="bbox 467 1833 2110 1905; baseline -0.001 -14"><span class='ocrx_word' id='word_1_117' title='bbox 467 1841 520 1892; x_wconf 89' lang='lat' dir='ltr'>et</span> <span class='ocrx_word' id='word_1_118' title='bbox 552 1835 874 1892; x_wconf 89' lang='lat' dir='ltr'>sacerdotio</span> <span class='ocrx_word' id='word_1_119' title='bbox 907 1835 1114 1891; x_wconf 83' lang='lat' dir='ltr'>debeat</span> <span class='ocrx_word' id='word_1_120' title='bbox 1145 1835 1444 1904; x_wconf 84' lang='lat' dir='ltr'>removeri,</span> <span class='ocrx_word' id='word_1_121' title='bbox 1471 1839 1528 1890; x_wconf 92' lang='lat' dir='ltr'>et</span> <span class='ocrx_word' id='word_1_122' title='bbox 1557 1835 1616 1889; x_wconf 91' lang='lat' dir='ltr'>in</span> <span class='ocrx_word' id='word_1_123' title='bbox 1646 1834 1772 1890; x_wconf 88' lang='lat' dir='ltr'>loco</span> <span class='ocrx_word' id='word_1_124' title='bbox 1803 1835 1930 1905; x_wconf 89' lang='lat' dir='ltr'>ejus</span> <span class='ocrx_word' id='word_1_125' title='bbox 1959 1833 2110 1890; x_wconf 90' lang='lat' dir='ltr'>alius</span> 
     </span>
    </p>
   </div>
   <div class='ocr_carea' id='block_1_20' title="bbox 468 1923 2113 1998">
    <p class='ocr_par' dir='ltr' id='par_1_20' title="bbox 468 1923 2113 1998">
     <span class='ocr_line' id='line_1_20' title="bbox 468 1923 2113 1998; baseline -0.002 -16"><span class='ocrx_word' id='word_1_126' title='bbox 468 1925 772 1998; x_wconf 81' lang='lat' dir='ltr'>subrogari</span> <span class='ocrx_word' id='word_1_127' title='bbox 803 1931 861 1981; x_wconf 90' lang='lat' dir='ltr'>et</span> <span class='ocrx_word' id='word_1_128' title='bbox 882 1923 1158 1992; x_wconf 89' lang='lat' dir='ltr'>ordinari,</span> <span class='ocrx_word' id='word_1_129' title='bbox 1183 1924 1244 1979; x_wconf 90' lang='lat' dir='ltr'>in</span> <span class='ocrx_word' id='word_1_130' title='bbox 1269 1923 1657 1980; x_wconf 80' lang='lat' dir='ltr'>decretalibus</span> <span class='ocrx_word' id='word_1_131' title='bbox 1689 1923 1950 1995; x_wconf 88' lang='lat' dir='ltr'>epistolis</span> <span class='ocrx_word' id='word_1_132' title='bbox 1981 1940 2113 1995; x_wconf 89' lang='lat' dir='ltr'>apo-</span> 
     </span>
    </p>
   </div>
   <div class='ocr_carea' id='block_1_21' title="bbox 469 2011 2115 2086">
    <p class='ocr_par' dir='ltr' id='par_1_21' title="bbox 469 2011 2115 2086">
     <span class='ocr_line' id='line_1_21' title="bbox 469 2011 2115 2086; baseline -0.002 -16"><span class='ocrx_word' id='word_1_133' title='bbox 469 2015 684 2070; x_wconf 66' lang='lat' dir='ltr'>stolicae</span> <span class='ocrx_word' id='word_1_134' title='bbox 706 2014 863 2070; x_wconf 89' lang='lat' dir='ltr'>sedis</span> <span class='ocrx_word' id='word_1_135' title='bbox 881 2013 1222 2086; x_wconf 89' lang='lat' dir='ltr'>pontiﬁcum</span> <span class='ocrx_word' id='word_1_136' title='bbox 1241 2011 1714 2084; x_wconf 79' lang='lat' dir='ltr'>frequentissime</span> <span class='ocrx_word' id='word_1_137' title='bbox 1737 2011 2115 2079; x_wconf 70' lang='lat' dir='ltr'>invenitur-,et</span> 
     </span>
    </p>
   </div>
   <div class='ocr_carea' id='block_1_22' title="bbox 469 2097 2108 2174">
    <p class='ocr_par' dir='ltr' id='par_1_22' title="bbox 469 2097 2108 2174">
     <span class='ocr_line' id='line_1_22' title="bbox 469 2097 2108 2174; baseline -0.001 -16"><span class='ocrx_word' id='word_1_138' title='bbox 469 2103 677 2158; x_wconf 88' lang='lat' dir='ltr'>beatus</span> <span class='ocrx_word' id='word_1_139' title='bbox 693 2102 1004 2174; x_wconf 86' lang='lat' dir='ltr'>Gregorius</span> <span class='ocrx_word' id='word_1_140' title='bbox 1017 2101 1075 2156; x_wconf 89' lang='lat' dir='ltr'>in</span> <span class='ocrx_word' id='word_1_141' title='bbox 1089 2101 1212 2156; x_wconf 88' lang='lat' dir='ltr'>suis</span> <span class='ocrx_word' id='word_1_142' title='bbox 1226 2097 1524 2156; x_wconf 78' lang='lat' dir='ltr'>multoties</span> <span class='ocrx_word' id='word_1_143' title='bbox 1539 2100 1804 2173; x_wconf 79' lang='lat' dir='ltr'>designat</span> <span class='ocrx_word' id='word_1_144' title='bbox 1825 2101 2108 2173; x_wconf 85' lang='lat' dir='ltr'>epistolis,</span> 
     </span>
    </p>
   </div>
   <div class='ocr_carea' id='block_1_23' title="bbox 469 2189 2112 2262">
    <p class='ocr_par' dir='ltr' id='par_1_23' title="bbox 469 2189 2112 2262">
     <span class='ocr_line' id='line_1_23' title="bbox 469 2189 2112 2262; baseline -0.002 -15"><span class='ocrx_word' id='word_1_145' title='bbox 469 2191 624 2247; x_wconf 83' lang='lat' dir='ltr'>sicut</span> <span class='ocrx_word' id='word_1_146' title='bbox 636 2191 705 2246; x_wconf 87' lang='lat' dir='ltr'>ad</span> <span class='ocrx_word' id='word_1_147' title='bbox 721 2191 1005 2246; x_wconf 82' lang='lat' dir='ltr'>Joannem</span> <span class='ocrx_word' id='word_1_148' title='bbox 1022 2191 1276 2246; x_wconf 79' lang='lat' dir='ltr'>PriIme-J</span> <span class='ocrx_word' id='word_1_149' title='bbox 1289 2189 1592 2245; x_wconf 67' lang='lat' dir='ltr'>ustinianze</span> <span class='ocrx_word' id='word_1_150' title='bbox 1608 2189 2112 2262; x_wconf 86' lang='lat' dir='ltr'>archiepiscopum</span> 
     </span>
    </p>
   </div>
   <div class='ocr_carea' id='block_1_24' title="bbox 469 2278 2108 2352">
    <p class='ocr_par' dir='ltr' id='par_1_24' title="bbox 469 2278 2108 2352">
     <span class='ocr_line' id='line_1_24' title="bbox 469 2278 2108 2352; baseline -0.002 -16"><span class='ocrx_word' id='word_1_151' title='bbox 469 2280 542 2336; x_wconf 89' lang='lat' dir='ltr'>de</span> <span class='ocrx_word' id='word_1_152' title='bbox 564 2280 833 2352; x_wconf 84' lang='lat' dir='ltr'>Paulo,ct</span> <span class='ocrx_word' id='word_1_153' title='bbox 855 2279 931 2334; x_wconf 89' lang='lat' dir='ltr'>ad.</span> <span class='ocrx_word' id='word_1_154' title='bbox 951 2278 1277 2334; x_wconf 87' lang='lat' dir='ltr'>Marianum</span> <span class='ocrx_word' id='word_1_155' title='bbox 1302 2279 1640 2351; x_wconf 87' lang='lat' dir='ltr'>episcopum</span> <span class='ocrx_word' id='word_1_156' title='bbox 1663 2279 2108 2348; x_wconf 80' lang='lat' dir='ltr'>llavcnuatium,</span> 
     </span>
    </p>
   </div>
   <div class='ocr_carea' id='block_1_25' title="bbox 468 2367 2112 2440">
    <p class='ocr_par' dir='ltr' id='par_1_25' title="bbox 468 2367 2112 2440">
     <span class='ocr_line' id='line_1_25' title="bbox 468 2367 2112 2440; baseline -0.002 -15"><span class='ocrx_word' id='word_1_157' title='bbox 468 2374 527 2426; x_wconf 90' lang='lat' dir='ltr'>et</span> <span class='ocrx_word' id='word_1_158' title='bbox 548 2369 621 2424; x_wconf 91' lang='lat' dir='ltr'>ad</span> <span class='ocrx_word' id='word_1_159' title='bbox 643 2367 863 2424; x_wconf 91' lang='lat' dir='ltr'>clerum</span> <span class='ocrx_word' id='word_1_160' title='bbox 890 2385 956 2424; x_wconf 87' lang='lat' dir='ltr'>ac</span> <span class='ocrx_word' id='word_1_161' title='bbox 976 2367 1951 2440; x_wconf 88' lang='lat' dir='ltr'>plebem,Ariminensium,uecnon</span> <span class='ocrx_word' id='word_1_162' title='bbox 1964 2375 2019 2423; x_wconf 90' lang='lat' dir='ltr'>et</span> <span class='ocrx_word' id='word_1_163' title='bbox 2039 2368 2112 2424; x_wconf 90' lang='lat' dir='ltr'>ad</span> 
     </span>
    </p>
   </div>
   <div class='ocr_carea' id='block_1_26' title="bbox 467 2456 2108 2530">
    <p class='ocr_par' dir='ltr' id='par_1_26' title="bbox 467 2456 2108 2530">
     <span class='ocr_line' id='line_1_26' title="bbox 467 2456 2108 2530; baseline -0.001 -16"><span class='ocrx_word' id='word_1_164' title='bbox 467 2457 804 2515; x_wconf 84' lang='lat' dir='ltr'>Anatolium</span> <span class='ocrx_word' id='word_1_165' title='bbox 837 2458 1170 2527; x_wconf 88' lang='lat' dir='ltr'>diaconum,</span> <span class='ocrx_word' id='word_1_166' title='bbox 1203 2462 1260 2513; x_wconf 90' lang='lat' dir='ltr'>ct</span> <span class='ocrx_word' id='word_1_167' title='bbox 1289 2457 1361 2512; x_wconf 93' lang='lat' dir='ltr'>ad</span> <span class='ocrx_word' id='word_1_168' title='bbox 1394 2456 1717 2514; x_wconf 64' lang='lat' dir='ltr'>{Etherium</span> <span class='ocrx_word' id='word_1_169' title='bbox 1749 2457 2108 2530; x_wconf 88' lang='lat' dir='ltr'>episcopum,</span> 
     </span>
    </p>
   </div>
   <div class='ocr_carea' id='block_1_27' title="bbox 469 2545 2108 2620">
    <p class='ocr_par' dir='ltr' id='par_1_27' title="bbox 469 2545 2108 2620">
     <span class='ocr_line' id='line_1_27' title="bbox 469 2545 2108 2620; baseline -0.001 -16"><span class='ocrx_word' id='word_1_170' title='bbox 469 2551 646 2620; x_wconf 89' lang='lat' dir='ltr'>atque</span> <span class='ocrx_word' id='word_1_171' title='bbox 664 2547 735 2602; x_wconf 92' lang='lat' dir='ltr'>ad</span> <span class='ocrx_word' id='word_1_172' title='bbox 757 2545 1202 2602; x_wconf 88' lang='lat' dir='ltr'>Brunecbildem</span> <span class='ocrx_word' id='word_1_173' title='bbox 1218 2545 1478 2620; x_wconf 83' lang='lat' dir='ltr'>reginam</span> <span class='ocrx_word' id='word_1_174' title='bbox 1493 2546 1562 2601; x_wconf 92' lang='lat' dir='ltr'>de</span> <span class='ocrx_word' id='word_1_175' title='bbox 1576 2547 1807 2601; x_wconf 88' lang='lat' dir='ltr'>inﬁrmo</span> <span class='ocrx_word' id='word_1_176' title='bbox 1818 2546 1905 2618; x_wconf 89' lang='lat' dir='ltr'>epi</span> <span class='ocrx_word' id='word_1_177' title='bbox 1914 2563 2108 2618; x_wconf 88' lang='lat' dir='ltr'>scopo,</span> 
     </span>
    </p>
   </div>
   <div class='ocr_carea' id='block_1_28' title="bbox 469 2633 2112 2708">
    <p class='ocr_par' dir='ltr' id='par_1_28' title="bbox 469 2633 2112 2708">
     <span class='ocr_line' id='line_1_28' title="bbox 469 2633 2112 2708; baseline -0.002 -16"><span class='ocrx_word' id='word_1_178' title='bbox 469 2641 526 2692; x_wconf 89' lang='lat' dir='ltr'>et</span> <span class='ocrx_word' id='word_1_179' title='bbox 554 2635 820 2692; x_wconf 88' lang='lat' dir='ltr'>Zosimus</span> <span class='ocrx_word' id='word_1_180' title='bbox 849 2637 921 2691; x_wconf 91' lang='lat' dir='ltr'>de</span> <span class='ocrx_word' id='word_1_181' title='bbox 952 2633 1212 2691; x_wconf 90' lang='lat' dir='ltr'>Proculo.</span> <span class='ocrx_word' id='word_1_182' title='bbox 1237 2635 1300 2690; x_wconf 91' lang='lat' dir='ltr'>In</span> <span class='ocrx_word' id='word_1_183' title='bbox 1331 2635 1595 2708; x_wconf 84' lang='lat' dir='ltr'>epistolis</span> <span class='ocrx_word' id='word_1_184' title='bbox 1617 2652 1849 2708; x_wconf 87' lang='lat' dir='ltr'>quoque</span> <span class='ocrx_word' id='word_1_185' title='bbox 1869 2635 2112 2691; x_wconf 86' lang='lat' dir='ltr'>Joannis</span> 
     </span>
    </p>
   </div>
   <div class='ocr_carea' id='block_1_29' title="bbox 471 2722 2112 2800">
    <p class='ocr_par' dir='ltr' id='par_1_29' title="bbox 471 2722 2112 2800">
     <span class='ocr_line' id='line_1_29' title="bbox 471 2722 2112 2800; baseline -0.001 -19"><span class='ocrx_word' id='word_1_186' title='bbox 471 2742 632 2800; x_wconf 72' lang='lat' dir='ltr'>papa:</span> <span class='ocrx_word' id='word_1_187' title='bbox 653 2725 722 2781; x_wconf 90' lang='lat' dir='ltr'>de</span> <span class='ocrx_word' id='word_1_188' title='bbox 752 2722 1173 2780; x_wconf 87' lang='lat' dir='ltr'>contumelioso</span> <span class='ocrx_word' id='word_1_189' title='bbox 1203 2724 1612 2796; x_wconf 87' lang='lat' dir='ltr'>episcopo.Sed</span> <span class='ocrx_word' id='word_1_190' title='bbox 1637 2729 1694 2780; x_wconf 92' lang='lat' dir='ltr'>et</span> <span class='ocrx_word' id='word_1_191' title='bbox 1716 2724 1773 2778; x_wconf 92' lang='lat' dir='ltr'>in</span> <span class='ocrx_word' id='word_1_192' title='bbox 1801 2723 2112 2780; x_wconf 87' lang='lat' dir='ltr'>Gallicanis</span> 
     </span>
    </p>
   </div>
   <div class='ocr_carea' id='block_1_30' title="bbox 469 2813 2108 2887">
    <p class='ocr_par' dir='ltr' id='par_1_30' title="bbox 469 2813 2108 2887">
     <span class='ocr_line' id='line_1_30' title="bbox 469 2813 2108 2887; baseline -0.002 -15"><span class='ocrx_word' id='word_1_193' title='bbox 469 2815 795 2872; x_wconf 90' lang='lat' dir='ltr'>canonibus</span> <span class='ocrx_word' id='word_1_194' title='bbox 827 2815 896 2871; x_wconf 90' lang='lat' dir='ltr'>de</span> <span class='ocrx_word' id='word_1_195' title='bbox 929 2813 1188 2871; x_wconf 88' lang='lat' dir='ltr'>Potamio</span> <span class='ocrx_word' id='word_1_196' title='bbox 1218 2815 1602 2870; x_wconf 87' lang='lat' dir='ltr'>Braccarense</span> <span class='ocrx_word' id='word_1_197' title='bbox 1652 2813 2108 2887; x_wconf 86' lang='lat' dir='ltr'>archiepiscopo,</span> 
     </span>
    </p>
   </div>
   <div class='ocr_carea' id='block_1_31' title="bbox 467 2903 2114 2978">
    <p class='ocr_par' dir='ltr' id='par_1_31' title="bbox 467 2903 2114 2978">
     <span class='ocr_line' id='line_1_31' title="bbox 467 2903 2114 2978; baseline -0.002 -16"><span class='ocrx_word' id='word_1_198' title='bbox 467 2911 524 2962; x_wconf 88' lang='lat' dir='ltr'>et</span> <span class='ocrx_word' id='word_1_199' title='bbox 553 2905 774 2978; x_wconf 79' lang='lat' dir='ltr'>synodo</span> <span class='ocrx_word' id='word_1_200' title='bbox 803 2903 1114 2960; x_wconf 78' lang='lat' dir='ltr'>Valentina</span> <span class='ocrx_word' id='word_1_201' title='bbox 1141 2903 1439 2959; x_wconf 88' lang='lat' dir='ltr'>evidenter</span> <span class='ocrx_word' id='word_1_202' title='bbox 1467 2903 1897 2977; x_wconf 85' lang='lat' dir='ltr'>agnoscitur.Et</span> <span class='ocrx_word' id='word_1_203' title='bbox 1917 2903 1988 2959; x_wconf 90' lang='lat' dir='ltr'>de</span> <span class='ocrx_word' id='word_1_204' title='bbox 2009 2903 2114 2959; x_wconf 89' lang='lat' dir='ltr'>hu-</span> 
     </span>
    </p>
   </div>
   <div class='ocr_carea' id='block_1_32' title="bbox 459 2991 2111 3066">
    <p class='ocr_par' dir='ltr' id='par_1_32' title="bbox 459 2991 2111 3066">
     <span class='ocr_line' id='line_1_32' title="bbox 459 2991 2111 3066; baseline 0 -18"><span class='ocrx_word' id='word_1_205' title='bbox 459 2993 723 3066; x_wconf 88' lang='lat' dir='ltr'>jusmodi</span> <span class='ocrx_word' id='word_1_206' title='bbox 783 2991 1146 3049; x_wconf 74' lang='lat' dir='ltr'>confessione</span> <span class='ocrx_word' id='word_1_207' title='bbox 1204 2992 1315 3048; x_wconf 93' lang='lat' dir='ltr'>Leo</span> <span class='ocrx_word' id='word_1_208' title='bbox 1373 2992 1434 3047; x_wconf 91' lang='lat' dir='ltr'>in</span> <span class='ocrx_word' id='word_1_209' title='bbox 1496 2992 1768 3048; x_wconf 89' lang='lat' dir='ltr'>decretali</span> <span class='ocrx_word' id='word_1_210' title='bbox 1821 2994 1996 3065; x_wconf 82' lang='lat' dir='ltr'>(epist.</span> <span class='ocrx_word' id='word_1_211' title='bbox 2059 2995 2111 3064; x_wconf 87' lang='grc'>1)</span> 
     </span>
    </p>
   </div>
   <div class='ocr_carea' id='block_1_33' title="bbox 467 3081 2108 3154">
    <p class='ocr_par' dir='ltr' id='par_1_33' title="bbox 467 3081 2108 3154">
     <span class='ocr_line' id='line_1_33' title="bbox 467 3081 2108 3154; baseline -0.002 -15"><span class='ocrx_word' id='word_1_212' title='bbox 467 3084 538 3139; x_wconf 89' lang='lat' dir='ltr'>ad</span> <span class='ocrx_word' id='word_1_213' title='bbox 571 3082 872 3139; x_wconf 87' lang='lat' dir='ltr'>universos</span> <span class='ocrx_word' id='word_1_214' title='bbox 901 3082 1206 3154; x_wconf 88' lang='lat' dir='ltr'>episcopos</span> <span class='ocrx_word' id='word_1_215' title='bbox 1230 3099 1332 3154; x_wconf 89' lang='lat' dir='ltr'>per</span> <span class='ocrx_word' id='word_1_216' title='bbox 1353 3081 1752 3153; x_wconf 87' lang='lat' dir='ltr'>Campaniam,</span> <span class='ocrx_word' id='word_1_217' title='bbox 1779 3081 2108 3151; x_wconf 81' lang='lat' dir='ltr'>Samnium,</span> 
     </span>
    </p>
   </div>
   <div class='ocr_carea' id='block_1_34' title="bbox 468 3169 2113 3242">
    <p class='ocr_par' dir='ltr' id='par_1_34' title="bbox 468 3169 2113 3242">
     <span class='ocr_line' id='line_1_34' title="bbox 468 3169 2113 3242; baseline -0.002 -14"><span class='ocrx_word' id='word_1_218' title='bbox 468 3176 528 3228; x_wconf 89' lang='lat' dir='ltr'>et</span> <span class='ocrx_word' id='word_1_219' title='bbox 556 3171 829 3227; x_wconf 88' lang='lat' dir='ltr'>Picenum</span> <span class='ocrx_word' id='word_1_220' title='bbox 861 3171 1157 3228; x_wconf 85' lang='lat' dir='ltr'>evidenter</span> <span class='ocrx_word' id='word_1_221' title='bbox 1175 3171 1556 3240; x_wconf 87' lang='lat' dir='ltr'>demonstrat,</span> <span class='ocrx_word' id='word_1_222' title='bbox 1573 3171 1726 3226; x_wconf 88' lang='lat' dir='ltr'>sicut</span> <span class='ocrx_word' id='word_1_223' title='bbox 1745 3169 1845 3242; x_wconf 88' lang='lat' dir='ltr'>qui</span> <span class='ocrx_word' id='word_1_224' title='bbox 1866 3169 2113 3224; x_wconf 87' lang='lat' dir='ltr'>voluerit</span> 
     </span>
    </p>
   </div>
   <div class='ocr_carea' id='block_1_35' title="bbox 2223 581 3865 663">
    <p class='ocr_par' dir='ltr' id='par_1_35' title="bbox 2223 581 3865 663">
     <span class='ocr_line' id='line_1_35' title="bbox 2223 581 3865 663; baseline -0.004 -17"><span class='ocrx_word' id='word_1_225' title='bbox 2223 591 2398 646; x_wconf 87' lang='lat' dir='ltr'>buere</span> <span class='ocrx_word' id='word_1_226' title='bbox 2431 589 2787 663; x_wconf 82' lang='lat' dir='ltr'>dignaretur.</span> <span class='ocrx_word' id='word_1_227' title='bbox 2815 611 2843 638; x_wconf 82' lang='lat'>»</span> <span class='ocrx_word' id='word_1_228' title='bbox 2867 590 3022 654; x_wconf 88' lang='lat' dir='ltr'>Quos</span> <span class='ocrx_word' id='word_1_229' title='bbox 3051 587 3224 644; x_wconf 89' lang='lat' dir='ltr'>etiam</span> <span class='ocrx_word' id='word_1_230' title='bbox 3257 585 3412 641; x_wconf 89' lang='lat' dir='ltr'>idem</span> <span class='ocrx_word' id='word_1_231' title='bbox 3443 585 3591 644; x_wconf 75' lang='lat'>327</span> <span class='ocrx_word' id='word_1_232' title='bbox 3630 581 3865 657; x_wconf 60' lang='lat' dir='ltr'>prwsul&#39;,</span> 
     </span>
    </p>
   </div>
   <div class='ocr_carea' id='block_1_36' title="bbox 2222 673 3868 750">
    <p class='ocr_par' dir='ltr' id='par_1_36' title="bbox 2222 673 3868 750">
     <span class='ocr_line' id='line_1_36' title="bbox 2222 673 3868 750; baseline -0.005 -14"><span class='ocrx_word' id='word_1_233' title='bbox 2222 697 2327 736; x_wconf 88' lang='lat' dir='ltr'>nec</span> <span class='ocrx_word' id='word_1_234' title='bbox 2357 677 2831 735; x_wconf 88' lang='lat' dir='ltr'>communionem</span> <span class='ocrx_word' id='word_1_235' title='bbox 2860 677 3012 733; x_wconf 88' lang='lat' dir='ltr'>inter</span> <span class='ocrx_word' id='word_1_236' title='bbox 3042 676 3282 733; x_wconf 87' lang='lat' dir='ltr'>clericos</span> <span class='ocrx_word' id='word_1_237' title='bbox 3308 674 3516 750; x_wconf 80' lang='lat' dir='ltr'>dignos</span> <span class='ocrx_word' id='word_1_238' title='bbox 3535 689 3678 731; x_wconf 82' lang='lat' dir='ltr'>esse</span> <span class='ocrx_word' id='word_1_239' title='bbox 3692 673 3868 739; x_wconf 76' lang='lat' dir='ltr'>susci-</span> 
     </span>
    </p>
   </div>
   <div class='ocr_carea' id='block_1_37' title="bbox 2219 766 3864 842">
    <p class='ocr_par' dir='ltr' id='par_1_37' title="bbox 2219 766 3864 842">
     <span class='ocr_line' id='line_1_37' title="bbox 2219 766 3864 842; baseline -0.004 -18"><span class='ocrx_word' id='word_1_240' title='bbox 2219 786 2354 842; x_wconf 89' lang='lat' dir='ltr'>pere</span> <span class='ocrx_word' id='word_1_241' title='bbox 2385 769 2630 836; x_wconf 87' lang='lat' dir='ltr'>diccbat,</span> <span class='ocrx_word' id='word_1_242' title='bbox 2665 767 2766 824; x_wconf 91' lang='lat' dir='ltr'>sed</span> <span class='ocrx_word' id='word_1_243' title='bbox 2799 766 2950 822; x_wconf 91' lang='lat' dir='ltr'>inter</span> <span class='ocrx_word' id='word_1_244' title='bbox 2976 782 3349 822; x_wconf 89' lang='lat' dir='ltr'>communem</span> <span class='ocrx_word' id='word_1_245' title='bbox 3376 766 3666 837; x_wconf 84' lang='lat' dir='ltr'>populum</span> <span class='ocrx_word' id='word_1_246' title='bbox 3711 779 3864 819; x_wconf 90' lang='lat' dir='ltr'>com-</span> 
     </span>
    </p>
   </div>
   <div class='ocr_carea' id='block_1_38' title="bbox 2221 851 3660 914">
    <p class='ocr_par' dir='ltr' id='par_1_38' title="bbox 2221 851 3660 914">
     <span class='ocr_line' id='line_1_38' title="bbox 2221 851 3660 914; baseline -0.005 0"><span class='ocrx_word' id='word_1_247' title='bbox 2221 857 2560 914; x_wconf 85' lang='lat' dir='ltr'>municandi</span> <span class='ocrx_word' id='word_1_248' title='bbox 2591 856 2886 913; x_wconf 88' lang='lat' dir='ltr'>licentiam</span> <span class='ocrx_word' id='word_1_249' title='bbox 2917 853 3322 911; x_wconf 88' lang='lat' dir='ltr'>tantummodo</span> <span class='ocrx_word' id='word_1_250' title='bbox 3352 851 3660 909; x_wconf 86' lang='lat' dir='ltr'>haberent.</span> 
     </span>
    </p>
   </div>
   <div class='ocr_carea' id='block_1_39' title="bbox 2292 940 3866 1016">
    <p class='ocr_par' dir='ltr' id='par_1_39' title="bbox 2292 940 3866 1016">
     <span class='ocr_line' id='line_1_39' title="bbox 2292 940 3866 1016; baseline -0.004 -13"><span class='ocrx_word' id='word_1_251' title='bbox 2292 949 2608 1003; x_wconf 86' lang='lat' dir='ltr'>Transacto</span> <span class='ocrx_word' id='word_1_252' title='bbox 2626 949 2821 1002; x_wconf 88' lang='lat' dir='ltr'>autem</span> <span class='ocrx_word' id='word_1_253' title='bbox 2842 943 3105 1002; x_wconf 89' lang='lat' dir='ltr'>decennii</span> <span class='ocrx_word' id='word_1_254' title='bbox 3127 947 3386 1015; x_wconf 89' lang='lat' dir='ltr'>tempore</span> <span class='ocrx_word' id='word_1_255' title='bbox 3407 946 3540 1015; x_wconf 90' lang='lat' dir='ltr'>post</span> <span class='ocrx_word' id='word_1_256' title='bbox 3559 940 3866 1016; x_wconf 66' lang='lat' dir='ltr'>depositior</span> 
     </span>
    </p>
   </div>
   <div class='ocr_carea' id='block_1_40' title="bbox 2221 1029 3862 1109">
    <p class='ocr_par' dir='ltr' id='par_1_40' title="bbox 2221 1029 3862 1109">
     <span class='ocr_line' id='line_1_40' title="bbox 2221 1029 3862 1109; baseline -0.004 -17"><span class='ocrx_word' id='word_1_257' title='bbox 2221 1054 2354 1093; x_wconf 89' lang='lat' dir='ltr'>nem</span> <span class='ocrx_word' id='word_1_258' title='bbox 2376 1033 2563 1109; x_wconf 91' lang='lat' dir='ltr'>ipsius</span> <span class='ocrx_word' id='word_1_259' title='bbox 2581 1033 3218 1102; x_wconf 80' lang='lat' dir='ltr'>Ebonis,convenerunt</span> <span class='ocrx_word' id='word_1_260' title='bbox 3234 1029 3490 1104; x_wconf 88' lang='lat' dir='ltr'>episcopi</span> <span class='ocrx_word' id='word_1_261' title='bbox 3505 1029 3862 1096; x_wconf 85' lang='lat' dir='ltr'>Rhemorum</span> 
     </span>
    </p>
   </div>
   <div class='ocr_carea' id='block_1_41' title="bbox 2222 1118 3863 1198">
    <p class='ocr_par' dir='ltr' id='par_1_41' title="bbox 2222 1118 3863 1198">
     <span class='ocr_line' id='line_1_41' title="bbox 2222 1118 3863 1198; baseline -0.004 -16"><span class='ocrx_word' id='word_1_262' title='bbox 2222 1126 2533 1182; x_wconf 79' lang='lat' dir='ltr'>diceeeseos</span> <span class='ocrx_word' id='word_1_263' title='bbox 2565 1125 2635 1180; x_wconf 89' lang='lat' dir='ltr'>ad</span> <span class='ocrx_word' id='word_1_264' title='bbox 2678 1123 2965 1198; x_wconf 80' lang='lat' dir='ltr'>synodum</span> <span class='ocrx_word' id='word_1_265' title='bbox 3015 1119 3453 1180; x_wconf 87' lang='lat' dir='ltr'>Belvacensium</span> <span class='ocrx_word' id='word_1_266' title='bbox 3500 1118 3777 1189; x_wconf 84' lang='lat' dir='ltr'>civitatis,</span> <span class='ocrx_word' id='word_1_267' title='bbox 3807 1122 3863 1175; x_wconf 90' lang='lat' dir='ltr'>et</span> 
     </span>
    </p>
   </div>
   <div class='ocr_carea' id='block_1_42' title="bbox 2221 1207 3862 1282">
    <p class='ocr_par' dir='ltr' id='par_1_42' title="bbox 2221 1207 3862 1282">
     <span class='ocr_line' id='line_1_42' title="bbox 2221 1207 3862 1282; baseline -0.005 -10"><span class='ocrx_word' id='word_1_268' title='bbox 2221 1215 2599 1272; x_wconf 84' lang='lat' dir='ltr'>obtinuerunt</span> <span class='ocrx_word' id='word_1_269' title='bbox 2627 1228 2916 1270; x_wconf 90' lang='lat' dir='ltr'>consensu</span> <span class='ocrx_word' id='word_1_270' title='bbox 2947 1209 3147 1267; x_wconf 88' lang='lat' dir='ltr'>domui</span> <span class='ocrx_word' id='word_1_271' title='bbox 3187 1207 3376 1266; x_wconf 87' lang='lat' dir='ltr'>Caroli</span> <span class='ocrx_word' id='word_1_272' title='bbox 3424 1207 3582 1281; x_wconf 86' lang='lat' dir='ltr'>regis</span> <span class='ocrx_word' id='word_1_273' title='bbox 3627 1207 3862 1282; x_wconf 83' lang='lat' dir='ltr'>gloriosi</span> 
     </span>
    </p>
   </div>
   <div class='ocr_carea' id='block_1_43' title="bbox 2221 1294 3860 1374">
    <p class='ocr_par' dir='ltr' id='par_1_43' title="bbox 2221 1294 3860 1374">
     <span class='ocr_line' id='line_1_43' title="bbox 2221 1294 3860 1374; baseline -0.002 -18"><span class='ocrx_word' id='word_1_274' title='bbox 2221 1300 2534 1374; x_wconf 90' lang='lat' dir='ltr'>quemdam</span> <span class='ocrx_word' id='word_1_275' title='bbox 2553 1317 2622 1355; x_wconf 79' lang='lat' dir='ltr'>ex</span> <span class='ocrx_word' id='word_1_276' title='bbox 2637 1298 2871 1354; x_wconf 89' lang='lat' dir='ltr'>dioecesi</span> <span class='ocrx_word' id='word_1_277' title='bbox 2891 1297 3195 1368; x_wconf 88' lang='lat' dir='ltr'>Sennensi,</span> <span class='ocrx_word' id='word_1_278' title='bbox 3210 1300 3266 1354; x_wconf 89' lang='lat' dir='ltr'>et</span> <span class='ocrx_word' id='word_1_279' title='bbox 3285 1295 3533 1370; x_wconf 69' lang='lat' dir='ltr'>partecia</span> <span class='ocrx_word' id='word_1_280' title='bbox 3549 1294 3860 1366; x_wconf 87' lang='lat' dir='ltr'>Parisiaca,</span> 
     </span>
    </p>
   </div>
   <div class='ocr_carea' id='block_1_44' title="bbox 2221 1384 3862 1463">
    <p class='ocr_par' dir='ltr' id='par_1_44' title="bbox 2221 1384 3862 1463">
     <span class='ocr_line' id='line_1_44' title="bbox 2221 1384 3862 1463; baseline -0.004 -17"><span class='ocrx_word' id='word_1_281' title='bbox 2221 1390 2376 1463; x_wconf 89' lang='lat' dir='ltr'>apud</span> <span class='ocrx_word' id='word_1_282' title='bbox 2407 1387 2913 1462; x_wconf 88' lang='lat' dir='ltr'>archiepiscopum</span> <span class='ocrx_word' id='word_1_283' title='bbox 2943 1392 3002 1444; x_wconf 93' lang='lat' dir='ltr'>et</span> <span class='ocrx_word' id='word_1_284' title='bbox 3021 1385 3268 1442; x_wconf 89' lang='lat' dir='ltr'>civitatis</span> <span class='ocrx_word' id='word_1_285' title='bbox 3288 1385 3477 1459; x_wconf 88' lang='lat' dir='ltr'>ipsius</span> <span class='ocrx_word' id='word_1_286' title='bbox 3498 1384 3862 1460; x_wconf 84' lang='lat' dir='ltr'>episcOpum,</span> 
     </span>
    </p>
   </div>
   <div class='ocr_carea' id='block_1_45' title="bbox 2220 1473 3866 1552">
    <p class='ocr_par' dir='ltr' id='par_1_45' title="bbox 2220 1473 3866 1552">
     <span class='ocr_line' id='line_1_45' title="bbox 2220 1473 3866 1552; baseline -0.004 -16"><span class='ocrx_word' id='word_1_287' title='bbox 2220 1483 2574 1552; x_wconf 60' lang='lat' dir='ltr'>ceterosque</span> <span class='ocrx_word' id='word_1_288' title='bbox 2603 1476 2910 1551; x_wconf 64' lang='lat' dir='ltr'>provinciae</span> <span class='ocrx_word' id='word_1_289' title='bbox 2949 1476 3212 1548; x_wconf 87' lang='lat' dir='ltr'>ejusdem</span> <span class='ocrx_word' id='word_1_290' title='bbox 3263 1475 3661 1552; x_wconf 88' lang='lat' dir='ltr'>coepiscopos,</span> <span class='ocrx_word' id='word_1_291' title='bbox 3697 1473 3866 1531; x_wconf 83' lang='lat' dir='ltr'>Hinc-</span> 
     </span>
    </p>
   </div>
   <div class='ocr_carea' id='block_1_46' title="bbox 2220 1564 3865 1638">
    <p class='ocr_par' dir='ltr' id='par_1_46' title="bbox 2220 1564 3865 1638">
     <span class='ocr_line' id='line_1_46' title="bbox 2220 1564 3865 1638; baseline -0.001 -14"><span class='ocrx_word' id='word_1_292' title='bbox 2220 1585 2451 1625; x_wconf 89' lang='lat' dir='ltr'>marum</span> <span class='ocrx_word' id='word_1_293' title='bbox 2467 1566 2812 1624; x_wconf 87' lang='lat' dir='ltr'>venerabilis</span> <span class='ocrx_word' id='word_1_294' title='bbox 2831 1564 3166 1623; x_wconf 88' lang='lat' dir='ltr'>monasterii</span> <span class='ocrx_word' id='word_1_295' title='bbox 3187 1568 3865 1638; x_wconf 74' lang='lat' dir='ltr'>sanctorummartyrum</span> 
     </span>
    </p>
   </div>
   <div class='ocr_carea' id='block_1_47' title="bbox 2219 1653 3866 1730">
    <p class='ocr_par' dir='ltr' id='par_1_47' title="bbox 2219 1653 3866 1730">
     <span class='ocr_line' id='line_1_47' title="bbox 2219 1653 3866 1730; baseline -0.002 -16"><span class='ocrx_word' id='word_1_296' title='bbox 2219 1657 2476 1730; x_wconf 74' lang='lat' dir='ltr'>Dionysii</span> <span class='ocrx_word' id='word_1_297' title='bbox 2509 1656 2917 1728; x_wconf 89' lang='lat' dir='ltr'>sociorumque</span> <span class='ocrx_word' id='word_1_298' title='bbox 2946 1655 3074 1727; x_wconf 82' lang='lat' dir='ltr'>ejus</span> <span class='ocrx_word' id='word_1_299' title='bbox 3106 1653 3479 1722; x_wconf 89' lang='lat' dir='ltr'>monachum,</span> <span class='ocrx_word' id='word_1_300' title='bbox 3513 1671 3694 1726; x_wconf 90' lang='lat' dir='ltr'>quem</span> <span class='ocrx_word' id='word_1_301' title='bbox 3733 1671 3866 1710; x_wconf 86' lang='lat' dir='ltr'>cum</span> 
     </span>
    </p>
   </div>
   <div class='ocr_carea' id='block_1_48' title="bbox 2219 1741 3865 1816">
    <p class='ocr_par' dir='ltr' id='par_1_48' title="bbox 2219 1741 3865 1816">
     <span class='ocr_line' id='line_1_48' title="bbox 2219 1741 3865 1816; baseline -0.003 -13"><span class='ocrx_word' id='word_1_302' title='bbox 2219 1747 2447 1803; x_wconf 89' lang='lat' dir='ltr'>decreto</span> <span class='ocrx_word' id='word_1_303' title='bbox 2469 1746 2748 1803; x_wconf 86' lang='lat' dir='ltr'>canonico</span> <span class='ocrx_word' id='word_1_304' title='bbox 2769 1743 2906 1802; x_wconf 89' lang='lat' dir='ltr'>cleri</span> <span class='ocrx_word' id='word_1_305' title='bbox 2927 1749 2983 1801; x_wconf 92' lang='lat' dir='ltr'>et</span> <span class='ocrx_word' id='word_1_306' title='bbox 3003 1743 3188 1816; x_wconf 85' lang='lat' dir='ltr'>plebis</span> <span class='ocrx_word' id='word_1_307' title='bbox 3209 1743 3569 1799; x_wconf 84' lang='lat' dir='ltr'>Rhemorum</span> <span class='ocrx_word' id='word_1_308' title='bbox 3595 1741 3865 1799; x_wconf 71' lang='lat' dir='ltr'>Ecclesiae</span> 
     </span>
    </p>
   </div>
   <div class='ocr_carea' id='block_1_49' title="bbox 2218 1831 3864 1909">
    <p class='ocr_par' dir='ltr' id='par_1_49' title="bbox 2218 1831 3864 1909">
     <span class='ocr_line' id='line_1_49' title="bbox 2218 1831 3864 1909; baseline -0.004 -17"><span class='ocrx_word' id='word_1_309' title='bbox 2218 1837 2408 1893; x_wconf 90' lang='lat' dir='ltr'>eidem</span> <span class='ocrx_word' id='word_1_310' title='bbox 2430 1835 2736 1909; x_wconf 90' lang='lat' dir='ltr'>metropoli</span> <span class='ocrx_word' id='word_1_311' title='bbox 2759 1833 3174 1890; x_wconf 88' lang='lat' dir='ltr'>ordinaverunt</span> <span class='ocrx_word' id='word_1_312' title='bbox 3189 1831 3722 1905; x_wconf 85' lang='lat' dir='ltr'>episcopum,sicut</span> <span class='ocrx_word' id='word_1_313' title='bbox 3733 1831 3864 1886; x_wconf 64' lang='lat' dir='ltr'>die-</span> 
     </span>
    </p>
   </div>
   <div class='ocr_carea' id='block_1_50' title="bbox 2219 1921 3866 1996">
    <p class='ocr_par' dir='ltr' id='par_1_50' title="bbox 2219 1921 3866 1996">
     <span class='ocr_line' id='line_1_50' title="bbox 2219 1921 3866 1996; baseline -0.003 -15"><span class='ocrx_word' id='word_1_314' title='bbox 2219 1942 2415 1981; x_wconf 86' lang='lat' dir='ltr'>ccseos</span> <span class='ocrx_word' id='word_1_315' title='bbox 2432 1925 2787 1980; x_wconf 82' lang='lat' dir='ltr'>Rhemorum</span> <span class='ocrx_word' id='word_1_316' title='bbox 2805 1922 3059 1996; x_wconf 90' lang='lat' dir='ltr'>episcopi</span> <span class='ocrx_word' id='word_1_317' title='bbox 3074 1921 3134 1977; x_wconf 90' lang='lat' dir='ltr'>in</span> <span class='ocrx_word' id='word_1_318' title='bbox 3151 1922 3390 1994; x_wconf 70' lang='lat' dir='ltr'>praefata</span> <span class='ocrx_word' id='word_1_319' title='bbox 3405 1921 3630 1994; x_wconf 76' lang='lat' dir='ltr'>synodo</span> <span class='ocrx_word' id='word_1_320' title='bbox 3641 1921 3866 1986; x_wconf 79' lang='lat' dir='ltr'>eviden-</span> 
     </span>
    </p>
   </div>
   <div class='ocr_carea' id='block_1_51' title="bbox 2219 2009 3862 2086">
    <p class='ocr_par' dir='ltr' id='par_1_51' title="bbox 2219 2009 3862 2086">
     <span class='ocr_line' id='line_1_51' title="bbox 2219 2009 3862 2086; baseline -0.002 -18"><span class='ocrx_word' id='word_1_321' title='bbox 2219 2012 2466 2069; x_wconf 84' lang='lat' dir='ltr'>tissimis</span> <span class='ocrx_word' id='word_1_322' title='bbox 2495 2019 2552 2068; x_wconf 92' lang='lat' dir='ltr'>et</span> <span class='ocrx_word' id='word_1_323' title='bbox 2573 2011 2941 2086; x_wconf 88' lang='lat' dir='ltr'>regularibus</span> <span class='ocrx_word' id='word_1_324' title='bbox 2972 2011 3327 2066; x_wconf 86' lang='lat' dir='ltr'>studuerunt</span> <span class='ocrx_word' id='word_1_325' title='bbox 3350 2009 3664 2066; x_wconf 87' lang='lat' dir='ltr'>ostendere</span> <span class='ocrx_word' id='word_1_326' title='bbox 3690 2009 3862 2067; x_wconf 90' lang='lat' dir='ltr'>docu-</span> 
     </span>
    </p>
   </div>
   <div class='ocr_carea' id='block_1_52' title="bbox 2221 2098 3864 2175">
    <p class='ocr_par' dir='ltr' id='par_1_52' title="bbox 2221 2098 3864 2175">
     <span class='ocr_line' id='line_1_52' title="bbox 2221 2098 3864 2175; baseline -0.002 -17"><span class='ocrx_word' id='word_1_327' title='bbox 2221 2103 2433 2158; x_wconf 86' lang='lat' dir='ltr'>mentis</span> <span class='ocrx_word' id='word_1_328' title='bbox 2468 2119 2482 2157; x_wconf 88' lang='lat'>:</span> <span class='ocrx_word' id='word_1_329' title='bbox 2515 2102 2655 2175; x_wconf 87' lang='lat' dir='ltr'>quia</span> <span class='ocrx_word' id='word_1_330' title='bbox 2685 2105 2749 2157; x_wconf 91' lang='lat' dir='ltr'>ut</span> <span class='ocrx_word' id='word_1_331' title='bbox 2776 2100 2836 2156; x_wconf 89' lang='lat' dir='ltr'>in</span> <span class='ocrx_word' id='word_1_332' title='bbox 2867 2099 3115 2174; x_wconf 89' lang='lat' dir='ltr'>epistola</span> <span class='ocrx_word' id='word_1_333' title='bbox 3144 2099 3215 2155; x_wconf 91' lang='lat' dir='ltr'>ad</span> <span class='ocrx_word' id='word_1_334' title='bbox 3257 2099 3480 2156; x_wconf 91' lang='lat' dir='ltr'>clerum</span> <span class='ocrx_word' id='word_1_335' title='bbox 3532 2103 3592 2156; x_wconf 90' lang='lat' dir='ltr'>et</span> <span class='ocrx_word' id='word_1_336' title='bbox 3635 2098 3864 2172; x_wconf 83' lang='lat' dir='ltr'>plebem</span> 
     </span>
    </p>
   </div>
   <div class='ocr_carea' id='block_1_53' title="bbox 2221 2187 3862 2262">
    <p class='ocr_par' dir='ltr' id='par_1_53' title="bbox 2221 2187 3862 2262">
     <span class='ocr_line' id='line_1_53' title="bbox 2221 2187 3862 2262; baseline -0.002 -15"><span class='ocrx_word' id='word_1_337' title='bbox 2221 2191 2636 2247; x_wconf 85' lang='lat' dir='ltr'>consistentem</span> <span class='ocrx_word' id='word_1_338' title='bbox 2671 2189 2907 2262; x_wconf 80' lang='lat' dir='ltr'>Neapoli</span> <span class='ocrx_word' id='word_1_339' title='bbox 2939 2194 3198 2257; x_wconf 88' lang='lat' dir='ltr'>sanctus,</span> <span class='ocrx_word' id='word_1_340' title='bbox 3226 2188 3369 2244; x_wconf 88' lang='lat' dir='ltr'>dicit</span> <span class='ocrx_word' id='word_1_341' title='bbox 3395 2187 3715 2262; x_wconf 85' lang='lat' dir='ltr'>Gregorius</span> <span class='ocrx_word' id='word_1_342' title='bbox 3748 2188 3862 2262; x_wconf 79' lang='lat' dir='ltr'>(tib.</span> 
     </span>
    </p>
   </div>
   <div class='ocr_carea' id='block_1_54' title="bbox 2219 2277 3863 2354">
    <p class='ocr_par' dir='ltr' id='par_1_54' title="bbox 2219 2277 3863 2354">
     <span class='ocr_line' id='line_1_54' title="bbox 2219 2277 3863 2354; baseline 0 -20"><span class='ocrx_word' id='word_1_343' title='bbox 2219 2281 2434 2354; x_wconf 63' lang='lat' dir='ltr'>Epist),</span> <span class='ocrx_word' id='word_1_344' title='bbox 2469 2279 2764 2336; x_wconf 89' lang='lat' dir='ltr'>canonicis</span> <span class='ocrx_word' id='word_1_345' title='bbox 2805 2283 2896 2336; x_wconf 90' lang='lat' dir='ltr'>est</span> <span class='ocrx_word' id='word_1_346' title='bbox 2939 2277 3156 2352; x_wconf 89' lang='lat' dir='ltr'>regulis</span> <span class='ocrx_word' id='word_1_347' title='bbox 3204 2277 3616 2346; x_wconf 88' lang='lat' dir='ltr'>constitutum,</span> <span class='ocrx_word' id='word_1_348' title='bbox 3651 2279 3739 2344; x_wconf 88' lang='lat' dir='ltr'>ut,</span> <span class='ocrx_word' id='word_1_349' title='bbox 3770 2277 3863 2334; x_wconf 88' lang='lat' dir='ltr'>de-</span> 
     </span>
    </p>
   </div>
   <div class='ocr_carea' id='block_1_55' title="bbox 2220 2366 3864 2441">
    <p class='ocr_par' dir='ltr' id='par_1_55' title="bbox 2220 2366 3864 2441">
     <span class='ocr_line' id='line_1_55' title="bbox 2220 2366 3864 2441; baseline -0.001 -17"><span class='ocrx_word' id='word_1_350' title='bbox 2220 2371 2418 2426; x_wconf 87' lang='lat' dir='ltr'>functo</span> <span class='ocrx_word' id='word_1_351' title='bbox 2458 2369 2545 2425; x_wconf 84' lang='lat' dir='ltr'>vel</span> <span class='ocrx_word' id='word_1_352' title='bbox 2590 2368 2822 2426; x_wconf 92' lang='lat' dir='ltr'>sublato</span> <span class='ocrx_word' id='word_1_353' title='bbox 2872 2372 3122 2441; x_wconf 88' lang='lat' dir='ltr'>pastore,</span> <span class='ocrx_word' id='word_1_354' title='bbox 3157 2367 3260 2424; x_wconf 92' lang='lat' dir='ltr'>diu</span> <span class='ocrx_word' id='word_1_355' title='bbox 3308 2367 3610 2423; x_wconf 88' lang='lat' dir='ltr'>sacerdote</span> <span class='ocrx_word' id='word_1_356' title='bbox 3664 2366 3864 2423; x_wconf 84' lang='lat' dir='ltr'>civitas</span> 
     </span>
    </p>
   </div>
   <div class='ocr_carea' id='block_1_56' title="bbox 2220 2455 3862 2532">
    <p class='ocr_par' dir='ltr' id='par_1_56' title="bbox 2220 2455 3862 2532">
     <span class='ocr_line' id='line_1_56' title="bbox 2220 2455 3862 2532; baseline -0.001 -18"><span class='ocrx_word' id='word_1_357' title='bbox 2220 2458 2432 2532; x_wconf 89' lang='lat' dir='ltr'>privari</span> <span class='ocrx_word' id='word_1_358' title='bbox 2465 2475 2579 2514; x_wconf 90' lang='lat' dir='ltr'>non</span> <span class='ocrx_word' id='word_1_359' title='bbox 2601 2459 2828 2514; x_wconf 88' lang='lat' dir='ltr'>debeat.</span> <span class='ocrx_word' id='word_1_360' title='bbox 2851 2457 3052 2513; x_wconf 69' lang='lat' dir='ltr'>Caeteri</span> <span class='ocrx_word' id='word_1_361' title='bbox 3078 2460 3272 2521; x_wconf 84' lang='lat' dir='ltr'>autem</span> <span class='ocrx_word' id='word_1_362' title='bbox 3293 2456 3482 2529; x_wconf 88' lang='lat' dir='ltr'>ipsius</span> <span class='ocrx_word' id='word_1_363' title='bbox 3504 2455 3862 2512; x_wconf 80' lang='lat' dir='ltr'>Rhemorum</span> 
     </span>
    </p>
   </div>
   <div class='ocr_carea' id='block_1_57' title="bbox 2219 2545 3860 2620">
    <p class='ocr_par' dir='ltr' id='par_1_57' title="bbox 2219 2545 3860 2620">
     <span class='ocr_line' id='line_1_57' title="bbox 2219 2545 3860 2620; baseline -0.002 -16"><span class='ocrx_word' id='word_1_364' title='bbox 2219 2549 2532 2604; x_wconf 74' lang='lat' dir='ltr'>dimceseos</span> <span class='ocrx_word' id='word_1_365' title='bbox 2563 2547 2842 2620; x_wconf 88' lang='lat' dir='ltr'>episcopi,</span> <span class='ocrx_word' id='word_1_366' title='bbox 2875 2546 2926 2602; x_wconf 89' lang='lat' dir='ltr'>si</span> <span class='ocrx_word' id='word_1_367' title='bbox 2958 2547 3028 2602; x_wconf 91' lang='lat' dir='ltr'>de</span> <span class='ocrx_word' id='word_1_368' title='bbox 3058 2547 3337 2602; x_wconf 92' lang='lat' dir='ltr'>canonico</span> <span class='ocrx_word' id='word_1_369' title='bbox 3367 2545 3574 2601; x_wconf 88' lang='lat' dir='ltr'>habitu</span> <span class='ocrx_word' id='word_1_370' title='bbox 3605 2551 3756 2602; x_wconf 90' lang='lat' dir='ltr'>nutu</span> <span class='ocrx_word' id='word_1_371' title='bbox 3777 2545 3860 2601; x_wconf 88' lang='lat' dir='ltr'>di-</span> 
     </span>
    </p>
   </div>
   <div class='ocr_carea' id='block_1_58' title="bbox 2217 2635 3860 2710">
    <p class='ocr_par' dir='ltr' id='par_1_58' title="bbox 2217 2635 3860 2710">
     <span class='ocr_line' id='line_1_58' title="bbox 2217 2635 3860 2710; baseline -0.002 -17"><span class='ocrx_word' id='word_1_372' title='bbox 2217 2637 2350 2693; x_wconf 89' lang='lat' dir='ltr'>vino</span> <span class='ocrx_word' id='word_1_373' title='bbox 2382 2637 2454 2692; x_wconf 89' lang='lat' dir='ltr'>ad</span> <span class='ocrx_word' id='word_1_374' title='bbox 2486 2636 2872 2710; x_wconf 86' lang='lat' dir='ltr'>episcopalem</span> <span class='ocrx_word' id='word_1_375' title='bbox 2903 2635 3165 2693; x_wconf 89' lang='lat' dir='ltr'>ordinem</span> <span class='ocrx_word' id='word_1_376' title='bbox 3198 2651 3406 2690; x_wconf 89' lang='lat' dir='ltr'>sumus</span> <span class='ocrx_word' id='word_1_377' title='bbox 3445 2635 3763 2708; x_wconf 82' lang='lat' dir='ltr'>assumpti,</span> <span class='ocrx_word' id='word_1_378' title='bbox 3794 2635 3860 2690; x_wconf 91' lang='lat' dir='ltr'>de</span> 
     </span>
    </p>
   </div>
   <div class='ocr_carea' id='block_1_59' title="bbox 2219 2723 3862 2797">
    <p class='ocr_par' dir='ltr' id='par_1_59' title="bbox 2219 2723 3862 2797">
     <span class='ocr_line' id='line_1_59' title="bbox 2219 2723 3862 2797; baseline -0.001 -15"><span class='ocrx_word' id='word_1_379' title='bbox 2219 2729 2376 2782; x_wconf 89' lang='lat' dir='ltr'>netis</span> <span class='ocrx_word' id='word_1_380' title='bbox 2415 2725 2710 2797; x_wconf 87' lang='lat' dir='ltr'>Ecclesiis,</span> <span class='ocrx_word' id='word_1_381' title='bbox 2743 2726 3068 2781; x_wconf 89' lang='lat' dir='ltr'>secundum</span> <span class='ocrx_word' id='word_1_382' title='bbox 3117 2724 3300 2780; x_wconf 83' lang='lat' dir='ltr'>sacris</span> <span class='ocrx_word' id='word_1_383' title='bbox 3349 2723 3570 2796; x_wconf 87' lang='lat' dir='ltr'>regulis</span> <span class='ocrx_word' id='word_1_384' title='bbox 3621 2725 3862 2781; x_wconf 85' lang='lat' dir='ltr'>modum</span> 
     </span>
    </p>
   </div>
   <div class='ocr_carea' id='block_1_60' title="bbox 2218 2812 3865 2888">
    <p class='ocr_par' dir='ltr' id='par_1_60' title="bbox 2218 2812 3865 2888">
     <span class='ocr_line' id='line_1_60' title="bbox 2218 2812 3865 2888; baseline -0.001 -18"><span class='ocrx_word' id='word_1_385' title='bbox 2218 2817 2541 2888; x_wconf 62' lang='lat' dir='ltr'>praeﬁxum,</span> <span class='ocrx_word' id='word_1_386' title='bbox 2575 2815 2700 2872; x_wconf 90' lang='lat' dir='ltr'>sine</span> <span class='ocrx_word' id='word_1_387' title='bbox 2731 2813 3151 2870; x_wconf 90' lang='lat' dir='ltr'>interventione</span> <span class='ocrx_word' id='word_1_388' title='bbox 3195 2812 3440 2868; x_wconf 89' lang='lat' dir='ltr'>indebiti</span> <span class='ocrx_word' id='word_1_389' title='bbox 3473 2813 3742 2870; x_wconf 87' lang='lat' dir='ltr'>muneris</span> <span class='ocrx_word' id='word_1_390' title='bbox 3769 2831 3865 2870; x_wconf 87' lang='lat' dir='ltr'>or-</span> 
     </span>
    </p>
   </div>
   <div class='ocr_carea' id='block_1_61' title="bbox 2219 2901 3862 2964">
    <p class='ocr_par' dir='ltr' id='par_1_61' title="bbox 2219 2901 3862 2964">
     <span class='ocr_line' id='line_1_61' title="bbox 2219 2901 3862 2964; baseline -0.001 -4"><span class='ocrx_word' id='word_1_391' title='bbox 2219 2904 2402 2960; x_wconf 89' lang='lat' dir='ltr'>dinati</span> <span class='ocrx_word' id='word_1_392' title='bbox 2435 2903 2741 2960; x_wconf 75' lang='lat' dir='ltr'>existimus</span> <span class='ocrx_word' id='word_1_393' title='bbox 2775 2920 2786 2960; x_wconf 95' lang='lat'>:</span> <span class='ocrx_word' id='word_1_394' title='bbox 2821 2908 2877 2958; x_wconf 89' lang='lat' dir='ltr'>et</span> <span class='ocrx_word' id='word_1_395' title='bbox 2907 2902 2957 2960; x_wconf 93' lang='lat' dir='ltr'>si</span> <span class='ocrx_word' id='word_1_396' title='bbox 2987 2903 3058 2958; x_wconf 91' lang='lat' dir='ltr'>de</span> <span class='ocrx_word' id='word_1_397' title='bbox 3108 2901 3454 2964; x_wconf 87' lang='lat' dir='ltr'>monachica</span> <span class='ocrx_word' id='word_1_398' title='bbox 3494 2901 3862 2959; x_wconf 86' lang='lat' dir='ltr'>institutione</span> 
     </span>
    </p>
   </div>
   <div class='ocr_carea' id='block_1_62' title="bbox 2219 2990 3864 3066">
    <p class='ocr_par' dir='ltr' id='par_1_62' title="bbox 2219 2990 3864 3066">
     <span class='ocr_line' id='line_1_62' title="bbox 2219 2990 3864 3066; baseline -0.001 -17"><span class='ocrx_word' id='word_1_399' title='bbox 2219 3011 2427 3050; x_wconf 91' lang='lat' dir='ltr'>sumus</span> <span class='ocrx_word' id='word_1_400' title='bbox 2457 2992 2712 3066; x_wconf 75' lang='lat' dir='ltr'>expetiti,</span> <span class='ocrx_word' id='word_1_401' title='bbox 2737 2991 3057 3048; x_wconf 88' lang='lat' dir='ltr'>secundum</span> <span class='ocrx_word' id='word_1_402' title='bbox 3091 2990 3416 3046; x_wconf 91' lang='lat' dir='ltr'>doctrinam</span> <span class='ocrx_word' id='word_1_403' title='bbox 3442 2991 3755 3047; x_wconf 82' lang='lat' dir='ltr'>beatorum</span> <span class='ocrx_word' id='word_1_404' title='bbox 3778 2991 3864 3048; x_wconf 86' lang='lat' dir='ltr'>Si-</span> 
     </span>
    </p>
   </div>
   <div class='ocr_carea' id='block_1_63' title="bbox 2217 3078 3864 3155">
    <p class='ocr_par' dir='ltr' id='par_1_63' title="bbox 2217 3078 3864 3155">
     <span class='ocr_line' id='line_1_63' title="bbox 2217 3078 3864 3155; baseline 0.001 -17"><span class='ocrx_word' id='word_1_405' title='bbox 2217 3082 2343 3138; x_wconf 79' lang='lat' dir='ltr'>ricii</span> <span class='ocrx_word' id='word_1_406' title='bbox 2375 3086 2549 3155; x_wconf 88' lang='lat' dir='ltr'>atque</span> <span class='ocrx_word' id='word_1_407' title='bbox 2579 3081 2810 3150; x_wconf 86' lang='lat' dir='ltr'>Gelasii,</span> <span class='ocrx_word' id='word_1_408' title='bbox 2837 3081 3122 3154; x_wconf 78' lang='lat' dir='ltr'>juxtaque</span> <span class='ocrx_word' id='word_1_409' title='bbox 3151 3078 3382 3152; x_wconf 84' lang='lat' dir='ltr'>regulas</span> <span class='ocrx_word' id='word_1_410' title='bbox 3413 3085 3620 3136; x_wconf 90' lang='lat' dir='ltr'>sancto</span> <span class='ocrx_word' id='word_1_411' title='bbox 3642 3079 3864 3154; x_wconf 76' lang='lat' dir='ltr'>Spiritu</span> 
     </span>
    </p>
   </div>
   <div class='ocr_carea' id='block_1_64' title="bbox 2217 3167 3866 3246">
    <p class='ocr_par' dir='ltr' id='par_1_64' title="bbox 2217 3167 3866 3246">
     <span class='ocr_line' id='line_1_64' title="bbox 2217 3167 3866 3246; baseline 0 -20"><span class='ocrx_word' id='word_1_412' title='bbox 2217 3171 2640 3246; x_wconf 85' lang='lat' dir='ltr'>promulgatas,</span> <span class='ocrx_word' id='word_1_413' title='bbox 2667 3167 2739 3227; x_wconf 77' lang='lat' dir='ltr'>ad</span> <span class='ocrx_word' id='word_1_414' title='bbox 2760 3171 3025 3228; x_wconf 90' lang='lat' dir='ltr'>ordinem</span> <span class='ocrx_word' id='word_1_415' title='bbox 3055 3169 3426 3242; x_wconf 86' lang='lat' dir='ltr'>episcopatus</span> <span class='ocrx_word' id='word_1_416' title='bbox 3450 3185 3587 3224; x_wconf 90' lang='lat' dir='ltr'>cum</span> <span class='ocrx_word' id='word_1_417' title='bbox 3613 3187 3866 3244; x_wconf 69' lang='lat' dir='ltr'>praesen-</span> 
     </span>
    </p>
   </div>
   <div class='ocr_carea' id='block_1_65' title="bbox 467 3249 3868 3334">
    <p class='ocr_par' dir='ltr' id='par_1_65' title="bbox 467 3249 3868 3334">
     <span class='ocr_line' id='line_1_65' title="bbox 467 3249 3868 3334; baseline 0.001 -20"><span class='ocrx_word' id='word_1_418' title='bbox 467 3259 658 3332; x_wconf 87' lang='lat' dir='ltr'>legere</span> <span class='ocrx_word' id='word_1_419' title='bbox 687 3258 1036 3334; x_wconf 65' lang='lat' dir='ltr'>praevalebit.</span> <span class='ocrx_word' id='word_1_420' title='bbox 1069 3260 1138 3315; x_wconf 85' lang='lat' dir='ltr'>Et</span> <span class='ocrx_word' id='word_1_421' title='bbox 1169 3265 1298 3331; x_wconf 90' lang='lat' dir='ltr'>post</span> <span class='ocrx_word' id='word_1_422' title='bbox 1345 3259 1466 3315; x_wconf 73' lang='lat' dir='ltr'>hzec</span> <span class='ocrx_word' id='word_1_423' title='bbox 1515 3259 1713 3315; x_wconf 89' lang='lat' dir='ltr'>omnia</span> <span class='ocrx_word' id='word_1_424' title='bbox 1763 3259 1950 3314; x_wconf 87' lang='lat' dir='ltr'>isdem</span> <span class='ocrx_word' id='word_1_425' title='bbox 1989 3261 2106 3314; x_wconf 84' lang='lat' dir='ltr'>Ebo</span> <span class='ocrx_word' id='word_1_426' title='bbox 2138 3249 2180 3314; x_wconf 86' lang='lat' dir='ltr'>C</span> <span class='ocrx_word' id='word_1_427' title='bbox 2219 3260 2299 3316; x_wconf 90' lang='lat' dir='ltr'>tia</span> <span class='ocrx_word' id='word_1_428' title='bbox 2327 3265 2383 3316; x_wconf 89' lang='lat' dir='ltr'>et</span> <span class='ocrx_word' id='word_1_429' title='bbox 2411 3260 2778 3317; x_wconf 87' lang='lat' dir='ltr'>ordinatione</span> <span class='ocrx_word' id='word_1_430' title='bbox 2803 3259 3222 3332; x_wconf 86' lang='lat' dir='ltr'>archiepiscopi</span> <span class='ocrx_word' id='word_1_431' title='bbox 3245 3259 3433 3332; x_wconf 88' lang='lat' dir='ltr'>gratia</span> <span class='ocrx_word' id='word_1_432' title='bbox 3453 3257 3657 3316; x_wconf 82' lang='lat' dir='ltr'>divina</span> <span class='ocrx_word' id='word_1_433' title='bbox 3678 3277 3868 3334; x_wconf 85' lang='lat' dir='ltr'>perve-</span> 
     </span>
    </p>
   </div>
   <div class='ocr_carea' id='block_1_66' title="bbox 469 3347 2109 3422">
    <p class='ocr_par' dir='ltr' id='par_1_66' title="bbox 469 3347 2109 3422">
     <span class='ocr_line' id='line_1_66' title="bbox 469 3347 2109 3422; baseline -0.001 -18"><span class='ocrx_word' id='word_1_434' title='bbox 469 3349 769 3421; x_wconf 85' lang='lat' dir='ltr'>quondam</span> <span class='ocrx_word' id='word_1_435' title='bbox 798 3349 1107 3422; x_wconf 90' lang='lat' dir='ltr'>episcopus</span> <span class='ocrx_word' id='word_1_436' title='bbox 1138 3347 1400 3404; x_wconf 90' lang='lat' dir='ltr'>libellum</span> <span class='ocrx_word' id='word_1_437' title='bbox 1435 3347 1790 3420; x_wconf 76' lang='lat' dir='ltr'>pmnitcntim</span> <span class='ocrx_word' id='word_1_438' title='bbox 1821 3347 2021 3415; x_wconf 88' lang='lat' dir='ltr'>edidit,</span> <span class='ocrx_word' id='word_1_439' title='bbox 2051 3347 2109 3404; x_wconf 89' lang='lat' dir='ltr'>in</span> 
     </span>
    </p>
   </div>
   <div class='ocr_carea' id='block_1_67' title="bbox 459 3426 2110 3511">
    <p class='ocr_par' dir='ltr' id='par_1_67' title="bbox 459 3426 2110 3511">
     <span class='ocr_line' id='line_1_67' title="bbox 459 3426 2110 3511; baseline 0.001 -19"><span class='ocrx_word' id='word_1_440' title='bbox 459 3426 585 3510; x_wconf 41' lang='lat' dir='ltr'>&#39;quo</span> <span class='ocrx_word' id='word_1_441' title='bbox 616 3437 864 3493; x_wconf 90' lang='lat' dir='ltr'>crimina</span> <span class='ocrx_word' id='word_1_442' title='bbox 892 3455 1018 3511; x_wconf 68' lang='lat' dir='ltr'>quae</span> <span class='ocrx_word' id='word_1_443' title='bbox 1050 3441 1354 3494; x_wconf 87' lang='lat' dir='ltr'>contessus</span> <span class='ocrx_word' id='word_1_444' title='bbox 1386 3442 1559 3494; x_wconf 90' lang='lat' dir='ltr'>antea</span> <span class='ocrx_word' id='word_1_445' title='bbox 1579 3437 2019 3509; x_wconf 89' lang='lat' dir='ltr'>suisjudicibus</span> <span class='ocrx_word' id='word_1_446' title='bbox 2045 3454 2110 3493; x_wconf 88' lang='lat' dir='ltr'>ac</span> 
     </span>
    </p>
   </div>
   <div class='ocr_carea' id='block_1_68' title="bbox 467 3526 2112 3601">
    <p class='ocr_par' dir='ltr' id='par_1_68' title="bbox 467 3526 2112 3601">
     <span class='ocr_line' id='line_1_68' title="bbox 467 3526 2112 3601; baseline 0 -19"><span class='ocrx_word' id='word_1_447' title='bbox 467 3526 718 3584; x_wconf 87' lang='lat' dir='ltr'>testibus</span> <span class='ocrx_word' id='word_1_448' title='bbox 750 3529 934 3584; x_wconf 83' lang='lat' dir='ltr'>fuerat</span> <span class='ocrx_word' id='word_1_449' title='bbox 955 3527 1169 3600; x_wconf 90' lang='lat' dir='ltr'>scripto</span> <span class='ocrx_word' id='word_1_450' title='bbox 1189 3527 1476 3600; x_wconf 79' lang='lat' dir='ltr'>exposuit,</span> <span class='ocrx_word' id='word_1_451' title='bbox 1491 3543 1595 3600; x_wconf 92' lang='lat' dir='ltr'>pro</span> <span class='ocrx_word' id='word_1_452' title='bbox 1617 3527 1833 3600; x_wconf 84' lang='lat' dir='ltr'>quibus</span> <span class='ocrx_word' id='word_1_453' title='bbox 1854 3545 1914 3584; x_wconf 89' lang='lat' dir='ltr'>se</span> <span class='ocrx_word' id='word_1_454' title='bbox 1935 3529 2112 3601; x_wconf 69' lang='lat' dir='ltr'>paeni-</span> 
     </span>
    </p>
   </div>
   <div class='ocr_carea' id='block_1_69' title="bbox 466 3615 2108 3691">
    <p class='ocr_par' dir='ltr' id='par_1_69' title="bbox 466 3615 2108 3691">
     <span class='ocr_line' id='line_1_69' title="bbox 466 3615 2108 3691; baseline 0.001 -19"><span class='ocrx_word' id='word_1_455' title='bbox 466 3616 712 3673; x_wconf 88' lang='lat' dir='ltr'>tentiam</span> <span class='ocrx_word' id='word_1_456' title='bbox 741 3621 1084 3690; x_wconf 89' lang='lat' dir='ltr'>septennem</span> <span class='ocrx_word' id='word_1_457' title='bbox 1109 3615 1296 3691; x_wconf 82' lang='lat' dir='ltr'>egisse</span> <span class='ocrx_word' id='word_1_458' title='bbox 1327 3615 1694 3688; x_wconf 89' lang='lat' dir='ltr'>conscripsit,</span> <span class='ocrx_word' id='word_1_459' title='bbox 1722 3621 1781 3672; x_wconf 92' lang='lat' dir='ltr'>et</span> <span class='ocrx_word' id='word_1_460' title='bbox 1809 3617 1967 3672; x_wconf 90' lang='lat' dir='ltr'>hunc</span> <span class='ocrx_word' id='word_1_461' title='bbox 2017 3633 2108 3673; x_wconf 88' lang='lat' dir='ltr'>sa-</span> 
     </span>
    </p>
   </div>
   <div class='ocr_carea' id='block_1_70' title="bbox 466 3704 2110 3778">
    <p class='ocr_par' dir='ltr' id='par_1_70' title="bbox 466 3704 2110 3778">
     <span class='ocr_line' id='line_1_70' title="bbox 466 3704 2110 3778; baseline -0.001 -16"><span class='ocrx_word' id='word_1_462' title='bbox 466 3706 814 3763; x_wconf 84' lang='lat' dir='ltr'>tisfactionis</span> <span class='ocrx_word' id='word_1_463' title='bbox 844 3706 1110 3763; x_wconf 92' lang='lat' dir='ltr'>libellum</span> <span class='ocrx_word' id='word_1_464' title='bbox 1140 3705 1201 3761; x_wconf 90' lang='lat' dir='ltr'>in</span> <span class='ocrx_word' id='word_1_465' title='bbox 1233 3705 1489 3762; x_wconf 86' lang='lat' dir='ltr'>Ecclesia</span> <span class='ocrx_word' id='word_1_466' title='bbox 1519 3705 1833 3761; x_wconf 68' lang='lat' dir='ltr'>lthemensi</span> <span class='ocrx_word' id='word_1_467' title='bbox 1878 3704 2110 3778; x_wconf 89' lang='lat' dir='ltr'>publice</span> 
     </span>
    </p>
   </div>
   <div class='ocr_carea' id='block_1_71' title="bbox 467 3793 2111 3869">
    <p class='ocr_par' dir='ltr' id='par_1_71' title="bbox 467 3793 2111 3869">
     <span class='ocr_line' id='line_1_71' title="bbox 467 3793 2111 3869; baseline -0.002 -17"><span class='ocrx_word' id='word_1_468' title='bbox 467 3795 745 3865; x_wconf 90' lang='lat' dir='ltr'>recitavit,</span> <span class='ocrx_word' id='word_1_469' title='bbox 770 3813 944 3869; x_wconf 91' lang='lat' dir='ltr'>quem</span> <span class='ocrx_word' id='word_1_470' title='bbox 967 3796 1250 3852; x_wconf 87' lang='lat' dir='ltr'>hactenus</span> <span class='ocrx_word' id='word_1_471' title='bbox 1281 3793 1584 3868; x_wconf 87' lang='lat' dir='ltr'>diligentia</span> <span class='ocrx_word' id='word_1_472' title='bbox 1607 3795 1952 3852; x_wconf 80' lang='lat' dir='ltr'>llhcmensis</span> <span class='ocrx_word' id='word_1_473' title='bbox 1973 3795 2111 3850; x_wconf 85' lang='lat' dir='ltr'>scri-</span> 
     </span>
    </p>
   </div>
   <div class='ocr_carea' id='block_1_72' title="bbox 467 3884 2110 3959">
    <p class='ocr_par' dir='ltr' id='par_1_72' title="bbox 467 3884 2110 3959">
     <span class='ocr_line' id='line_1_72' title="bbox 467 3884 2110 3959; baseline -0.001 -17"><span class='ocrx_word' id='word_1_474' title='bbox 467 3885 549 3942; x_wconf 90' lang='lat' dir='ltr'>nii</span> <span class='ocrx_word' id='word_1_475' title='bbox 578 3887 732 3942; x_wconf 88' lang='lat' dir='ltr'>inter</span> <span class='ocrx_word' id='word_1_476' title='bbox 762 3885 876 3942; x_wconf 90' lang='lat' dir='ltr'>alia</span> <span class='ocrx_word' id='word_1_477' title='bbox 905 3890 1072 3959; x_wconf 88' lang='lat' dir='ltr'>gesta</span> <span class='ocrx_word' id='word_1_478' title='bbox 1100 3884 1376 3940; x_wconf 85' lang='lat' dir='ltr'>custodit.</span> <span class='ocrx_word' id='word_1_479' title='bbox 1401 3886 1470 3940; x_wconf 85' lang='lat' dir='ltr'>Et</span> <span class='ocrx_word' id='word_1_480' title='bbox 1486 3884 1596 3940; x_wconf 87' lang='lat' dir='ltr'>hoc</span> <span class='ocrx_word' id='word_1_481' title='bbox 1617 3885 1790 3940; x_wconf 89' lang='lat' dir='ltr'>modo</span> <span class='ocrx_word' id='word_1_482' title='bbox 1811 3885 2110 3957; x_wconf 88' lang='lat' dir='ltr'>depositus</span> 
     </span>
    </p>
   </div>
   <div class='ocr_carea' id='block_1_73' title="bbox 467 3969 2106 4048">
    <p class='ocr_par' dir='ltr' id='par_1_73' title="bbox 467 3969 2106 4048">
     <span class='ocr_line' id='line_1_73' title="bbox 467 3969 2106 4048; baseline -0.002 -16"><span class='ocrx_word' id='word_1_483' title='bbox 467 3975 850 4048; x_wconf 89' lang='lat' dir='ltr'>apostolicam</span> <span class='ocrx_word' id='word_1_484' title='bbox 881 3975 1077 4030; x_wconf 88' lang='lat' dir='ltr'>sedem</span> <span class='ocrx_word' id='word_1_485' title='bbox 1109 3978 1164 4028; x_wconf 91' lang='lat' dir='ltr'>et</span> <span class='ocrx_word' id='word_1_486' title='bbox 1195 3991 1404 4046; x_wconf 89' lang='lat' dir='ltr'>papam</span> <span class='ocrx_word' id='word_1_487' title='bbox 1438 3969 1704 4048; x_wconf 83' lang='lat' dir='ltr'>Sergium</span> <span class='ocrx_word' id='word_1_488' title='bbox 1743 3974 1908 4030; x_wconf 90' lang='lat' dir='ltr'>adiit.</span> <span class='ocrx_word' id='word_1_489' title='bbox 1940 3974 2106 4047; x_wconf 90' lang='lat' dir='ltr'>Apud</span> 
     </span>
    </p>
   </div>
   <div class='ocr_carea' id='block_1_74' title="bbox 455 4062 2110 4142">
    <p class='ocr_par' dir='ltr' id='par_1_74' title="bbox 455 4062 2110 4142">
     <span class='ocr_line' id='line_1_74' title="bbox 455 4062 2110 4142; baseline -0.001 -22"><span class='ocrx_word' id='word_1_490' title='bbox 455 4081 664 4142; x_wconf 76' lang='lat' dir='ltr'>quem,</span> <span class='ocrx_word' id='word_1_491' title='bbox 697 4064 850 4119; x_wconf 88' lang='lat' dir='ltr'>sicut</span> <span class='ocrx_word' id='word_1_492' title='bbox 877 4063 936 4118; x_wconf 91' lang='lat' dir='ltr'>in</span> <span class='ocrx_word' id='word_1_493' title='bbox 967 4062 1158 4118; x_wconf 85' lang='lat' dir='ltr'>Gestis</span> <span class='ocrx_word' id='word_1_494' title='bbox 1187 4062 1620 4136; x_wconf 88' lang='lat' dir='ltr'>pontiﬁcalibus</span> <span class='ocrx_word' id='word_1_495' title='bbox 1651 4063 1833 4120; x_wconf 88' lang='lat' dir='ltr'>lector</span> <span class='ocrx_word' id='word_1_496' title='bbox 1860 4064 2110 4136; x_wconf 80' lang='lat' dir='ltr'>quisque</span> 
     </span>
    </p>
   </div>
   <div class='ocr_carea' id='block_1_75' title="bbox 467 4150 2112 4226">
    <p class='ocr_par' dir='ltr' id='par_1_75' title="bbox 467 4150 2112 4226">
     <span class='ocr_line' id='line_1_75' title="bbox 467 4150 2112 4226; baseline 0 -20"><span class='ocrx_word' id='word_1_497' title='bbox 467 4151 740 4226; x_wconf 65' lang='lat' dir='ltr'>praevalet</span> <span class='ocrx_word' id='word_1_498' title='bbox 769 4150 1046 4219; x_wconf 90' lang='lat' dir='ltr'>invenire,</span> <span class='ocrx_word' id='word_1_499' title='bbox 1077 4150 1191 4207; x_wconf 86' lang='lat' dir='ltr'>ista</span> <span class='ocrx_word' id='word_1_500' title='bbox 1219 4151 1494 4206; x_wconf 88' lang='lat' dir='ltr'>obtinuit.</span> <span class='ocrx_word' id='word_1_501' title='bbox 1526 4152 1611 4207; x_wconf 89' lang='lat' dir='ltr'>Ita</span> <span class='ocrx_word' id='word_1_502' title='bbox 1640 4151 1794 4207; x_wconf 91' lang='lat' dir='ltr'>enim</span> <span class='ocrx_word' id='word_1_503' title='bbox 1827 4152 1907 4207; x_wconf 88' lang='lat' dir='ltr'>ibi</span> <span class='ocrx_word' id='word_1_504' title='bbox 1939 4153 2008 4206; x_wconf 92' lang='lat' dir='ltr'>ad</span> <span class='ocrx_word' id='word_1_505' title='bbox 2032 4151 2112 4207; x_wconf 90' lang='lat' dir='ltr'>lo-</span> 
     </span>
    </p>
   </div>
   <div class='ocr_carea' id='block_1_76' title="bbox 469 4240 2108 4314">
    <p class='ocr_par' dir='ltr' id='par_1_76' title="bbox 469 4240 2108 4314">
     <span class='ocr_line' id='line_1_76' title="bbox 469 4240 2108 4314; baseline -0.001 -16"><span class='ocrx_word' id='word_1_506' title='bbox 469 4257 604 4298; x_wconf 91' lang='lat' dir='ltr'>cum</span> <span class='ocrx_word' id='word_1_507' title='bbox 635 4240 920 4314; x_wconf 89' lang='lat' dir='ltr'>scriptum</span> <span class='ocrx_word' id='word_1_508' title='bbox 953 4244 1079 4296; x_wconf 88' lang='lat' dir='ltr'>est:</span> <span class='ocrx_word' id='word_1_509' title='bbox 1110 4263 1131 4290; x_wconf 72' lang='grc' dir='ltr'>α</span> <span class='ocrx_word' id='word_1_510' title='bbox 1163 4240 1265 4296; x_wconf 86' lang='lat' dir='ltr'>His</span> <span class='ocrx_word' id='word_1_511' title='bbox 1287 4240 1468 4314; x_wconf 84' lang='lat' dir='ltr'>igitur</span> <span class='ocrx_word' id='word_1_512' title='bbox 1487 4241 2108 4314; x_wconf 74' lang='lat' dir='ltr'>peractis,przedietum</span> 
     </span>
    </p>
   </div>
   <div class='ocr_carea' id='block_1_77' title="bbox 457 4330 2109 4411">
    <p class='ocr_par' dir='ltr' id='par_1_77' title="bbox 457 4330 2109 4411">
     <span class='ocr_line' id='line_1_77' title="bbox 457 4330 2109 4411; baseline -0.001 -23"><span class='ocrx_word' id='word_1_513' title='bbox 457 4330 905 4411; x_wconf 81' lang='lat' dir='ltr'>postulaverunt</span> <span class='ocrx_word' id='word_1_514' title='bbox 919 4331 1344 4404; x_wconf 86' lang='lat' dir='ltr'>pontilicem,ut</span> <span class='ocrx_word' id='word_1_515' title='bbox 1355 4349 1558 4387; x_wconf 89' lang='lat' dir='ltr'>omnes</span> <span class='ocrx_word' id='word_1_516' title='bbox 1569 4331 1850 4404; x_wconf 89' lang='lat' dir='ltr'>primates</span> <span class='ocrx_word' id='word_1_517' title='bbox 1863 4331 2109 4386; x_wconf 81' lang='lat' dir='ltr'>Romani</span> 
     </span>
    </p>
   </div>
   <div class='ocr_carea' id='block_1_78' title="bbox 455 4418 2112 4499">
    <p class='ocr_par' dir='ltr' id='par_1_78' title="bbox 455 4418 2112 4499">
     <span class='ocr_line' id='line_1_78' title="bbox 455 4418 2112 4499; baseline 0 -23"><span class='ocrx_word' id='word_1_518' title='bbox 455 4419 806 4499; x_wconf 74' lang='lat' dir='ltr'>ﬁdelitatem</span> <span class='ocrx_word' id='word_1_519' title='bbox 831 4418 943 4492; x_wconf 89' lang='lat' dir='ltr'>ipsi</span> <span class='ocrx_word' id='word_1_520' title='bbox 967 4420 1256 4476; x_wconf 89' lang='lat' dir='ltr'>Ludovico</span> <span class='ocrx_word' id='word_1_521' title='bbox 1272 4420 1392 4494; x_wconf 87' lang='lat' dir='ltr'>regi</span> <span class='ocrx_word' id='word_1_522' title='bbox 1411 4437 1514 4493; x_wconf 89' lang='lat' dir='ltr'>per</span> <span class='ocrx_word' id='word_1_523' title='bbox 1530 4424 1961 4476; x_wconf 90' lang='lat' dir='ltr'>sacramentum</span> <span class='ocrx_word' id='word_1_524' title='bbox 1983 4437 2112 4493; x_wconf 83' lang='lat' dir='ltr'>pro-</span> 
     </span>
    </p>
   </div>
   <div class='ocr_carea' id='block_1_79' title="bbox 469 4508 2111 4583">
    <p class='ocr_par' dir='ltr' id='par_1_79' title="bbox 469 4508 2111 4583">
     <span class='ocr_line' id='line_1_79' title="bbox 469 4508 2111 4583; baseline -0.001 -17"><span class='ocrx_word' id='word_1_525' title='bbox 469 4508 798 4579; x_wconf 86' lang='lat' dir='ltr'>mitterent;</span> <span class='ocrx_word' id='word_1_526' title='bbox 821 4509 976 4582; x_wconf 87' lang='lat' dir='ltr'>quod</span> <span class='ocrx_word' id='word_1_527' title='bbox 1001 4509 1498 4582; x_wconf 87' lang='lat' dir='ltr'>prudentissimus</span> <span class='ocrx_word' id='word_1_528' title='bbox 1519 4508 1730 4582; x_wconf 61' lang='lat' dir='ltr'>praesul</span> <span class='ocrx_word' id='word_1_529' title='bbox 1752 4509 1878 4565; x_wconf 78' lang='lat' dir='ltr'>fieri</span> <span class='ocrx_word' id='word_1_530' title='bbox 1895 4526 2111 4583; x_wconf 85' lang='lat' dir='ltr'>nequa-</span> 
     </span>
    </p>
   </div>
   <div class='ocr_carea' id='block_1_80' title="bbox 2220 3346 3868 3422">
    <p class='ocr_par' dir='ltr' id='par_1_80' title="bbox 2220 3346 3868 3422">
     <span class='ocr_line' id='line_1_80' title="bbox 2220 3346 3868 3422; baseline 0.001 -18"><span class='ocrx_word' id='word_1_531' title='bbox 2220 3349 2438 3406; x_wconf 87' lang='lat' dir='ltr'>nimus.</span> <span class='ocrx_word' id='word_1_532' title='bbox 2472 3351 2652 3406; x_wconf 89' lang='lat' dir='ltr'>Sicuti</span> <span class='ocrx_word' id='word_1_533' title='bbox 2685 3367 2804 3406; x_wconf 88' lang='lat' dir='ltr'>una</span> <span class='ocrx_word' id='word_1_534' title='bbox 2822 3367 2957 3406; x_wconf 91' lang='lat' dir='ltr'>cum</span> <span class='ocrx_word' id='word_1_535' title='bbox 2979 3350 3180 3406; x_wconf 91' lang='lat' dir='ltr'>eodem</span> <span class='ocrx_word' id='word_1_536' title='bbox 3204 3346 3645 3422; x_wconf 85' lang='lat' dir='ltr'>archiepiscopo</span> <span class='ocrx_word' id='word_1_537' title='bbox 3669 3354 3868 3406; x_wconf 89' lang='lat' dir='ltr'>nostro</span> 
     </span>
    </p>
   </div>
   <div class='ocr_carea' id='block_1_81' title="bbox 2219 3436 3867 3512">
    <p class='ocr_par' dir='ltr' id='par_1_81' title="bbox 2219 3436 3867 3512">
     <span class='ocr_line' id='line_1_81' title="bbox 2219 3436 3867 3512; baseline -0.002 -17"><span class='ocrx_word' id='word_1_538' title='bbox 2219 3439 2312 3496; x_wconf 91' lang='lat' dir='ltr'>cui</span> <span class='ocrx_word' id='word_1_539' title='bbox 2345 3440 2670 3496; x_wconf 88' lang='lat' dir='ltr'>secundum</span> <span class='ocrx_word' id='word_1_540' title='bbox 2703 3443 2980 3512; x_wconf 88' lang='lat' dir='ltr'>quartum</span> <span class='ocrx_word' id='word_1_541' title='bbox 3013 3436 3336 3511; x_wconf 89' lang='lat' dir='ltr'>capitulum</span> <span class='ocrx_word' id='word_1_542' title='bbox 3365 3436 3586 3493; x_wconf 68' lang='grc' dir='ltr'>Μειωηί</span> <span class='ocrx_word' id='word_1_543' title='bbox 3633 3436 3867 3496; x_wconf 88' lang='lat' dir='ltr'>concilii</span> 
     </span>
    </p>
   </div>
   <div class='ocr_carea' id='block_1_82' title="bbox 2219 3526 3867 3600">
    <p class='ocr_par' dir='ltr' id='par_1_82' title="bbox 2219 3526 3867 3600">
     <span class='ocr_line' id='line_1_82' title="bbox 2219 3526 3867 3600; baseline -0.002 -17"><span class='ocrx_word' id='word_1_544' title='bbox 2219 3526 2464 3583; x_wconf 83' lang='lat' dir='ltr'>ﬁrmitas</span> <span class='ocrx_word' id='word_1_545' title='bbox 2489 3544 2692 3584; x_wconf 89' lang='lat' dir='ltr'>eorum</span> <span class='ocrx_word' id='word_1_546' title='bbox 2723 3544 2852 3600; x_wconf 69' lang='lat' dir='ltr'>quae</span> <span class='ocrx_word' id='word_1_547' title='bbox 2899 3529 3185 3599; x_wconf 88' lang='lat' dir='ltr'>geruntur</span> <span class='ocrx_word' id='word_1_548' title='bbox 3231 3541 3335 3597; x_wconf 89' lang='lat' dir='ltr'>per</span> <span class='ocrx_word' id='word_1_549' title='bbox 3379 3540 3867 3600; x_wconf 86' lang='lat' dir='ltr'>unamquamque</span> 
     </span>
    </p>
   </div>
   <div class='ocr_carea' id='block_1_83' title="bbox 2216 3611 3865 3689">
    <p class='ocr_par' dir='ltr' id='par_1_83' title="bbox 2216 3611 3865 3689">
     <span class='ocr_line' id='line_1_83' title="bbox 2216 3611 3865 3689; baseline -0.001 -17"><span class='ocrx_word' id='word_1_550' title='bbox 2216 3615 2573 3689; x_wconf 85' lang='lat' dir='ltr'>provinciam</span> <span class='ocrx_word' id='word_1_551' title='bbox 2604 3621 2669 3672; x_wconf 89' lang='lat' dir='ltr'>ut</span> <span class='ocrx_word' id='word_1_552' title='bbox 2698 3615 3144 3689; x_wconf 87' lang='lat' dir='ltr'>metropolitano</span> <span class='ocrx_word' id='word_1_553' title='bbox 3174 3617 3265 3670; x_wconf 88' lang='lat' dir='ltr'>est</span> <span class='ocrx_word' id='word_1_554' title='bbox 3293 3611 3518 3670; x_wconf 88' lang='lat' dir='ltr'>tributa</span> <span class='ocrx_word' id='word_1_555' title='bbox 3565 3613 3865 3688; x_wconf 88' lang='lat' dir='ltr'>episcopo,</span> 
     </span>
    </p>
   </div>
   <div class='ocr_carea' id='block_1_84' title="bbox 2218 3701 3868 3778">
    <p class='ocr_par' dir='ltr' id='par_1_84' title="bbox 2218 3701 3868 3778">
     <span class='ocr_line' id='line_1_84' title="bbox 2218 3701 3868 3778; baseline -0.002 -16"><span class='ocrx_word' id='word_1_556' title='bbox 2218 3705 2454 3778; x_wconf 89' lang='lat' dir='ltr'>scriptis</span> <span class='ocrx_word' id='word_1_557' title='bbox 2474 3704 2768 3762; x_wconf 91' lang='lat' dir='ltr'>canonicis</span> <span class='ocrx_word' id='word_1_558' title='bbox 2790 3705 3190 3761; x_wconf 87' lang='lat' dir='ltr'>demonstrare</span> <span class='ocrx_word' id='word_1_559' title='bbox 3207 3701 3490 3759; x_wconf 89' lang='lat' dir='ltr'>velemus.</span> <span class='ocrx_word' id='word_1_560' title='bbox 3506 3703 3620 3760; x_wconf 91' lang='lat' dir='ltr'>Sed</span> <span class='ocrx_word' id='word_1_561' title='bbox 3633 3708 3693 3760; x_wconf 89' lang='lat' dir='ltr'>et</span> <span class='ocrx_word' id='word_1_562' title='bbox 3712 3703 3868 3777; x_wconf 87' lang='lat' dir='ltr'>prin-</span> 
     </span>
    </p>
   </div>
   <div class='ocr_carea' id='block_1_85' title="bbox 2217 3790 3866 3868">
    <p class='ocr_par' dir='ltr' id='par_1_85' title="bbox 2217 3790 3866 3868">
     <span class='ocr_line' id='line_1_85' title="bbox 2217 3790 3866 3868; baseline -0.001 -18"><span class='ocrx_word' id='word_1_563' title='bbox 2217 3811 2354 3868; x_wconf 91' lang='lat' dir='ltr'>ceps</span> <span class='ocrx_word' id='word_1_564' title='bbox 2385 3801 2600 3864; x_wconf 90' lang='lat' dir='ltr'>noster,</span> <span class='ocrx_word' id='word_1_565' title='bbox 2633 3793 3044 3850; x_wconf 89' lang='lat' dir='ltr'>ecclesiasticis</span> <span class='ocrx_word' id='word_1_566' title='bbox 3071 3790 3289 3866; x_wconf 90' lang='lat' dir='ltr'>regulis</span> <span class='ocrx_word' id='word_1_567' title='bbox 3319 3791 3626 3848; x_wconf 90' lang='lat' dir='ltr'>humiliter</span> <span class='ocrx_word' id='word_1_568' title='bbox 3654 3793 3866 3850; x_wconf 86' lang='lat' dir='ltr'>subdi—</span> 
     </span>
    </p>
   </div>
   <div class='ocr_carea' id='block_1_86' title="bbox 2217 3881 3870 3957">
    <p class='ocr_par' dir='ltr' id='par_1_86' title="bbox 2217 3881 3870 3957">
     <span class='ocr_line' id='line_1_86' title="bbox 2217 3881 3870 3957; baseline 0 -17"><span class='ocrx_word' id='word_1_569' title='bbox 2217 3889 2334 3951; x_wconf 90' lang='lat' dir='ltr'>tus,</span> <span class='ocrx_word' id='word_1_570' title='bbox 2349 3885 2531 3957; x_wconf 88' lang='lat' dir='ltr'>justis</span> <span class='ocrx_word' id='word_1_571' title='bbox 2547 3889 2602 3940; x_wconf 91' lang='lat' dir='ltr'>et</span> <span class='ocrx_word' id='word_1_572' title='bbox 2618 3881 3061 3939; x_wconf 87' lang='lat' dir='ltr'>rationabilibus</span> <span class='ocrx_word' id='word_1_573' title='bbox 3083 3881 3451 3938; x_wconf 86' lang='lat' dir='ltr'>sacerdotum</span> <span class='ocrx_word' id='word_1_574' title='bbox 3481 3881 3870 3954; x_wconf 76' lang='lat' dir='ltr'>petitionibus</span> 
     </span>
    </p>
   </div>
   <div class='ocr_carea' id='block_1_87' title="bbox 2217 3970 3873 4045">
    <p class='ocr_par' dir='ltr' id='par_1_87' title="bbox 2217 3970 3873 4045">
     <span class='ocr_line' id='line_1_87' title="bbox 2217 3970 3873 4045; baseline -0.001 -15"><span class='ocrx_word' id='word_1_575' title='bbox 2217 3973 2592 4030; x_wconf 88' lang='lat' dir='ltr'>devotissime</span> <span class='ocrx_word' id='word_1_576' title='bbox 2621 3972 2846 4040; x_wconf 89' lang='lat' dir='ltr'>annuit,</span> <span class='ocrx_word' id='word_1_577' title='bbox 2878 3976 2936 4028; x_wconf 93' lang='lat' dir='ltr'>et</span> <span class='ocrx_word' id='word_1_578' title='bbox 2965 3977 3030 4027; x_wconf 90' lang='lat' dir='ltr'>ut</span> <span class='ocrx_word' id='word_1_579' title='bbox 3064 3970 3361 4044; x_wconf 88' lang='lat' dir='ltr'>regulares</span> <span class='ocrx_word' id='word_1_580' title='bbox 3407 3987 3474 4026; x_wconf 93' lang='lat' dir='ltr'>ac</span> <span class='ocrx_word' id='word_1_581' title='bbox 3521 3970 3873 4045; x_wconf 84' lang='lat' dir='ltr'>regulariter</span> 
     </span>
    </p>
   </div>
   <div class='ocr_carea' id='block_1_88' title="bbox 2218 4058 3874 4135">
    <p class='ocr_par' dir='ltr' id='par_1_88' title="bbox 2218 4058 3874 4135">
     <span class='ocr_line' id='line_1_88' title="bbox 2218 4058 3874 4135; baseline -0.002 -15"><span class='ocrx_word' id='word_1_582' title='bbox 2218 4065 2562 4120; x_wconf 90' lang='lat' dir='ltr'>ordinentur</span> <span class='ocrx_word' id='word_1_583' title='bbox 2589 4061 2865 4135; x_wconf 91' lang='lat' dir='ltr'>episcopi,</span> <span class='ocrx_word' id='word_1_584' title='bbox 2899 4066 2956 4118; x_wconf 88' lang='lat' dir='ltr'>et</span> <span class='ocrx_word' id='word_1_585' title='bbox 2976 4060 3368 4118; x_wconf 91' lang='lat' dir='ltr'>ministerium</span> <span class='ocrx_word' id='word_1_586' title='bbox 3400 4076 3578 4115; x_wconf 89' lang='lat' dir='ltr'>suum</span> <span class='ocrx_word' id='word_1_587' title='bbox 3608 4060 3729 4116; x_wconf 89' lang='lat' dir='ltr'>Deo</span> <span class='ocrx_word' id='word_1_588' title='bbox 3749 4058 3874 4132; x_wconf 84' lang='lat' dir='ltr'>pla-</span> 
     </span>
    </p>
   </div>
   <div class='ocr_carea' id='block_1_89' title="bbox 2217 4149 3873 4226">
    <p class='ocr_par' dir='ltr' id='par_1_89' title="bbox 2217 4149 3873 4226">
     <span class='ocr_line' id='line_1_89' title="bbox 2217 4149 3873 4226; baseline -0.004 -16"><span class='ocrx_word' id='word_1_589' title='bbox 2217 4155 2329 4210; x_wconf 90' lang='lat' dir='ltr'>citc</span> <span class='ocrx_word' id='word_1_590' title='bbox 2388 4156 2688 4226; x_wconf 87' lang='lat' dir='ltr'>peragant,</span> <span class='ocrx_word' id='word_1_591' title='bbox 2739 4151 3002 4222; x_wconf 80' lang='lat' dir='ltr'>favendo,</span> <span class='ocrx_word' id='word_1_592' title='bbox 3057 4149 3367 4218; x_wconf 87' lang='lat' dir='ltr'>monendo,</span> <span class='ocrx_word' id='word_1_593' title='bbox 3417 4153 3476 4206; x_wconf 92' lang='lat' dir='ltr'>et</span> <span class='ocrx_word' id='word_1_594' title='bbox 3532 4149 3873 4222; x_wconf 81' lang='lat' dir='ltr'>adjuvando</span> 
     </span>
    </p>
   </div>
   <div class='ocr_carea' id='block_1_90' title="bbox 2218 4240 2774 4318">
    <p class='ocr_par' dir='ltr' id='par_1_90' title="bbox 2218 4240 2774 4318">
     <span class='ocr_line' id='line_1_90' title="bbox 2218 4240 2774 4318; baseline -0.007 -18"><span class='ocrx_word' id='word_1_595' title='bbox 2218 4244 2340 4318; x_wconf 86' lang='lat' dir='ltr'>agit</span> <span class='ocrx_word' id='word_1_596' title='bbox 2368 4248 2425 4298; x_wconf 89' lang='lat' dir='ltr'>et</span> <span class='ocrx_word' id='word_1_597' title='bbox 2453 4242 2578 4316; x_wconf 90' lang='lat' dir='ltr'>ipse</span> <span class='ocrx_word' id='word_1_598' title='bbox 2610 4240 2774 4297; x_wconf 89' lang='lat' dir='ltr'>satis.</span> 
     </span>
    </p>
   </div>
   <div class='ocr_carea' id='block_1_91' title="bbox 2289 4327 3876 4403">
    <p class='ocr_par' dir='ltr' id='par_1_91' title="bbox 2289 4327 3876 4403">
     <span class='ocr_line' id='line_1_91' title="bbox 2289 4327 3876 4403; baseline -0.002 -15"><span class='ocrx_word' id='word_1_599' title='bbox 2289 4331 2434 4400; x_wconf 88' lang='lat' dir='ltr'>Quia</span> <span class='ocrx_word' id='word_1_600' title='bbox 2461 4347 2594 4387; x_wconf 85' lang='lat' dir='ltr'>vero</span> <span class='ocrx_word' id='word_1_601' title='bbox 2625 4329 2910 4403; x_wconf 90' lang='lat' dir='ltr'>scriptum</span> <span class='ocrx_word' id='word_1_602' title='bbox 2942 4334 3050 4399; x_wconf 91' lang='lat' dir='ltr'>est,</span> <span class='ocrx_word' id='word_1_603' title='bbox 3066 4329 3141 4385; x_wconf 86' lang='lat' dir='ltr'>Ne</span> <span class='ocrx_word' id='word_1_604' title='bbox 3169 4327 3490 4400; x_wconf 77' lang='lat' dir='ltr'>respondeas</span> <span class='ocrx_word' id='word_1_605' title='bbox 3517 4327 3683 4386; x_wconf 81' lang='lat' dir='ltr'>stulto</span> <span class='ocrx_word' id='word_1_606' title='bbox 3701 4329 3876 4402; x_wconf 71' lang='lat' dir='ltr'>juxta</span> 
     </span>
    </p>
   </div>
   <div class='ocr_carea' id='block_1_92' title="bbox 2215 4417 3876 4492">
    <p class='ocr_par' dir='ltr' id='par_1_92' title="bbox 2215 4417 3876 4492">
     <span class='ocr_line' id='line_1_92' title="bbox 2215 4417 3876 4492; baseline -0.004 -12"><span class='ocrx_word' id='word_1_607' title='bbox 2215 4423 2512 4480; x_wconf 84' lang='lat' dir='ltr'>stultitiam</span> <span class='ocrx_word' id='word_1_608' title='bbox 2537 4437 2718 4490; x_wconf 84' lang='lat' dir='ltr'>suam,</span> <span class='ocrx_word' id='word_1_609' title='bbox 2748 4437 2818 4477; x_wconf 79' lang='lat' dir='ltr'>ne</span> <span class='ocrx_word' id='word_1_610' title='bbox 2844 4421 3048 4476; x_wconf 74' lang='lat' dir='ltr'>similis</span> <span class='ocrx_word' id='word_1_611' title='bbox 3077 4421 3130 4476; x_wconf 88' lang='lat' dir='ltr'>ei</span> <span class='ocrx_word' id='word_1_612' title='bbox 3159 4419 3444 4492; x_wconf 79' lang='lat' dir='ltr'>efﬁciaris.</span> <span class='ocrx_word' id='word_1_613' title='bbox 3474 4422 3534 4474; x_wconf 88' lang='lat' dir='ltr'>et</span> <span class='ocrx_word' id='word_1_614' title='bbox 3560 4434 3698 4474; x_wconf 81' lang='lat' dir='ltr'>mox</span> <span class='ocrx_word' id='word_1_615' title='bbox 3727 4417 3876 4474; x_wconf 86' lang='lat' dir='ltr'>sub-</span> 
     </span>
    </p>
   </div>
   <div class='ocr_carea' id='block_1_93' title="bbox 2219 4508 3872 4584">
    <p class='ocr_par' dir='ltr' id='par_1_93' title="bbox 2219 4508 3872 4584">
     <span class='ocr_line' id='line_1_93' title="bbox 2219 4508 3872 4584; baseline -0.003 -16"><span class='ocrx_word' id='word_1_616' title='bbox 2219 4513 2503 4584; x_wconf 91' lang='lat' dir='ltr'>scriptum</span> <span class='ocrx_word' id='word_1_617' title='bbox 2535 4515 2643 4580; x_wconf 89' lang='lat' dir='ltr'>est,</span> <span class='ocrx_word' id='word_1_618' title='bbox 2677 4509 2951 4582; x_wconf 79' lang='lat' dir='ltr'>Responde</span> <span class='ocrx_word' id='word_1_619' title='bbox 2977 4508 3138 4566; x_wconf 81' lang='lat' dir='ltr'>stulto</span> <span class='ocrx_word' id='word_1_620' title='bbox 3156 4510 3322 4582; x_wconf 77' lang='lat' dir='ltr'>juxta</span> <span class='ocrx_word' id='word_1_621' title='bbox 3361 4508 3656 4565; x_wconf 79' lang='lat' dir='ltr'>stultitiam</span> <span class='ocrx_word' id='word_1_622' title='bbox 3683 4524 3872 4573; x_wconf 85' lang='lat' dir='ltr'>suam,</span> 
     </span>
    </p>
   </div>
   <div class='ocr_carea' id='block_1_94' title="bbox 469 4597 3874 4692">
    <p class='ocr_par' dir='ltr' id='par_1_94' title="bbox 469 4597 3874 4692">
     <span class='ocr_line' id='line_1_94' title="bbox 469 4597 3874 4692; baseline 0 -38"><span class='ocrx_word' id='word_1_623' title='bbox 469 4615 647 4672; x_wconf 89' lang='lat' dir='ltr'>quam</span> <span class='ocrx_word' id='word_1_624' title='bbox 678 4597 986 4668; x_wconf 88' lang='lat' dir='ltr'>concessit,</span> <span class='ocrx_word' id='word_1_625' title='bbox 1009 4603 1066 4654; x_wconf 91' lang='lat' dir='ltr'>et</span> <span class='ocrx_word' id='word_1_626' title='bbox 1087 4599 1171 4654; x_wconf 91' lang='lat' dir='ltr'>sic</span> <span class='ocrx_word' id='word_1_627' title='bbox 1201 4615 1370 4654; x_wconf 88' lang='lat' dir='ltr'>orsus</span> <span class='ocrx_word' id='word_1_628' title='bbox 1402 4605 1492 4656; x_wconf 90' lang='lat' dir='ltr'>est</span> <span class='ocrx_word' id='word_1_629' title='bbox 1516 4599 1633 4655; x_wconf 90' lang='lat' dir='ltr'>illis</span> <span class='ocrx_word' id='word_1_630' title='bbox 1658 4616 1669 4654; x_wconf 93' lang='lat'>:</span> <span class='ocrx_word' id='word_1_631' title='bbox 1697 4599 1842 4666; x_wconf 74' lang='lat' dir='ltr'>Quia</span> <span class='ocrx_word' id='word_1_632' title='bbox 1863 4599 1912 4655; x_wconf 91' lang='lat' dir='ltr'>si</span> <span class='ocrx_word' id='word_1_633' title='bbox 1932 4598 2110 4656; x_wconf 85' lang='lat' dir='ltr'>vultis</span> <span class='ocrx_word' id='word_1_634' title='bbox 2141 4626 2186 4692; x_wconf 71' lang='grc' dir='ltr'>Β</span> <span class='ocrx_word' id='word_1_635' title='bbox 2215 4619 2285 4659; x_wconf 85' lang='lat' dir='ltr'>ne</span> <span class='ocrx_word' id='word_1_636' title='bbox 2330 4602 2441 4659; x_wconf 82' lang='lat' dir='ltr'>sibi</span> <span class='ocrx_word' id='word_1_637' title='bbox 2493 4602 2712 4674; x_wconf 80' lang='lat' dir='ltr'>sapiens</span> <span class='ocrx_word' id='word_1_638' title='bbox 2762 4615 2876 4656; x_wconf 85' lang='lat' dir='ltr'>esse</span> <span class='ocrx_word' id='word_1_639' title='bbox 2927 4599 3177 4655; x_wconf 83' lang='lat' dir='ltr'>videatur</span> <span class='ocrx_word' id='word_1_640' title='bbox 3228 4599 3408 4672; x_wconf 82' lang='lat' dir='ltr'>(Prov.</span> <span class='ocrx_word' id='word_1_641' title='bbox 3449 4615 3564 4670; x_wconf 76' lang='lat' dir='ltr'>XVI,</span> <span class='ocrx_word' id='word_1_642' title='bbox 3598 4597 3674 4672; x_wconf 76' lang='grc'>4),</span> <span class='ocrx_word' id='word_1_643' title='bbox 3709 4599 3874 4671; x_wconf 84' lang='lat' dir='ltr'>quod</span> 
     </span>
    </p>
   </div>
   <div class='ocr_carea' id='block_1_95' title="bbox 468 4687 2110 4762">
    <p class='ocr_par' dir='ltr' id='par_1_95' title="bbox 468 4687 2110 4762">
     <span class='ocr_line' id='line_1_95' title="bbox 468 4687 2110 4762; baseline -0.001 -16"><span class='ocrx_word' id='word_1_644' title='bbox 468 4690 684 4746; x_wconf 90' lang='lat' dir='ltr'>domno</span> <span class='ocrx_word' id='word_1_645' title='bbox 715 4687 987 4750; x_wconf 75' lang='lat' dir='ltr'>Lotharjo</span> <span class='ocrx_word' id='word_1_646' title='bbox 1013 4705 1228 4762; x_wconf 89' lang='lat' dir='ltr'>magno</span> <span class='ocrx_word' id='word_1_647' title='bbox 1257 4688 1593 4761; x_wconf 88' lang='lat' dir='ltr'>imperatori</span> <span class='ocrx_word' id='word_1_648' title='bbox 1624 4688 1734 4745; x_wconf 90' lang='lat' dir='ltr'>hoc</span> <span class='ocrx_word' id='word_1_649' title='bbox 1775 4706 2110 4745; x_wconf 84' lang='lat' dir='ltr'>sacramen-</span> 
     </span>
    </p>
   </div>
   <div class='ocr_carea' id='block_1_96' title="bbox 465 4776 2105 4851">
    <p class='ocr_par' dir='ltr' id='par_1_96' title="bbox 465 4776 2105 4851">
     <span class='ocr_line' id='line_1_96' title="bbox 465 4776 2105 4851; baseline -0.001 -15"><span class='ocrx_word' id='word_1_650' title='bbox 465 4784 597 4836; x_wconf 90' lang='lat' dir='ltr'>tum</span> <span class='ocrx_word' id='word_1_651' title='bbox 615 4783 681 4834; x_wconf 92' lang='lat' dir='ltr'>ut</span> <span class='ocrx_word' id='word_1_652' title='bbox 692 4777 906 4834; x_wconf 85' lang='lat' dir='ltr'>faciant</span> <span class='ocrx_word' id='word_1_653' title='bbox 917 4776 1613 4846; x_wconf 89' lang='lat' dir='ltr'>solummodo,consentio</span> <span class='ocrx_word' id='word_1_654' title='bbox 1625 4783 1798 4851; x_wconf 88' lang='lat' dir='ltr'>atque</span> <span class='ocrx_word' id='word_1_655' title='bbox 1811 4779 2105 4850; x_wconf 87' lang='lat' dir='ltr'>permitto.</span> 
     </span>
    </p>
   </div>
   <div class='ocr_carea' id='block_1_97' title="bbox 467 4866 2105 4941">
    <p class='ocr_par' dir='ltr' id='par_1_97' title="bbox 467 4866 2105 4941">
     <span class='ocr_line' id='line_1_97' title="bbox 467 4866 2105 4941; baseline -0.001 -15"><span class='ocrx_word' id='word_1_656' title='bbox 467 4869 615 4926; x_wconf 85' lang='lat' dir='ltr'>Nam</span> <span class='ocrx_word' id='word_1_657' title='bbox 645 4867 937 4924; x_wconf 89' lang='lat' dir='ltr'>Ludovico</span> <span class='ocrx_word' id='word_1_658' title='bbox 967 4867 1096 4938; x_wconf 91' lang='lat' dir='ltr'>ejus</span> <span class='ocrx_word' id='word_1_659' title='bbox 1127 4866 1246 4922; x_wconf 80' lang='lat' dir='ltr'>lilio</span> <span class='ocrx_word' id='word_1_660' title='bbox 1276 4873 1340 4922; x_wconf 92' lang='lat' dir='ltr'>ut</span> <span class='ocrx_word' id='word_1_661' title='bbox 1367 4866 1477 4923; x_wconf 92' lang='lat' dir='ltr'>hoc</span> <span class='ocrx_word' id='word_1_662' title='bbox 1505 4873 1948 4941; x_wconf 89' lang='lat' dir='ltr'>peragatur,nec</span> <span class='ocrx_word' id='word_1_663' title='bbox 1978 4885 2105 4940; x_wconf 85' lang='lat' dir='ltr'>ego,</span> 
     </span>
    </p>
   </div>
   <div class='ocr_carea' id='block_1_98' title="bbox 467 4955 2106 5016">
    <p class='ocr_par' dir='ltr' id='par_1_98' title="bbox 467 4955 2106 5016">
     <span class='ocr_line' id='line_1_98' title="bbox 467 4955 2106 5016; baseline -0.001 0"><span class='ocrx_word' id='word_1_664' title='bbox 467 4975 575 5016; x_wconf 90' lang='lat' dir='ltr'>nec</span> <span class='ocrx_word' id='word_1_665' title='bbox 605 4956 885 5015; x_wconf 86' lang='lat' dir='ltr'>nobilitas</span> <span class='ocrx_word' id='word_1_666' title='bbox 912 4957 1310 5012; x_wconf 82' lang='lat' dir='ltr'>Romanorum</span> <span class='ocrx_word' id='word_1_667' title='bbox 1340 4955 1648 5012; x_wconf 88' lang='lat' dir='ltr'>consentit.</span> <span class='ocrx_word' id='word_1_668' title='bbox 1673 4958 1837 5012; x_wconf 91' lang='lat' dir='ltr'>Tunc</span> <span class='ocrx_word' id='word_1_669' title='bbox 1866 4959 2106 5014; x_wconf 90' lang='lat' dir='ltr'>demum</span> 
     </span>
    </p>
   </div>
   <div class='ocr_carea' id='block_1_99' title="bbox 467 5044 2109 5118">
    <p class='ocr_par' dir='ltr' id='par_1_99' title="bbox 467 5044 2109 5118">
     <span class='ocr_line' id='line_1_99' title="bbox 467 5044 2109 5118; baseline 0.001 -14"><span class='ocrx_word' id='word_1_670' title='bbox 467 5047 528 5104; x_wconf 91' lang='lat' dir='ltr'>in</span> <span class='ocrx_word' id='word_1_671' title='bbox 559 5049 762 5104; x_wconf 90' lang='lat' dir='ltr'>eadem</span> <span class='ocrx_word' id='word_1_672' title='bbox 783 5045 1042 5104; x_wconf 86' lang='lat' dir='ltr'>Ecclesia</span> <span class='ocrx_word' id='word_1_673' title='bbox 1065 5045 1332 5102; x_wconf 91' lang='lat' dir='ltr'>sedentes</span> <span class='ocrx_word' id='word_1_674' title='bbox 1353 5044 1569 5118; x_wconf 89' lang='lat' dir='ltr'>pariter</span> <span class='ocrx_word' id='word_1_675' title='bbox 1587 5051 1706 5101; x_wconf 90' lang='lat' dir='ltr'>tam</span> <span class='ocrx_word' id='word_1_676' title='bbox 1729 5045 2109 5106; x_wconf 88' lang='lat' dir='ltr'>beatissimus</span> 
     </span>
    </p>
   </div>
   <div class='ocr_carea' id='block_1_100' title="bbox 468 5135 2106 5211">
    <p class='ocr_par' dir='ltr' id='par_1_100' title="bbox 468 5135 2106 5211">
     <span class='ocr_line' id='line_1_100' title="bbox 468 5135 2106 5211; baseline -0.001 -18"><span class='ocrx_word' id='word_1_677' title='bbox 468 5138 745 5211; x_wconf 83' lang='lat' dir='ltr'>pontifex,</span> <span class='ocrx_word' id='word_1_678' title='bbox 771 5153 949 5210; x_wconf 88' lang='lat' dir='ltr'>quam</span> <span class='ocrx_word' id='word_1_679' title='bbox 971 5151 1222 5208; x_wconf 87' lang='lat' dir='ltr'>magnus</span> <span class='ocrx_word' id='word_1_680' title='bbox 1245 5152 1359 5203; x_wconf 75' lang='lat' dir='ltr'>rex,</span> <span class='ocrx_word' id='word_1_681' title='bbox 1383 5140 1442 5190; x_wconf 91' lang='lat' dir='ltr'>et</span> <span class='ocrx_word' id='word_1_682' title='bbox 1463 5152 1667 5192; x_wconf 90' lang='lat' dir='ltr'>omnes</span> <span class='ocrx_word' id='word_1_683' title='bbox 1685 5135 2106 5210; x_wconf 87' lang='lat' dir='ltr'>archiepiscopi</span> 
     </span>
    </p>
   </div>
   <div class='ocr_carea' id='block_1_101' title="bbox 470 5224 2112 5299">
    <p class='ocr_par' dir='ltr' id='par_1_101' title="bbox 470 5224 2112 5299">
     <span class='ocr_line' id='line_1_101' title="bbox 470 5224 2112 5299; baseline 0 -17"><span class='ocrx_word' id='word_1_684' title='bbox 470 5231 645 5298; x_wconf 88' lang='lat' dir='ltr'>atque</span> <span class='ocrx_word' id='word_1_685' title='bbox 675 5225 953 5299; x_wconf 89' lang='lat' dir='ltr'>episcopi,</span> <span class='ocrx_word' id='word_1_686' title='bbox 987 5225 1283 5282; x_wconf 88' lang='lat' dir='ltr'>stantibus</span> <span class='ocrx_word' id='word_1_687' title='bbox 1313 5224 1554 5296; x_wconf 90' lang='lat' dir='ltr'>reliquis</span> <span class='ocrx_word' id='word_1_688' title='bbox 1603 5224 2022 5293; x_wconf 89' lang='lat' dir='ltr'>sacerdotibus,</span> <span class='ocrx_word' id='word_1_689' title='bbox 2054 5230 2112 5282; x_wconf 89' lang='lat' dir='ltr'>et</span> 
     </span>
    </p>
   </div>
   <div class='ocr_carea' id='block_1_102' title="bbox 469 5313 2110 5387">
    <p class='ocr_par' dir='ltr' id='par_1_102' title="bbox 469 5313 2110 5387">
     <span class='ocr_line' id='line_1_102' title="bbox 469 5313 2110 5387; baseline -0.001 -16"><span class='ocrx_word' id='word_1_690' title='bbox 469 5315 865 5371; x_wconf 85' lang='lat' dir='ltr'>Romanorum</span> <span class='ocrx_word' id='word_1_691' title='bbox 888 5331 954 5371; x_wconf 90' lang='lat' dir='ltr'>ac</span> <span class='ocrx_word' id='word_1_692' title='bbox 972 5314 1328 5371; x_wconf 80' lang='lat' dir='ltr'>Francorum</span> <span class='ocrx_word' id='word_1_693' title='bbox 1353 5314 1756 5387; x_wconf 89' lang='lat' dir='ltr'>optimatibus,</span> <span class='ocrx_word' id='word_1_694' title='bbox 1772 5313 2110 5370; x_wconf 89' lang='lat' dir='ltr'>ﬁdelitatem</span> 
     </span>
    </p>
   </div>
   <div class='ocr_carea' id='block_1_103' title="bbox 471 5403 2109 5477">
    <p class='ocr_par' dir='ltr' id='par_1_103' title="bbox 471 5403 2109 5477">
     <span class='ocr_line' id='line_1_103' title="bbox 471 5403 2109 5477; baseline -0.001 -15"><span class='ocrx_word' id='word_1_695' title='bbox 471 5403 741 5462; x_wconf 86' lang='lat' dir='ltr'>Lothario</span> <span class='ocrx_word' id='word_1_696' title='bbox 771 5421 984 5477; x_wconf 92' lang='lat' dir='ltr'>magno</span> <span class='ocrx_word' id='word_1_697' title='bbox 1006 5403 1340 5477; x_wconf 89' lang='lat' dir='ltr'>imperatori</span> <span class='ocrx_word' id='word_1_698' title='bbox 1361 5420 1593 5475; x_wconf 88' lang='lat' dir='ltr'>semper</span> <span class='ocrx_word' id='word_1_699' title='bbox 1611 5403 1872 5476; x_wconf 88' lang='lat' dir='ltr'>Augusto</span> <span class='ocrx_word' id='word_1_700' title='bbox 1895 5404 2109 5476; x_wconf 90' lang='lat' dir='ltr'>promi-</span> 
     </span>
    </p>
   </div>
   <div class='ocr_carea' id='block_1_104' title="bbox 469 5493 2110 5566">
    <p class='ocr_par' dir='ltr' id='par_1_104' title="bbox 469 5493 2110 5566">
     <span class='ocr_line' id='line_1_104' title="bbox 469 5493 2110 5566; baseline 0.001 -15"><span class='ocrx_word' id='word_1_701' title='bbox 469 5499 695 5552; x_wconf 83' lang='lat' dir='ltr'>serunt.</span> <span class='ocrx_word' id='word_1_702' title='bbox 719 5494 854 5550; x_wconf 90' lang='lat' dir='ltr'>Post</span> <span class='ocrx_word' id='word_1_703' title='bbox 876 5495 996 5552; x_wconf 58' lang='lat' dir='ltr'>hate</span> <span class='ocrx_word' id='word_1_704' title='bbox 1017 5512 1170 5564; x_wconf 85' lang='lat' dir='ltr'>vero,</span> <span class='ocrx_word' id='word_1_705' title='bbox 1186 5495 1304 5551; x_wconf 88' lang='lat' dir='ltr'>Ebo</span> <span class='ocrx_word' id='word_1_706' title='bbox 1323 5493 1564 5566; x_wconf 90' lang='lat' dir='ltr'>quidam</span> <span class='ocrx_word' id='word_1_707' title='bbox 1581 5499 1638 5550; x_wconf 91' lang='lat' dir='ltr'>et</span> <span class='ocrx_word' id='word_1_708' title='bbox 1654 5493 2110 5552; x_wconf 72' lang='lat' dir='ltr'>Bartholomzeus</span> 
     </span>
    </p>
   </div>
   <div class='ocr_carea' id='block_1_105' title="bbox 469 5583 2112 5658">
    <p class='ocr_par' dir='ltr' id='par_1_105' title="bbox 469 5583 2112 5658">
     <span class='ocr_line' id='line_1_105' title="bbox 469 5583 2112 5658; baseline -0.002 -15"><span class='ocrx_word' id='word_1_709' title='bbox 469 5583 1017 5658; x_wconf 77' lang='lat' dir='ltr'>archiepiscopi,qui</span> <span class='ocrx_word' id='word_1_710' title='bbox 1034 5601 1139 5658; x_wconf 90' lang='lat' dir='ltr'>pro</span> <span class='ocrx_word' id='word_1_711' title='bbox 1155 5583 1502 5642; x_wconf 89' lang='lat' dir='ltr'>criminibus</span> <span class='ocrx_word' id='word_1_712' title='bbox 1519 5583 1644 5640; x_wconf 87' lang='lat' dir='ltr'>suis</span> <span class='ocrx_word' id='word_1_713' title='bbox 1665 5583 1872 5656; x_wconf 88' lang='lat' dir='ltr'>privati</span> <span class='ocrx_word' id='word_1_714' title='bbox 1895 5583 2112 5641; x_wconf 89' lang='lat' dir='ltr'>honore</span> 
     </span>
    </p>
   </div>
   <div class='ocr_carea' id='block_1_106' title="bbox 471 5671 2112 5753">
    <p class='ocr_par' dir='ltr' id='par_1_106' title="bbox 471 5671 2112 5753">
     <span class='ocr_line' id='line_1_106' title="bbox 471 5671 2112 5753; baseline 0 -15"><span class='ocrx_word' id='word_1_715' title='bbox 471 5676 543 5738; x_wconf 78' lang='lat' dir='ltr'>ab</span> <span class='ocrx_word' id='word_1_716' title='bbox 575 5673 833 5735; x_wconf 85' lang='lat' dir='ltr'>Ecclesia</span> <span class='ocrx_word' id='word_1_717' title='bbox 868 5676 1102 5736; x_wconf 84' lang='lat' dir='ltr'>fuerant</span> <span class='ocrx_word' id='word_1_718' title='bbox 1149 5672 1398 5753; x_wconf 80' lang='lat' dir='ltr'>expulsi,</span> <span class='ocrx_word' id='word_1_719' title='bbox 1431 5671 1802 5733; x_wconf 87' lang='lat' dir='ltr'>sanctissimo</span> <span class='ocrx_word' id='word_1_720' title='bbox 1848 5675 2112 5752; x_wconf 86' lang='lat' dir='ltr'>pontiﬁci</span> 
     </span>
    </p>
   </div>
   <div class='ocr_carea' id='block_1_107' title="bbox 2222 4685 3872 4765">
    <p class='ocr_par' dir='ltr' id='par_1_107' title="bbox 2222 4685 3872 4765">
     <span class='ocr_line' id='line_1_107' title="bbox 2222 4685 3872 4765; baseline -0.004 -15"><span class='ocrx_word' id='word_1_721' title='bbox 2222 4699 2539 4765; x_wconf 91' lang='lat' dir='ltr'>utrumque</span> <span class='ocrx_word' id='word_1_722' title='bbox 2593 4690 2899 4746; x_wconf 89' lang='lat' dir='ltr'>observare</span> <span class='ocrx_word' id='word_1_723' title='bbox 2944 4687 3178 4757; x_wconf 84' lang='lat' dir='ltr'>valebit,</span> <span class='ocrx_word' id='word_1_724' title='bbox 3209 4687 3310 4762; x_wconf 87' lang='lat' dir='ltr'>qui</span> <span class='ocrx_word' id='word_1_725' title='bbox 3352 4693 3610 4762; x_wconf 89' lang='lat' dir='ltr'>tempus,</span> <span class='ocrx_word' id='word_1_726' title='bbox 3643 4685 3872 4760; x_wconf 88' lang='lat' dir='ltr'>locum,</span> 
     </span>
    </p>
   </div>
   <div class='ocr_carea' id='block_1_108' title="bbox 2216 4777 3878 4858">
    <p class='ocr_par' dir='ltr' id='par_1_108' title="bbox 2216 4777 3878 4858">
     <span class='ocr_line' id='line_1_108' title="bbox 2216 4777 3878 4858; baseline -0.002 -20"><span class='ocrx_word' id='word_1_727' title='bbox 2216 4794 2910 4858; x_wconf 89' lang='lat' dir='ltr'>personam,causamque</span> <span class='ocrx_word' id='word_1_728' title='bbox 2928 4778 3254 4834; x_wconf 89' lang='lat' dir='ltr'>secundum</span> <span class='ocrx_word' id='word_1_729' title='bbox 3271 4777 3558 4834; x_wconf 90' lang='lat' dir='ltr'>rationem</span> <span class='ocrx_word' id='word_1_730' title='bbox 3583 4777 3878 4836; x_wconf 82' lang='lat' dir='ltr'>discreve-</span> 
     </span>
    </p>
   </div>
   <div class='ocr_carea' id='block_1_109' title="bbox 2217 4865 3876 4942">
    <p class='ocr_par' dir='ltr' id='par_1_109' title="bbox 2217 4865 3876 4942">
     <span class='ocr_line' id='line_1_109' title="bbox 2217 4865 3876 4942; baseline -0.002 -16"><span class='ocrx_word' id='word_1_731' title='bbox 2217 4872 2314 4939; x_wconf 90' lang='lat' dir='ltr'>rit,</span> <span class='ocrx_word' id='word_1_732' title='bbox 2347 4868 2713 4942; x_wconf 89' lang='lat' dir='ltr'>quiscunque</span> <span class='ocrx_word' id='word_1_733' title='bbox 2742 4865 2904 4937; x_wconf 90' lang='lat' dir='ltr'>talia,</span> <span class='ocrx_word' id='word_1_734' title='bbox 2935 4867 3088 4923; x_wconf 90' lang='lat' dir='ltr'>sicut</span> <span class='ocrx_word' id='word_1_735' title='bbox 3129 4866 3550 4924; x_wconf 87' lang='lat' dir='ltr'>catholicorum</span> <span class='ocrx_word' id='word_1_736' title='bbox 3596 4865 3876 4923; x_wconf 83' lang='lat' dir='ltr'>doctrina</span> 
     </span>
    </p>
   </div>
   <div class='ocr_carea' id='block_1_110' title="bbox 2217 4956 3876 5031">
    <p class='ocr_par' dir='ltr' id='par_1_110' title="bbox 2217 4956 3876 5031">
     <span class='ocr_line' id='line_1_110' title="bbox 2217 4956 3876 5031; baseline -0.001 -15"><span class='ocrx_word' id='word_1_737' title='bbox 2217 4961 2629 5031; x_wconf 86' lang='lat' dir='ltr'>redarguentes</span> <span class='ocrx_word' id='word_1_738' title='bbox 2647 4974 2824 5030; x_wconf 89' lang='lat' dir='ltr'>supra</span> <span class='ocrx_word' id='word_1_739' title='bbox 2835 4957 3220 5025; x_wconf 89' lang='lat' dir='ltr'>ostendimus,</span> <span class='ocrx_word' id='word_1_740' title='bbox 3236 4961 3442 5013; x_wconf 91' lang='lat' dir='ltr'>contra</span> <span class='ocrx_word' id='word_1_741' title='bbox 3451 4960 3674 5013; x_wconf 88' lang='lat' dir='ltr'>rectam</span> <span class='ocrx_word' id='word_1_742' title='bbox 3687 4956 3876 5015; x_wconf 86' lang='lat' dir='ltr'>ﬁdem</span> 
     </span>
    </p>
   </div>
   <div class='ocr_carea' id='block_1_111' title="bbox 2218 5045 3876 5121">
    <p class='ocr_par' dir='ltr' id='par_1_111' title="bbox 2218 5045 3876 5121">
     <span class='ocr_line' id='line_1_111' title="bbox 2218 5045 3876 5121; baseline -0.003 -15"><span class='ocrx_word' id='word_1_743' title='bbox 2218 5048 2474 5121; x_wconf 88' lang='lat' dir='ltr'>scripsit,</span> <span class='ocrx_word' id='word_1_744' title='bbox 2494 5051 2697 5103; x_wconf 89' lang='lat' dir='ltr'>contra</span> <span class='ocrx_word' id='word_1_745' title='bbox 2711 5045 3099 5120; x_wconf 90' lang='lat' dir='ltr'>episcopalem</span> <span class='ocrx_word' id='word_1_746' title='bbox 3116 5045 3525 5103; x_wconf 87' lang='lat' dir='ltr'>auctoritatem</span> <span class='ocrx_word' id='word_1_747' title='bbox 3541 5049 3710 5102; x_wconf 85' lang='lat' dir='ltr'>tanta</span> <span class='ocrx_word' id='word_1_748' title='bbox 3727 5063 3876 5120; x_wconf 73' lang='lat' dir='ltr'>pra:—</span> 
     </span>
    </p>
   </div>
   <div class='ocr_carea' id='block_1_112' title="bbox 2219 5133 3872 5210">
    <p class='ocr_par' dir='ltr' id='par_1_112' title="bbox 2219 5133 3872 5210">
     <span class='ocr_line' id='line_1_112' title="bbox 2219 5133 3872 5210; baseline -0.002 -16"><span class='ocrx_word' id='word_1_749' title='bbox 2219 5137 2494 5210; x_wconf 91' lang='lat' dir='ltr'>sumpsit,</span> <span class='ocrx_word' id='word_1_750' title='bbox 2515 5137 2584 5193; x_wconf 93' lang='lat' dir='ltr'>de</span> <span class='ocrx_word' id='word_1_751' title='bbox 2600 5137 2906 5210; x_wconf 89' lang='lat' dir='ltr'>principali</span> <span class='ocrx_word' id='word_1_752' title='bbox 2925 5135 3460 5210; x_wconf 87' lang='lat' dir='ltr'>dignitateindigna</span> <span class='ocrx_word' id='word_1_753' title='bbox 3487 5133 3872 5210; x_wconf 82' lang='lat' dir='ltr'>signiﬁcavit,</span> 
     </span>
    </p>
   </div>
   <div class='ocr_carea' id='block_1_113' title="bbox 2219 5224 3878 5302">
    <p class='ocr_par' dir='ltr' id='par_1_113' title="bbox 2219 5224 3878 5302">
     <span class='ocr_line' id='line_1_113' title="bbox 2219 5224 3878 5302; baseline -0.001 -18"><span class='ocrx_word' id='word_1_754' title='bbox 2219 5231 2398 5302; x_wconf 90' lang='lat' dir='ltr'>ponat</span> <span class='ocrx_word' id='word_1_755' title='bbox 2414 5243 2476 5284; x_wconf 88' lang='lat' dir='ltr'>se</span> <span class='ocrx_word' id='word_1_756' title='bbox 2493 5232 2624 5282; x_wconf 89' lang='lat' dir='ltr'>ante</span> <span class='ocrx_word' id='word_1_757' title='bbox 2643 5244 2724 5294; x_wconf 90' lang='lat' dir='ltr'>se,</span> <span class='ocrx_word' id='word_1_758' title='bbox 2743 5231 2801 5282; x_wconf 89' lang='lat' dir='ltr'>et</span> <span class='ocrx_word' id='word_1_759' title='bbox 2817 5226 2890 5281; x_wconf 90' lang='lat' dir='ltr'>ab</span> <span class='ocrx_word' id='word_1_760' title='bbox 2911 5225 3054 5298; x_wconf 90' lang='lat' dir='ltr'>ipsis</span> <span class='ocrx_word' id='word_1_761' title='bbox 3086 5225 3435 5282; x_wconf 88' lang='lat' dir='ltr'>rudimentis</span> <span class='ocrx_word' id='word_1_762' title='bbox 3465 5224 3726 5282; x_wconf 71' lang='lat' dir='ltr'>infantiae</span> <span class='ocrx_word' id='word_1_763' title='bbox 3741 5225 3878 5282; x_wconf 75' lang='lat' dir='ltr'>vias</span> 
     </span>
    </p>
   </div>
   <div class='ocr_carea' id='block_1_114' title="bbox 2219 5313 3877 5392">
    <p class='ocr_par' dir='ltr' id='par_1_114' title="bbox 2219 5313 3877 5392">
     <span class='ocr_line' id='line_1_114' title="bbox 2219 5313 3877 5392; baseline -0.001 -19"><span class='ocrx_word' id='word_1_764' title='bbox 2219 5333 2530 5392; x_wconf 87' lang='lat' dir='ltr'>gressuum</span> <span class='ocrx_word' id='word_1_765' title='bbox 2562 5333 2804 5374; x_wconf 90' lang='lat' dir='ltr'>suorum</span> <span class='ocrx_word' id='word_1_766' title='bbox 2844 5315 3079 5388; x_wconf 84' lang='lat' dir='ltr'>cogitet,</span> <span class='ocrx_word' id='word_1_767' title='bbox 3112 5320 3169 5370; x_wconf 92' lang='lat' dir='ltr'>et</span> <span class='ocrx_word' id='word_1_768' title='bbox 3197 5331 3312 5387; x_wconf 93' lang='lat' dir='ltr'>quo</span> <span class='ocrx_word' id='word_1_769' title='bbox 3361 5315 3570 5372; x_wconf 91' lang='lat' dir='ltr'>itinere</span> <span class='ocrx_word' id='word_1_770' title='bbox 3619 5315 3694 5370; x_wconf 89' lang='lat' dir='ltr'>ad</span> <span class='ocrx_word' id='word_1_771' title='bbox 3743 5313 3877 5372; x_wconf 73' lang='lat' dir='ltr'>haec</span> 
     </span>
    </p>
   </div>
   <div class='ocr_carea' id='block_1_115' title="bbox 2221 5401 3879 5480">
    <p class='ocr_par' dir='ltr' id='par_1_115' title="bbox 2221 5401 3879 5480">
     <span class='ocr_line' id='line_1_115' title="bbox 2221 5401 3879 5480; baseline -0.001 -18"><span class='ocrx_word' id='word_1_772' title='bbox 2221 5425 2346 5480; x_wconf 64' lang='lat' dir='ltr'>quae</span> <span class='ocrx_word' id='word_1_773' title='bbox 2373 5410 2528 5462; x_wconf 88' lang='lat' dir='ltr'>tenet</span> <span class='ocrx_word' id='word_1_774' title='bbox 2557 5403 2882 5479; x_wconf 89' lang='lat' dir='ltr'>pervenerit</span> <span class='ocrx_word' id='word_1_775' title='bbox 2921 5403 3162 5462; x_wconf 90' lang='lat' dir='ltr'>solerter</span> <span class='ocrx_word' id='word_1_776' title='bbox 3211 5403 3505 5478; x_wconf 90' lang='lat' dir='ltr'>inspiciat,</span> <span class='ocrx_word' id='word_1_777' title='bbox 3535 5401 3766 5478; x_wconf 88' lang='lat' dir='ltr'>sibique</span> <span class='ocrx_word' id='word_1_778' title='bbox 3794 5403 3879 5460; x_wconf 83' lang='lat' dir='ltr'>ad</span> 
     </span>
    </p>
   </div>
   <div class='ocr_carea' id='block_1_116' title="bbox 2221 5492 3880 5569">
    <p class='ocr_par' dir='ltr' id='par_1_116' title="bbox 2221 5492 3880 5569">
     <span class='ocr_line' id='line_1_116' title="bbox 2221 5492 3880 5569; baseline -0.002 -16"><span class='ocrx_word' id='word_1_779' title='bbox 2221 5503 2453 5569; x_wconf 90' lang='lat' dir='ltr'>tempus</span> <span class='ocrx_word' id='word_1_780' title='bbox 2470 5495 2738 5552; x_wconf 85' lang='lat' dir='ltr'>consulat</span> <span class='ocrx_word' id='word_1_781' title='bbox 2755 5495 2896 5550; x_wconf 89' lang='lat' dir='ltr'>dum</span> <span class='ocrx_word' id='word_1_782' title='bbox 2915 5498 3124 5566; x_wconf 89' lang='lat' dir='ltr'>potest,</span> <span class='ocrx_word' id='word_1_783' title='bbox 3139 5511 3211 5551; x_wconf 91' lang='lat' dir='ltr'>ne</span> <span class='ocrx_word' id='word_1_784' title='bbox 3229 5493 3534 5550; x_wconf 86' lang='lat' dir='ltr'>commode</span> <span class='ocrx_word' id='word_1_785' title='bbox 3549 5509 3668 5550; x_wconf 87' lang='lat' dir='ltr'>non</span> <span class='ocrx_word' id='word_1_786' title='bbox 3679 5492 3880 5567; x_wconf 77' lang='lat' dir='ltr'>possit</span> 
     </span>
    </p>
   </div>
   <div class='ocr_carea' id='block_1_117' title="bbox 2219 5582 3876 5658">
    <p class='ocr_par' dir='ltr' id='par_1_117' title="bbox 2219 5582 3876 5658">
     <span class='ocr_line' id='line_1_117' title="bbox 2219 5582 3876 5658; baseline -0.002 -15"><span class='ocrx_word' id='word_1_787' title='bbox 2219 5584 2734 5643; x_wconf 90' lang='lat' dir='ltr'>cumincommode</span> <span class='ocrx_word' id='word_1_788' title='bbox 2746 5582 3221 5642; x_wconf 81' lang='lat' dir='ltr'>fortassisvolens</span> <span class='ocrx_word' id='word_1_789' title='bbox 3232 5583 3554 5658; x_wconf 88' lang='lat' dir='ltr'>nolensque</span> <span class='ocrx_word' id='word_1_790' title='bbox 3565 5583 3876 5658; x_wconf 82' lang='lat' dir='ltr'>sategcrit.</span> 
     </span>
    </p>
   </div>
   <div class='ocr_carea' id='block_1_118' title="bbox 2220 5672 3876 5752">
    <p class='ocr_par' dir='ltr' id='par_1_118' title="bbox 2220 5672 3876 5752">
     <span class='ocr_line' id='line_1_118' title="bbox 2220 5672 3876 5752; baseline -0.004 -14"><span class='ocrx_word' id='word_1_791' title='bbox 2220 5677 2338 5738; x_wconf 85' lang='lat' dir='ltr'>Nos</span> <span class='ocrx_word' id='word_1_792' title='bbox 2363 5679 2562 5736; x_wconf 88' lang='lat' dir='ltr'>autem</span> <span class='ocrx_word' id='word_1_793' title='bbox 2590 5689 2880 5734; x_wconf 85' lang='lat' dir='ltr'>memores</span> <span class='ocrx_word' id='word_1_794' title='bbox 2907 5673 3220 5752; x_wconf 70' lang='lat' dir='ltr'>Scriptum</span> <span class='ocrx_word' id='word_1_795' title='bbox 3251 5672 3520 5747; x_wconf 84' lang='lat' dir='ltr'>dicentis,</span> <span class='ocrx_word' id='word_1_796' title='bbox 3556 5673 3734 5734; x_wconf 70' lang='lat'>828.</span> <span class='ocrx_word' id='word_1_797' title='bbox 3771 5673 3876 5734; x_wconf 83' lang='lat' dir='ltr'>To-</span> 
     </span>
    </p>
   </div>
  </div>
