  <div class='ocr_page' id='page_1' title='image "/cluster/home/n/w/nwhite01/storage/ocr_20150623/125/umn.31951002477418t/220.png"; bbox 0 0 4018 6462; ppageno 0'>
   <div class='ocr_carea' id='block_1_1' title="bbox 176 437 278 498">
    <p class='ocr_par' dir='ltr' id='par_1_1' title="bbox 176 437 278 498">
     <span class='ocr_line' id='line_1_1' title="bbox 176 437 278 498; baseline -0.039 0"><span class='ocrx_word' id='word_1_1' title='bbox 176 437 278 498; x_wconf 84' lang='lat'><strong>397</strong></span> 
     </span>
    </p>
   </div>
   <div class='ocr_carea' id='block_1_2' title="bbox 878 407 2848 507">
    <p class='ocr_par' dir='ltr' id='par_1_2' title="bbox 878 407 2848 507">
     <span class='ocr_line' id='line_1_2' title="bbox 878 407 2848 507; baseline -0.001 -13"><span class='ocrx_word' id='word_1_2' title='bbox 878 433 982 494; x_wconf 89' lang='lat' dir='ltr'>DE</span> <span class='ocrx_word' id='word_1_3' title='bbox 1023 407 1778 507; x_wconf 65' lang='lat' dir='ltr'>PBEDESTINATIONE</span> <span class='ocrx_word' id='word_1_4' title='bbox 1821 430 2344 492; x_wconf 81' lang='lat' dir='ltr'>DISSERTATIO</span> <span class='ocrx_word' id='word_1_5' title='bbox 2387 431 2848 493; x_wconf 78' lang='lat' dir='ltr'>POSTERIOB.</span> 
     </span>
    </p>
   </div>
   <div class='ocr_carea' id='block_1_3' title="bbox 3440 434 3560 496">
    <p class='ocr_par' dir='ltr' id='par_1_3' title="bbox 3440 434 3560 496">
     <span class='ocr_line' id='line_1_3' title="bbox 3440 434 3560 496; baseline -0.008 0"><span class='ocrx_word' id='word_1_6' title='bbox 3440 434 3560 496; x_wconf 88' lang='lat'>398</span> 
     </span>
    </p>
   </div>
   <div class='ocr_carea' id='block_1_4' title="bbox 174 562 3559 638">
    <p class='ocr_par' dir='ltr' id='par_1_4' title="bbox 174 562 3559 638">
     <span class='ocr_line' id='line_1_4' title="bbox 174 562 3559 638; baseline -0.001 -12"><span class='ocrx_word' id='word_1_7' title='bbox 174 567 398 627; x_wconf 88' lang='lat' dir='ltr'>scebant</span> <span class='ocrx_word' id='word_1_8' title='bbox 421 565 481 620; x_wconf 91' lang='lat' dir='ltr'>in</span> <span class='ocrx_word' id='word_1_9' title='bbox 504 565 708 620; x_wconf 91' lang='lat' dir='ltr'>eadem</span> <span class='ocrx_word' id='word_1_10' title='bbox 749 564 1219 636; x_wconf 80' lang='lat' dir='ltr'>praevaricatione</span> <span class='ocrx_word' id='word_1_11' title='bbox 1254 565 1582 631; x_wconf 86' lang='lat' dir='ltr'>damnatos,</span> <span class='ocrx_word' id='word_1_12' title='bbox 1605 564 1664 618; x_wconf 91' lang='lat' dir='ltr'>in</span> <span class='ocrx_word' id='word_1_13' title='bbox 1696 580 1812 634; x_wconf 90' lang='lat' dir='ltr'>qua</span> <span class='ocrx_word' id='word_1_14' title='bbox 1840 565 1892 630; x_wconf 88' lang='grc' dir='ltr'><strong>Α</strong></span> <span class='ocrx_word' id='word_1_15' title='bbox 1926 562 2260 634; x_wconf 89' lang='lat' dir='ltr'>perstiterit.</span> <span class='ocrx_word' id='word_1_16' title='bbox 2297 563 2404 629; x_wconf 83' lang='lat' dir='ltr'>Qui</span> <span class='ocrx_word' id='word_1_17' title='bbox 2437 563 2486 618; x_wconf 91' lang='lat' dir='ltr'>si</span> <span class='ocrx_word' id='word_1_18' title='bbox 2519 580 2718 618; x_wconf 89' lang='lat' dir='ltr'>errans</span> <span class='ocrx_word' id='word_1_19' title='bbox 2767 579 2895 618; x_wconf 89' lang='lat' dir='ltr'>esse</span> <span class='ocrx_word' id='word_1_20' title='bbox 2937 564 3189 632; x_wconf 88' lang='lat' dir='ltr'>desierit,</span> <span class='ocrx_word' id='word_1_21' title='bbox 3219 581 3390 636; x_wconf 75' lang='lat' dir='ltr'>pmna</span> <span class='ocrx_word' id='word_1_22' title='bbox 3431 584 3559 638; x_wconf 79' lang='lat' dir='ltr'>quae</span> 
     </span>
    </p>
   </div>
   <div class='ocr_carea' id='block_1_5' title="bbox 173 651 1808 726">
    <p class='ocr_par' dir='ltr' id='par_1_5' title="bbox 173 651 1808 726">
     <span class='ocr_line' id='line_1_5' title="bbox 173 651 1808 726; baseline -0.005 -14"><span class='ocrx_word' id='word_1_23' title='bbox 173 654 443 726; x_wconf 87' lang='lat' dir='ltr'>hodieque</span> <span class='ocrx_word' id='word_1_24' title='bbox 475 657 782 709; x_wconf 87' lang='lat' dir='ltr'>manentes</span> <span class='ocrx_word' id='word_1_25' title='bbox 811 651 1161 708; x_wconf 83' lang='lat' dir='ltr'>consistunt.</span> <span class='ocrx_word' id='word_1_26' title='bbox 1198 654 1307 709; x_wconf 86' lang='lat' dir='ltr'>Sed</span> <span class='ocrx_word' id='word_1_27' title='bbox 1343 653 1496 708; x_wconf 80' lang='lat' dir='ltr'>sicut</span> <span class='ocrx_word' id='word_1_28' title='bbox 1534 653 1591 706; x_wconf 90' lang='lat' dir='ltr'>hi</span> <span class='ocrx_word' id='word_1_29' title='bbox 1632 651 1808 707; x_wconf 89' lang='lat' dir='ltr'>simili</span> 
     </span>
    </p>
   </div>
   <div class='ocr_carea' id='block_1_6' title="bbox 103 741 1812 814">
    <p class='ocr_par' dir='ltr' id='par_1_6' title="bbox 103 741 1812 814">
     <span class='ocr_line' id='line_1_6' title="bbox 103 741 1812 814; baseline -0.005 -12"><span class='ocrx_word' id='word_1_30' title='bbox 103 769 107 773; x_wconf 69' lang='lat'><strong><em>&#39;</em></strong></span> <span class='ocrx_word' id='word_1_31' title='bbox 174 743 491 802; x_wconf 86' lang='lat' dir='ltr'>conditione</span> <span class='ocrx_word' id='word_1_32' title='bbox 520 741 824 798; x_wconf 83' lang='lat' dir='ltr'>constricti</span> <span class='ocrx_word' id='word_1_33' title='bbox 855 742 1202 814; x_wconf 83' lang='lat' dir='ltr'>coniplicem</span> <span class='ocrx_word' id='word_1_34' title='bbox 1226 759 1400 797; x_wconf 88' lang='lat' dir='ltr'>suum</span> <span class='ocrx_word' id='word_1_35' title='bbox 1424 760 1538 797; x_wconf 90' lang='lat' dir='ltr'>non</span> <span class='ocrx_word' id='word_1_36' title='bbox 1561 743 1812 812; x_wconf 85' lang='lat' dir='ltr'>possunt</span> 
     </span>
    </p>
   </div>
   <div class='ocr_carea' id='block_1_7' title="bbox 163 830 1812 906">
    <p class='ocr_par' dir='ltr' id='par_1_7' title="bbox 163 830 1812 906">
     <span class='ocr_line' id='line_1_7' title="bbox 163 830 1812 906; baseline -0.003 -17"><span class='ocrx_word' id='word_1_37' title='bbox 163 832 413 906; x_wconf 83' lang='lat' dir='ltr'>judicare</span> <span class='ocrx_word' id='word_1_38' title='bbox 428 848 543 887; x_wconf 90' lang='lat' dir='ltr'>non</span> <span class='ocrx_word' id='word_1_39' title='bbox 553 831 578 902; x_wconf 91' lang='lat' dir='ltr'>j</span> <span class='ocrx_word' id='word_1_40' title='bbox 588 847 690 886; x_wconf 90' lang='lat' dir='ltr'>ure</span> <span class='ocrx_word' id='word_1_41' title='bbox 703 831 1266 902; x_wconf 86' lang='lat' dir='ltr'>damnatum,neque</span> <span class='ocrx_word' id='word_1_42' title='bbox 1277 830 1356 886; x_wconf 93' lang='lat' dir='ltr'>rei</span> <span class='ocrx_word' id='word_1_43' title='bbox 1376 847 1541 886; x_wconf 89' lang='lat' dir='ltr'>reum</span> <span class='ocrx_word' id='word_1_44' title='bbox 1563 833 1812 902; x_wconf 90' lang='lat' dir='ltr'>possunt</span> 
     </span>
    </p>
   </div>
   <div class='ocr_carea' id='block_1_8' title="bbox 170 918 1810 993">
    <p class='ocr_par' dir='ltr' id='par_1_8' title="bbox 170 918 1810 993">
     <span class='ocr_line' id='line_1_8' title="bbox 170 918 1810 993; baseline -0.003 -14"><span class='ocrx_word' id='word_1_45' title='bbox 170 924 554 993; x_wconf 82' lang='lat' dir='ltr'>competenter</span> <span class='ocrx_word' id='word_1_46' title='bbox 574 919 872 976; x_wconf 83' lang='lat' dir='ltr'>absolvere</span> <span class='ocrx_word' id='word_1_47' title='bbox 897 937 910 974; x_wconf 94' lang='lat'><strong>:</strong></span> <span class='ocrx_word' id='word_1_48' title='bbox 936 919 1021 975; x_wconf 92' lang='lat' dir='ltr'>sic</span> <span class='ocrx_word' id='word_1_49' title='bbox 1043 918 1139 975; x_wconf 92' lang='lat' dir='ltr'>illo</span> <span class='ocrx_word' id='word_1_50' title='bbox 1173 921 1333 990; x_wconf 88' lang='lat' dir='ltr'>juste</span> <span class='ocrx_word' id='word_1_51' title='bbox 1373 918 1810 992; x_wconf 77' lang='lat' dir='ltr'>praevaricatore</span> 
     </span>
    </p>
   </div>
   <div class='ocr_carea' id='block_1_9' title="bbox 170 1005 1809 1080">
    <p class='ocr_par' dir='ltr' id='par_1_9' title="bbox 170 1005 1809 1080">
     <span class='ocr_line' id='line_1_9' title="bbox 170 1005 1809 1080; baseline -0.004 -14"><span class='ocrx_word' id='word_1_52' title='bbox 170 1011 459 1077; x_wconf 89' lang='lat' dir='ltr'>damnato,</span> <span class='ocrx_word' id='word_1_53' title='bbox 495 1007 592 1064; x_wconf 91' lang='lat' dir='ltr'>isti</span> <span class='ocrx_word' id='word_1_54' title='bbox 625 1024 860 1080; x_wconf 88' lang='lat' dir='ltr'>quoque</span> <span class='ocrx_word' id='word_1_55' title='bbox 891 1007 1015 1080; x_wconf 91' lang='lat' dir='ltr'>pari</span> <span class='ocrx_word' id='word_1_56' title='bbox 1039 1008 1240 1078; x_wconf 87' lang='lat' dir='ltr'>jacent</span> <span class='ocrx_word' id='word_1_57' title='bbox 1270 1005 1643 1062; x_wconf 85' lang='lat' dir='ltr'>damnatione</span> <span class='ocrx_word' id='word_1_58' title='bbox 1671 1022 1809 1077; x_wconf 86' lang='lat' dir='ltr'>pro—</span> 
     </span>
    </p>
   </div>
   <div class='ocr_carea' id='block_1_10' title="bbox 169 1095 1808 1169">
    <p class='ocr_par' dir='ltr' id='par_1_10' title="bbox 169 1095 1808 1169">
     <span class='ocr_line' id='line_1_10' title="bbox 169 1095 1808 1169; baseline -0.003 -14"><span class='ocrx_word' id='word_1_59' title='bbox 169 1098 542 1169; x_wconf 87' lang='lat' dir='ltr'>strati,neque</span> <span class='ocrx_word' id='word_1_60' title='bbox 561 1096 675 1151; x_wconf 85' lang='lat' dir='ltr'><strong>nisi</strong></span> <span class='ocrx_word' id='word_1_61' title='bbox 699 1096 1109 1168; x_wconf 86' lang='lat' dir='ltr'>resipiscentes</span> <span class='ocrx_word' id='word_1_62' title='bbox 1129 1095 1262 1151; x_wconf 90' lang='lat' dir='ltr'>inde</span> <span class='ocrx_word' id='word_1_63' title='bbox 1283 1099 1808 1168; x_wconf 90' lang='lat' dir='ltr'>poteruntprorsus</span> 
     </span>
    </p>
   </div>
   <div class='ocr_carea' id='block_1_11' title="bbox 167 1183 1808 1258">
    <p class='ocr_par' dir='ltr' id='par_1_11' title="bbox 167 1183 1808 1258">
     <span class='ocr_line' id='line_1_11' title="bbox 167 1183 1808 1258; baseline -0.003 -15"><span class='ocrx_word' id='word_1_64' title='bbox 167 1185 397 1252; x_wconf 84' lang='lat' dir='ltr'>absolvi,</span> <span class='ocrx_word' id='word_1_65' title='bbox 431 1186 572 1258; x_wconf 84' lang='lat' dir='ltr'>quia</span> <span class='ocrx_word' id='word_1_66' title='bbox 620 1185 774 1240; x_wconf 83' lang='lat' dir='ltr'><strong>sicut</strong></span> <span class='ocrx_word' id='word_1_67' title='bbox 820 1201 924 1257; x_wconf 92' lang='lat' dir='ltr'>per</span> <span class='ocrx_word' id='word_1_68' title='bbox 970 1202 1158 1240; x_wconf 92' lang='lat' dir='ltr'>unum</span> <span class='ocrx_word' id='word_1_69' title='bbox 1205 1183 1555 1239; x_wconf 89' lang='lat' dir='ltr'>scribentem</span> <span class='ocrx_word' id='word_1_70' title='bbox 1603 1200 1808 1240; x_wconf 90' lang='lat' dir='ltr'>eorum</span> 
     </span>
    </p>
   </div>
   <div class='ocr_carea' id='block_1_12' title="bbox 166 1272 1811 1348">
    <p class='ocr_par' dir='ltr' id='par_1_12' title="bbox 166 1272 1811 1348">
     <span class='ocr_line' id='line_1_12' title="bbox 166 1272 1811 1348; baseline -0.003 -17"><span class='ocrx_word' id='word_1_71' title='bbox 166 1274 419 1332; x_wconf 88' lang='lat' dir='ltr'>omnium</span> <span class='ocrx_word' id='word_1_72' title='bbox 431 1273 667 1348; x_wconf 90' lang='lat' dir='ltr'>vulgata</span> <span class='ocrx_word' id='word_1_73' title='bbox 687 1273 1077 1346; x_wconf 80' lang='lat' dir='ltr'>transgressio</span> <span class='ocrx_word' id='word_1_74' title='bbox 1094 1273 1293 1344; x_wconf 78' lang='lat' dir='ltr'>estqui</span> <span class='ocrx_word' id='word_1_75' title='bbox 1317 1273 1375 1326; x_wconf 90' lang='lat' dir='ltr'>in</span> <span class='ocrx_word' id='word_1_76' title='bbox 1397 1272 1663 1327; x_wconf 83' lang='lat' dir='ltr'>eamdem</span> <span class='ocrx_word' id='word_1_77' title='bbox 1685 1288 1811 1344; x_wconf 90' lang='lat' dir='ltr'>per-</span> 
     </span>
    </p>
   </div>
   <div class='ocr_carea' id='block_1_13' title="bbox 162 1357 1807 1430">
    <p class='ocr_par' dir='ltr' id='par_1_13' title="bbox 162 1357 1807 1430">
     <span class='ocr_line' id='line_1_13' title="bbox 162 1357 1807 1430; baseline -0.004 -10"><span class='ocrx_word' id='word_1_78' title='bbox 162 1363 298 1420; x_wconf 75' lang='lat' dir='ltr'>ﬁdiae</span> <span class='ocrx_word' id='word_1_79' title='bbox 319 1361 656 1418; x_wconf 85' lang='lat' dir='ltr'>reciderant</span> <span class='ocrx_word' id='word_1_80' title='bbox 677 1359 989 1428; x_wconf 80' lang='lat' dir='ltr'>actionem,</span> <span class='ocrx_word' id='word_1_81' title='bbox 1009 1360 1092 1415; x_wconf 92' lang='lat' dir='ltr'>sic</span> <span class='ocrx_word' id='word_1_82' title='bbox 1119 1359 1174 1414; x_wconf 90' lang='lat' dir='ltr'>in</span> <span class='ocrx_word' id='word_1_83' title='bbox 1199 1376 1316 1415; x_wconf 92' lang='lat' dir='ltr'>uno</span> <span class='ocrx_word' id='word_1_84' title='bbox 1338 1359 1679 1430; x_wconf 90' lang='lat' dir='ltr'>eodemque,</span> <span class='ocrx_word' id='word_1_85' title='bbox 1706 1357 1807 1430; x_wconf 90' lang='lat' dir='ltr'>qui</span> 
     </span>
    </p>
   </div>
   <div class='ocr_carea' id='block_1_14' title="bbox 161 1447 1811 1526">
    <p class='ocr_par' dir='ltr' id='par_1_14' title="bbox 161 1447 1811 1526">
     <span class='ocr_line' id='line_1_14' title="bbox 161 1447 1811 1526; baseline -0.004 -18"><span class='ocrx_word' id='word_1_86' title='bbox 161 1470 254 1526; x_wconf 88' lang='lat' dir='ltr'>pro</span> <span class='ocrx_word' id='word_1_87' title='bbox 283 1451 566 1508; x_wconf 91' lang='lat' dir='ltr'>omnibus</span> <span class='ocrx_word' id='word_1_88' title='bbox 598 1449 1034 1523; x_wconf 89' lang='lat' dir='ltr'>scripserat,vel</span> <span class='ocrx_word' id='word_1_89' title='bbox 1067 1448 1374 1506; x_wconf 90' lang='lat' dir='ltr'>scribendo</span> <span class='ocrx_word' id='word_1_90' title='bbox 1395 1447 1660 1503; x_wconf 90' lang='lat' dir='ltr'>omnium</span> <span class='ocrx_word' id='word_1_91' title='bbox 1683 1464 1811 1520; x_wconf 87' lang='lat' dir='ltr'>pro-</span> 
     </span>
    </p>
   </div>
   <div class='ocr_carea' id='block_1_15' title="bbox 160 1535 1807 1611">
    <p class='ocr_par' dir='ltr' id='par_1_15' title="bbox 160 1535 1807 1611">
     <span class='ocr_line' id='line_1_15' title="bbox 160 1535 1807 1611; baseline -0.004 -12"><span class='ocrx_word' id='word_1_92' title='bbox 160 1542 378 1599; x_wconf 89' lang='lat' dir='ltr'>diderat</span> <span class='ocrx_word' id='word_1_93' title='bbox 407 1539 756 1608; x_wconf 84' lang='lat' dir='ltr'>voluntates,</span> <span class='ocrx_word' id='word_1_94' title='bbox 791 1537 1182 1611; x_wconf 82' lang='lat' dir='ltr'>transgressio</span> <span class='ocrx_word' id='word_1_95' title='bbox 1213 1541 1302 1593; x_wconf 90' lang='lat' dir='ltr'>est</span> <span class='ocrx_word' id='word_1_96' title='bbox 1332 1535 1538 1609; x_wconf 89' lang='lat' dir='ltr'>punita</span> <span class='ocrx_word' id='word_1_97' title='bbox 1568 1539 1807 1593; x_wconf 83' lang='lat' dir='ltr'>cuncto-</span> 
     </span>
    </p>
   </div>
   <div class='ocr_carea' id='block_1_16' title="bbox 161 1624 1807 1700">
    <p class='ocr_par' dir='ltr' id='par_1_16' title="bbox 161 1624 1807 1700">
     <span class='ocr_line' id='line_1_16' title="bbox 161 1624 1807 1700; baseline -0.004 -14"><span class='ocrx_word' id='word_1_98' title='bbox 161 1648 298 1687; x_wconf 89' lang='lat' dir='ltr'>rum.</span> <span class='ocrx_word' id='word_1_99' title='bbox 325 1653 355 1680; x_wconf 84' lang='grc'>››</span> <span class='ocrx_word' id='word_1_100' title='bbox 383 1631 457 1686; x_wconf 84' lang='lat' dir='ltr'>Et</span> <span class='ocrx_word' id='word_1_101' title='bbox 485 1630 624 1686; x_wconf 88' lang='lat' dir='ltr'>item</span> <span class='ocrx_word' id='word_1_102' title='bbox 649 1627 900 1695; x_wconf 91' lang='lat' dir='ltr'>idem,in</span> <span class='ocrx_word' id='word_1_103' title='bbox 923 1627 1170 1700; x_wconf 89' lang='lat' dir='ltr'>cpistola</span> <span class='ocrx_word' id='word_1_104' title='bbox 1190 1627 1262 1682; x_wconf 92' lang='lat' dir='ltr'>ad</span> <span class='ocrx_word' id='word_1_105' title='bbox 1293 1624 1670 1681; x_wconf 90' lang='lat' dir='ltr'>Anastasium</span> <span class='ocrx_word' id='word_1_106' title='bbox 1696 1624 1807 1680; x_wconf 86' lang='lat' dir='ltr'>im-</span> 
     </span>
    </p>
   </div>
   <div class='ocr_carea' id='block_1_17' title="bbox 159 1713 1810 1794">
    <p class='ocr_par' dir='ltr' id='par_1_17' title="bbox 159 1713 1810 1794">
     <span class='ocr_line' id='line_1_17' title="bbox 159 1713 1810 1794; baseline -0.004 -18"><span class='ocrx_word' id='word_1_107' title='bbox 159 1725 480 1794; x_wconf 85' lang='lat' dir='ltr'>peratorem</span> <span class='ocrx_word' id='word_1_108' title='bbox 502 1720 681 1790; x_wconf 75' lang='lat' dir='ltr'>(epist.</span> <span class='ocrx_word' id='word_1_109' title='bbox 699 1718 818 1787; x_wconf 81' lang='lat'>10):</span> <span class='ocrx_word' id='word_1_110' title='bbox 841 1739 868 1768; x_wconf 83' lang='lat'><strong>«</strong></span> <span class='ocrx_word' id='word_1_111' title='bbox 888 1716 1154 1772; x_wconf 89' lang='lat' dir='ltr'>Proinde.</span> <span class='ocrx_word' id='word_1_112' title='bbox 1171 1714 1384 1786; x_wconf 90' lang='lat' dir='ltr'>inquit,</span> <span class='ocrx_word' id='word_1_113' title='bbox 1401 1713 1554 1770; x_wconf 89' lang='lat' dir='ltr'>sicut</span> <span class='ocrx_word' id='word_1_114' title='bbox 1576 1731 1691 1770; x_wconf 91' lang='lat' dir='ltr'>non</span> <span class='ocrx_word' id='word_1_115' title='bbox 1713 1730 1810 1786; x_wconf 84' lang='lat' dir='ltr'>po-</span> 
     </span>
    </p>
   </div>
   <div class='ocr_carea' id='block_1_18' title="bbox 159 1803 1809 1881">
    <p class='ocr_par' dir='ltr' id='par_1_18' title="bbox 159 1803 1809 1881">
     <span class='ocr_line' id='line_1_18' title="bbox 159 1803 1809 1881; baseline -0.004 -16"><span class='ocrx_word' id='word_1_116' title='bbox 159 1814 260 1866; x_wconf 86' lang='lat' dir='ltr'>test</span> <span class='ocrx_word' id='word_1_117' title='bbox 273 1807 680 1881; x_wconf 89' lang='lat' dir='ltr'>perversitatis</span> <span class='ocrx_word' id='word_1_118' title='bbox 701 1805 1204 1861; x_wconf 87' lang='lat' dir='ltr'>communicatore</span> <span class='ocrx_word' id='word_1_119' title='bbox 1225 1807 1640 1875; x_wconf 88' lang='lat' dir='ltr'>suscepto,non</span> <span class='ocrx_word' id='word_1_120' title='bbox 1661 1803 1809 1875; x_wconf 89' lang='lat' dir='ltr'>pari-</span> 
     </span>
    </p>
   </div>
   <div class='ocr_carea' id='block_1_19' title="bbox 158 1892 1808 1970">
    <p class='ocr_par' dir='ltr' id='par_1_19' title="bbox 158 1892 1808 1970">
     <span class='ocr_line' id='line_1_19' title="bbox 158 1892 1808 1970; baseline -0.004 -16"><span class='ocrx_word' id='word_1_121' title='bbox 158 1902 234 1954; x_wconf 86' lang='lat' dir='ltr'>ter</span> <span class='ocrx_word' id='word_1_122' title='bbox 251 1896 607 1970; x_wconf 82' lang='lat' dir='ltr'>perversitas</span> <span class='ocrx_word' id='word_1_123' title='bbox 627 1893 958 1967; x_wconf 86' lang='lat' dir='ltr'>approbari,</span> <span class='ocrx_word' id='word_1_124' title='bbox 975 1894 1058 1949; x_wconf 90' lang='lat' dir='ltr'>sic</span> <span class='ocrx_word' id='word_1_125' title='bbox 1081 1911 1197 1949; x_wconf 89' lang='lat' dir='ltr'>non</span> <span class='ocrx_word' id='word_1_126' title='bbox 1222 1896 1412 1966; x_wconf 88' lang='lat' dir='ltr'>potest</span> <span class='ocrx_word' id='word_1_127' title='bbox 1432 1892 1668 1948; x_wconf 79' lang='lat' dir='ltr'>refutari</span> <span class='ocrx_word' id='word_1_128' title='bbox 1683 1909 1808 1964; x_wconf 84' lang='lat' dir='ltr'>per-</span> 
     </span>
    </p>
   </div>
   <div class='ocr_carea' id='block_1_20' title="bbox 155 1979 1804 2057">
    <p class='ocr_par' dir='ltr' id='par_1_20' title="bbox 155 1979 1804 2057">
     <span class='ocr_line' id='line_1_20' title="bbox 155 1979 1804 2057; baseline -0.004 -15"><span class='ocrx_word' id='word_1_129' title='bbox 155 1982 716 2057; x_wconf 85' lang='lat' dir='ltr'>versitas,complice</span> <span class='ocrx_word' id='word_1_130' title='bbox 758 1986 1044 2040; x_wconf 90' lang='lat' dir='ltr'>sectatore</span> <span class='ocrx_word' id='word_1_131' title='bbox 1077 1979 1474 2054; x_wconf 86' lang='lat' dir='ltr'>perversitatis</span> <span class='ocrx_word' id='word_1_132' title='bbox 1523 1981 1804 2037; x_wconf 88' lang='lat' dir='ltr'>admisso.</span> 
     </span>
    </p>
   </div>
   <div class='ocr_carea' id='block_1_21' title="bbox 157 2069 1806 2149">
    <p class='ocr_par' dir='ltr' id='par_1_21' title="bbox 157 2069 1806 2149">
     <span class='ocr_line' id='line_1_21' title="bbox 157 2069 1806 2149; baseline -0.004 -17"><span class='ocrx_word' id='word_1_133' title='bbox 157 2075 405 2149; x_wconf 87' lang='lat' dir='ltr'>Legibus</span> <span class='ocrx_word' id='word_1_134' title='bbox 425 2078 580 2131; x_wconf 90' lang='lat' dir='ltr'>certe</span> <span class='ocrx_word' id='word_1_135' title='bbox 599 2072 809 2128; x_wconf 83' lang='lat' dir='ltr'>vestris</span> <span class='ocrx_word' id='word_1_136' title='bbox 831 2070 1149 2128; x_wconf 88' lang='lat' dir='ltr'>criminum</span> <span class='ocrx_word' id='word_1_137' title='bbox 1171 2069 1437 2126; x_wconf 90' lang='lat' dir='ltr'>conscios</span> <span class='ocrx_word' id='word_1_138' title='bbox 1467 2073 1806 2126; x_wconf 88' lang='lat' dir='ltr'>sectatores-</span> 
     </span>
    </p>
   </div>
   <div class='ocr_carea' id='block_1_22' title="bbox 156 2157 1808 2237">
    <p class='ocr_par' dir='ltr' id='par_1_22' title="bbox 156 2157 1808 2237">
     <span class='ocr_line' id='line_1_22' title="bbox 156 2157 1808 2237; baseline -0.004 -17"><span class='ocrx_word' id='word_1_139' title='bbox 156 2181 258 2237; x_wconf 89' lang='lat' dir='ltr'>que</span> <span class='ocrx_word' id='word_1_140' title='bbox 285 2162 772 2221; x_wconf 87' lang='lat' dir='ltr'>latrocinantium</span> <span class='ocrx_word' id='word_1_141' title='bbox 804 2178 907 2234; x_wconf 89' lang='lat' dir='ltr'>per</span> <span class='ocrx_word' id='word_1_142' title='bbox 927 2160 1288 2233; x_wconf 90' lang='lat' dir='ltr'>judiciorum</span> <span class='ocrx_word' id='word_1_143' title='bbox 1323 2175 1493 2231; x_wconf 78' lang='lat' dir='ltr'>poma</span> <span class='ocrx_word' id='word_1_144' title='bbox 1514 2157 1808 2214; x_wconf 88' lang='lat' dir='ltr'>constrin-</span> 
     </span>
    </p>
   </div>
   <div class='ocr_carea' id='block_1_23' title="bbox 153 2247 1808 2326">
    <p class='ocr_par' dir='ltr' id='par_1_23' title="bbox 153 2247 1808 2326">
     <span class='ocr_line' id='line_1_23' title="bbox 153 2247 1808 2326; baseline -0.003 -19"><span class='ocrx_word' id='word_1_145' title='bbox 153 2253 231 2326; x_wconf 87' lang='lat' dir='ltr'>git</span> <span class='ocrx_word' id='word_1_146' title='bbox 261 2270 275 2310; x_wconf 87' lang='lat'><strong>:</strong></span> <span class='ocrx_word' id='word_1_147' title='bbox 308 2269 423 2309; x_wconf 89' lang='lat' dir='ltr'>nec</span> <span class='ocrx_word' id='word_1_148' title='bbox 443 2268 650 2325; x_wconf 85' lang='lat' dir='ltr'>expers</span> <span class='ocrx_word' id='word_1_149' title='bbox 681 2249 959 2306; x_wconf 84' lang='lat' dir='ltr'>facinoris</span> <span class='ocrx_word' id='word_1_150' title='bbox 990 2250 1318 2312; x_wconf 69' lang='lat' dir='ltr'>aestimatur</span> <span class='ocrx_word' id='word_1_151' title='bbox 1348 2247 1470 2319; x_wconf 89' lang='lat' dir='ltr'>qui,</span> <span class='ocrx_word' id='word_1_152' title='bbox 1505 2247 1640 2302; x_wconf 89' lang='lat' dir='ltr'>licet</span> <span class='ocrx_word' id='word_1_153' title='bbox 1683 2247 1808 2319; x_wconf 91' lang='lat' dir='ltr'>ipse</span> 
     </span>
    </p>
   </div>
   <div class='ocr_carea' id='block_1_24' title="bbox 155 2336 1810 2408">
    <p class='ocr_par' dir='ltr' id='par_1_24' title="bbox 155 2336 1810 2408">
     <span class='ocr_line' id='line_1_24' title="bbox 155 2336 1810 2408; baseline -0.005 -10"><span class='ocrx_word' id='word_1_154' title='bbox 155 2359 258 2398; x_wconf 89' lang='lat' dir='ltr'>non</span> <span class='ocrx_word' id='word_1_155' title='bbox 275 2339 792 2408; x_wconf 82' lang='lat' dir='ltr'>fecerit,facientcs</span> <span class='ocrx_word' id='word_1_156' title='bbox 813 2343 1010 2394; x_wconf 88' lang='lat' dir='ltr'>tamen</span> <span class='ocrx_word' id='word_1_157' title='bbox 1033 2337 1092 2392; x_wconf 91' lang='lat' dir='ltr'>in</span> <span class='ocrx_word' id='word_1_158' title='bbox 1117 2336 1573 2392; x_wconf 81' lang='lat' dir='ltr'>familiaritatem</span> <span class='ocrx_word' id='word_1_159' title='bbox 1598 2336 1810 2391; x_wconf 84' lang='lat' dir='ltr'>foedus-</span> 
     </span>
    </p>
   </div>
   <div class='ocr_carea' id='block_1_25' title="bbox 155 2425 1804 2504">
    <p class='ocr_par' dir='ltr' id='par_1_25' title="bbox 155 2425 1804 2504">
     <span class='ocr_line' id='line_1_25' title="bbox 155 2425 1804 2504; baseline -0.005 -17"><span class='ocrx_word' id='word_1_160' title='bbox 155 2447 259 2504; x_wconf 89' lang='lat' dir='ltr'>que</span> <span class='ocrx_word' id='word_1_161' title='bbox 285 2429 600 2503; x_wconf 87' lang='lat' dir='ltr'>receperit.</span> <span class='ocrx_word' id='word_1_162' title='bbox 616 2428 864 2484; x_wconf 91' lang='lat' dir='ltr'>Proinde</span> <span class='ocrx_word' id='word_1_163' title='bbox 885 2430 1156 2483; x_wconf 88' lang='lat' dir='ltr'>sanctum</span> <span class='ocrx_word' id='word_1_164' title='bbox 1179 2425 1647 2481; x_wconf 86' lang='lat' dir='ltr'>Chalcedonense</span> <span class='ocrx_word' id='word_1_165' title='bbox 1667 2440 1804 2479; x_wconf 87' lang='lat' dir='ltr'>con-</span> 
     </span>
    </p>
   </div>
   <div class='ocr_carea' id='block_1_26' title="bbox 150 2510 1804 2588">
    <p class='ocr_par' dir='ltr' id='par_1_26' title="bbox 150 2510 1804 2588">
     <span class='ocr_line' id='line_1_26' title="bbox 150 2510 1804 2588; baseline -0.004 -16"><span class='ocrx_word' id='word_1_166' title='bbox 150 2517 368 2585; x_wconf 87' lang='lat' dir='ltr'>cilium,</span> <span class='ocrx_word' id='word_1_167' title='bbox 405 2516 564 2588; x_wconf 88' lang='lat' dir='ltr'>quod</span> <span class='ocrx_word' id='word_1_168' title='bbox 596 2532 701 2588; x_wconf 90' lang='lat' dir='ltr'>pro</span> <span class='ocrx_word' id='word_1_169' title='bbox 736 2514 870 2570; x_wconf 83' lang='lat' dir='ltr'>fidei</span> <span class='ocrx_word' id='word_1_170' title='bbox 901 2512 1200 2569; x_wconf 79' lang='lat' dir='ltr'>catholicae</span> <span class='ocrx_word' id='word_1_171' title='bbox 1248 2519 1422 2584; x_wconf 89' lang='lat' dir='ltr'>atque</span> <span class='ocrx_word' id='word_1_172' title='bbox 1473 2510 1804 2583; x_wconf 78' lang='lat' dir='ltr'>apostolicae</span> 
     </span>
    </p>
   </div>
   <div class='ocr_carea' id='block_1_27' title="bbox 147 2599 1804 2673">
    <p class='ocr_par' dir='ltr' id='par_1_27' title="bbox 147 2599 1804 2673">
     <span class='ocr_line' id='line_1_27' title="bbox 147 2599 1804 2673; baseline -0.004 -13"><span class='ocrx_word' id='word_1_173' title='bbox 147 2605 410 2662; x_wconf 82' lang='lat' dir='ltr'>veritatis</span> <span class='ocrx_word' id='word_1_174' title='bbox 443 2603 860 2660; x_wconf 88' lang='lat' dir='ltr'>communione</span> <span class='ocrx_word' id='word_1_175' title='bbox 883 2601 1266 2672; x_wconf 90' lang='lat' dir='ltr'>celebratum,</span> <span class='ocrx_word' id='word_1_176' title='bbox 1292 2599 1591 2656; x_wconf 87' lang='lat' dir='ltr'>damnavit</span> <span class='ocrx_word' id='word_1_177' title='bbox 1628 2601 1804 2673; x_wconf 82' lang='lat' dir='ltr'>Euty-</span> 
     </span>
    </p>
   </div>
   <div class='ocr_carea' id='block_1_28' title="bbox 147 2688 1804 2756">
    <p class='ocr_par' dir='ltr' id='par_1_28' title="bbox 147 2688 1804 2756">
     <span class='ocr_line' id='line_1_28' title="bbox 147 2688 1804 2756; baseline -0.003 -7"><span class='ocrx_word' id='word_1_178' title='bbox 147 2693 370 2751; x_wconf 89' lang='lat' dir='ltr'>chetem</span> <span class='ocrx_word' id='word_1_179' title='bbox 387 2691 723 2750; x_wconf 87' lang='lat' dir='ltr'>detestandi</span> <span class='ocrx_word' id='word_1_180' title='bbox 743 2690 954 2748; x_wconf 80' lang='lat' dir='ltr'>furoris</span> <span class='ocrx_word' id='word_1_181' title='bbox 978 2695 1418 2756; x_wconf 89' lang='lat' dir='ltr'>auctorem,non</span> <span class='ocrx_word' id='word_1_182' title='bbox 1442 2689 1585 2744; x_wconf 90' lang='lat' dir='ltr'>satis</span> <span class='ocrx_word' id='word_1_183' title='bbox 1598 2688 1804 2745; x_wconf 89' lang='lat' dir='ltr'>habuit</span> 
     </span>
    </p>
   </div>
   <div class='ocr_carea' id='block_1_29' title="bbox 147 2778 1803 2855">
    <p class='ocr_par' dir='ltr' id='par_1_29' title="bbox 147 2778 1803 2855">
     <span class='ocr_line' id='line_1_29' title="bbox 147 2778 1803 2855; baseline -0.002 -17"><span class='ocrx_word' id='word_1_184' title='bbox 147 2782 251 2838; x_wconf 91' lang='lat' dir='ltr'>nisi</span> <span class='ocrx_word' id='word_1_185' title='bbox 279 2789 344 2840; x_wconf 91' lang='lat' dir='ltr'>ut</span> <span class='ocrx_word' id='word_1_186' title='bbox 377 2781 608 2855; x_wconf 89' lang='lat' dir='ltr'>pariter</span> <span class='ocrx_word' id='word_1_187' title='bbox 645 2781 774 2853; x_wconf 87' lang='lat' dir='ltr'>ejus</span> <span class='ocrx_word' id='word_1_188' title='bbox 815 2797 1047 2853; x_wconf 83' lang='lat' dir='ltr'>quoque</span> <span class='ocrx_word' id='word_1_189' title='bbox 1078 2782 1408 2834; x_wconf 88' lang='lat' dir='ltr'>consortem</span> <span class='ocrx_word' id='word_1_190' title='bbox 1459 2778 1803 2834; x_wconf 91' lang='lat' dir='ltr'>Dioscorum</span> 
     </span>
    </p>
   </div>
   <div class='ocr_carea' id='block_1_30' title="bbox 145 2865 1800 2944">
    <p class='ocr_par' dir='ltr' id='par_1_30' title="bbox 145 2865 1800 2944">
     <span class='ocr_line' id='line_1_30' title="bbox 145 2865 1800 2944; baseline -0.004 -16"><span class='ocrx_word' id='word_1_191' title='bbox 145 2877 505 2944; x_wconf 87' lang='lat' dir='ltr'>caeterosque</span> <span class='ocrx_word' id='word_1_192' title='bbox 530 2869 885 2944; x_wconf 87' lang='lat' dir='ltr'>percelleret.</span> <span class='ocrx_word' id='word_1_193' title='bbox 925 2870 1040 2924; x_wconf 91' lang='lat' dir='ltr'>lloc</span> <span class='ocrx_word' id='word_1_194' title='bbox 1086 2867 1266 2940; x_wconf 87' lang='lat' dir='ltr'>igitur</span> <span class='ocrx_word' id='word_1_195' title='bbox 1309 2867 1504 2936; x_wconf 91' lang='lat' dir='ltr'>modo,</span> <span class='ocrx_word' id='word_1_196' title='bbox 1540 2865 1693 2921; x_wconf 90' lang='lat' dir='ltr'>sicut</span> <span class='ocrx_word' id='word_1_197' title='bbox 1740 2865 1800 2922; x_wconf 93' lang='lat' dir='ltr'>in</span> 
     </span>
    </p>
   </div>
   <div class='ocr_carea' id='block_1_31' title="bbox 146 2954 1800 3035">
    <p class='ocr_par' dir='ltr' id='par_1_31' title="bbox 146 2954 1800 3035">
     <span class='ocr_line' id='line_1_31' title="bbox 146 2954 1800 3035; baseline -0.004 -19"><span class='ocrx_word' id='word_1_198' title='bbox 146 2977 504 3035; x_wconf 89' lang='lat' dir='ltr'>unaquaque</span> <span class='ocrx_word' id='word_1_199' title='bbox 534 2959 741 3017; x_wconf 75' lang='lat' dir='ltr'>haeresi</span> <span class='ocrx_word' id='word_1_200' title='bbox 761 2957 850 3014; x_wconf 93' lang='lat' dir='ltr'>vcl</span> <span class='ocrx_word' id='word_1_201' title='bbox 883 2959 1099 3014; x_wconf 85' lang='lat' dir='ltr'>factum</span> <span class='ocrx_word' id='word_1_202' title='bbox 1137 2973 1387 3028; x_wconf 89' lang='lat' dir='ltr'>semper,</span> <span class='ocrx_word' id='word_1_203' title='bbox 1410 2954 1496 3010; x_wconf 87' lang='lat' dir='ltr'>vel</span> <span class='ocrx_word' id='word_1_204' title='bbox 1529 2955 1652 3010; x_wconf 79' lang='lat' dir='ltr'>ﬁeri</span> <span class='ocrx_word' id='word_1_205' title='bbox 1684 2971 1800 3010; x_wconf 91' lang='lat' dir='ltr'>non</span> 
     </span>
    </p>
   </div>
   <div class='ocr_carea' id='block_1_32' title="bbox 145 3044 1797 3122">
    <p class='ocr_par' dir='ltr' id='par_1_32' title="bbox 145 3044 1797 3122">
     <span class='ocr_line' id='line_1_32' title="bbox 145 3044 1797 3122; baseline -0.004 -16"><span class='ocrx_word' id='word_1_206' title='bbox 145 3049 389 3108; x_wconf 88' lang='lat' dir='ltr'>habetur</span> <span class='ocrx_word' id='word_1_207' title='bbox 402 3049 1151 3122; x_wconf 86' lang='lat' dir='ltr'>ambiguum,successores</span> <span class='ocrx_word' id='word_1_208' title='bbox 1171 3044 1797 3115; x_wconf 75' lang='lat' dir='ltr'>eorum,’l‘imotheum,</span> 
     </span>
    </p>
   </div>
   <div class='ocr_carea' id='block_1_33' title="bbox 142 3133 1797 3210">
    <p class='ocr_par' dir='ltr' id='par_1_33' title="bbox 142 3133 1797 3210">
     <span class='ocr_line' id='line_1_33' title="bbox 142 3133 1797 3210; baseline -0.004 -16"><span class='ocrx_word' id='word_1_209' title='bbox 142 3139 400 3208; x_wconf 89' lang='lat' dir='ltr'>Petrum,</span> <span class='ocrx_word' id='word_1_210' title='bbox 436 3143 616 3210; x_wconf 89' lang='lat' dir='ltr'>atque</span> <span class='ocrx_word' id='word_1_211' title='bbox 647 3135 896 3193; x_wconf 87' lang='lat' dir='ltr'>alterum</span> <span class='ocrx_word' id='word_1_212' title='bbox 924 3134 1351 3193; x_wconf 83' lang='lat' dir='ltr'>Antiochenam</span> <span class='ocrx_word' id='word_1_213' title='bbox 1393 3133 1650 3200; x_wconf 88' lang='lat' dir='ltr'>Petrum,</span> <span class='ocrx_word' id='word_1_214' title='bbox 1683 3150 1797 3189; x_wconf 90' lang='lat' dir='ltr'>non</span> 
     </span>
    </p>
   </div>
   <div class='ocr_carea' id='block_1_34' title="bbox 141 3222 1797 3302">
    <p class='ocr_par' dir='ltr' id='par_1_34' title="bbox 141 3222 1797 3302">
     <span class='ocr_line' id='line_1_34' title="bbox 141 3222 1797 3302; baseline -0.004 -19"><span class='ocrx_word' id='word_1_215' title='bbox 141 3228 348 3284; x_wconf 87' lang='lat' dir='ltr'>viritim</span> <span class='ocrx_word' id='word_1_216' title='bbox 377 3231 624 3302; x_wconf 87' lang='lat' dir='ltr'>propter</span> <span class='ocrx_word' id='word_1_217' title='bbox 644 3224 911 3299; x_wconf 89' lang='lat' dir='ltr'>singulos</span> <span class='ocrx_word' id='word_1_218' title='bbox 938 3241 1172 3298; x_wconf 90' lang='lat' dir='ltr'>quoque</span> <span class='ocrx_word' id='word_1_219' title='bbox 1203 3240 1408 3278; x_wconf 89' lang='lat' dir='ltr'>rursus</span> <span class='ocrx_word' id='word_1_220' title='bbox 1435 3222 1584 3278; x_wconf 81' lang='lat' dir='ltr'>tacto</span> <span class='ocrx_word' id='word_1_221' title='bbox 1605 3223 1797 3278; x_wconf 91' lang='lat' dir='ltr'>conci-</span> 
     </span>
    </p>
   </div>
   <div class='ocr_carea' id='block_1_35' title="bbox 1917 651 3562 724">
    <p class='ocr_par' dir='ltr' id='par_1_35' title="bbox 1917 651 3562 724">
     <span class='ocr_line' id='line_1_35' title="bbox 1917 651 3562 724; baseline 0.003 -18"><span class='ocrx_word' id='word_1_222' title='bbox 1917 651 2134 706; x_wconf 90' lang='lat' dir='ltr'>erranti</span> <span class='ocrx_word' id='word_1_223' title='bbox 2195 655 2285 706; x_wconf 90' lang='lat' dir='ltr'>est</span> <span class='ocrx_word' id='word_1_224' title='bbox 2332 653 2562 723; x_wconf 80' lang='lat' dir='ltr'>praeﬁxa</span> <span class='ocrx_word' id='word_1_225' title='bbox 2611 656 2908 724; x_wconf 89' lang='lat' dir='ltr'>perpetua,</span> <span class='ocrx_word' id='word_1_226' title='bbox 2942 669 3055 706; x_wconf 92' lang='lat' dir='ltr'>non</span> <span class='ocrx_word' id='word_1_227' title='bbox 3102 655 3338 720; x_wconf 84' lang='lat' dir='ltr'>erranti,</span> <span class='ocrx_word' id='word_1_228' title='bbox 3372 654 3427 708; x_wconf 91' lang='lat' dir='ltr'>id</span> <span class='ocrx_word' id='word_1_229' title='bbox 3473 660 3562 711; x_wconf 90' lang='lat' dir='ltr'>est</span> 
     </span>
    </p>
   </div>
   <div class='ocr_carea' id='block_1_36' title="bbox 1918 740 3558 813">
    <p class='ocr_par' dir='ltr' id='par_1_36' title="bbox 1918 740 3558 813">
     <span class='ocr_line' id='line_1_36' title="bbox 1918 740 3558 813; baseline 0.002 -17"><span class='ocrx_word' id='word_1_230' title='bbox 1918 740 2080 796; x_wconf 89' lang='lat' dir='ltr'>alteri</span> <span class='ocrx_word' id='word_1_231' title='bbox 2113 741 2314 795; x_wconf 84' lang='lat' dir='ltr'>etI&#39;ecto</span> <span class='ocrx_word' id='word_1_232' title='bbox 2347 758 2524 813; x_wconf 87' lang='lat' dir='ltr'>quam</span> <span class='ocrx_word' id='word_1_233' title='bbox 2555 741 2648 796; x_wconf 85' lang='lat' dir='ltr'>cui</span> <span class='ocrx_word' id='word_1_234' title='bbox 2679 742 2914 812; x_wconf 79' lang='lat' dir='ltr'>praeﬁxa</span> <span class='ocrx_word' id='word_1_235' title='bbox 2943 745 3050 807; x_wconf 88' lang='lat' dir='ltr'>est,</span> <span class='ocrx_word' id='word_1_236' title='bbox 3087 758 3202 796; x_wconf 92' lang='lat' dir='ltr'>non</span> <span class='ocrx_word' id='word_1_237' title='bbox 3233 741 3421 797; x_wconf 92' lang='lat' dir='ltr'>solum</span> <span class='ocrx_word' id='word_1_238' title='bbox 3444 761 3558 799; x_wconf 91' lang='lat' dir='ltr'>non</span> 
     </span>
    </p>
   </div>
   <div class='ocr_carea' id='block_1_37' title="bbox 1918 831 3560 903">
    <p class='ocr_par' dir='ltr' id='par_1_37' title="bbox 1918 831 3560 903">
     <span class='ocr_line' id='line_1_37' title="bbox 1918 831 3560 903; baseline 0.003 -20"><span class='ocrx_word' id='word_1_239' title='bbox 1918 833 2108 901; x_wconf 90' lang='lat' dir='ltr'>potest</span> <span class='ocrx_word' id='word_1_240' title='bbox 2138 846 2265 885; x_wconf 91' lang='lat' dir='ltr'>esse</span> <span class='ocrx_word' id='word_1_241' title='bbox 2291 833 2588 902; x_wconf 90' lang='lat' dir='ltr'>perpetua,</span> <span class='ocrx_word' id='word_1_242' title='bbox 2607 831 2707 886; x_wconf 93' lang='lat' dir='ltr'>sed</span> <span class='ocrx_word' id='word_1_243' title='bbox 2739 847 2845 886; x_wconf 91' lang='lat' dir='ltr'>nec</span> <span class='ocrx_word' id='word_1_244' title='bbox 2875 846 3002 886; x_wconf 90' lang='lat' dir='ltr'>esse</span> <span class='ocrx_word' id='word_1_245' title='bbox 3041 831 3167 900; x_wconf 90' lang='lat' dir='ltr'>jam</span> <span class='ocrx_word' id='word_1_246' title='bbox 3214 848 3400 903; x_wconf 69' lang='lat' dir='ltr'>paena.</span> <span class='ocrx_word' id='word_1_247' title='bbox 3434 833 3560 888; x_wconf 81' lang='lat' dir='ltr'>Non</span> 
     </span>
    </p>
   </div>
   <div class='ocr_carea' id='block_1_38' title="bbox 1917 917 3560 992">
    <p class='ocr_par' dir='ltr' id='par_1_38' title="bbox 1917 917 3560 992">
     <span class='ocr_line' id='line_1_38' title="bbox 1917 917 3560 992; baseline 0.002 -18"><span class='ocrx_word' id='word_1_248' title='bbox 1917 922 2006 974; x_wconf 90' lang='lat' dir='ltr'>est</span> <span class='ocrx_word' id='word_1_249' title='bbox 2027 917 2182 973; x_wconf 89' lang='lat' dir='ltr'>enim</span> <span class='ocrx_word' id='word_1_250' title='bbox 2213 919 2338 990; x_wconf 90' lang='lat' dir='ltr'>ipse</span> <span class='ocrx_word' id='word_1_251' title='bbox 2369 919 2460 973; x_wconf 93' lang='lat' dir='ltr'>cui</span> <span class='ocrx_word' id='word_1_252' title='bbox 2496 920 2730 991; x_wconf 66' lang='lat' dir='ltr'>praefixa</span> <span class='ocrx_word' id='word_1_253' title='bbox 2758 923 2866 974; x_wconf 92' lang='lat' dir='ltr'>est.</span> <span class='ocrx_word' id='word_1_254' title='bbox 2903 941 2930 968; x_wconf 85' lang='lat'>»</span> <span class='ocrx_word' id='word_1_255' title='bbox 2965 920 3109 974; x_wconf 89' lang='lat' dir='ltr'>Item</span> <span class='ocrx_word' id='word_1_256' title='bbox 3142 919 3251 974; x_wconf 92' lang='lat' dir='ltr'>Leo</span> <span class='ocrx_word' id='word_1_257' title='bbox 3301 919 3360 974; x_wconf 90' lang='lat' dir='ltr'>in</span> <span class='ocrx_word' id='word_1_258' title='bbox 3410 920 3560 992; x_wconf 88' lang='lat' dir='ltr'>epis-</span> 
     </span>
    </p>
   </div>
   <div class='ocr_carea' id='block_1_39' title="bbox 1917 1007 3558 1081">
    <p class='ocr_par' dir='ltr' id='par_1_39' title="bbox 1917 1007 3558 1081">
     <span class='ocr_line' id='line_1_39' title="bbox 1917 1007 3558 1081; baseline 0.001 -19"><span class='ocrx_word' id='word_1_259' title='bbox 1917 1008 2036 1063; x_wconf 89' lang='lat' dir='ltr'>tola</span> <span class='ocrx_word' id='word_1_260' title='bbox 2065 1008 2136 1063; x_wconf 91' lang='lat' dir='ltr'>ad</span> <span class='ocrx_word' id='word_1_261' title='bbox 2169 1007 2532 1063; x_wconf 90' lang='lat' dir='ltr'>Pulcheriam</span> <span class='ocrx_word' id='word_1_262' title='bbox 2560 1009 2882 1080; x_wconf 88' lang='lat' dir='ltr'>Augustam</span> <span class='ocrx_word' id='word_1_263' title='bbox 2913 1009 2984 1063; x_wconf 92' lang='lat' dir='ltr'>de</span> <span class='ocrx_word' id='word_1_264' title='bbox 3015 1007 3273 1079; x_wconf 78' lang='lat' dir='ltr'>Eutyche</span> <span class='ocrx_word' id='word_1_265' title='bbox 3297 1008 3398 1080; x_wconf 85' lang='lat' dir='ltr'>(ep.</span> <span class='ocrx_word' id='word_1_266' title='bbox 3434 1010 3517 1081; x_wconf 83' lang='lat'>18)</span> <span class='ocrx_word' id='word_1_267' title='bbox 3545 1027 3558 1064; x_wconf 91' lang='lat'><strong>:</strong></span> 
     </span>
    </p>
   </div>
   <div class='ocr_carea' id='block_1_40' title="bbox 1918 1095 3562 1168">
    <p class='ocr_par' dir='ltr' id='par_1_40' title="bbox 1918 1095 3562 1168">
     <span class='ocr_line' id='line_1_40' title="bbox 1918 1095 3562 1168; baseline 0.005 -23"><span class='ocrx_word' id='word_1_268' title='bbox 1918 1117 1945 1145; x_wconf 85' lang='lat'><strong>«</strong></span> <span class='ocrx_word' id='word_1_269' title='bbox 1979 1096 2087 1162; x_wconf 87' lang='lat' dir='ltr'>Qui</span> <span class='ocrx_word' id='word_1_270' title='bbox 2119 1113 2276 1164; x_wconf 91' lang='lat' dir='ltr'>cum,</span> <span class='ocrx_word' id='word_1_271' title='bbox 2309 1095 2520 1168; x_wconf 87' lang='lat' dir='ltr'>inquit,</span> <span class='ocrx_word' id='word_1_272' title='bbox 2553 1095 3136 1167; x_wconf 79' lang='lat' dir='ltr'>videretinsipientiae</span> <span class='ocrx_word' id='word_1_273' title='bbox 3172 1113 3291 1151; x_wconf 80' lang='lat' dir='ltr'>suae</span> <span class='ocrx_word' id='word_1_274' title='bbox 3323 1112 3562 1153; x_wconf 89' lang='lat' dir='ltr'>sensum</span> 
     </span>
    </p>
   </div>
   <div class='ocr_carea' id='block_1_41' title="bbox 1917 1183 3566 1258">
    <p class='ocr_par' dir='ltr' id='par_1_41' title="bbox 1917 1183 3566 1258">
     <span class='ocr_line' id='line_1_41' title="bbox 1917 1183 3566 1258; baseline 0 -18"><span class='ocrx_word' id='word_1_275' title='bbox 1917 1183 2218 1240; x_wconf 87' lang='lat' dir='ltr'>catholicis</span> <span class='ocrx_word' id='word_1_276' title='bbox 2249 1185 2492 1240; x_wconf 91' lang='lat' dir='ltr'>auribus</span> <span class='ocrx_word' id='word_1_277' title='bbox 2513 1184 2842 1256; x_wconf 90' lang='lat' dir='ltr'>displicere,</span> <span class='ocrx_word' id='word_1_278' title='bbox 2865 1200 3129 1240; x_wconf 91' lang='lat' dir='ltr'>revocare</span> <span class='ocrx_word' id='word_1_279' title='bbox 3161 1200 3222 1240; x_wconf 92' lang='lat' dir='ltr'>se</span> <span class='ocrx_word' id='word_1_280' title='bbox 3253 1201 3287 1240; x_wconf 88' lang='lat' dir='ltr'>a</span> <span class='ocrx_word' id='word_1_281' title='bbox 3308 1202 3417 1241; x_wconf 90' lang='lat' dir='ltr'>sua</span> <span class='ocrx_word' id='word_1_282' title='bbox 3446 1185 3566 1258; x_wconf 90' lang='lat' dir='ltr'>opi-</span> 
     </span>
    </p>
   </div>
   <div class='ocr_carea' id='block_1_42' title="bbox 1917 1271 3565 1345">
    <p class='ocr_par' dir='ltr' id='par_1_42' title="bbox 1917 1271 3565 1345">
     <span class='ocr_line' id='line_1_42' title="bbox 1917 1271 3565 1345; baseline 0.002 -18"><span class='ocrx_word' id='word_1_283' title='bbox 1917 1273 2088 1328; x_wconf 92' lang='lat' dir='ltr'>nione</span> <span class='ocrx_word' id='word_1_284' title='bbox 2117 1274 2416 1341; x_wconf 90' lang='lat' dir='ltr'>debuerat,</span> <span class='ocrx_word' id='word_1_285' title='bbox 2433 1289 2546 1328; x_wconf 87' lang='lat' dir='ltr'>nec</span> <span class='ocrx_word' id='word_1_286' title='bbox 2560 1273 2641 1328; x_wconf 89' lang='lat' dir='ltr'>ita</span> <span class='ocrx_word' id='word_1_287' title='bbox 2660 1271 2928 1329; x_wconf 74' lang='lat' dir='ltr'>Ecclesiae</span> <span class='ocrx_word' id='word_1_288' title='bbox 2947 1272 3222 1345; x_wconf 86' lang='lat' dir='ltr'>praesules</span> <span class='ocrx_word' id='word_1_289' title='bbox 3245 1290 3565 1330; x_wconf 84' lang='lat' dir='ltr'>commove-</span> 
     </span>
    </p>
   </div>
   <div class='ocr_carea' id='block_1_43' title="bbox 1916 1355 3562 1436">
    <p class='ocr_par' dir='ltr' id='par_1_43' title="bbox 1916 1355 3562 1436">
     <span class='ocr_line' id='line_1_43' title="bbox 1916 1355 3562 1436; baseline 0.002 -19"><span class='ocrx_word' id='word_1_290' title='bbox 1916 1367 2079 1431; x_wconf 90' lang='lat' dir='ltr'>re,ut</span> <span class='ocrx_word' id='word_1_291' title='bbox 2109 1363 2506 1418; x_wconf 89' lang='lat' dir='ltr'>damnationis</span> <span class='ocrx_word' id='word_1_292' title='bbox 2534 1362 2884 1418; x_wconf 89' lang='lat' dir='ltr'>sententiam</span> <span class='ocrx_word' id='word_1_293' title='bbox 2917 1355 3240 1418; x_wconf 85' lang='lat' dir='ltr'>mereretur</span> <span class='ocrx_word' id='word_1_294' title='bbox 3280 1363 3562 1436; x_wconf 82' lang='lat' dir='ltr'>excipere.</span> 
     </span>
    </p>
   </div>
   <div class='ocr_carea' id='block_1_44' title="bbox 1917 1450 3566 1524">
    <p class='ocr_par' dir='ltr' id='par_1_44' title="bbox 1917 1450 3566 1524">
     <span class='ocr_line' id='line_1_44' title="bbox 1917 1450 3566 1524; baseline -0.001 -17"><span class='ocrx_word' id='word_1_295' title='bbox 1917 1453 2103 1518; x_wconf 89' lang='lat' dir='ltr'>Quam</span> <span class='ocrx_word' id='word_1_296' title='bbox 2137 1451 2339 1524; x_wconf 87' lang='lat' dir='ltr'>utique</span> <span class='ocrx_word' id='word_1_297' title='bbox 2368 1450 2418 1508; x_wconf 88' lang='lat' dir='ltr'>si</span> <span class='ocrx_word' id='word_1_298' title='bbox 2469 1451 2528 1507; x_wconf 93' lang='lat' dir='ltr'>in</span> <span class='ocrx_word' id='word_1_299' title='bbox 2575 1468 2681 1508; x_wconf 91' lang='lat' dir='ltr'>suo</span> <span class='ocrx_word' id='word_1_300' title='bbox 2734 1468 2910 1507; x_wconf 90' lang='lat' dir='ltr'>sensu</span> <span class='ocrx_word' id='word_1_301' title='bbox 2941 1451 3187 1507; x_wconf 88' lang='lat' dir='ltr'>voluerit</span> <span class='ocrx_word' id='word_1_302' title='bbox 3226 1468 3566 1524; x_wconf 86' lang='lat' dir='ltr'>permanere</span> 
     </span>
    </p>
   </div>
   <div class='ocr_carea' id='block_1_45' title="bbox 1918 1538 3565 1612">
    <p class='ocr_par' dir='ltr' id='par_1_45' title="bbox 1918 1538 3565 1612">
     <span class='ocr_line' id='line_1_45' title="bbox 1918 1538 3565 1612; baseline -0.001 -16"><span class='ocrx_word' id='word_1_303' title='bbox 1918 1539 2117 1596; x_wconf 92' lang='lat' dir='ltr'>nullus</span> <span class='ocrx_word' id='word_1_304' title='bbox 2144 1539 2356 1612; x_wconf 89' lang='lat' dir='ltr'>poterit</span> <span class='ocrx_word' id='word_1_305' title='bbox 2389 1538 2716 1595; x_wconf 83' lang='lat' dir='ltr'>relaxare.»</span> <span class='ocrx_word' id='word_1_306' title='bbox 2751 1540 2822 1595; x_wconf 92' lang='lat' dir='ltr'>Et</span> <span class='ocrx_word' id='word_1_307' title='bbox 2844 1539 2980 1596; x_wconf 90' lang='lat' dir='ltr'>item</span> <span class='ocrx_word' id='word_1_308' title='bbox 3005 1539 3064 1595; x_wconf 91' lang='lat' dir='ltr'>in</span> <span class='ocrx_word' id='word_1_309' title='bbox 3094 1540 3296 1596; x_wconf 89' lang='lat' dir='ltr'>eadem</span> <span class='ocrx_word' id='word_1_310' title='bbox 3321 1557 3334 1596; x_wconf 89' lang='lat'><strong>:</strong></span> <span class='ocrx_word' id='word_1_311' title='bbox 3355 1539 3565 1596; x_wconf 87' lang='lat' dir='ltr'>«Sedis</span> 
     </span>
    </p>
   </div>
   <div class='ocr_carea' id='block_1_46' title="bbox 1917 1627 3563 1701">
    <p class='ocr_par' dir='ltr' id='par_1_46' title="bbox 1917 1627 3563 1701">
     <span class='ocr_line' id='line_1_46' title="bbox 1917 1627 3563 1701; baseline 0.001 -18"><span class='ocrx_word' id='word_1_312' title='bbox 1917 1628 2073 1683; x_wconf 89' lang='lat' dir='ltr'>enim</span> <span class='ocrx_word' id='word_1_313' title='bbox 2123 1627 2453 1700; x_wconf 77' lang='lat' dir='ltr'>apostolicae</span> <span class='ocrx_word' id='word_1_314' title='bbox 2513 1628 2832 1684; x_wconf 89' lang='lat' dir='ltr'>moderatio</span> <span class='ocrx_word' id='word_1_315' title='bbox 2891 1628 3043 1685; x_wconf 90' lang='lat' dir='ltr'>hanc</span> <span class='ocrx_word' id='word_1_316' title='bbox 3113 1629 3563 1701; x_wconf 88' lang='lat' dir='ltr'>temperantiam</span> 
     </span>
    </p>
   </div>
   <div class='ocr_carea' id='block_1_47' title="bbox 1917 1716 3562 1789">
    <p class='ocr_par' dir='ltr' id='par_1_47' title="bbox 1917 1716 3562 1789">
     <span class='ocr_line' id='line_1_47' title="bbox 1917 1716 3562 1789; baseline -0.001 -15"><span class='ocrx_word' id='word_1_317' title='bbox 1917 1721 2126 1787; x_wconf 89' lang='lat' dir='ltr'>servat,</span> <span class='ocrx_word' id='word_1_318' title='bbox 2161 1721 2226 1773; x_wconf 91' lang='lat' dir='ltr'>ut</span> <span class='ocrx_word' id='word_1_319' title='bbox 2255 1716 2512 1774; x_wconf 88' lang='lat' dir='ltr'>severius</span> <span class='ocrx_word' id='word_1_320' title='bbox 2543 1721 2677 1789; x_wconf 90' lang='lat' dir='ltr'>agat</span> <span class='ocrx_word' id='word_1_321' title='bbox 2706 1733 2842 1772; x_wconf 90' lang='lat' dir='ltr'>cum</span> <span class='ocrx_word' id='word_1_322' title='bbox 2873 1716 3194 1785; x_wconf 90' lang='lat' dir='ltr'>obduratis,</span> <span class='ocrx_word' id='word_1_323' title='bbox 3227 1721 3285 1774; x_wconf 91' lang='lat' dir='ltr'>et</span> <span class='ocrx_word' id='word_1_324' title='bbox 3332 1717 3562 1772; x_wconf 89' lang='lat' dir='ltr'>veniam</span> 
     </span>
    </p>
   </div>
   <div class='ocr_carea' id='block_1_48' title="bbox 1916 1805 2804 1879">
    <p class='ocr_par' dir='ltr' id='par_1_48' title="bbox 1916 1805 2804 1879">
     <span class='ocr_line' id='line_1_48' title="bbox 1916 1805 2804 1879; baseline -0.007 -16"><span class='ocrx_word' id='word_1_325' title='bbox 1916 1807 2116 1879; x_wconf 90' lang='lat' dir='ltr'>cupiat</span> <span class='ocrx_word' id='word_1_326' title='bbox 2145 1810 2419 1878; x_wconf 80' lang='lat' dir='ltr'>praestare</span> <span class='ocrx_word' id='word_1_327' title='bbox 2449 1805 2743 1861; x_wconf 89' lang='lat' dir='ltr'>correctis.</span> <span class='ocrx_word' id='word_1_328' title='bbox 2776 1827 2804 1855; x_wconf 87' lang='lat'>»</span> 
     </span>
    </p>
   </div>
   <div class='ocr_carea' id='block_1_49' title="bbox 1989 1891 3562 1966">
    <p class='ocr_par' dir='ltr' id='par_1_49' title="bbox 1989 1891 3562 1966">
     <span class='ocr_line' id='line_1_49' title="bbox 1989 1891 3562 1966; baseline -0.001 -14"><span class='ocrx_word' id='word_1_329' title='bbox 1989 1895 2080 1952; x_wconf 91' lang='lat' dir='ltr'>1V.</span> <span class='ocrx_word' id='word_1_330' title='bbox 2101 1895 2262 1961; x_wconf 90' lang='lat' dir='ltr'>Quod</span> <span class='ocrx_word' id='word_1_331' title='bbox 2285 1894 2334 1950; x_wconf 92' lang='lat' dir='ltr'>si</span> <span class='ocrx_word' id='word_1_332' title='bbox 2360 1893 2615 1966; x_wconf 88' lang='lat' dir='ltr'>episcopi</span> <span class='ocrx_word' id='word_1_333' title='bbox 2637 1892 2842 1948; x_wconf 85' lang='lat' dir='ltr'>haeresi</span> <span class='ocrx_word' id='word_1_334' title='bbox 2859 1891 2999 1949; x_wconf 91' lang='lat' dir='ltr'>olim</span> <span class='ocrx_word' id='word_1_335' title='bbox 3014 1893 3300 1949; x_wconf 77' lang='lat' dir='ltr'>damnatae</span> <span class='ocrx_word' id='word_1_336' title='bbox 3318 1909 3562 1950; x_wconf 88' lang='lat' dir='ltr'>consen-</span> 
     </span>
    </p>
   </div>
   <div class='ocr_carea' id='block_1_50' title="bbox 1917 1981 3564 2051">
    <p class='ocr_par' dir='ltr' id='par_1_50' title="bbox 1917 1981 3564 2051">
     <span class='ocr_line' id='line_1_50' title="bbox 1917 1981 3564 2051; baseline -0.002 -10"><span class='ocrx_word' id='word_1_337' title='bbox 1917 1984 2211 2050; x_wconf 90' lang='lat' dir='ltr'>serint,vel</span> <span class='ocrx_word' id='word_1_338' title='bbox 2234 1983 2470 2039; x_wconf 82' lang='lat' dir='ltr'>haeresis</span> <span class='ocrx_word' id='word_1_339' title='bbox 2488 1981 3564 2051; x_wconf 88' lang='lat' dir='ltr'>communicatoricommunicaverint,</span> 
     </span>
    </p>
   </div>
   <div class='ocr_carea' id='block_1_51' title="bbox 1916 2069 3562 2143">
    <p class='ocr_par' dir='ltr' id='par_1_51' title="bbox 1916 2069 3562 2143">
     <span class='ocr_line' id='line_1_51' title="bbox 1916 2069 3562 2143; baseline -0.001 -14"><span class='ocrx_word' id='word_1_340' title='bbox 1916 2090 2050 2129; x_wconf 89' lang='lat' dir='ltr'>cum</span> <span class='ocrx_word' id='word_1_341' title='bbox 2082 2073 2166 2128; x_wconf 92' lang='lat' dir='ltr'>eis</span> <span class='ocrx_word' id='word_1_342' title='bbox 2189 2090 2223 2128; x_wconf 93' lang='lat' dir='ltr'>a</span> <span class='ocrx_word' id='word_1_343' title='bbox 2256 2070 2561 2128; x_wconf 87' lang='lat' dir='ltr'>catholicis</span> <span class='ocrx_word' id='word_1_344' title='bbox 2586 2070 2843 2143; x_wconf 81' lang='lat' dir='ltr'>synodus</span> <span class='ocrx_word' id='word_1_345' title='bbox 2866 2069 3146 2127; x_wconf 88' lang='lat' dir='ltr'>celebrari</span> <span class='ocrx_word' id='word_1_346' title='bbox 3177 2087 3293 2126; x_wconf 90' lang='lat' dir='ltr'>non</span> <span class='ocrx_word' id='word_1_347' title='bbox 3335 2071 3562 2140; x_wconf 87' lang='lat' dir='ltr'>debeat,</span> 
     </span>
    </p>
   </div>
   <div class='ocr_carea' id='block_1_52' title="bbox 1915 2159 3566 2232">
    <p class='ocr_par' dir='ltr' id='par_1_52' title="bbox 1915 2159 3566 2232">
     <span class='ocr_line' id='line_1_52' title="bbox 1915 2159 3566 2232; baseline -0.001 -15"><span class='ocrx_word' id='word_1_348' title='bbox 1915 2162 2070 2218; x_wconf 89' lang='lat' dir='ltr'>idem</span> <span class='ocrx_word' id='word_1_349' title='bbox 2085 2160 2421 2218; x_wconf 89' lang='lat' dir='ltr'>Gelasiusin</span> <span class='ocrx_word' id='word_1_350' title='bbox 2436 2161 2672 2232; x_wconf 78' lang='lat' dir='ltr'>praefato</span> <span class='ocrx_word' id='word_1_351' title='bbox 2687 2163 2844 2215; x_wconf 89' lang='lat' dir='ltr'>tome</span> <span class='ocrx_word' id='word_1_352' title='bbox 2859 2160 2929 2214; x_wconf 89' lang='lat' dir='ltr'>ad</span> <span class='ocrx_word' id='word_1_353' title='bbox 2946 2159 3247 2216; x_wconf 91' lang='lat' dir='ltr'>universos</span> <span class='ocrx_word' id='word_1_354' title='bbox 3261 2159 3566 2232; x_wconf 89' lang='lat' dir='ltr'>episcopos</span> 
     </span>
    </p>
   </div>
   <div class='ocr_carea' id='block_1_53' title="bbox 1915 2247 3566 2323">
    <p class='ocr_par' dir='ltr' id='par_1_53' title="bbox 1915 2247 3566 2323">
     <span class='ocr_line' id='line_1_53' title="bbox 1915 2247 3566 2323; baseline -0.002 -15"><span class='ocrx_word' id='word_1_355' title='bbox 1915 2269 2018 2323; x_wconf 90' lang='lat' dir='ltr'>per</span> <span class='ocrx_word' id='word_1_356' title='bbox 2046 2249 2398 2308; x_wconf 89' lang='lat' dir='ltr'>Dardaniam</span> <span class='ocrx_word' id='word_1_357' title='bbox 2450 2247 2797 2304; x_wconf 88' lang='lat' dir='ltr'>constitutos</span> <span class='ocrx_word' id='word_1_358' title='bbox 2829 2250 3007 2320; x_wconf 79' lang='lat' dir='ltr'>(epist.</span> <span class='ocrx_word' id='word_1_359' title='bbox 3040 2250 3130 2319; x_wconf 87' lang='grc'>11)</span> <span class='ocrx_word' id='word_1_360' title='bbox 3163 2265 3176 2304; x_wconf 90' lang='lat'><strong>:</strong></span> <span class='ocrx_word' id='word_1_361' title='bbox 3212 2272 3239 2299; x_wconf 87' lang='lat'><strong>«</strong></span> <span class='ocrx_word' id='word_1_362' title='bbox 3275 2249 3566 2304; x_wconf 89' lang='lat' dir='ltr'>Ponamus</span> 
     </span>
    </p>
   </div>
   <div class='ocr_carea' id='block_1_54' title="bbox 1917 2337 3567 2410">
    <p class='ocr_par' dir='ltr' id='par_1_54' title="bbox 1917 2337 3567 2410">
     <span class='ocr_line' id='line_1_54' title="bbox 1917 2337 3567 2410; baseline -0.001 -15"><span class='ocrx_word' id='word_1_363' title='bbox 1917 2345 2132 2407; x_wconf 89' lang='lat' dir='ltr'>tamen,</span> <span class='ocrx_word' id='word_1_364' title='bbox 2164 2337 2375 2410; x_wconf 89' lang='lat' dir='ltr'>inquit,</span> <span class='ocrx_word' id='word_1_365' title='bbox 2391 2338 2564 2393; x_wconf 88' lang='lat' dir='ltr'>etiam</span> <span class='ocrx_word' id='word_1_366' title='bbox 2597 2338 2645 2394; x_wconf 90' lang='lat' dir='ltr'>si</span> <span class='ocrx_word' id='word_1_367' title='bbox 2671 2337 2834 2393; x_wconf 90' lang='lat' dir='ltr'>nulla</span> <span class='ocrx_word' id='word_1_368' title='bbox 2861 2338 3122 2409; x_wconf 78' lang='lat' dir='ltr'>synodus</span> <span class='ocrx_word' id='word_1_369' title='bbox 3151 2337 3567 2410; x_wconf 79' lang='lat' dir='ltr'>praecessisset,</span> 
     </span>
    </p>
   </div>
   <div class='ocr_carea' id='block_1_55' title="bbox 1914 2425 3567 2500">
    <p class='ocr_par' dir='ltr' id='par_1_55' title="bbox 1914 2425 3567 2500">
     <span class='ocr_line' id='line_1_55' title="bbox 1914 2425 3567 2500; baseline -0.002 -16"><span class='ocrx_word' id='word_1_370' title='bbox 1914 2431 2084 2500; x_wconf 85' lang='lat' dir='ltr'>eujus</span> <span class='ocrx_word' id='word_1_371' title='bbox 2115 2426 2433 2500; x_wconf 89' lang='lat' dir='ltr'>apostolica</span> <span class='ocrx_word' id='word_1_372' title='bbox 2462 2427 2630 2482; x_wconf 88' lang='lat' dir='ltr'>sedes</span> <span class='ocrx_word' id='word_1_373' title='bbox 2662 2430 2818 2481; x_wconf 87' lang='lat' dir='ltr'>recte</span> <span class='ocrx_word' id='word_1_374' title='bbox 2849 2426 3012 2481; x_wconf 83' lang='lat' dir='ltr'>ﬁeret</span> <span class='ocrx_word' id='word_1_375' title='bbox 3053 2425 3400 2493; x_wconf 85' lang='lat' dir='ltr'>exsecutrix,</span> <span class='ocrx_word' id='word_1_376' title='bbox 3433 2441 3567 2481; x_wconf 89' lang='lat' dir='ltr'>cum</span> 
     </span>
    </p>
   </div>
   <div class='ocr_carea' id='block_1_56' title="bbox 1914 2513 3568 2590">
    <p class='ocr_par' dir='ltr' id='par_1_56' title="bbox 1914 2513 3568 2590">
     <span class='ocr_line' id='line_1_56' title="bbox 1914 2513 3568 2590; baseline -0.002 -17"><span class='ocrx_word' id='word_1_377' title='bbox 1914 2518 2132 2590; x_wconf 89' lang='lat' dir='ltr'>quibus</span> <span class='ocrx_word' id='word_1_378' title='bbox 2163 2521 2287 2572; x_wconf 90' lang='lat' dir='ltr'>erat</span> <span class='ocrx_word' id='word_1_379' title='bbox 2317 2515 2388 2571; x_wconf 88' lang='lat' dir='ltr'>de</span> <span class='ocrx_word' id='word_1_380' title='bbox 2415 2515 2623 2571; x_wconf 90' lang='lat' dir='ltr'>Acacio</span> <span class='ocrx_word' id='word_1_381' title='bbox 2656 2515 2914 2587; x_wconf 88' lang='lat' dir='ltr'>synodus</span> <span class='ocrx_word' id='word_1_382' title='bbox 2955 2513 3251 2570; x_wconf 85' lang='lat' dir='ltr'>ineunda?</span> <span class='ocrx_word' id='word_1_383' title='bbox 3291 2513 3568 2587; x_wconf 89' lang='lat' dir='ltr'>Nunquid</span> 
     </span>
    </p>
   </div>
   <div class='ocr_carea' id='block_1_57' title="bbox 1913 2603 3570 2676">
    <p class='ocr_par' dir='ltr' id='par_1_57' title="bbox 1913 2603 3570 2676">
     <span class='ocr_line' id='line_1_57' title="bbox 1913 2603 3570 2676; baseline -0.002 -13"><span class='ocrx_word' id='word_1_384' title='bbox 1913 2624 2046 2663; x_wconf 90' lang='lat' dir='ltr'>cum</span> <span class='ocrx_word' id='word_1_385' title='bbox 2080 2606 2176 2662; x_wconf 92' lang='lat' dir='ltr'>his</span> <span class='ocrx_word' id='word_1_386' title='bbox 2199 2605 2296 2676; x_wconf 93' lang='lat' dir='ltr'>qui</span> <span class='ocrx_word' id='word_1_387' title='bbox 2314 2607 2439 2676; x_wconf 89' lang='lat' dir='ltr'>jam</span> <span class='ocrx_word' id='word_1_388' title='bbox 2462 2604 2776 2676; x_wconf 89' lang='lat' dir='ltr'>participes</span> <span class='ocrx_word' id='word_1_389' title='bbox 2799 2603 3451 2672; x_wconf 84' lang='lat' dir='ltr'>tenebanturAcacio,et</span> <span class='ocrx_word' id='word_1_390' title='bbox 3468 2621 3570 2676; x_wconf 90' lang='lat' dir='ltr'>per</span> 
     </span>
    </p>
   </div>
   <div class='ocr_carea' id='block_1_58' title="bbox 1913 2691 3570 2752">
    <p class='ocr_par' dir='ltr' id='par_1_58' title="bbox 1913 2691 3570 2752">
     <span class='ocr_line' id='line_1_58' title="bbox 1913 2691 3570 2752; baseline -0.003 -1"><span class='ocrx_word' id='word_1_391' title='bbox 1913 2696 2206 2752; x_wconf 88' lang='lat' dir='ltr'>Orientem</span> <span class='ocrx_word' id='word_1_392' title='bbox 2259 2697 2450 2749; x_wconf 90' lang='lat' dir='ltr'>totum</span> <span class='ocrx_word' id='word_1_393' title='bbox 2491 2691 2794 2748; x_wconf 86' lang='lat' dir='ltr'>catholicis</span> <span class='ocrx_word' id='word_1_394' title='bbox 2845 2691 3247 2748; x_wconf 88' lang='lat' dir='ltr'>sacerdotibus</span> <span class='ocrx_word' id='word_1_395' title='bbox 3289 2691 3570 2747; x_wconf 89' lang='lat' dir='ltr'>violenter</span> 
     </span>
    </p>
   </div>
   <div class='ocr_carea' id='block_1_59' title="bbox 1912 2779 3566 2854">
    <p class='ocr_par' dir='ltr' id='par_1_59' title="bbox 1912 2779 3566 2854">
     <span class='ocr_line' id='line_1_59' title="bbox 1912 2779 3566 2854; baseline -0.004 -14"><span class='ocrx_word' id='word_1_396' title='bbox 1912 2783 2183 2852; x_wconf 83' lang='lat' dir='ltr'>exclusis,</span> <span class='ocrx_word' id='word_1_397' title='bbox 2219 2787 2276 2838; x_wconf 90' lang='lat' dir='ltr'>et</span> <span class='ocrx_word' id='word_1_398' title='bbox 2306 2799 2407 2854; x_wconf 91' lang='lat' dir='ltr'>per</span> <span class='ocrx_word' id='word_1_399' title='bbox 2436 2780 2639 2837; x_wconf 81' lang='lat' dir='ltr'>exsilia</span> <span class='ocrx_word' id='word_1_400' title='bbox 2670 2781 2898 2836; x_wconf 90' lang='lat' dir='ltr'>diversa</span> <span class='ocrx_word' id='word_1_401' title='bbox 2928 2779 3220 2851; x_wconf 88' lang='lat' dir='ltr'>relegatis,</span> <span class='ocrx_word' id='word_1_402' title='bbox 3257 2780 3398 2836; x_wconf 91' lang='lat' dir='ltr'>socii</span> <span class='ocrx_word' id='word_1_403' title='bbox 3451 2780 3566 2836; x_wconf 89' lang='lat' dir='ltr'>evi-</span> 
     </span>
    </p>
   </div>
   <div class='ocr_carea' id='block_1_60' title="bbox 1910 2868 3566 2940">
    <p class='ocr_par' dir='ltr' id='par_1_60' title="bbox 1910 2868 3566 2940">
     <span class='ocr_line' id='line_1_60' title="bbox 1910 2868 3566 2940; baseline -0.004 -11"><span class='ocrx_word' id='word_1_404' title='bbox 1910 2875 2113 2929; x_wconf 86' lang='lat' dir='ltr'>denter</span> <span class='ocrx_word' id='word_1_405' title='bbox 2141 2871 2490 2935; x_wconf 76' lang='lat' dir='ltr'>existebant,</span> <span class='ocrx_word' id='word_1_406' title='bbox 2525 2868 2956 2925; x_wconf 89' lang='lat' dir='ltr'>communionis</span> <span class='ocrx_word' id='word_1_407' title='bbox 2988 2874 3256 2936; x_wconf 80' lang='lat' dir='ltr'>externae,</span> <span class='ocrx_word' id='word_1_408' title='bbox 3294 2870 3458 2940; x_wconf 89' lang='lat' dir='ltr'>prius</span> <span class='ocrx_word' id='word_1_409' title='bbox 3505 2885 3566 2923; x_wconf 91' lang='lat' dir='ltr'>se</span> 
     </span>
    </p>
   </div>
   <div class='ocr_carea' id='block_1_61' title="bbox 1910 2958 3568 3029">
    <p class='ocr_par' dir='ltr' id='par_1_61' title="bbox 1910 2958 3568 3029">
     <span class='ocr_line' id='line_1_61' title="bbox 1910 2958 3568 3029; baseline -0.004 -11"><span class='ocrx_word' id='word_1_410' title='bbox 1910 2964 1981 3018; x_wconf 92' lang='lat' dir='ltr'>ad</span> <span class='ocrx_word' id='word_1_411' title='bbox 2014 2963 2134 3017; x_wconf 85' lang='lat' dir='ltr'>haec</span> <span class='ocrx_word' id='word_1_412' title='bbox 2164 2959 2458 3016; x_wconf 90' lang='lat' dir='ltr'>consortia</span> <span class='ocrx_word' id='word_1_413' title='bbox 2491 2959 2922 3025; x_wconf 82' lang='lat' dir='ltr'>transferentes,</span> <span class='ocrx_word' id='word_1_414' title='bbox 2958 2974 3135 3028; x_wconf 89' lang='lat' dir='ltr'>quam</span> <span class='ocrx_word' id='word_1_415' title='bbox 3166 2958 3322 3013; x_wconf 90' lang='lat' dir='ltr'>sedis</span> <span class='ocrx_word' id='word_1_416' title='bbox 3343 2961 3568 3029; x_wconf 90' lang='lat' dir='ltr'>aposto-</span> 
     </span>
    </p>
   </div>
   <div class='ocr_carea' id='block_1_62' title="bbox 1909 3044 3566 3118">
    <p class='ocr_par' dir='ltr' id='par_1_62' title="bbox 1909 3044 3566 3118">
     <span class='ocr_line' id='line_1_62' title="bbox 1909 3044 3566 3118; baseline -0.004 -12"><span class='ocrx_word' id='word_1_417' title='bbox 1909 3051 2031 3116; x_wconf 84' lang='lat' dir='ltr'>licae</span> <span class='ocrx_word' id='word_1_418' title='bbox 2055 3050 2202 3106; x_wconf 89' lang='lat' dir='ltr'>scita</span> <span class='ocrx_word' id='word_1_419' title='bbox 2221 3046 2632 3104; x_wconf 87' lang='lat' dir='ltr'>consulerent?</span> <span class='ocrx_word' id='word_1_420' title='bbox 2662 3046 2807 3102; x_wconf 88' lang='lat' dir='ltr'>Cum</span> <span class='ocrx_word' id='word_1_421' title='bbox 2834 3044 3049 3118; x_wconf 91' lang='lat' dir='ltr'>quibus</span> <span class='ocrx_word' id='word_1_422' title='bbox 3079 3061 3214 3118; x_wconf 91' lang='lat' dir='ltr'>ergo</span> <span class='ocrx_word' id='word_1_423' title='bbox 3241 3049 3365 3101; x_wconf 91' lang='lat' dir='ltr'>erat</span> <span class='ocrx_word' id='word_1_424' title='bbox 3389 3062 3566 3117; x_wconf 86' lang='lat' dir='ltr'>syno-</span> 
     </span>
    </p>
   </div>
   <div class='ocr_carea' id='block_1_63' title="bbox 1906 3134 3569 3209">
    <p class='ocr_par' dir='ltr' id='par_1_63' title="bbox 1906 3134 3569 3209">
     <span class='ocr_line' id='line_1_63' title="bbox 1906 3134 3569 3209; baseline -0.004 -13"><span class='ocrx_word' id='word_1_425' title='bbox 1906 3142 2019 3196; x_wconf 87' lang='lat' dir='ltr'>dus</span> <span class='ocrx_word' id='word_1_426' title='bbox 2064 3138 2358 3194; x_wconf 85' lang='lat' dir='ltr'>ineunda?</span> <span class='ocrx_word' id='word_1_427' title='bbox 2405 3135 2684 3193; x_wconf 88' lang='lat' dir='ltr'>Catholici</span> <span class='ocrx_word' id='word_1_428' title='bbox 2731 3137 3035 3209; x_wconf 75' lang='lat' dir='ltr'>pontifices</span> <span class='ocrx_word' id='word_1_429' title='bbox 3095 3139 3260 3192; x_wconf 88' lang='lat' dir='ltr'>erant</span> <span class='ocrx_word' id='word_1_430' title='bbox 3309 3134 3569 3206; x_wconf 87' lang='lat' dir='ltr'>undique</span> 
     </span>
    </p>
   </div>
   <div class='ocr_carea' id='block_1_64' title="bbox 1902 3224 3566 3302">
    <p class='ocr_par' dir='ltr' id='par_1_64' title="bbox 1902 3224 3566 3302">
     <span class='ocr_line' id='line_1_64' title="bbox 1902 3224 3566 3302; baseline -0.004 -18"><span class='ocrx_word' id='word_1_431' title='bbox 1902 3230 2028 3302; x_wconf 89' lang='lat' dir='ltr'>jam</span> <span class='ocrx_word' id='word_1_432' title='bbox 2061 3225 2555 3299; x_wconf 88' lang='lat' dir='ltr'>depulsi,solique</span> <span class='ocrx_word' id='word_1_433' title='bbox 2586 3229 2988 3281; x_wconf 88' lang='lat' dir='ltr'>remanserant</span> <span class='ocrx_word' id='word_1_434' title='bbox 3013 3225 3153 3281; x_wconf 91' lang='lat' dir='ltr'>socii</span> <span class='ocrx_word' id='word_1_435' title='bbox 3185 3224 3566 3298; x_wconf 84' lang='lat' dir='ltr'>perﬁdorum,</span> 
     </span>
    </p>
   </div>
   <div class='ocr_carea' id='block_1_65' title="bbox 139 3303 3568 3390">
    <p class='ocr_par' dir='ltr' id='par_1_65' title="bbox 139 3303 3568 3390">
     <span class='ocr_line' id='line_1_65' title="bbox 139 3303 3568 3390; baseline -0.001 -18"><span class='ocrx_word' id='word_1_436' title='bbox 139 3316 340 3385; x_wconf 88' lang='lat' dir='ltr'>lio,sed</span> <span class='ocrx_word' id='word_1_437' title='bbox 366 3316 583 3390; x_wconf 89' lang='lat' dir='ltr'>synodi</span> <span class='ocrx_word' id='word_1_438' title='bbox 606 3315 787 3372; x_wconf 89' lang='lat' dir='ltr'>semel</span> <span class='ocrx_word' id='word_1_439' title='bbox 809 3319 939 3370; x_wconf 88' lang='lat' dir='ltr'>acta</span> <span class='ocrx_word' id='word_1_440' title='bbox 960 3313 1160 3386; x_wconf 89' lang='lat' dir='ltr'>regula</span> <span class='ocrx_word' id='word_1_441' title='bbox 1181 3317 1602 3384; x_wconf 89' lang='lat' dir='ltr'>consequenter</span> <span class='ocrx_word' id='word_1_442' title='bbox 1621 3310 1795 3367; x_wconf 91' lang='lat' dir='ltr'>elisit.</span> <span class='ocrx_word' id='word_1_443' title='bbox 1830 3303 1872 3370; x_wconf 87' lang='lat' dir='ltr'>C</span> <span class='ocrx_word' id='word_1_444' title='bbox 1911 3335 2047 3373; x_wconf 91' lang='lat' dir='ltr'>eum</span> <span class='ocrx_word' id='word_1_445' title='bbox 2102 3316 2319 3389; x_wconf 90' lang='lat' dir='ltr'>quibus</span> <span class='ocrx_word' id='word_1_446' title='bbox 2341 3316 2472 3387; x_wconf 91' lang='lat' dir='ltr'>jam</span> <span class='ocrx_word' id='word_1_447' title='bbox 2523 3331 2629 3370; x_wconf 91' lang='lat' dir='ltr'>nec</span> <span class='ocrx_word' id='word_1_448' title='bbox 2678 3314 2888 3371; x_wconf 89' lang='lat' dir='ltr'>licebat</span> <span class='ocrx_word' id='word_1_449' title='bbox 2933 3314 3148 3371; x_wconf 89' lang='lat' dir='ltr'>habere</span> <span class='ocrx_word' id='word_1_450' title='bbox 3194 3317 3568 3382; x_wconf 89' lang='lat' dir='ltr'>conventum,</span> 
     </span>
    </p>
   </div>
   <div class='ocr_carea' id='block_1_66' title="bbox 138 3401 1798 3476">
    <p class='ocr_par' dir='ltr' id='par_1_66' title="bbox 138 3401 1798 3476">
     <span class='ocr_line' id='line_1_66' title="bbox 138 3401 1798 3476; baseline -0.004 -14"><span class='ocrx_word' id='word_1_451' title='bbox 138 3405 654 3472; x_wconf 86' lang='lat' dir='ltr'>Quemadmodum</span> <span class='ocrx_word' id='word_1_452' title='bbox 686 3420 824 3476; x_wconf 88' lang='lat' dir='ltr'>ergo</span> <span class='ocrx_word' id='word_1_453' title='bbox 857 3421 971 3460; x_wconf 90' lang='lat' dir='ltr'>non</span> <span class='ocrx_word' id='word_1_454' title='bbox 1005 3401 1300 3458; x_wconf 89' lang='lat' dir='ltr'>evidenter</span> <span class='ocrx_word' id='word_1_455' title='bbox 1330 3406 1590 3472; x_wconf 87' lang='lat' dir='ltr'>apparet,</span> <span class='ocrx_word' id='word_1_456' title='bbox 1623 3401 1798 3456; x_wconf 90' lang='lat' dir='ltr'>etiam</span> 
     </span>
    </p>
   </div>
   <div class='ocr_carea' id='block_1_67' title="bbox 135 3491 1804 3564">
    <p class='ocr_par' dir='ltr' id='par_1_67' title="bbox 135 3491 1804 3564">
     <span class='ocr_line' id='line_1_67' title="bbox 135 3491 1804 3564; baseline -0.003 -14"><span class='ocrx_word' id='word_1_457' title='bbox 135 3502 376 3552; x_wconf 90' lang='lat' dir='ltr'>cunctos</span> <span class='ocrx_word' id='word_1_458' title='bbox 405 3493 593 3552; x_wconf 90' lang='lat' dir='ltr'>simili</span> <span class='ocrx_word' id='word_1_459' title='bbox 617 3498 815 3549; x_wconf 91' lang='lat' dir='ltr'>tenore</span> <span class='ocrx_word' id='word_1_460' title='bbox 837 3491 1180 3564; x_wconf 87' lang='lat' dir='ltr'>constringi,</span> <span class='ocrx_word' id='word_1_461' title='bbox 1197 3491 1298 3563; x_wconf 88' lang='lat' dir='ltr'>qui</span> <span class='ocrx_word' id='word_1_462' title='bbox 1319 3507 1522 3546; x_wconf 90' lang='lat' dir='ltr'>eorum</span> <span class='ocrx_word' id='word_1_463' title='bbox 1545 3507 1804 3546; x_wconf 91' lang='lat' dir='ltr'>commu-</span> 
     </span>
    </p>
   </div>
   <div class='ocr_carea' id='block_1_68' title="bbox 137 3581 1806 3655">
    <p class='ocr_par' dir='ltr' id='par_1_68' title="bbox 137 3581 1806 3655">
     <span class='ocr_line' id='line_1_68' title="bbox 137 3581 1806 3655; baseline -0.001 -17"><span class='ocrx_word' id='word_1_464' title='bbox 137 3584 432 3641; x_wconf 91' lang='lat' dir='ltr'>nicatores</span> <span class='ocrx_word' id='word_1_465' title='bbox 487 3586 546 3640; x_wconf 90' lang='lat' dir='ltr'>et</span> <span class='ocrx_word' id='word_1_466' title='bbox 601 3581 918 3655; x_wconf 89' lang='lat' dir='ltr'>complices</span> <span class='ocrx_word' id='word_1_467' title='bbox 968 3581 1335 3648; x_wconf 85' lang='lat' dir='ltr'>exstiterunt,</span> <span class='ocrx_word' id='word_1_468' title='bbox 1370 3584 1544 3652; x_wconf 88' lang='lat' dir='ltr'>atque</span> <span class='ocrx_word' id='word_1_469' title='bbox 1600 3596 1806 3636; x_wconf 91' lang='lat' dir='ltr'>omnes</span> 
     </span>
    </p>
   </div>
   <div class='ocr_carea' id='block_1_69' title="bbox 134 3669 1804 3744">
    <p class='ocr_par' dir='ltr' id='par_1_69' title="bbox 134 3669 1804 3744">
     <span class='ocr_line' id='line_1_69' title="bbox 134 3669 1804 3744; baseline -0.004 -14"><span class='ocrx_word' id='word_1_470' title='bbox 134 3674 372 3731; x_wconf 90' lang='lat' dir='ltr'>omnino</span> <span class='ocrx_word' id='word_1_471' title='bbox 409 3691 446 3730; x_wconf 88' lang='lat' dir='ltr'>a</span> <span class='ocrx_word' id='word_1_472' title='bbox 476 3671 770 3730; x_wconf 88' lang='lat' dir='ltr'>catholica</span> <span class='ocrx_word' id='word_1_473' title='bbox 800 3675 979 3744; x_wconf 90' lang='lat' dir='ltr'>atque</span> <span class='ocrx_word' id='word_1_474' title='bbox 1024 3669 1347 3742; x_wconf 88' lang='lat' dir='ltr'>apostolica</span> <span class='ocrx_word' id='word_1_475' title='bbox 1389 3669 1598 3724; x_wconf 87' lang='lat' dir='ltr'>merito</span> <span class='ocrx_word' id='word_1_476' title='bbox 1646 3685 1804 3724; x_wconf 89' lang='lat' dir='ltr'>com-</span> 
     </span>
    </p>
   </div>
   <div class='ocr_carea' id='block_1_70' title="bbox 139 3757 1805 3820">
    <p class='ocr_par' dir='ltr' id='par_1_70' title="bbox 139 3757 1805 3820">
     <span class='ocr_line' id='line_1_70' title="bbox 139 3757 1805 3820; baseline -0.004 -2"><span class='ocrx_word' id='word_1_477' title='bbox 139 3765 422 3820; x_wconf 87' lang='lat' dir='ltr'>munione</span> <span class='ocrx_word' id='word_1_478' title='bbox 455 3761 755 3820; x_wconf 84' lang='lat' dir='ltr'>discerni?</span> <span class='ocrx_word' id='word_1_479' title='bbox 788 3783 816 3811; x_wconf 83' lang='lat'>»</span> <span class='ocrx_word' id='word_1_480' title='bbox 853 3762 999 3816; x_wconf 91' lang='lat' dir='ltr'>Item</span> <span class='ocrx_word' id='word_1_481' title='bbox 1028 3758 1182 3814; x_wconf 90' lang='lat' dir='ltr'>idem</span> <span class='ocrx_word' id='word_1_482' title='bbox 1238 3757 1299 3813; x_wconf 91' lang='lat' dir='ltr'>in</span> <span class='ocrx_word' id='word_1_483' title='bbox 1349 3762 1507 3814; x_wconf 89' lang='lat' dir='ltr'>tome</span> <span class='ocrx_word' id='word_1_484' title='bbox 1558 3758 1628 3813; x_wconf 92' lang='lat' dir='ltr'>de</span> <span class='ocrx_word' id='word_1_485' title='bbox 1667 3774 1805 3814; x_wconf 89' lang='lat' dir='ltr'>ana-</span> 
     </span>
    </p>
   </div>
   <div class='ocr_carea' id='block_1_71' title="bbox 137 3845 1803 3922">
    <p class='ocr_par' dir='ltr' id='par_1_71' title="bbox 137 3845 1803 3922">
     <span class='ocr_line' id='line_1_71' title="bbox 137 3845 1803 3922; baseline -0.005 -14"><span class='ocrx_word' id='word_1_486' title='bbox 137 3853 422 3910; x_wconf 88' lang='lat' dir='ltr'>thematis</span> <span class='ocrx_word' id='word_1_487' title='bbox 484 3849 722 3907; x_wconf 88' lang='lat' dir='ltr'>vinculo</span> <span class='ocrx_word' id='word_1_488' title='bbox 783 3867 817 3906; x_wconf 92' lang='lat' dir='ltr'>a</span> <span class='ocrx_word' id='word_1_489' title='bbox 873 3865 1025 3922; x_wconf 89' lang='lat' dir='ltr'>papa</span> <span class='ocrx_word' id='word_1_490' title='bbox 1076 3846 1261 3903; x_wconf 92' lang='lat' dir='ltr'>Felice</span> <span class='ocrx_word' id='word_1_491' title='bbox 1311 3846 1520 3902; x_wconf 87' lang='lat' dir='ltr'>innexo</span> <span class='ocrx_word' id='word_1_492' title='bbox 1576 3845 1803 3914; x_wconf 90' lang='lat' dir='ltr'>Acacio,</span> 
     </span>
    </p>
   </div>
   <div class='ocr_carea' id='block_1_72' title="bbox 143 3935 1809 4010">
    <p class='ocr_par' dir='ltr' id='par_1_72' title="bbox 143 3935 1809 4010">
     <span class='ocr_line' id='line_1_72' title="bbox 143 3935 1809 4010; baseline -0.005 -12"><span class='ocrx_word' id='word_1_493' title='bbox 143 3943 290 3998; x_wconf 73' lang='lat'>833</span> <span class='ocrx_word' id='word_1_494' title='bbox 327 3966 357 3993; x_wconf 90' lang='grc'><strong>‹‹</strong></span> <span class='ocrx_word' id='word_1_495' title='bbox 398 3941 571 3998; x_wconf 93' lang='lat' dir='ltr'>Sicut</span> <span class='ocrx_word' id='word_1_496' title='bbox 602 3938 781 4007; x_wconf 91' lang='lat' dir='ltr'>enim,</span> <span class='ocrx_word' id='word_1_497' title='bbox 809 3937 1102 4010; x_wconf 88' lang='lat' dir='ltr'>inquiens,</span> <span class='ocrx_word' id='word_1_498' title='bbox 1137 3937 1196 3990; x_wconf 89' lang='lat' dir='ltr'>in</span> <span class='ocrx_word' id='word_1_499' title='bbox 1229 3940 1515 4009; x_wconf 90' lang='lat' dir='ltr'>quantum</span> <span class='ocrx_word' id='word_1_500' title='bbox 1563 3940 1649 3992; x_wconf 89' lang='lat' dir='ltr'>est</span> <span class='ocrx_word' id='word_1_501' title='bbox 1683 3935 1809 4007; x_wconf 89' lang='lat' dir='ltr'>ipse</span> 
     </span>
    </p>
   </div>
   <div class='ocr_carea' id='block_1_73' title="bbox 139 4024 1811 4103">
    <p class='ocr_par' dir='ltr' id='par_1_73' title="bbox 139 4024 1811 4103">
     <span class='ocr_line' id='line_1_73' title="bbox 139 4024 1811 4103; baseline -0.004 -16"><span class='ocrx_word' id='word_1_502' title='bbox 139 4048 317 4100; x_wconf 90' lang='lat' dir='ltr'>error,</span> <span class='ocrx_word' id='word_1_503' title='bbox 356 4047 673 4103; x_wconf 87' lang='lat' dir='ltr'>nunquam</span> <span class='ocrx_word' id='word_1_504' title='bbox 705 4046 866 4085; x_wconf 87' lang='lat' dir='ltr'>error</span> <span class='ocrx_word' id='word_1_505' title='bbox 899 4044 1029 4084; x_wconf 90' lang='lat' dir='ltr'>esse</span> <span class='ocrx_word' id='word_1_506' title='bbox 1057 4026 1306 4094; x_wconf 90' lang='lat' dir='ltr'>desistit,</span> <span class='ocrx_word' id='word_1_507' title='bbox 1342 4025 1426 4080; x_wconf 92' lang='lat' dir='ltr'>sic</span> <span class='ocrx_word' id='word_1_508' title='bbox 1456 4043 1490 4080; x_wconf 92' lang='lat' dir='ltr'>a</span> <span class='ocrx_word' id='word_1_509' title='bbox 1521 4024 1811 4080; x_wconf 88' lang='lat' dir='ltr'>sententia</span> 
     </span>
    </p>
   </div>
   <div class='ocr_carea' id='block_1_74' title="bbox 143 4113 1810 4194">
    <p class='ocr_par' dir='ltr' id='par_1_74' title="bbox 143 4113 1810 4194">
     <span class='ocr_line' id='line_1_74' title="bbox 143 4113 1810 4194; baseline -0.004 -20"><span class='ocrx_word' id='word_1_510' title='bbox 143 4137 456 4194; x_wconf 88' lang='lat' dir='ltr'>nunquam</span> <span class='ocrx_word' id='word_1_511' title='bbox 490 4118 728 4192; x_wconf 83' lang='lat' dir='ltr'>praeﬁxa</span> <span class='ocrx_word' id='word_1_512' title='bbox 757 4115 1101 4183; x_wconf 89' lang='lat' dir='ltr'>resolvetur,</span> <span class='ocrx_word' id='word_1_513' title='bbox 1132 4115 1272 4186; x_wconf 91' lang='lat' dir='ltr'>quia</span> <span class='ocrx_word' id='word_1_514' title='bbox 1299 4131 1461 4170; x_wconf 91' lang='lat' dir='ltr'>error</span> <span class='ocrx_word' id='word_1_515' title='bbox 1489 4113 1587 4186; x_wconf 92' lang='lat' dir='ltr'>qui</span> <span class='ocrx_word' id='word_1_516' title='bbox 1631 4129 1810 4186; x_wconf 86' lang='lat' dir='ltr'>agno-</span> 
     </span>
    </p>
   </div>
   <div class='ocr_carea' id='block_1_75' title="bbox 140 4203 1813 4275">
    <p class='ocr_par' dir='ltr' id='par_1_75' title="bbox 140 4203 1813 4275">
     <span class='ocr_line' id='line_1_75' title="bbox 140 4203 1813 4275; baseline -0.005 -11"><span class='ocrx_word' id='word_1_517' title='bbox 140 4209 326 4266; x_wconf 89' lang='lat' dir='ltr'>scitur</span> <span class='ocrx_word' id='word_1_518' title='bbox 357 4226 495 4266; x_wconf 89' lang='lat' dir='ltr'>esse</span> <span class='ocrx_word' id='word_1_519' title='bbox 528 4209 866 4274; x_wconf 89' lang='lat' dir='ltr'>damnatus,</span> <span class='ocrx_word' id='word_1_520' title='bbox 901 4205 1105 4260; x_wconf 91' lang='lat' dir='ltr'>eadem</span> <span class='ocrx_word' id='word_1_521' title='bbox 1139 4203 1402 4275; x_wconf 91' lang='lat' dir='ltr'>quandiu</span> <span class='ocrx_word' id='word_1_522' title='bbox 1434 4207 1633 4258; x_wconf 89' lang='lat' dir='ltr'>manet</span> <span class='ocrx_word' id='word_1_523' title='bbox 1653 4219 1813 4257; x_wconf 91' lang='lat' dir='ltr'>error</span> 
     </span>
    </p>
   </div>
   <div class='ocr_carea' id='block_1_76' title="bbox 142 4291 1808 4371">
    <p class='ocr_par' dir='ltr' id='par_1_76' title="bbox 142 4291 1808 4371">
     <span class='ocr_line' id='line_1_76' title="bbox 142 4291 1808 4371; baseline -0.006 -16"><span class='ocrx_word' id='word_1_524' title='bbox 142 4300 436 4371; x_wconf 89' lang='lat' dir='ltr'>probatur</span> <span class='ocrx_word' id='word_1_525' title='bbox 467 4295 810 4353; x_wconf 89' lang='lat' dir='ltr'>adstrictus.</span> <span class='ocrx_word' id='word_1_526' title='bbox 841 4294 1040 4366; x_wconf 88' lang='lat' dir='ltr'>Itaque</span> <span class='ocrx_word' id='word_1_527' title='bbox 1072 4293 1168 4365; x_wconf 90' lang='lat' dir='ltr'>qui</span> <span class='ocrx_word' id='word_1_528' title='bbox 1204 4291 1261 4346; x_wconf 93' lang='lat' dir='ltr'>in</span> <span class='ocrx_word' id='word_1_529' title='bbox 1310 4309 1376 4348; x_wconf 91' lang='lat' dir='ltr'>eo</span> <span class='ocrx_word' id='word_1_530' title='bbox 1421 4309 1611 4348; x_wconf 91' lang='lat' dir='ltr'>errore</span> <span class='ocrx_word' id='word_1_531' title='bbox 1652 4296 1808 4359; x_wconf 91' lang='lat' dir='ltr'>sunt,</span> 
     </span>
    </p>
   </div>
   <div class='ocr_carea' id='block_1_77' title="bbox 141 4381 1813 4453">
    <p class='ocr_par' dir='ltr' id='par_1_77' title="bbox 141 4381 1813 4453">
     <span class='ocr_line' id='line_1_77' title="bbox 141 4381 1813 4453; baseline -0.004 -10"><span class='ocrx_word' id='word_1_532' title='bbox 141 4388 447 4445; x_wconf 84' lang='lat' dir='ltr'>sententia</span> <span class='ocrx_word' id='word_1_533' title='bbox 476 4384 696 4442; x_wconf 90' lang='lat' dir='ltr'>erroris</span> <span class='ocrx_word' id='word_1_534' title='bbox 727 4382 990 4440; x_wconf 90' lang='lat' dir='ltr'>obstricti</span> <span class='ocrx_word' id='word_1_535' title='bbox 1035 4389 1194 4449; x_wconf 90' lang='lat' dir='ltr'>sunt,</span> <span class='ocrx_word' id='word_1_536' title='bbox 1231 4385 1287 4437; x_wconf 89' lang='lat' dir='ltr'>et</span> <span class='ocrx_word' id='word_1_537' title='bbox 1331 4381 1592 4453; x_wconf 89' lang='lat' dir='ltr'>quandiu</span> <span class='ocrx_word' id='word_1_538' title='bbox 1642 4381 1700 4436; x_wconf 92' lang='lat' dir='ltr'>in</span> <span class='ocrx_word' id='word_1_539' title='bbox 1747 4397 1813 4436; x_wconf 92' lang='lat' dir='ltr'>eo</span> 
     </span>
    </p>
   </div>
   <div class='ocr_carea' id='block_1_78' title="bbox 142 4470 1814 4543">
    <p class='ocr_par' dir='ltr' id='par_1_78' title="bbox 142 4470 1814 4543">
     <span class='ocr_line' id='line_1_78' title="bbox 142 4470 1814 4543; baseline -0.005 -10"><span class='ocrx_word' id='word_1_540' title='bbox 142 4482 392 4535; x_wconf 88' lang='lat' dir='ltr'>manent</span> <span class='ocrx_word' id='word_1_541' title='bbox 424 4475 769 4532; x_wconf 88' lang='lat' dir='ltr'>nullatenus</span> <span class='ocrx_word' id='word_1_542' title='bbox 801 4471 1053 4529; x_wconf 91' lang='lat' dir='ltr'>absoluti</span> <span class='ocrx_word' id='word_1_543' title='bbox 1086 4475 1244 4540; x_wconf 89' lang='lat' dir='ltr'>sunt,</span> <span class='ocrx_word' id='word_1_544' title='bbox 1277 4471 1431 4526; x_wconf 93' lang='lat' dir='ltr'>sicut</span> <span class='ocrx_word' id='word_1_545' title='bbox 1462 4487 1566 4525; x_wconf 91' lang='lat' dir='ltr'>nec</span> <span class='ocrx_word' id='word_1_546' title='bbox 1597 4470 1720 4543; x_wconf 89' lang='lat' dir='ltr'>ipse</span> <span class='ocrx_word' id='word_1_547' title='bbox 1754 4470 1814 4525; x_wconf 93' lang='lat' dir='ltr'>in</span> 
     </span>
    </p>
   </div>
   <div class='ocr_carea' id='block_1_79' title="bbox 142 4559 1814 4640">
    <p class='ocr_par' dir='ltr' id='par_1_79' title="bbox 142 4559 1814 4640">
     <span class='ocr_line' id='line_1_79' title="bbox 142 4559 1814 4640; baseline -0.005 -18"><span class='ocrx_word' id='word_1_548' title='bbox 142 4582 255 4640; x_wconf 91' lang='lat' dir='ltr'>quo</span> <span class='ocrx_word' id='word_1_549' title='bbox 290 4570 442 4624; x_wconf 90' lang='lat' dir='ltr'>sunt</span> <span class='ocrx_word' id='word_1_550' title='bbox 492 4580 657 4620; x_wconf 90' lang='lat' dir='ltr'>error</span> <span class='ocrx_word' id='word_1_551' title='bbox 705 4561 1045 4618; x_wconf 86' lang='lat' dir='ltr'>absolvitur.</span> <span class='ocrx_word' id='word_1_552' title='bbox 1078 4561 1254 4616; x_wconf 90' lang='lat' dir='ltr'>Error</span> <span class='ocrx_word' id='word_1_553' title='bbox 1300 4561 1456 4615; x_wconf 91' lang='lat' dir='ltr'>enim</span> <span class='ocrx_word' id='word_1_554' title='bbox 1493 4559 1617 4632; x_wconf 90' lang='lat' dir='ltr'>ipse</span> <span class='ocrx_word' id='word_1_555' title='bbox 1663 4575 1814 4614; x_wconf 87' lang='lat' dir='ltr'>nun-</span> 
     </span>
    </p>
   </div>
   <div class='ocr_carea' id='block_1_80' title="bbox 141 4648 1813 4728">
    <p class='ocr_par' dir='ltr' id='par_1_80' title="bbox 141 4648 1813 4728">
     <span class='ocr_line' id='line_1_80' title="bbox 141 4648 1813 4728; baseline -0.006 -15"><span class='ocrx_word' id='word_1_556' title='bbox 141 4671 324 4728; x_wconf 88' lang='lat' dir='ltr'>quam</span> <span class='ocrx_word' id='word_1_557' title='bbox 359 4653 598 4711; x_wconf 89' lang='lat' dir='ltr'>veniam</span> <span class='ocrx_word' id='word_1_558' title='bbox 629 4653 1016 4725; x_wconf 88' lang='lat' dir='ltr'>promeretur,</span> <span class='ocrx_word' id='word_1_559' title='bbox 1050 4650 1149 4705; x_wconf 89' lang='lat' dir='ltr'>sed</span> <span class='ocrx_word' id='word_1_560' title='bbox 1181 4649 1281 4721; x_wconf 88' lang='lat' dir='ltr'>qui</span> <span class='ocrx_word' id='word_1_561' title='bbox 1315 4665 1381 4704; x_wconf 91' lang='lat' dir='ltr'>eo</span> <span class='ocrx_word' id='word_1_562' title='bbox 1410 4648 1692 4704; x_wconf 87' lang='lat' dir='ltr'>veraciter</span> <span class='ocrx_word' id='word_1_563' title='bbox 1721 4665 1813 4703; x_wconf 91' lang='lat' dir='ltr'>ca-</span> 
     </span>
    </p>
   </div>
   <div class='ocr_carea' id='block_1_81' title="bbox 142 4736 1824 4816">
    <p class='ocr_par' dir='ltr' id='par_1_81' title="bbox 142 4736 1824 4816">
     <span class='ocr_line' id='line_1_81' title="bbox 142 4736 1824 4816; baseline -0.005 -17"><span class='ocrx_word' id='word_1_564' title='bbox 142 4744 353 4814; x_wconf 88' lang='lat' dir='ltr'>ruerit,</span> <span class='ocrx_word' id='word_1_565' title='bbox 392 4748 573 4816; x_wconf 89' lang='lat' dir='ltr'>atquc</span> <span class='ocrx_word' id='word_1_566' title='bbox 595 4741 670 4798; x_wconf 91' lang='lat' dir='ltr'>ab</span> <span class='ocrx_word' id='word_1_567' title='bbox 701 4741 829 4814; x_wconf 86' lang='lat' dir='ltr'>ejus</span> <span class='ocrx_word' id='word_1_568' title='bbox 867 4737 1313 4813; x_wconf 90' lang='lat' dir='ltr'>participatione</span> <span class='ocrx_word' id='word_1_569' title='bbox 1349 4736 1824 4803; x_wconf 87' lang='lat' dir='ltr'>discedit.Quan-</span> 
     </span>
    </p>
   </div>
   <div class='ocr_carea' id='block_1_82' title="bbox 142 4826 1817 4907">
    <p class='ocr_par' dir='ltr' id='par_1_82' title="bbox 142 4826 1817 4907">
     <span class='ocr_line' id='line_1_82' title="bbox 142 4826 1817 4907; baseline -0.004 -19"><span class='ocrx_word' id='word_1_570' title='bbox 142 4833 242 4889; x_wconf 91' lang='lat' dir='ltr'>diu</span> <span class='ocrx_word' id='word_1_571' title='bbox 268 4850 421 4907; x_wconf 83' lang='lat' dir='ltr'>ergo</span> <span class='ocrx_word' id='word_1_572' title='bbox 443 4832 504 4888; x_wconf 91' lang='lat' dir='ltr'>in</span> <span class='ocrx_word' id='word_1_573' title='bbox 531 4831 618 4887; x_wconf 91' lang='lat' dir='ltr'>eis</span> <span class='ocrx_word' id='word_1_574' title='bbox 641 4835 732 4886; x_wconf 89' lang='lat' dir='ltr'>est</span> <span class='ocrx_word' id='word_1_575' title='bbox 753 4845 935 4897; x_wconf 91' lang='lat' dir='ltr'>error,</span> <span class='ocrx_word' id='word_1_576' title='bbox 955 4826 1390 4884; x_wconf 88' lang='lat' dir='ltr'>damnationem</span> <span class='ocrx_word' id='word_1_577' title='bbox 1423 4843 1590 4882; x_wconf 90' lang='lat' dir='ltr'>suam</span> <span class='ocrx_word' id='word_1_578' title='bbox 1638 4830 1817 4892; x_wconf 88' lang='lat' dir='ltr'>tenet,</span> 
     </span>
    </p>
   </div>
   <div class='ocr_carea' id='block_1_83' title="bbox 144 4917 1818 4996">
    <p class='ocr_par' dir='ltr' id='par_1_83' title="bbox 144 4917 1818 4996">
     <span class='ocr_line' id='line_1_83' title="bbox 144 4917 1818 4996; baseline -0.004 -19"><span class='ocrx_word' id='word_1_579' title='bbox 144 4937 589 4996; x_wconf 88' lang='lat' dir='ltr'>nunquamque</span> <span class='ocrx_word' id='word_1_580' title='bbox 618 4917 1111 4990; x_wconf 88' lang='lat' dir='ltr'>resolvitur,quia</span> <span class='ocrx_word' id='word_1_581' title='bbox 1139 4933 1299 4972; x_wconf 88' lang='lat' dir='ltr'>error</span> <span class='ocrx_word' id='word_1_582' title='bbox 1329 4933 1560 4988; x_wconf 89' lang='lat' dir='ltr'>semper</span> <span class='ocrx_word' id='word_1_583' title='bbox 1587 4932 1818 4987; x_wconf 76' lang='lat' dir='ltr'>pmnam</span> 
     </span>
    </p>
   </div>
   <div class='ocr_carea' id='block_1_84' title="bbox 142 5009 1822 5082">
    <p class='ocr_par' dir='ltr' id='par_1_84' title="bbox 142 5009 1822 5082">
     <span class='ocr_line' id='line_1_84' title="bbox 142 5009 1822 5082; baseline -0.004 -14"><span class='ocrx_word' id='word_1_584' title='bbox 142 5016 440 5068; x_wconf 87' lang='lat' dir='ltr'>meretur.</span> <span class='ocrx_word' id='word_1_585' title='bbox 473 5009 796 5082; x_wconf 89' lang='lat' dir='ltr'>Participes</span> <span class='ocrx_word' id='word_1_586' title='bbox 825 5024 960 5064; x_wconf 90' lang='lat' dir='ltr'>vero</span> <span class='ocrx_word' id='word_1_587' title='bbox 993 5009 1144 5080; x_wconf 88' lang='lat' dir='ltr'>ejus,</span> <span class='ocrx_word' id='word_1_588' title='bbox 1176 5010 1276 5061; x_wconf 91' lang='lat' dir='ltr'>aut</span> <span class='ocrx_word' id='word_1_589' title='bbox 1309 5022 1540 5077; x_wconf 87' lang='lat' dir='ltr'>semper</span> <span class='ocrx_word' id='word_1_590' title='bbox 1589 5009 1729 5060; x_wconf 88' lang='lat' dir='ltr'>sunt</span> <span class='ocrx_word' id='word_1_591' title='bbox 1766 5009 1822 5061; x_wconf 92' lang='lat' dir='ltr'>et</span> 
     </span>
    </p>
   </div>
   <div class='ocr_carea' id='block_1_85' title="bbox 145 5093 1824 5172">
    <p class='ocr_par' dir='ltr' id='par_1_85' title="bbox 145 5093 1824 5172">
     <span class='ocr_line' id='line_1_85' title="bbox 145 5093 1824 5172; baseline -0.004 -17"><span class='ocrx_word' id='word_1_592' title='bbox 145 5100 276 5171; x_wconf 86' lang='lat' dir='ltr'>ejus</span> <span class='ocrx_word' id='word_1_593' title='bbox 309 5115 506 5172; x_wconf 65' lang='lat' dir='ltr'>paenae</span> <span class='ocrx_word' id='word_1_594' title='bbox 530 5096 870 5170; x_wconf 89' lang='lat' dir='ltr'>participes,</span> <span class='ocrx_word' id='word_1_595' title='bbox 888 5095 937 5152; x_wconf 89' lang='lat' dir='ltr'>si</span> <span class='ocrx_word' id='word_1_596' title='bbox 962 5095 1022 5151; x_wconf 89' lang='lat' dir='ltr'>in</span> <span class='ocrx_word' id='word_1_597' title='bbox 1044 5094 1246 5150; x_wconf 90' lang='lat' dir='ltr'>eodem</span> <span class='ocrx_word' id='word_1_598' title='bbox 1270 5099 1528 5164; x_wconf 89' lang='lat' dir='ltr'>perstare</span> <span class='ocrx_word' id='word_1_599' title='bbox 1552 5110 1664 5148; x_wconf 91' lang='lat' dir='ltr'>non</span> <span class='ocrx_word' id='word_1_600' title='bbox 1679 5093 1824 5149; x_wconf 88' lang='lat' dir='ltr'>desi-</span> 
     </span>
    </p>
   </div>
   <div class='ocr_carea' id='block_1_86' title="bbox 146 5180 1823 5260">
    <p class='ocr_par' dir='ltr' id='par_1_86' title="bbox 146 5180 1823 5260">
     <span class='ocr_line' id='line_1_86' title="bbox 146 5180 1823 5260; baseline -0.005 -16"><span class='ocrx_word' id='word_1_601' title='bbox 146 5193 315 5257; x_wconf 88' lang='lat' dir='ltr'>nant,</span> <span class='ocrx_word' id='word_1_602' title='bbox 332 5191 446 5260; x_wconf 86' lang='lat' dir='ltr'>aut</span> <span class='ocrx_word' id='word_1_603' title='bbox 474 5187 523 5243; x_wconf 91' lang='lat' dir='ltr'>si</span> <span class='ocrx_word' id='word_1_604' title='bbox 559 5186 632 5242; x_wconf 91' lang='lat' dir='ltr'>ab</span> <span class='ocrx_word' id='word_1_605' title='bbox 656 5185 861 5242; x_wconf 90' lang='lat' dir='ltr'>eodem</span> <span class='ocrx_word' id='word_1_606' title='bbox 886 5183 1255 5250; x_wconf 89' lang='lat' dir='ltr'>recesserint,</span> <span class='ocrx_word' id='word_1_607' title='bbox 1277 5199 1452 5254; x_wconf 87' lang='lat' dir='ltr'>quam</span> <span class='ocrx_word' id='word_1_608' title='bbox 1477 5180 1649 5238; x_wconf 89' lang='lat' dir='ltr'>alieni</span> <span class='ocrx_word' id='word_1_609' title='bbox 1691 5182 1823 5236; x_wconf 82' lang='lat' dir='ltr'>facti</span> 
     </span>
    </p>
   </div>
   <div class='ocr_carea' id='block_1_87' title="bbox 147 5271 1821 5346">
    <p class='ocr_par' dir='ltr' id='par_1_87' title="bbox 147 5271 1821 5346">
     <span class='ocr_line' id='line_1_87' title="bbox 147 5271 1821 5346; baseline -0.005 -12"><span class='ocrx_word' id='word_1_610' title='bbox 147 5282 290 5334; x_wconf 86' lang='lat' dir='ltr'>sunt</span> <span class='ocrx_word' id='word_1_611' title='bbox 324 5277 409 5334; x_wconf 89' lang='lat' dir='ltr'>ab</span> <span class='ocrx_word' id='word_1_612' title='bbox 440 5293 658 5343; x_wconf 89' lang='lat' dir='ltr'>errore,</span> <span class='ocrx_word' id='word_1_613' title='bbox 691 5279 748 5331; x_wconf 93' lang='lat' dir='ltr'>et</span> <span class='ocrx_word' id='word_1_614' title='bbox 789 5274 862 5331; x_wconf 93' lang='lat' dir='ltr'>ab</span> <span class='ocrx_word' id='word_1_615' title='bbox 905 5274 1034 5346; x_wconf 90' lang='lat' dir='ltr'>ejus</span> <span class='ocrx_word' id='word_1_616' title='bbox 1073 5271 1517 5346; x_wconf 86' lang='lat' dir='ltr'>participatione</span> <span class='ocrx_word' id='word_1_617' title='bbox 1565 5271 1821 5340; x_wconf 89' lang='lat' dir='ltr'>discreti,</span> 
     </span>
    </p>
   </div>
   <div class='ocr_carea' id='block_1_88' title="bbox 145 5359 1823 5440">
    <p class='ocr_par' dir='ltr' id='par_1_88' title="bbox 145 5359 1823 5440">
     <span class='ocr_line' id='line_1_88' title="bbox 145 5359 1823 5440; baseline -0.005 -15"><span class='ocrx_word' id='word_1_618' title='bbox 145 5370 271 5424; x_wconf 84' lang='lat' dir='ltr'>tam</span> <span class='ocrx_word' id='word_1_619' title='bbox 304 5371 372 5424; x_wconf 87' lang='lat' dir='ltr'>et</span> <span class='ocrx_word' id='word_1_620' title='bbox 405 5382 440 5421; x_wconf 90' lang='lat' dir='ltr'>a</span> <span class='ocrx_word' id='word_1_621' title='bbox 469 5381 645 5440; x_wconf 68' lang='lat' dir='ltr'>paena</span> <span class='ocrx_word' id='word_1_622' title='bbox 672 5365 801 5437; x_wconf 89' lang='lat' dir='ltr'>ejns</span> <span class='ocrx_word' id='word_1_623' title='bbox 831 5366 1004 5420; x_wconf 90' lang='lat' dir='ltr'>erunt</span> <span class='ocrx_word' id='word_1_624' title='bbox 1026 5364 1447 5433; x_wconf 88' lang='lat' dir='ltr'>consequenter</span> <span class='ocrx_word' id='word_1_625' title='bbox 1466 5359 1661 5415; x_wconf 90' lang='lat' dir='ltr'>alieni.</span> <span class='ocrx_word' id='word_1_626' title='bbox 1682 5362 1823 5416; x_wconf 91' lang='lat' dir='ltr'>Cum</span> 
     </span>
    </p>
   </div>
   <div class='ocr_carea' id='block_1_89' title="bbox 145 5450 1822 5527">
    <p class='ocr_par' dir='ltr' id='par_1_89' title="bbox 145 5450 1822 5527">
     <span class='ocr_line' id='line_1_89' title="bbox 145 5450 1822 5527; baseline -0.005 -15"><span class='ocrx_word' id='word_1_627' title='bbox 145 5455 379 5512; x_wconf 86' lang='lat' dir='ltr'>erranti</span> <span class='ocrx_word' id='word_1_628' title='bbox 441 5471 616 5527; x_wconf 66' lang='lat' dir='ltr'>paena</span> <span class='ocrx_word' id='word_1_629' title='bbox 659 5451 1000 5527; x_wconf 85' lang='lat' dir='ltr'>praeﬁgitur,</span> <span class='ocrx_word' id='word_1_630' title='bbox 1035 5450 1296 5524; x_wconf 89' lang='lat' dir='ltr'>quandiu</span> <span class='ocrx_word' id='word_1_631' title='bbox 1357 5453 1554 5504; x_wconf 89' lang='lat' dir='ltr'>manet</span> <span class='ocrx_word' id='word_1_632' title='bbox 1600 5466 1822 5520; x_wconf 88' lang='lat' dir='ltr'>errans,</span> 
     </span>
    </p>
   </div>
   <div class='ocr_carea' id='block_1_90' title="bbox 146 5539 1824 5617">
    <p class='ocr_par' dir='ltr' id='par_1_90' title="bbox 146 5539 1824 5617">
     <span class='ocr_line' id='line_1_90' title="bbox 146 5539 1824 5617; baseline -0.004 -15"><span class='ocrx_word' id='word_1_633' title='bbox 146 5545 364 5602; x_wconf 89' lang='lat' dir='ltr'>eadem</span> <span class='ocrx_word' id='word_1_634' title='bbox 403 5561 578 5617; x_wconf 76' lang='lat' dir='ltr'>poena</span> <span class='ocrx_word' id='word_1_635' title='bbox 621 5540 1070 5615; x_wconf 86' lang='lat' dir='ltr'>constringitur,</span> <span class='ocrx_word' id='word_1_636' title='bbox 1101 5539 1241 5612; x_wconf 90' lang='lat' dir='ltr'>quia</span> <span class='ocrx_word' id='word_1_637' title='bbox 1289 5555 1493 5594; x_wconf 89' lang='lat' dir='ltr'>errans</span> <span class='ocrx_word' id='word_1_638' title='bbox 1535 5556 1663 5595; x_wconf 89' lang='lat' dir='ltr'>esse</span> <span class='ocrx_word' id='word_1_639' title='bbox 1709 5557 1824 5595; x_wconf 90' lang='lat' dir='ltr'>non</span> 
     </span>
    </p>
   </div>
   <div class='ocr_carea' id='block_1_91' title="bbox 147 5629 1828 5707">
    <p class='ocr_par' dir='ltr' id='par_1_91' title="bbox 147 5629 1828 5707">
     <span class='ocr_line' id='line_1_91' title="bbox 147 5629 1828 5707; baseline -0.004 -15"><span class='ocrx_word' id='word_1_640' title='bbox 147 5638 353 5707; x_wconf 86' lang='lat' dir='ltr'>potest</span> <span class='ocrx_word' id='word_1_641' title='bbox 381 5632 513 5692; x_wconf 87' lang='lat' dir='ltr'>sine</span> <span class='ocrx_word' id='word_1_642' title='bbox 545 5649 718 5706; x_wconf 87' lang='lat' dir='ltr'>poena</span> <span class='ocrx_word' id='word_1_643' title='bbox 751 5631 948 5688; x_wconf 89' lang='lat' dir='ltr'>errati.</span> <span class='ocrx_word' id='word_1_644' title='bbox 984 5630 1111 5685; x_wconf 69' lang='lat' dir='ltr'>Haec</span> <span class='ocrx_word' id='word_1_645' title='bbox 1134 5629 1336 5685; x_wconf 88' lang='lat' dir='ltr'>eadem</span> <span class='ocrx_word' id='word_1_646' title='bbox 1357 5645 1526 5700; x_wconf 86' lang='lat' dir='ltr'>poena</span> <span class='ocrx_word' id='word_1_647' title='bbox 1546 5633 1828 5703; x_wconf 89' lang='lat' dir='ltr'>perpetua</span> 
     </span>
    </p>
   </div>
   <div class='ocr_carea' id='block_1_92' title="bbox 147 5716 1828 5801">
    <p class='ocr_par' dir='ltr' id='par_1_92' title="bbox 147 5716 1828 5801">
     <span class='ocr_line' id='line_1_92' title="bbox 147 5716 1828 5801; baseline -0.006 -13"><span class='ocrx_word' id='word_1_648' title='bbox 147 5728 262 5800; x_wconf 82' lang='lat' dir='ltr'>est,</span> <span class='ocrx_word' id='word_1_649' title='bbox 297 5738 739 5801; x_wconf 84' lang='lat' dir='ltr'>nunquamque</span> <span class='ocrx_word' id='word_1_650' title='bbox 788 5718 1070 5782; x_wconf 88' lang='lat' dir='ltr'>solvenda</span> <span class='ocrx_word' id='word_1_651' title='bbox 1127 5716 1392 5796; x_wconf 89' lang='lat' dir='ltr'>quandiu</span> <span class='ocrx_word' id='word_1_652' title='bbox 1450 5733 1651 5778; x_wconf 86' lang='lat' dir='ltr'>errans</span> <span class='ocrx_word' id='word_1_653' title='bbox 1698 5735 1828 5779; x_wconf 87' lang='lat' dir='ltr'>esse</span> 
     </span>
    </p>
   </div>
   <div class='ocr_carea' id='block_1_93' title="bbox 1911 3403 3575 3476">
    <p class='ocr_par' dir='ltr' id='par_1_93' title="bbox 1911 3403 3575 3476">
     <span class='ocr_line' id='line_1_93' title="bbox 1911 3403 3575 3476; baseline -0.005 -14"><span class='ocrx_word' id='word_1_654' title='bbox 1911 3406 2137 3462; x_wconf 88' lang='lat' dir='ltr'>dicente</span> <span class='ocrx_word' id='word_1_655' title='bbox 2165 3404 2407 3476; x_wconf 84' lang='lat' dir='ltr'>psalmo</span> <span class='ocrx_word' id='word_1_656' title='bbox 2444 3422 2456 3461; x_wconf 91' lang='lat'><strong>:</strong></span> <span class='ocrx_word' id='word_1_657' title='bbox 2491 3405 2606 3460; x_wconf 87' lang='lat' dir='ltr'>Non</span> <span class='ocrx_word' id='word_1_658' title='bbox 2651 3404 2768 3459; x_wconf 79' lang='lat' dir='ltr'>sedi</span> <span class='ocrx_word' id='word_1_659' title='bbox 2812 3405 2873 3458; x_wconf 83' lang='lat' dir='ltr'>in</span> <span class='ocrx_word' id='word_1_660' title='bbox 2920 3405 3151 3461; x_wconf 78' lang='lat' dir='ltr'>concilio</span> <span class='ocrx_word' id='word_1_661' title='bbox 3199 3404 3477 3470; x_wconf 75' lang='lat' dir='ltr'>vanitatis,</span> <span class='ocrx_word' id='word_1_662' title='bbox 3522 3403 3575 3456; x_wconf 81' lang='lat' dir='ltr'>et</span> 
     </span>
    </p>
   </div>
   <div class='ocr_carea' id='block_1_94' title="bbox 1911 3489 3572 3566">
    <p class='ocr_par' dir='ltr' id='par_1_94' title="bbox 1911 3489 3572 3566">
     <span class='ocr_line' id='line_1_94' title="bbox 1911 3489 3572 3566; baseline -0.004 -15"><span class='ocrx_word' id='word_1_663' title='bbox 1911 3512 2034 3552; x_wconf 85' lang='lat' dir='ltr'>cum</span> <span class='ocrx_word' id='word_1_664' title='bbox 2060 3496 2257 3566; x_wconf 76' lang='lat' dir='ltr'>iniqua</span> <span class='ocrx_word' id='word_1_665' title='bbox 2282 3493 2596 3564; x_wconf 78' lang='lat' dir='ltr'>gerentibus</span> <span class='ocrx_word' id='word_1_666' title='bbox 2618 3509 2728 3548; x_wconf 79' lang='lat' dir='ltr'>non</span> <span class='ocrx_word' id='word_1_667' title='bbox 2751 3492 3168 3565; x_wconf 77' lang='lat' dir='ltr'>introibo(Psal.</span> <span class='ocrx_word' id='word_1_668' title='bbox 3186 3495 3244 3560; x_wconf 87' lang='grc' dir='ltr'>ι).</span> <span class='ocrx_word' id='word_1_669' title='bbox 3260 3491 3375 3546; x_wconf 91' lang='lat' dir='ltr'>Nec</span> <span class='ocrx_word' id='word_1_670' title='bbox 3397 3489 3572 3547; x_wconf 91' lang='lat' dir='ltr'>cccle-</span> 
     </span>
    </p>
   </div>
   <div class='ocr_carea' id='block_1_95' title="bbox 1913 3579 3568 3654">
    <p class='ocr_par' dir='ltr' id='par_1_95' title="bbox 1913 3579 3568 3654">
     <span class='ocr_line' id='line_1_95' title="bbox 1913 3579 3568 3654; baseline -0.004 -15"><span class='ocrx_word' id='word_1_671' title='bbox 1913 3583 2134 3640; x_wconf 91' lang='lat' dir='ltr'>siastici</span> <span class='ocrx_word' id='word_1_672' title='bbox 2167 3583 2348 3638; x_wconf 90' lang='lat' dir='ltr'>moris</span> <span class='ocrx_word' id='word_1_673' title='bbox 2397 3587 2506 3650; x_wconf 90' lang='lat' dir='ltr'>est,</span> <span class='ocrx_word' id='word_1_674' title='bbox 2541 3598 2674 3636; x_wconf 90' lang='lat' dir='ltr'>cum</span> <span class='ocrx_word' id='word_1_675' title='bbox 2724 3581 2819 3637; x_wconf 90' lang='lat' dir='ltr'>his</span> <span class='ocrx_word' id='word_1_676' title='bbox 2865 3580 2986 3653; x_wconf 92' lang='lat' dir='ltr'>qui.</span> <span class='ocrx_word' id='word_1_677' title='bbox 3016 3579 3301 3654; x_wconf 90' lang='lat' dir='ltr'>pollutam</span> <span class='ocrx_word' id='word_1_678' title='bbox 3348 3579 3568 3635; x_wconf 87' lang='lat' dir='ltr'>habent</span> 
     </span>
    </p>
   </div>
   <div class='ocr_carea' id='block_1_96' title="bbox 1914 3668 3570 3742">
    <p class='ocr_par' dir='ltr' id='par_1_96' title="bbox 1914 3668 3570 3742">
     <span class='ocr_line' id='line_1_96' title="bbox 1914 3668 3570 3742; baseline -0.004 -14"><span class='ocrx_word' id='word_1_679' title='bbox 1914 3671 2390 3730; x_wconf 90' lang='lat' dir='ltr'>communionem</span> <span class='ocrx_word' id='word_1_680' title='bbox 2422 3670 2884 3742; x_wconf 90' lang='lat' dir='ltr'>permistamque</span> <span class='ocrx_word' id='word_1_681' title='bbox 2907 3686 3040 3725; x_wconf 90' lang='lat' dir='ltr'>cum</span> <span class='ocrx_word' id='word_1_682' title='bbox 3064 3668 3302 3741; x_wconf 80' lang='lat' dir='ltr'>perfidis</span> <span class='ocrx_word' id='word_1_683' title='bbox 3326 3668 3570 3722; x_wconf 89' lang='lat' dir='ltr'>miscere</span> 
     </span>
    </p>
   </div>
   <div class='ocr_carea' id='block_1_97' title="bbox 1916 3755 3569 3834">
    <p class='ocr_par' dir='ltr' id='par_1_97' title="bbox 1916 3755 3569 3834">
     <span class='ocr_line' id='line_1_97' title="bbox 1916 3755 3569 3834; baseline -0.005 -14"><span class='ocrx_word' id='word_1_684' title='bbox 1916 3763 2249 3821; x_wconf 90' lang='lat' dir='ltr'>concilium.</span> <span class='ocrx_word' id='word_1_685' title='bbox 2282 3763 2456 3818; x_wconf 87' lang='lat' dir='ltr'>Recte</span> <span class='ocrx_word' id='word_1_686' title='bbox 2489 3761 2668 3834; x_wconf 87' lang='lat' dir='ltr'>igitur</span> <span class='ocrx_word' id='word_1_687' title='bbox 2697 3778 2801 3832; x_wconf 91' lang='lat' dir='ltr'>per</span> <span class='ocrx_word' id='word_1_688' title='bbox 2834 3758 3325 3816; x_wconf 86' lang='lat' dir='ltr'>Chalcedonensis</span> <span class='ocrx_word' id='word_1_689' title='bbox 3364 3755 3569 3830; x_wconf 83' lang='lat' dir='ltr'>synodi</span> 
     </span>
    </p>
   </div>
   <div class='ocr_carea' id='block_1_98' title="bbox 1918 3844 3565 3922">
    <p class='ocr_par' dir='ltr' id='par_1_98' title="bbox 1918 3844 3565 3922">
     <span class='ocr_line' id='line_1_98' title="bbox 1918 3844 3565 3922; baseline -0.007 -13"><span class='ocrx_word' id='word_1_690' title='bbox 1918 3855 2185 3918; x_wconf 85' lang='lat' dir='ltr'>formam,</span> <span class='ocrx_word' id='word_1_691' title='bbox 2219 3849 2558 3922; x_wconf 92' lang='lat' dir='ltr'>hujusmodi</span> <span class='ocrx_word' id='word_1_692' title='bbox 2582 3851 2736 3905; x_wconf 72' lang='lat'>334</span> <span class='ocrx_word' id='word_1_693' title='bbox 2757 3847 3149 3921; x_wconf 79' lang='lat' dir='ltr'>praevaricatio</span> <span class='ocrx_word' id='word_1_694' title='bbox 3191 3844 3425 3918; x_wconf 91' lang='lat' dir='ltr'>repulsa</span> <span class='ocrx_word' id='word_1_695' title='bbox 3455 3848 3565 3912; x_wconf 90' lang='lat' dir='ltr'>est,</span> 
     </span>
    </p>
   </div>
   <div class='ocr_carea' id='block_1_99' title="bbox 1918 3936 3569 4015">
    <p class='ocr_par' dir='ltr' id='par_1_99' title="bbox 1918 3936 3569 4015">
     <span class='ocr_line' id='line_1_99' title="bbox 1918 3936 3569 4015; baseline -0.006 -18"><span class='ocrx_word' id='word_1_696' title='bbox 1918 3943 2262 4015; x_wconf 85' lang='lat' dir='ltr'>priusquam</span> <span class='ocrx_word' id='word_1_697' title='bbox 2296 3941 2368 3996; x_wconf 87' lang='lat' dir='ltr'>ad</span> <span class='ocrx_word' id='word_1_698' title='bbox 2399 3937 2710 3995; x_wconf 85' lang='lat' dir='ltr'>concilium</span> <span class='ocrx_word' id='word_1_699' title='bbox 2743 3938 2897 4008; x_wconf 92' lang='lat' dir='ltr'>quod</span> <span class='ocrx_word' id='word_1_700' title='bbox 2930 3953 3034 3992; x_wconf 91' lang='lat' dir='ltr'>nec</span> <span class='ocrx_word' id='word_1_701' title='bbox 3073 3945 3220 4007; x_wconf 89' lang='lat' dir='ltr'>opus</span> <span class='ocrx_word' id='word_1_702' title='bbox 3263 3937 3388 3989; x_wconf 90' lang='lat' dir='ltr'>erat</span> <span class='ocrx_word' id='word_1_703' title='bbox 3437 3936 3569 4006; x_wconf 88' lang='lat' dir='ltr'>post</span> 
     </span>
    </p>
   </div>
   <div class='ocr_carea' id='block_1_100' title="bbox 1919 4022 3570 4103">
    <p class='ocr_par' dir='ltr' id='par_1_100' title="bbox 1919 4022 3570 4103">
     <span class='ocr_line' id='line_1_100' title="bbox 1919 4022 3570 4103; baseline -0.007 -18"><span class='ocrx_word' id='word_1_704' title='bbox 1919 4031 2169 4103; x_wconf 88' lang='lat' dir='ltr'>primam</span> <span class='ocrx_word' id='word_1_705' title='bbox 2203 4029 2511 4102; x_wconf 85' lang='lat' dir='ltr'>synodum,</span> <span class='ocrx_word' id='word_1_706' title='bbox 2532 4044 2636 4083; x_wconf 89' lang='lat' dir='ltr'>nec</span> <span class='ocrx_word' id='word_1_707' title='bbox 2669 4045 2800 4082; x_wconf 89' lang='lat' dir='ltr'>cum</span> <span class='ocrx_word' id='word_1_708' title='bbox 2834 4026 3050 4081; x_wconf 83' lang='lat' dir='ltr'>talibus</span> <span class='ocrx_word' id='word_1_709' title='bbox 3077 4023 3277 4078; x_wconf 90' lang='lat' dir='ltr'>haberi</span> <span class='ocrx_word' id='word_1_710' title='bbox 3301 4022 3570 4077; x_wconf 83' lang='lat' dir='ltr'>licebat.»</span> 
     </span>
    </p>
   </div>
   <div class='ocr_carea' id='block_1_101' title="bbox 1919 4109 3570 4191">
    <p class='ocr_par' dir='ltr' id='par_1_101' title="bbox 1919 4109 3570 4191">
     <span class='ocr_line' id='line_1_101' title="bbox 1919 4109 3570 4191; baseline -0.007 -16"><span class='ocrx_word' id='word_1_711' title='bbox 1919 4120 1986 4175; x_wconf 89' lang='lat' dir='ltr'>V.</span> <span class='ocrx_word' id='word_1_712' title='bbox 2021 4122 2088 4175; x_wconf 86' lang='lat' dir='ltr'>Et</span> <span class='ocrx_word' id='word_1_713' title='bbox 2117 4118 2256 4191; x_wconf 91' lang='lat' dir='ltr'>quia</span> <span class='ocrx_word' id='word_1_714' title='bbox 2284 4118 2404 4173; x_wconf 55' lang='lat' dir='ltr'>haec</span> <span class='ocrx_word' id='word_1_715' title='bbox 2436 4116 2675 4172; x_wconf 88' lang='lat' dir='ltr'>haeresis</span> <span class='ocrx_word' id='word_1_716' title='bbox 2719 4116 2790 4171; x_wconf 91' lang='lat' dir='ltr'>ab</span> <span class='ocrx_word' id='word_1_717' title='bbox 2845 4113 3164 4187; x_wconf 87' lang='lat' dir='ltr'>apostolica</span> <span class='ocrx_word' id='word_1_718' title='bbox 3213 4113 3371 4180; x_wconf 88' lang='lat' dir='ltr'>sede,</span> <span class='ocrx_word' id='word_1_719' title='bbox 3411 4109 3570 4166; x_wconf 89' lang='lat' dir='ltr'>beati</span> 
     </span>
    </p>
   </div>
   <div class='ocr_carea' id='block_1_102' title="bbox 1921 4199 3570 4283">
    <p class='ocr_par' dir='ltr' id='par_1_102' title="bbox 1921 4199 3570 4283">
     <span class='ocr_line' id='line_1_102' title="bbox 1921 4199 3570 4283; baseline -0.007 -19"><span class='ocrx_word' id='word_1_720' title='bbox 1921 4226 2081 4283; x_wconf 84' lang='lat' dir='ltr'>papae</span> <span class='ocrx_word' id='word_1_721' title='bbox 2094 4207 2386 4264; x_wconf 72' lang='lat' dir='ltr'>Caelestini</span> <span class='ocrx_word' id='word_1_722' title='bbox 2407 4205 2768 4272; x_wconf 86' lang='lat' dir='ltr'>auctoritate,</span> <span class='ocrx_word' id='word_1_723' title='bbox 2786 4204 3071 4259; x_wconf 88' lang='lat' dir='ltr'>instantia</span> <span class='ocrx_word' id='word_1_724' title='bbox 3084 4201 3269 4258; x_wconf 89' lang='lat' dir='ltr'>sancti</span> <span class='ocrx_word' id='word_1_725' title='bbox 3284 4199 3570 4272; x_wconf 91' lang='lat' dir='ltr'>Prosperi,</span> 
     </span>
    </p>
   </div>
   <div class='ocr_carea' id='block_1_103' title="bbox 1923 4289 3573 4368">
    <p class='ocr_par' dir='ltr' id='par_1_103' title="bbox 1923 4289 3573 4368">
     <span class='ocr_line' id='line_1_103' title="bbox 1923 4289 3573 4368; baseline -0.008 -13"><span class='ocrx_word' id='word_1_726' title='bbox 1923 4315 2223 4355; x_wconf 90' lang='lat' dir='ltr'>sacrarum</span> <span class='ocrx_word' id='word_1_727' title='bbox 2246 4295 2682 4368; x_wconf 89' lang='lat' dir='ltr'>Scripturarum</span> <span class='ocrx_word' id='word_1_728' title='bbox 2706 4297 2763 4349; x_wconf 91' lang='lat' dir='ltr'>et</span> <span class='ocrx_word' id='word_1_729' title='bbox 2784 4292 3238 4348; x_wconf 87' lang='lat' dir='ltr'>orthodoxorum</span> <span class='ocrx_word' id='word_1_730' title='bbox 3263 4289 3573 4361; x_wconf 82' lang='lat' dir='ltr'>magistro-</span> 
     </span>
    </p>
   </div>
   <div class='ocr_carea' id='block_1_104' title="bbox 1924 4381 3572 4450">
    <p class='ocr_par' dir='ltr' id='par_1_104' title="bbox 1924 4381 3572 4450">
     <span class='ocr_line' id='line_1_104' title="bbox 1924 4381 3572 4450; baseline -0.007 -8"><span class='ocrx_word' id='word_1_731' title='bbox 1924 4405 2055 4443; x_wconf 92' lang='lat' dir='ltr'>rum</span> <span class='ocrx_word' id='word_1_732' title='bbox 2092 4387 2439 4442; x_wconf 89' lang='lat' dir='ltr'>documento</span> <span class='ocrx_word' id='word_1_733' title='bbox 2475 4383 2614 4439; x_wconf 91' lang='lat' dir='ltr'>olim</span> <span class='ocrx_word' id='word_1_734' title='bbox 2641 4382 2957 4449; x_wconf 85' lang='lat' dir='ltr'>devicta,et</span> <span class='ocrx_word' id='word_1_735' title='bbox 2987 4381 3264 4436; x_wconf 90' lang='lat' dir='ltr'>moderno</span> <span class='ocrx_word' id='word_1_736' title='bbox 3289 4382 3572 4450; x_wconf 89' lang='lat' dir='ltr'>tempore,</span> 
     </span>
    </p>
   </div>
   <div class='ocr_carea' id='block_1_105' title="bbox 1924 4466 3574 4544">
    <p class='ocr_par' dir='ltr' id='par_1_105' title="bbox 1924 4466 3574 4544">
     <span class='ocr_line' id='line_1_105' title="bbox 1924 4466 3574 4544; baseline -0.007 -12"><span class='ocrx_word' id='word_1_737' title='bbox 1924 4475 2353 4532; x_wconf 90' lang='lat' dir='ltr'>levissimorum</span> <span class='ocrx_word' id='word_1_738' title='bbox 2384 4478 2442 4528; x_wconf 91' lang='lat' dir='ltr'>et</span> <span class='ocrx_word' id='word_1_739' title='bbox 2472 4489 2618 4544; x_wconf 88' lang='lat' dir='ltr'>pene</span> <span class='ocrx_word' id='word_1_740' title='bbox 2650 4471 2868 4527; x_wconf 91' lang='lat' dir='ltr'>nullius</span> <span class='ocrx_word' id='word_1_741' title='bbox 2903 4469 3181 4526; x_wconf 88' lang='lat' dir='ltr'>momenti</span> <span class='ocrx_word' id='word_1_742' title='bbox 3205 4468 3293 4524; x_wconf 91' lang='lat' dir='ltr'>vel</span> <span class='ocrx_word' id='word_1_743' title='bbox 3318 4466 3574 4523; x_wconf 76' lang='lat' dir='ltr'>scientiae</span> 
     </span>
    </p>
   </div>
   <div class='ocr_carea' id='block_1_106' title="bbox 1925 4555 3578 4629">
    <p class='ocr_par' dir='ltr' id='par_1_106' title="bbox 1925 4555 3578 4629">
     <span class='ocr_line' id='line_1_106' title="bbox 1925 4555 3578 4629; baseline -0.007 -9"><span class='ocrx_word' id='word_1_744' title='bbox 1925 4582 2041 4620; x_wconf 91' lang='lat' dir='ltr'>non</span> <span class='ocrx_word' id='word_1_745' title='bbox 2062 4564 2255 4619; x_wconf 91' lang='lat' dir='ltr'>dicam</span> <span class='ocrx_word' id='word_1_746' title='bbox 2277 4561 2642 4618; x_wconf 90' lang='lat' dir='ltr'>auctoritatis</span> <span class='ocrx_word' id='word_1_747' title='bbox 2661 4561 2919 4616; x_wconf 91' lang='lat' dir='ltr'>virorum</span> <span class='ocrx_word' id='word_1_748' title='bbox 2943 4563 3032 4615; x_wconf 90' lang='lat' dir='ltr'>est</span> <span class='ocrx_word' id='word_1_749' title='bbox 3061 4562 3304 4626; x_wconf 90' lang='lat' dir='ltr'>remota,</span> <span class='ocrx_word' id='word_1_750' title='bbox 3335 4556 3474 4629; x_wconf 89' lang='lat' dir='ltr'>quid</span> <span class='ocrx_word' id='word_1_751' title='bbox 3506 4555 3578 4610; x_wconf 90' lang='lat' dir='ltr'>de</span> 
     </span>
    </p>
   </div>
   <div class='ocr_carea' id='block_1_107' title="bbox 1851 4644 3576 4738">
    <p class='ocr_par' dir='ltr' id='par_1_107' title="bbox 1851 4644 3576 4738">
     <span class='ocr_line' id='line_1_107' title="bbox 1851 4644 3576 4738; baseline -0.008 -27"><span class='ocrx_word' id='word_1_752' title='bbox 1851 4673 1897 4738; x_wconf 82' lang='lat' dir='ltr'><strong>D</strong></span> <span class='ocrx_word' id='word_1_753' title='bbox 1931 4653 2363 4710; x_wconf 89' lang='lat' dir='ltr'>removentibus</span> <span class='ocrx_word' id='word_1_754' title='bbox 2381 4656 2437 4707; x_wconf 90' lang='lat' dir='ltr'>et</span> <span class='ocrx_word' id='word_1_755' title='bbox 2457 4651 2624 4723; x_wconf 92' lang='lat' dir='ltr'>quasi</span> <span class='ocrx_word' id='word_1_756' title='bbox 2648 4650 2891 4723; x_wconf 85' lang='lat' dir='ltr'>frigidos</span> <span class='ocrx_word' id='word_1_757' title='bbox 2904 4650 3127 4705; x_wconf 90' lang='lat' dir='ltr'>cineres</span> <span class='ocrx_word' id='word_1_758' title='bbox 3144 4649 3203 4702; x_wconf 92' lang='lat' dir='ltr'>in</span> <span class='ocrx_word' id='word_1_759' title='bbox 3223 4664 3360 4703; x_wconf 90' lang='lat' dir='ltr'>suos</span> <span class='ocrx_word' id='word_1_760' title='bbox 3378 4644 3576 4700; x_wconf 93' lang='lat' dir='ltr'>oculos</span> 
     </span>
    </p>
   </div>
   <div class='ocr_carea' id='block_1_108' title="bbox 1933 4732 3578 4812">
    <p class='ocr_par' dir='ltr' id='par_1_108' title="bbox 1933 4732 3578 4812">
     <span class='ocr_line' id='line_1_108' title="bbox 1933 4732 3578 4812; baseline -0.008 -13"><span class='ocrx_word' id='word_1_761' title='bbox 1933 4742 2376 4799; x_wconf 81' lang='lat' dir='ltr'>resuftlantibus</span> <span class='ocrx_word' id='word_1_762' title='bbox 2406 4740 2495 4812; x_wconf 88' lang='lat' dir='ltr'>agi</span> <span class='ocrx_word' id='word_1_763' title='bbox 2527 4739 3022 4808; x_wconf 87' lang='lat' dir='ltr'>conveniat,idem</span> <span class='ocrx_word' id='word_1_764' title='bbox 3055 4740 3292 4793; x_wconf 88' lang='lat' dir='ltr'>sanctus</span> <span class='ocrx_word' id='word_1_765' title='bbox 3315 4732 3578 4790; x_wconf 88' lang='lat' dir='ltr'>Gelasius</span> 
     </span>
    </p>
   </div>
   <div class='ocr_carea' id='block_1_109' title="bbox 1930 4820 3577 4904">
    <p class='ocr_par' dir='ltr' id='par_1_109' title="bbox 1930 4820 3577 4904">
     <span class='ocr_line' id='line_1_109' title="bbox 1930 4820 3577 4904; baseline -0.007 -18"><span class='ocrx_word' id='word_1_766' title='bbox 1930 4833 1991 4888; x_wconf 93' lang='lat' dir='ltr'>in</span> <span class='ocrx_word' id='word_1_767' title='bbox 2024 4832 2264 4904; x_wconf 81' lang='lat' dir='ltr'>praefato</span> <span class='ocrx_word' id='word_1_768' title='bbox 2294 4829 2750 4884; x_wconf 90' lang='lat' dir='ltr'>Commonitorio</span> <span class='ocrx_word' id='word_1_769' title='bbox 2794 4827 3002 4900; x_wconf 88' lang='lat' dir='ltr'>legatis</span> <span class='ocrx_word' id='word_1_770' title='bbox 3051 4824 3378 4898; x_wconf 80' lang='lat' dir='ltr'>apostolicae</span> <span class='ocrx_word' id='word_1_771' title='bbox 3420 4820 3577 4876; x_wconf 91' lang='lat' dir='ltr'>sedis</span> 
     </span>
    </p>
   </div>
   <div class='ocr_carea' id='block_1_110' title="bbox 1929 4910 3580 4991">
    <p class='ocr_par' dir='ltr' id='par_1_110' title="bbox 1929 4910 3580 4991">
     <span class='ocr_line' id='line_1_110' title="bbox 1929 4910 3580 4991; baseline -0.008 -14"><span class='ocrx_word' id='word_1_772' title='bbox 1929 4918 2493 4991; x_wconf 88' lang='lat' dir='ltr'>Constantinopolim</span> <span class='ocrx_word' id='word_1_773' title='bbox 2525 4916 2830 4973; x_wconf 90' lang='lat' dir='ltr'>destinatis</span> <span class='ocrx_word' id='word_1_774' title='bbox 2861 4916 3074 4971; x_wconf 86' lang='lat' dir='ltr'>tradito</span> <span class='ocrx_word' id='word_1_775' title='bbox 3104 4915 3186 4969; x_wconf 89' lang='lat' dir='ltr'>ita</span> <span class='ocrx_word' id='word_1_776' title='bbox 3216 4912 3355 4967; x_wconf 89' lang='lat' dir='ltr'>dicit</span> <span class='ocrx_word' id='word_1_777' title='bbox 3387 4927 3402 4964; x_wconf 91' lang='lat'><strong>:</strong></span> <span class='ocrx_word' id='word_1_778' title='bbox 3432 4933 3457 4958; x_wconf 88' lang='grc'>‹‹</span> <span class='ocrx_word' id='word_1_779' title='bbox 3484 4910 3580 4963; x_wconf 89' lang='lat' dir='ltr'>Se-</span> 
     </span>
    </p>
   </div>
   <div class='ocr_carea' id='block_1_111' title="bbox 1931 4997 3577 5078">
    <p class='ocr_par' dir='ltr' id='par_1_111' title="bbox 1931 4997 3577 5078">
     <span class='ocr_line' id='line_1_111' title="bbox 1931 4997 3577 5078; baseline -0.009 -11"><span class='ocrx_word' id='word_1_780' title='bbox 1931 5011 2190 5067; x_wconf 91' lang='lat' dir='ltr'>cundum</span> <span class='ocrx_word' id='word_1_781' title='bbox 2224 5010 2492 5073; x_wconf 80' lang='lat' dir='ltr'>formam,</span> <span class='ocrx_word' id='word_1_782' title='bbox 2528 5007 2820 5078; x_wconf 91' lang='lat' dir='ltr'>inquiens,</span> <span class='ocrx_word' id='word_1_783' title='bbox 2853 5004 3056 5078; x_wconf 82' lang='lat' dir='ltr'>synodi</span> <span class='ocrx_word' id='word_1_784' title='bbox 3091 4997 3577 5057; x_wconf 88' lang='lat' dir='ltr'>Chalcedonensis</span> 
     </span>
    </p>
   </div>
   <div class='ocr_carea' id='block_1_112' title="bbox 1931 5088 3583 5158">
    <p class='ocr_par' dir='ltr' id='par_1_112' title="bbox 1931 5088 3583 5158">
     <span class='ocr_line' id='line_1_112' title="bbox 1931 5088 3583 5158; baseline -0.01 -2"><span class='ocrx_word' id='word_1_785' title='bbox 1931 5098 2206 5156; x_wconf 87' lang='lat' dir='ltr'>Acacium</span> <span class='ocrx_word' id='word_1_786' title='bbox 2231 5101 2459 5153; x_wconf 86' lang='lat' dir='ltr'>constat</span> <span class='ocrx_word' id='word_1_787' title='bbox 2481 5096 2661 5151; x_wconf 83' lang='lat' dir='ltr'>fuisse</span> <span class='ocrx_word' id='word_1_788' title='bbox 2687 5095 3053 5158; x_wconf 88' lang='lat' dir='ltr'>damnatum,</span> <span class='ocrx_word' id='word_1_789' title='bbox 3071 5091 3221 5145; x_wconf 89' lang='lat' dir='ltr'>sicut</span> <span class='ocrx_word' id='word_1_790' title='bbox 3241 5088 3300 5142; x_wconf 92' lang='lat' dir='ltr'>in</span> <span class='ocrx_word' id='word_1_791' title='bbox 3323 5102 3583 5158; x_wconf 90' lang='lat' dir='ltr'>unaqua-</span> 
     </span>
    </p>
   </div>
   <div class='ocr_carea' id='block_1_113' title="bbox 1936 5175 3583 5263">
    <p class='ocr_par' dir='ltr' id='par_1_113' title="bbox 1936 5175 3583 5263">
     <span class='ocr_line' id='line_1_113' title="bbox 1936 5175 3583 5263; baseline -0.01 -18"><span class='ocrx_word' id='word_1_792' title='bbox 1936 5207 2046 5263; x_wconf 91' lang='lat' dir='ltr'>que</span> <span class='ocrx_word' id='word_1_793' title='bbox 2096 5187 2323 5254; x_wconf 85' lang='lat' dir='ltr'>haeresi,</span> <span class='ocrx_word' id='word_1_794' title='bbox 2359 5203 2392 5240; x_wconf 89' lang='lat' dir='ltr'>a</span> <span class='ocrx_word' id='word_1_795' title='bbox 2445 5183 2729 5257; x_wconf 89' lang='lat' dir='ltr'>principio</span> <span class='ocrx_word' id='word_1_796' title='bbox 2785 5180 3124 5237; x_wconf 87' lang='lat' dir='ltr'>Christianae</span> <span class='ocrx_word' id='word_1_797' title='bbox 3176 5175 3492 5249; x_wconf 87' lang='lat' dir='ltr'>religionis,</span> <span class='ocrx_word' id='word_1_798' title='bbox 3526 5177 3583 5230; x_wconf 89' lang='lat' dir='ltr'>et</span> 
     </span>
    </p>
   </div>
   <div class='ocr_carea' id='block_1_114' title="bbox 1933 5268 3578 5342">
    <p class='ocr_par' dir='ltr' id='par_1_114' title="bbox 1933 5268 3578 5342">
     <span class='ocr_line' id='line_1_114' title="bbox 1933 5268 3578 5342; baseline -0.01 -8"><span class='ocrx_word' id='word_1_799' title='bbox 1933 5279 2156 5334; x_wconf 83' lang='lat' dir='ltr'>factum</span> <span class='ocrx_word' id='word_1_800' title='bbox 2183 5277 2206 5330; x_wconf 84' lang='grc' dir='ltr'>Γ</span> <span class='ocrx_word' id='word_1_801' title='bbox 2205 5276 2380 5342; x_wconf 90' lang='lat' dir='ltr'>uisse,</span> <span class='ocrx_word' id='word_1_802' title='bbox 2396 5278 2450 5329; x_wconf 90' lang='lat' dir='ltr'>et</span> <span class='ocrx_word' id='word_1_803' title='bbox 2471 5274 2595 5329; x_wconf 84' lang='lat' dir='ltr'>ﬁeri</span> <span class='ocrx_word' id='word_1_804' title='bbox 2622 5271 2932 5327; x_wconf 83' lang='lat' dir='ltr'>manifesta</span> <span class='ocrx_word' id='word_1_805' title='bbox 2955 5268 3178 5324; x_wconf 87' lang='lat' dir='ltr'>ratione</span> <span class='ocrx_word' id='word_1_806' title='bbox 3198 5268 3578 5332; x_wconf 89' lang='lat' dir='ltr'>monstratur,</span> 
     </span>
    </p>
   </div>
   <div class='ocr_carea' id='block_1_115' title="bbox 1935 5352 3584 5436">
    <p class='ocr_par' dir='ltr' id='par_1_115' title="bbox 1935 5352 3584 5436">
     <span class='ocr_line' id='line_1_115' title="bbox 1935 5352 3584 5436; baseline -0.01 -13"><span class='ocrx_word' id='word_1_807' title='bbox 1935 5369 2419 5436; x_wconf 89' lang='lat' dir='ltr'>decessoremque</span> <span class='ocrx_word' id='word_1_808' title='bbox 2469 5379 2664 5417; x_wconf 88' lang='lat' dir='ltr'>meum</span> <span class='ocrx_word' id='word_1_809' title='bbox 2713 5361 3109 5415; x_wconf 86' lang='lat' dir='ltr'>exsecutorem</span> <span class='ocrx_word' id='word_1_810' title='bbox 3161 5355 3342 5411; x_wconf 87' lang='lat' dir='ltr'>fuisse</span> <span class='ocrx_word' id='word_1_811' title='bbox 3370 5352 3584 5409; x_wconf 89' lang='lat' dir='ltr'>veteris</span> 
     </span>
    </p>
   </div>
   <div class='ocr_carea' id='block_1_116' title="bbox 1935 5441 3581 5520">
    <p class='ocr_par' dir='ltr' id='par_1_116' title="bbox 1935 5441 3581 5520">
     <span class='ocr_line' id='line_1_116' title="bbox 1935 5441 3581 5520; baseline -0.008 -10"><span class='ocrx_word' id='word_1_812' title='bbox 1935 5456 2257 5520; x_wconf 87' lang='lat' dir='ltr'>constituti,</span> <span class='ocrx_word' id='word_1_813' title='bbox 2282 5471 2396 5510; x_wconf 91' lang='lat' dir='ltr'>non</span> <span class='ocrx_word' id='word_1_814' title='bbox 2427 5469 2584 5507; x_wconf 77' lang='lat' dir='ltr'>novae</span> <span class='ocrx_word' id='word_1_815' title='bbox 2616 5446 3054 5504; x_wconf 90' lang='lat' dir='ltr'>constitutionis</span> <span class='ocrx_word' id='word_1_816' title='bbox 3085 5441 3581 5509; x_wconf 89' lang='lat' dir='ltr'>auctorem.Quod</span> 
     </span>
    </p>
   </div>
   <div class='ocr_carea' id='block_1_117' title="bbox 1936 5535 3586 5615">
    <p class='ocr_par' dir='ltr' id='par_1_117' title="bbox 1936 5535 3586 5615">
     <span class='ocr_line' id='line_1_117' title="bbox 1936 5535 3586 5615; baseline -0.007 -14"><span class='ocrx_word' id='word_1_817' title='bbox 1936 5563 2050 5601; x_wconf 92' lang='lat' dir='ltr'>non</span> <span class='ocrx_word' id='word_1_818' title='bbox 2081 5544 2270 5602; x_wconf 84' lang='lat' dir='ltr'>solum</span> <span class='ocrx_word' id='word_1_819' title='bbox 2323 5540 2556 5615; x_wconf 88' lang='lat' dir='ltr'>praesuli</span> <span class='ocrx_word' id='word_1_820' title='bbox 2587 5537 2904 5612; x_wconf 89' lang='lat' dir='ltr'>apostolico</span> <span class='ocrx_word' id='word_1_821' title='bbox 2949 5538 3136 5593; x_wconf 85' lang='lat' dir='ltr'>facere</span> <span class='ocrx_word' id='word_1_822' title='bbox 3183 5537 3337 5605; x_wconf 89' lang='lat' dir='ltr'>licet,</span> <span class='ocrx_word' id='word_1_823' title='bbox 3373 5535 3473 5590; x_wconf 90' lang='lat' dir='ltr'>sed</span> <span class='ocrx_word' id='word_1_824' title='bbox 3527 5536 3586 5588; x_wconf 90' lang='lat' dir='ltr'>et</span> 
     </span>
    </p>
   </div>
   <div class='ocr_carea' id='block_1_118' title="bbox 1937 5626 3582 5707">
    <p class='ocr_par' dir='ltr' id='par_1_118' title="bbox 1937 5626 3582 5707">
     <span class='ocr_line' id='line_1_118' title="bbox 1937 5626 3582 5707; baseline -0.008 -15"><span class='ocrx_word' id='word_1_825' title='bbox 1937 5635 2265 5707; x_wconf 90' lang='lat' dir='ltr'>cuicunque</span> <span class='ocrx_word' id='word_1_826' title='bbox 2295 5630 2578 5707; x_wconf 77' lang='lat' dir='ltr'>pontifici,</span> <span class='ocrx_word' id='word_1_827' title='bbox 2614 5645 2728 5701; x_wconf 90' lang='lat' dir='ltr'>quo</span> <span class='ocrx_word' id='word_1_828' title='bbox 2760 5626 2982 5683; x_wconf 91' lang='lat' dir='ltr'>scilicet</span> <span class='ocrx_word' id='word_1_829' title='bbox 3011 5626 3333 5700; x_wconf 87' lang='lat' dir='ltr'>quemlibet</span> <span class='ocrx_word' id='word_1_830' title='bbox 3375 5640 3582 5680; x_wconf 90' lang='lat' dir='ltr'>secun-</span> 
     </span>
    </p>
   </div>
   <div class='ocr_carea' id='block_1_119' title="bbox 1935 5712 3582 5802">
    <p class='ocr_par' dir='ltr' id='par_1_119' title="bbox 1935 5712 3582 5802">
     <span class='ocr_line' id='line_1_119' title="bbox 1935 5712 3582 5802; baseline -0.01 -17"><span class='ocrx_word' id='word_1_831' title='bbox 1935 5726 2078 5785; x_wconf 88' lang='lat' dir='ltr'>dum</span> <span class='ocrx_word' id='word_1_832' title='bbox 2101 5723 2360 5802; x_wconf 87' lang='lat' dir='ltr'>regulam</span> <span class='ocrx_word' id='word_1_833' title='bbox 2382 5721 2633 5780; x_wconf 80' lang='lat' dir='ltr'>haereses</span> <span class='ocrx_word' id='word_1_834' title='bbox 2654 5717 2844 5795; x_wconf 89' lang='lat' dir='ltr'>ipsius</span> <span class='ocrx_word' id='word_1_835' title='bbox 2865 5722 3000 5788; x_wconf 87' lang='lat' dir='ltr'>ante</span> <span class='ocrx_word' id='word_1_836' title='bbox 3015 5718 3302 5778; x_wconf 79' lang='lat' dir='ltr'>damnatae</span> <span class='ocrx_word' id='word_1_837' title='bbox 3333 5731 3366 5772; x_wconf 91' lang='lat' dir='ltr'>a</span> <span class='ocrx_word' id='word_1_838' title='bbox 3385 5712 3582 5774; x_wconf 87' lang='lat' dir='ltr'>catho-</span> 
     </span>
    </p>
   </div>
  </div>
