4018 6462
438 429 556 492 399
1376 429 1756 490 HINCMAI’J
1803 423 2256 490 RHEMENSIS
2297 427 2914 490 ARCHIEPISCOPI.
3736 425 3858 490 ιω

439 559 551 616 lica
581 559 992 616 communione
1013 559 1326 616 discernat.
1343 559 1588 616 Aeacius
1610 561 1827 633 quippe
1849 577 1966 622 non
1990 559 2101 615 fuit
2126 559 2182 627 Α
2210 559 2370 616 tione
2386 558 2641 628 movisti,
2657 559 2758 632 qui
2781 563 2835 615 te
2858 575 3037 632 super
3056 558 3336 616 familiam
3359 573 3529 616 suam
3549 558 3860 617 velutfidcs

439 649 570 704 novi
599 649 688 704 vel
719 648 939 721 proprii
990 649 1257 703 inventor
1301 648 1535 717 erroris,
1569 652 1633 704 ut
1661 649 1720 704 in
1759 666 1894 706 eum
1943 665 2091 705 nova
2197 647 3856 721 lemprudentemqueservumpermiseratanteccnstitui:

437 736 586 794 scita
607 737 1041 810 prodirent,scd
1063 736 1251 794 alieno
1271 737 1512 793 facinori
1541 755 1650 794 sua
1677 738 2090 794 communione
2198 735 2376 792 Periit
2405 736 2511 792 tibi
2544 735 2724 808 hujus
2753 735 2875 793 vice
2905 737 3083 794 ofﬁcii
3109 737 3406 794 beatitudo
3427 737 3746 811 promissa,
3759 735 3860 811 qui

438 843 501 882 se
529 825 790 882 miscuit.
815 826 1017 898 Itaque
1047 842 1284 882 necesse
1313 830 1401 882 est
1429 831 1494 882 ut
1524 827 1581 881 in
1615 826 1775 883 illam
1808 827 2090 883 recideret
2196 841 2312 880 non
2345 824 2536 880 solum
2569 842 2684 880 non
2717 825 2822 880 das
2841 824 3038 881 cibum
3069 824 3130 881 in
3160 829 3661 898 tempore,verum
3677 826 3870 883 etiam.

427 915 769 986 justalancc
785 915 1343 988 sententiam,quam
1357 932 1491 971 cum
1506 916 1630 972 suis
1647 916 2087 972 successoribus

437 1019 541 1075 per
559 1001 1023 1058 convenientiam
1045 1003 1382 1076 synodalem
1409 1009 1746 1076 susceperat
1766 1009 1968 1060 auctor
1997 1021 2086 1061 er-

437 1091 608 1148 roris.
645 1113 672 1140 »
705 1091 851 1146 Hinc
872 1095 929 1147 et
950 1096 1189 1148 sanctus
1212 1094 1324 1149 Leo
1346 1094 1636 1150 universis
1669 1093 1960 1168 episcopis
1985 1111 2088 1166 per

437 1179 697 1236 diversas
744 1179 1072 1254 provincias
1131 1182 1466 1238 constitutis
1524 1181 1781 1238 inculcat
1819 1183 1994 1255 (epist.
2027 1186 2084 1250 2,

435 1270 698 1342 episcopis
750 1269 947 1342 Italiae)
978 1270 1178 1326 dicens
1225 1272 1297 1326 ad
1346 1269 1540 1327 locum
1576 1289 1589 1328 :
1625 1294 1655 1322 «
1687 1270 1870 1327 Aliter
1905 1271 2081 1338 enim,

436 1357 648 1430 inquit,
669 1357 840 1414 nobis
871 1358 1218 1415 commissos
1249 1376 1447 1433 regere
1479 1377 1592 1415 non
1615 1359 2084 1433 possumus,nisi

437 1447 544 1502 hos
575 1446 674 1519 qui
705 1450 844 1503 sunt
874 1447 1198 1519 perditores
1227 1452 1284 1503 ct
1311 1447 1520 1520 perditi
1553 1447 1673 1504 zelo
1722 1448 1856 1504 ﬁdei
1893 1448 2084 1504 Domi-

437 1536 578 1592 nicze
622 1552 1060 1609 persequamur,
1092 1541 1148 1591 et
1193 1554 1229 1592 a
1265 1537 1426 1593 sanis
1458 1537 1776 1605 mentibus,
1811 1554 1883 1593 ne
1904 1537 2084 1610 pestis

435 1623 558 1681 haec
577 1624 753 1681 latius
779 1624 1128 1698 divulgetur,
1150 1627 1454 1682 severitate
1485 1644 1602 1699 qua
1631 1644 1949 1699 possumus
1977 1626 2084 1682 ab-

435 1713 924 1770 scidamus.Unde
945 1714 1148 1770 hortor
1163 1713 1534 1771 dilectionem
1547 1716 2086 1782 vestram,obtestor

433 1805 491 1858 et
520 1819 749 1871 moneo,
783 1807 848 1858 ut
878 1820 995 1875 qua
1025 1803 1248 1859 debetis
1297 1807 1353 1860 et
1394 1805 1640 1876 potestis
1689 1803 2083 1861 sollicitudine

431 1890 683 1965 vigiletis
706 1892 776 1947 ad
799 1889 1238 1964 investigandos
1259 1910 1378 1960 eos,
1402 1909 1508 1948 nec
1542 1893 1642 1949 ubi
1675 1893 2004 1950 occultandi
2021 1911 2084 1950 se

433 1979 725 2052 reperiant
755 1979 1112 2035 facultatem.
1137 1979 1209 2036 Ut
1227 1979 1384 2036 enim
1409 1981 1649 2037 habebit
1669 2000 1703 2038 a
1729 1982 1845 2038 Deo
1877 1983 2085 2055 ingens

434 2067 924 2124 remunerationis
957 2069 1284 2140 praemium,
1317 2069 1420 2142 qui
1451 2069 1793 2142 diligentius
1823 2072 1978 2144 quod
2011 2071 2082 2126 ad

434 2156 684 2214 salutem
715 2157 1043 2214 commissa:
1074 2157 1186 2214 sibi
1219 2158 1407 2230 plebis
1437 2161 1702 2232 proﬁciat
1727 2161 1903 2218 fuerit
1923 2177 2083 2218 exse-

432 2249 625 2314 cutus,
647 2245 729 2302 ita
749 2250 883 2302 ante
912 2247 1169 2303 tribunal
1193 2247 1424 2304 Domini
1447 2249 1517 2304 de
1539 2254 1700 2306 reatu
1721 2249 2084 2324 negligentiae

431 2350 494 2390 se
525 2351 640 2390 non
671 2334 884 2408 poterit
923 2353 1218 2404 excusare,
1252 2335 1588 2410 quicunque
1633 2337 1860 2410 plebem
1911 2355 2082 2394 suam

430 2427 634 2479 contra
663 2423 958 2497 sacrilega:
984 2425 1387 2496 persuasionis
1407 2429 1676 2483 auctores
1709 2425 1961 2483 noluerit
1980 2445 2080 2482 cu-

428 2503 666 2567 stodiae.
699 2533 728 2563 »
762 2511 906 2568 Hinc
938 2517 1176 2568 sanctus
1199 2513 1543 2571 Ambrosius
1575 2513 1634 2570 in
1666 2518 1916 2572 tractatu
1958 2515 2086 2588 epi-

427 2599 588 2656 stola:
621 2601 691 2656 ad
715 2601 949 2657 Galatas
979 2604 1120 2674 (cap.
1155 2605 1198 2671 ι)
1231 2620 1245 2658 :
1281 2627 1308 2653 «
1342 2604 1510 2672 Tam,
1535 2604 2000 2677 inquit,ﬁrmum
2025 2610 2083 2662 et

423 2704 626 2744 verum
639 2690 1018 2764 Evangelium
1051 2693 1204 2764 quod
1237 2691 1318 2749 eis
1339 2693 1750 2765 prmdicavcrat
1767 2694 1995 2762 asserit,
2015 2697 2082 2751 ut

425 2777 600 2834 etiam
615 2779 922 2852 seipsos,id
941 2785 1031 2836 est
1046 2780 1418 2853 apostolos,si
1439 2781 1733 2838 immutati
1758 2783 1898 2838 forte
1913 2782 2082 2838 aliter

423 2867 947 2941 praedicarentmon
963 2868 1149 2924 audiri
1165 2870 1673 2944 doceret,quorum
1687 2870 1888 2944 utique
1902 2871 2076 2944 fama,

425 2956 580 3028 quod
625 2961 822 3012 essent
851 2956 1101 3030 apostoli
1131 2958 1366 3028 Christi,
1389 2963 1796 3032 peragraverat
1841 2975 2078 3015 omnem

423 3043 639 3100 locum.
661 3047 773 3101 Aut
801 3045 850 3102 si
876 3045 1022 3102 forte
1041 3045 1331 3116 diabolus,
1347 3048 1620 3122 angelum
1642 3049 1742 3105 Dei
1766 3065 1827 3104 se
1850 3049 2078 3121 ﬁngens

423 3137 490 3189 ut
518 3133 685 3190 facile
714 3133 901 3207 possit
921 3135 1131 3203 audiri,
1145 3137 1214 3192 de
1231 3136 1393 3193 cmlis
1413 3143 1718 3210 appareret
1737 3141 1940 3193 contra
1955 3137 2077 3193 haec

424 3221 768 3295 prazdicans,
798 3223 1048 3280 sciretur
1075 3242 1202 3282 esse
1231 3225 1688 3294 contrarium,et
1717 3225 2076 3283 abominatio

2193 929 2414 969 veneno
2444 911 2638 969 inﬁcis
2666 931 2814 986 quos
2844 912 2941 970 ille
2970 931 3077 970 suo
3107 915 3396 987 sanguine
3418 919 3487 971 et-
3505 931 3620 970 sua
3671 920 3860 972 morte

2195 1000 2481 1073 qumsivit.
2517 1023 2545 1051 ››
2575 1002 2645 1057 Et
2673 1001 2812 1058 item
2845 1001 2905 1057 in
2937 1002 3184 1075 epistola
3209 1003 3282 1058 ad
3313 1002 3858 1076 Constantinopoli-

2194 1093 2366 1146 tanos
2397 1090 2571 1162 (epist.
2601 1091 2653 1158 4,
2687 1089 3005 1162 Ccelestini)
3036 1107 3050 1146 :
3089 1113 3118 1141 «
3148 1089 3364 1147 Audiat
3391 1090 3778 1160 Ezechielem,
3797 1096 3860 1149 et

2195 1177 2336 1250 quid
2369 1179 2480 1234 sibi
2514 1178 2820 1236 immineat
2851 1184 3264 1254 recognoscat:
3297 1179 3623 1252 Extendunt,
3641 1179 3853 1254 inquit,

2191 1283 2420 1324 manum
2447 1283 2626 1324 meum
2644 1284 2810 1340 super
2829 1269 3164 1342 prophetias,
3197 1271 3294 1342 qui
3318 1268 3504 1326 vident
3541 1269 3849 1338 mndaeia',

2192 1362 2246 1410 et
2272 1355 2570 1428 loquuntur
2597 1356 2885 1412 vana.Non
2918 1359 2975 1412 in
3002 1357 3198 1429 populi
3221 1359 3333 1413 mei
3349 1365 3513 1414 erunt
3529 1356 3848 1430 disciplina,

2191 1460 2365 1516 neque
2393 1445 2453 1500 in
2480 1445 2754 1516 scriptura
2776 1443 2967 1501 domus
2995 1445 3164 1502 Israel
3191 1445 3517 1515 scribentur,
3549 1454 3605 1502 et
3649 1447 3713 1503 in
3752 1454 3854 1504 ter»

2195 1547 2316 1588 ram
2343 1534 2514 1589 Israel
2541 1549 2654 1590 non
2683 1533 2986 1602 intrabunt,
3017 1535 3150 1606 quia
3174 1535 3442 1606 populum
3468 1551 3660 1592 meum
3687 1534 3852 1593 sed».

2189 1630 2394 1678 xerunt
2405 1622 2620 1692 (Επειδὴ.
2646 1637 2777 1691 xm,
2800 1623 2878 1696 9).
2896 1644 2925 1672 »
2946 1623 3017 1678 Et
3035 1622 3175 1679 item
3209 1639 3223 1680 :
3257 1646 3286 1674 «
3310 1624 3554 1696 Semper
3571 1623 3734 1680 enim
3756 1624 3858 1682 ab-

2191 1711 2458 1767 scidendi
2479 1716 2617 1767 sunt
2637 1711 3003 1784 hujusmodi,
3026 1711 3127 1784 qui
3145 1711 3566 1769 conturbantes
3583 1712 3850 1771 animum

2192 1799 2390 1872 populi
2405 1799 2738 1869 Christiani,
2762 1804 2818 1856 et
2837 1817 2941 1872 pro
2963 1800 3203 1857 arbitrio
3226 1817 3336 1858 suo
3357 1801 3672 1875 Evangelia
3687 1817 3860 1859 ever-

2193 1892 2403 1957 tentes,
2420 1889 2535 1944 Deo
2562 1888 2914 1945 fructiﬁcare
2933 1905 3050 1945 non
3091 1895 3370 1963 possunt;
3387 1895 3446 1946 et
3483 1889 3736 1949 colenda
3763 1896 3852 1949 est

2193 1977 2361 2034 vinea
2381 1994 2508 2051 quae
2522 1979 2624 2050 jus
2647 1977 3002 2052 possessoris
3032 1983 3331 2051 agnoscat.
3351 2000 3380 2029 »
3411 1979 3482 2036 Et
3507 1978 3653 2037 item
3678 1996 3693 2037 :
3721 2003 3752 2032 «ι
3781 1980 3850 2039 lli

2194 2082 2398 2123 omnes
2421 2067 2478 2122 in
2502 2070 2700 2128 nostra
2714 2067 3126 2124 communione
3145 2071 3204 2123 et
3221 2067 3524 2124 fueruntet
3537 2067 3857 2143 hucusque

2192 2153 2686 2228 perdurant,quia
2713 2154 3009 2212 neminem
3029 2153 3117 2212 vel
3156 2155 3404 2228 dejicere
3430 2155 3519 2212 vel
3551 2171 3863 2217 removere

2191 2247 2439 2318 poterat,
2471 2243 2572 2316 qui
2603 2243 2925 2316 praedicans
2954 2242 3095 2300 talia
3123 2243 3436 2302 titubabat.
3471 2267 3504 2296 ››
3532 2245 3608 2302 Et
3655 2245 3800 2304 item
3829 2265 3846 2307 :

2192 2348 2221 2382 α
2253 2333 2357 2389 Est
2385 2332 2519 2389 talis
2548 2333 2884 2406 frequenter
2911 2333 3204 2405 pietas,ex
3223 2351 3342 2406 qua
3363 2333 3630 2392 nascitur
3645 2335 3854 2410 impie-

2189 2425 2301 2489 tas,
2335 2439 2470 2478 cum
2499 2421 2764 2479 vincente
2796 2422 2993 2479 carnis
3023 2423 3233 2480 affectu
3265 2423 3535 2480 charitati
3585 2423 3674 2482 illi
3721 2441 3850 2500 qua

2189 2509 2346 2567 Deus
2377 2515 2466 2566 est
2496 2509 2750 2568 charitas
2780 2515 3156 2584 praeponatur
3182 2511 3520 2585 corporalis.
3554 2535 3586 2566 ››

2263 2599 2410 2655 Hinc
2432 2605 2489 2655 et
2510 2600 3114 2658 sanctus-Ambrosius
3139 2600 3199 2658 in
3227 2600 3455 2674 psalmo
3471 2619 3648 2660 cxvm
3659 2603 3804 2661 dicit
3832 2621 3848 2662 :

2193 2711 2224 2739 ‹‹
2256 2687 2361 2744 Est
2387 2705 2524 2762 ergo
2546 2689 2713 2761 justa
2731 2688 3154 2760 misericordia,
3178 2690 3281 2747 sed
3312 2694 3404 2747 est
3421 2691 3603 2748 etiam
3625 2692 3851 2770 iniusta

2190 2776 2612 2833 misericordia.
2637 2777 2898 2850 Denique
2927 2777 2986 2833 in
3018 2777 3145 2852 lege
3171 2778 3458 2853 scriptum
3487 2785 3580 2838 est
3608 2781 3684 2838 de
3712 2799 3866 2856 quor

2189 2866 2324 2921 dam
2351 2881 2364 2920 :
2387 2866 2508 2922 Non
2533 2867 2880 2924 misereberis
2909 2867 3066 2923 illius
3095 2869 3280 2940 (Deut.
3313 2869 3451 2942 Xlx).
3474 2869 3547 2925 Et
3574 2869 3638 2926 in
3681 2870 3864 2929 libris-

2188 2953 2526 3027 Regnorum
2585 2954 2804 3028 legitur
2851 2955 2991 3028 quia
3035 2955 3173 3012 Saul
3223 2960 3529 3030 propterea
3555 2960 3862 3018 contraxit”

2185 3043 2492 3113 oll'ensam,
2517 3043 2658 3117 quia
2684 3043 3000 3100 miseratus
3028 3049 3120 3102 est
3144 3045 3308 3118 Agag
3335 3045 3599 3104 hostium
3624 3065 3844 3123 regem,

2185 3147 2360 3204 quem
2391 3133 2772 3206 prohibuerat
2817 3133 3104 3207 sententia
3150 3133 3349 3191 divina
3395 3137 3612 3193 servari
3645 3138 3696 3210 (Ι
3718 3139 3844 3211 Reg.

2183 3221 2297 3295 xv).
2331 3221 2405 3278 Ut
2437 3221 2486 3278 si
2519 3221 2652 3294 quis
2673 3221 2918 3279 latronis
2951 3221 3088 3280 ﬁliis
3117 3223 3575 3296 deprecantibus
3622 3231 3844 3298 motus,

423 3307 756 3366 haberetur.
791 3311 850 3367 Si
881 3329 1017 3386 ergo
1049 3313 1344 3385 apostolos
1392 3313 1628 3381 Christi,
1663 3331 1910 3386 quorum
1951 3318 2073 3370 tam
2104 3304 2147 3371 C
2185 3315 2243 3366 et
2269 3309 2543 3384 lacrymis
2563 3310 2833 3385 conjugis
2856 3312 2988 3386 ejus
3007 3312 3278 3381 inﬂexus,
3297 3313 3726 3373 absolvendum
3747 3333 3850 3390 pu-

421 3397 702 3470 prznclara
717 3399 913 3472 opinio
937 3401 994 3456 in
1014 3401 1200 3475 signis
1213 3407 1268 3459 et
1280 3402 1561 3476 prodigiis
1575 3408 1698 3459 erat
1711 3402 2075 3470 faciendis,et

421 3486 694 3560 angelum
727 3489 796 3545 de
821 3488 984 3558 coelo,
1009 3508 1182 3563 quem
1217 3492 1401 3564 possit
1432 3490 1712 3564 spiritalis
1739 3492 1886 3547 ratio
1909 3509 2070 3548 com-

419 3577 718 3644 mendare,
731 3579 882 3636 ωδ
898 3579 1064 3636 aliter
1076 3581 1350 3636 docentes
1363 3597 1540 3652 quam
1555 3581 1628 3636 ab
1649 3580 1911 3654 apostolo
1925 3581 2072 3638 Pau-

415 3663 473 3721 lo
493 3665 646 3722 docti
669 3671 835 3724 erant
855 3667 1336 3724 anathematizari
1349 3668 1866 3742 praecepit,quanto
1882 3670 2072 3744 magis

417 3770 566 3827 quos
592 3755 822 3812 nullum
873 3756 1280 3814 testimonium
1335 3757 1405 3814 ad
1451 3759 1850 3815 seducendum
1881 3764 2073 3833 potest

417 3845 868 3902 commendare?
892 3869 920 3895 »
943 3846 1087 3902 Ilem
1109 3845 1168 3900 in
1191 3845 1437 3918 epistola
1455 3846 1748 3902 leestini
1769 3849 1841 3904 ad
1865 3848 2068 3906 Nesto-

416 3931 569 3988 rium
591 3935 649 4002 ((
663 3934 898 3991 wlestini
914 3937 1070 4006 epist.
1097 3935 1153 4004 5)
1183 3952 1196 3991 :
1223 3958 1249 3986 ‹‹
1278 3935 1335 3992 Si
1364 3936 1530 4008 quasi
1558 3941 1696 3993 nota
1718 3937 2066 4006 contemnis,

416 4019 678 4095 intelligo
720 4026 776 4080 te
798 4021 1252 4080 inexcusabilcm
1279 4025 1419 4092 fore,
1452 4041 1586 4081 cum
1618 4043 1652 4082 a
1679 4030 1736 4082 te
1766 4027 2068 4083 commissi

415 4108 522 4166 tibi
550 4111 755 4168 talenti
787 4111 1083 4184 qumsierit
1111 4111 1208 4170 ille
1238 4113 1542 4184 rationem,
1577 4115 1677 4188 qui
1707 4133 1812 4190 per
1858 4133 1963 4172 nos
1995 4117 2066 4174 de

414 4198 524 4255 hoc
553 4205 756 4257 sancto
787 4201 1004 4258 femore
1033 4219 1209 4258 suum
1240 4202 1471 4260 lucrum
1496 4221 1728 4279 semper
1747 4209 2062 4278 exspectat.

410 4287 620 4361 Aspice
650 4306 778 4362 qua:
805 4307 976 4362 poena
1003 4289 1173 4348 illum
1205 4297 1440 4349 maneat
1461 4293 1560 4367 qui
1580 4295 1889 4351 abscondit
1911 4312 2066 4352 acce-

410 4380 602 4449 ptum,
635 4378 733 4450 qui
765 4379 1060 4452 integrum
1109 4384 1262 4437 certe
1309 4381 1566 4438 restituit
1609 4384 1765 4456 quod
1817 4385 2060 4457 accepit.

410 4465 574 4521 Unde
595 4465 891 4524 evidenter
921 4470 1172 4538 adverte,
1189 4471 1344 4543 quod
1369 4471 1446 4528 sit
1467 4476 1523 4528 et
1543 4471 1716 4544 quale
1735 4473 2060 4546 periculum

409 4567 515 4607 nec
547 4551 656 4608 hoc
685 4555 838 4626 quod
871 4557 1162 4630 acceperis
1191 4559 1534 4628 reddidisse,
1567 4562 1653 4616 An
1703 4564 1766 4616 tu
1812 4561 2061 4619 Domino

2181 3401 2282 3469 tet,
2315 3399 2409 3456 cui
2441 3399 2633 3456 adhuc
2657 3399 3044 3458 latrocinandi
3093 3401 3314 3476 aspiret
3360 3403 3628 3473 affectus,
3648 3423 3853 3464 nonne

2181 3487 2520 3550 innocentes
2545 3489 2738 3546 tradet
2757 3489 2951 3557 exitio,
2967 3489 3067 3563 qui
3088 3489 3296 3548 liberat
3316 3492 3641 3550 multorum
3666 3495 3844 3554 exitia

2182 3576 2335 3634 586
2364 3576 2760 3652 cogitantem?
2779 3579 2946 3636 Certe
2970 3579 3019 3635 si
3050 3579 3314 3654 gladium
3336 3583 3624 3655 reprimit,
3647 3583 3844 3642 vincla

2179 3665 2465 3736 dissolvit,
2481 3666 2638 3723 laxat
2659 3665 2952 3739 exsilium,
2967 3683 3073 3724 cur
3101 3667 3488 3726 latrocinandi
3509 3687 3630 3743 qua
3647 3677 3844 3746 potest

2179 3753 2553 3812 clementiore
2565 3755 2657 3812 via
2667 3772 2784 3812 non
2797 3755 2969 3830 eripit
2978 3755 3336 3825 facultatem,
3353 3757 3455 3831 qui
3471 3759 3840 3819 voluntatem

2177 3833 2519 3918 extorquere
2548 3862 2663 3902 non
2697 3844 2932 3919 potuit?
2960 3846 3182 3904 Deinde
3210 3847 3363 3904 inter
3391 3849 3561 3918 duos,
3589 3849 3703 3907 hoc
3747 3857 3842 3910 est

2177 3938 2574 3990 accusatorem
2606 3937 2664 3990 et
2694 3935 3020 4008 reum,pari
3044 3934 3302 4008 periculo
3322 3937 3395 3993 de
3421 3937 3611 4010 capite
3629 3939 3845 3998 decer-

2175 4027 2400 4092 nentes,
2435 4022 2684 4079 alterum
2715 4023 2764 4080 si
2798 4040 2914 4079 non
2944 4024 3268 4096 probasset,
3301 4024 3552 4082 alterum
3583 4026 3644 4082 εἰ·
3676 4033 3860 4086 esset-

2175 4111 2248 4167 ab
2281 4116 2618 4168 accusatore
2665 4111 2984 4181 convictus,
3008 4129 3124 4168 non
3153 4112 3212 4168 id
3242 4115 3398 4186 quod
3441 4115 3694 4186 justitiaa
3740 4122 3838 4176 est

2165 4200 2350 4271 judex
2370 4204 2670 4274 sequatur,
2687 4201 2789 4258 sed
2806 4201 2949 4256 dum
2971 4201 3284 4258 miseretur
3311 4202 3674 4272 rei,damnet
3703 4223 3840 4281 pro-

2172 4288 2434 4357 bantem,
2465 4295 2569 4346 aut
2596 4290 2737 4346 dum
2764 4290 3090 4348 accusatori
3121 4290 3274 4349 favet
3301 4293 3400 4366 qui
3430 4294 3678 4367 probare
3707 4313 3830 4356 non

2172 4379 2380 4454 possit,
2400 4380 2633 4437 addicat
2653 4379 2978 4438 innoxium.
3003 4381 3129 4438 Non
3152 4386 3344 4455 potest
3368 4382 3548 4457 igitur
3567 4384 3692 4444 haec
3709 4387 3834 4445 diei

2161 4470 2188 4542 j
2197 4474 2329 4526 usta
2353 4468 2774 4527 misericordia.
2794 4471 2856 4526 in
2887 4469 3018 4544 ipsa
3037 4470 3424 4541 Ecclesia,ubi
3445 4474 3704 4532 maxime
3720 4477 3840 4534 mi-

2169 4574 2359 4616 serere
2380 4559 2564 4628 decet,
2578 4559 2762 4617 teneri
2784 4576 2962 4633 quam
2985 4560 3238 4618 maxime
3257 4561 3430 4618 debet
3449 4562 3838 4637 formajusti-

408 4638 674 4696 dicturus
704 4660 765 4699 es
794 4660 808 4698 :
833 4645 988 4710 Quos
1020 4646 1232 4703 dedisti
1264 4647 1407 4704 mihi
1441 4650 1770 4708 custodivi?
1799 4651 1944 4708 Cum
1975 4651 2060 4709 sic
2087 4673 2137 4740 D
2168 4648 2284 4716 tite,
2315 4665 2388 4704 ne
2434 4649 2566 4722 quis
2615 4665 2650 4704 a
2695 4648 2986 4706 consortio
3017 4649 3450 4708 communionis
3490 4652 3844 4725 abstemias,

408 4727 599 4786 scindi
629 4728 689 4786 in
711 4736 906 4805 partes
940 4735 1248 4792 audiamus
1279 4737 1408 4808 ejus
1430 4737 1903 4813 Ecclesiam,qua
1931 4757 2061 4797 con-

407 4817 654 4875 scientia
669 4821 815 4878 vivis
836 4839 983 4894 pene
1005 4824 1076 4880 ab
1105 4825 1383 4882 omnibus
1403 4826 1461 4881 in
1484 4827 1592 4883 hac
1615 4827 1843 4885 civitate
1864 4830 2060 4887 deser-

407 4907 544 4964 tus?
573 4914 876 4981 optaveras
907 4928 1005 4967 eos
1054 4916 1192 4968 tunc
1241 4914 1420 4971 fuisse
1469 4920 1591 4972 tam
1624 4922 1846 4986 cautos,
1880 4936 2058 4992 quam

407 5014 564 5053 nunc
594 5003 734 5055 sunt
765 5016 898 5056 cum
922 5001 1032 5057 sibi
1056 5003 1388 5060 desiderant
1413 5006 1768 5062 subveniri.»
1791 5009 1860 5064 Et
1881 5009 2054 5065 item:

409 5107 438 5138 «
469 5087 669 5160 Itaque
701 5091 971 5162 quamvis
1001 5091 1178 5147 etiam
1212 5093 1389 5150 frater
1417 5095 1666 5169 Cyrillus
1697 5097 1970 5155 secundis
2001 5103 2057 5156 te

405 5175 668 5247 epistolis
690 5179 814 5235 suis
837 5184 1060 5237 asserat
1082 5199 1208 5238 esse
1221 5185 1890 5259 conventum,intelligas
1901 5187 2050 5258 volo,

403 5269 537 5335 post
557 5266 808 5336 primam
831 5274 888 5324 et
917 5271 1235 5327 secundam
1266 5271 1427 5328 illius
1458 5277 1515 5328 et
1543 5273 1693 5330 hanc
1735 5275 2049 5347 correptio-

402 5368 536 5408 nem
566 5360 848 5424 nostram,
881 5375 1058 5430 quam
1090 5365 1322 5416 constat
1350 5378 1478 5417 esse
1519 5363 1644 5434 jam
1689 5363 1942 5432 tertiam,
1975 5366 2047 5422 ab

399 5441 776 5502 universitate
806 5446 1032 5521 collegii
1062 5452 1119 5505 et
1165 5454 1451 5506 conventu
1497 5450 1962 5509 Christianorum
1992 5458 2048 5510 te

2171 4737 2326 4793 brevi
2357 4736 2678 4810 lacrymula
2709 4742 2884 4812 atque
2920 4739 2993 4795 ad
3025 4743 3258 4813 tempus
3286 4745 3508 4813 parata,
3521 4741 3614 4799 vel
3638 4742 3826 4802 etiam

2169 4826 2537 4883 uberioribus
2564 4826 2798 4884 ﬂetibus
2822 4828 3317 4898 communionem,
3337 4843 3514 4903 quam
3545 4830 3826 4904 plurimis

2168 4914 2340 4972 debet
2360 4913 2655 4988 postulare
2677 4916 3057 4989 temporibus,
3076 4916 3343 4974 facilitati
3377 4919 3704 4978 sacerdotis
3729 4938 3830 4979 ex-

2167 5008 2452 5077 torqueat.
2471 5005 2671 5062 Nonne
2689 5023 2822 5062 cum
2847 5006 2946 5063 uni
2967 5007 3234 5082 indulget
3251 5006 3515 5082 indigno,
3523 5009 3834 5082 plurimos

2165 5093 2304 5149 facit
2319 5095 2388 5150 ad
2423 5093 2804 5168 prolaptionis
2822 5097 3160 5170 contagium
3179 5099 3522 5171 provocari?
3542 5099 3828 5159 Facilitas

2161 5183 2318 5240 enim
2341 5183 2518 5240 venite
2548 5185 2904 5242 incentivum
2935 5186 3144 5244 tribuit
3173 5187 3573 5261 delinquendi.
3606 5189 3727 5259 Hoc
3748 5207 3832 5248 eo

2159 5271 2379 5329 dictum
2410 5278 2517 5344 est,
2549 5278 2614 5330 ut
2642 5275 2917 5346 sciamus,
2942 5277 3269 5334 secundum
3298 5278 3540 5335 verbum
3563 5278 3687 5348 Dei,
3717 5297 3814 5338 str-

2157 5362 2416 5419 cundum
2460 5364 2767 5432 rationem,
2821 5364 3277 5439 dispensandam
3316 5381 3445 5424 esse
3483 5366 3818 5426 misericos

2156 5451 2312 5509 diam
2332 5453 2712 5510 debitoribus.
2739 5453 2999 5512 Medicus
3020 5455 3164 5528 ipse,
3180 5455 3230 5512 si
3249 5455 3537 5530 serpentis
3557 5456 3814 5516 interius

2154 5541 2409 5598 inveniat
2419 5541 2675 5598 vulneris
2692 5543 3184 5612 cicatricem,cum
3207 5545 3415 5602 debeat
3434 5558 3699 5604 resecare
3727 5547 3820 5604 ui-

2155 5630 2303 5688 ceris
2317 5630 2523 5687 vitium
2547 5648 2618 5687 ne
2640 5630 2820 5690 latius
2840 5637 3056 5708 serpat,
3070 5637 3269 5691 tamen
3303 5651 3338 5692 a
3365 5635 3605 5692 secandi
3632 5651 3812 5694 uren-

2154 5721 2330 5797 dique
2359 5719 2657 5799 proposito
2702 5719 2978 5800 lacrymis
3021 5723 3269 5784 inﬂexus
3297 5724 3516 5800 aegroti,
3549 5724 3814 5786 medica-

395 5547 641 5604 prorsus
670 5551 798 5590 esse
829 5537 1183 5607 sejunctum,
1217 5539 1329 5594 nisi
1366 5556 1500 5595 mox
1529 5557 1656 5612 quae
1691 5541 1842 5597 male
1892 5542 2049 5600 dicta

395 5623 538 5676 sunt
568 5622 953 5695 corrigantur,
978 5625 1091 5683 nisi
1123 5626 1181 5682 in
1212 5644 1341 5683 eam
1371 5628 1525 5684 viam
1552 5629 1755 5687 redeas
1785 5647 1963 5703 quam
1985 5649 2046 5689 se

393 5707 665 5769 Christus
694 5727 824 5770 esse
852 5715 1116 5773 testatur.
1143 5714 1293 5774 Male
1313 5715 1374 5774 in
1403 5716 1560 5774 hunc
1591 5733 1755 5776 arma
1773 5719 2045 5796 despera-
