4018 6452
189 429 299 497 101

901 427 1003 490 DE
1044 427 1813 497 PREDESTINATIONE
1855 424 2374 493 DISSERTATIO
2417 431 2883 495 POSTEBIOR.

3462 434 3593 509 .402

189 562 403 623 mentis
416 566 583 637 tegat
601 562 758 636 quod
779 563 931 620 ferro
950 564 1333 636 aperiendum
1355 563 1486 630 fuit,
1500 579 1694 620 nonne
1723 562 1837 619 ista
1862 560 1922 637 Α
1946 563 2117 620 titulo
2140 580 2255 637 quo
2276 582 2455 637 supra
2476 565 2612 639 (lege
2630 567 2741 639 62).
2768 566 2974 623 «Circa
2991 567 3099 625 hos
3122 572 3317 626 autem
3340 569 3593 627 maxime

190 652 411 711 inutilis
432 652 839 709 misericordia
852 652 1017 719 est,si
1031 656 1266 725 propter
1276 654 1507 710 brevem
1530 652 1835 710 incisionis

186 743 269 803 vel
296 741 622 800 exustionis
651 741 914 799 dolorem
955 758 1166 814 corpus
1196 758 1367 797 omne
1403 742 1684 810 tabescat,
1706 741 1837 797 vitae

185 846 327 893 usus
346 831 635 888 intereat?
659 832 834 887 Recte
850 830 1031 905 igitur
1049 834 1104 888 et
1113 831 1390 887 sacerdos
1409 830 1622 887 vulnus
1643 847 1835 903 grave,

182 920 452 981 rnelatius
474 924 692 993 serpat,
708 938 743 976 a
761 923 883 976 toto
908 936 1146 992 corpore
1166 919 1435 976 Ecclesiae
1457 919 1624 992 quasi
1648 920 1839 976 bonus

182 1011 447 1068 medicus
479 1010 655 1066 debet
684 1009 1006 1079 abscidere,
1039 1013 1097 1065 et
1125 1009 1366 1081 prodere
1394 1009 1554 1065 virus
1576 1008 1840 1065 criminis

180 1100 334 1174 quod
357 1100 527 1167 latet,
552 1116 670 1156 non
703 1099 1004 1164 fovere,ne
1030 1099 1171 1154 dum
1196 1115 1380 1153 unum
1411 1097 1839 1154 excludendum

184 1187 758 1262 non'putat,lplures
787 1187 965 1244 faciat
1012 1187 1220 1260 dignos
1268 1203 1415 1258 quos
1464 1186 1735 1242 excludat
1766 1187 1839 1243 ab

184 1277 455 1337 Ecclesia.
480 1279 626 1335 Jure
654 1292 801 1350 ergo
821 1276 1137 1350 Apostolus
1176 1275 1373 1332 divino
1424 1289 1553 1332 nos“
1573 1277 1843 1332 hortatur

169 1367 451 1442 exemplo
477 1367 679 1424 dicens
711 1383 725 1423 :
762 1366 891 1423 Vide
917 1382 1043 1437 ergo
1074 1365 1364 1422 bonitatem
1410 1373 1463 1422 et
1504 1367 1841 1422 severitatem

182 1459 275 1515 Dei
305 1457 487 1531 (Rom.
519 1459 623 1527 ιι).
658 1456 722 1513 In
755 1471 852 1512 eos
885 1455 1123 1528 quidem
1155 1454 1253 1527 qui
1302 1453 1638 1511 ceciderunt
1684 1470 1840 1510 seve-

166 1547 448 1616 ritatem,
478 1547 539 1602 in
569 1550 627 1603 te
652 1549 851 1602 autem
881 1544 1204 1602 bonitatem
1253 1543 1304 1600 si
1345 1542 1737 1616 permanseris
1779 1542 1839 1598 in

178 1637 461 1695 bonitate.-
479 1635 814 1694 Ostendens
844 1633 1181 1690 Judzeorum
1204 1631 1489 1705 populum
1502 1633 1637 1705 jure
1657 1648 1786 1688 esse
1808 1648 1844 1687 a

160 1742 435 1800 'corpore'
455 1723 731 1783 Ecclesiae
763 1726 1209 1795 separatum,ne
1229 1721 1488 1793 perfidiae
1507 1721 1667 1776 virus
1698 1737 1840 1776 con-

164 1815 500 1873 .taminaret
524 1812 846 1870 Ecclesiam
873 1829 886 1867 :
910 1811 1194 1884 populum
1221 1814 1419 1866 autem
1449 1810 1712 1883 gentium
1746 1809 1842 1864 b0-

176 1905 355 1963 nitate
372 1903 617 1961 Domini
643 1906 964 1974 receptum,
985 1905 1042 1956 et
1072 1900 1416 1957 obedientim
1452 1915 1694 1954 munere
1715 1897 1853 1975 glon

160 1994 331 2052 3riari.
344 1994 497 2051 Jure
515 1991 698 2066 igitur
714 1991 853 2048 huic
872 1989 1072 2045 divina
1090 1988 1323 2045 bonitas
1343 1988 1720 2061 suffragatur,
1735 1980 1850 2059 qui‘

158 2082 233 2140 in
261 2082 468 2140 divina
492 2080 755 2139 bonitate
773 2081 1152 2153 permaneat:
1176 2077 1227 2134 si
1246 2093 1382 2133 vero
1403 2080 1460 2133 et
1491 2077 1617 2146 ipse
1656 2075 1837 2131 desci-

152 2177 314 2242 scat,
347 2189 463 2246 pro
512 2169 780 2227 criminis
827 2168 920 2226 sui
970 2167 1252 2241 qualitate
1283 2164 1679 2223 damnabitur.
1713 2166 1838 2231 Qua

173 2262 360 2336 gratia
390 2261 554 2318 Deus
582 2263 639 2316 et
665 2258 767 2315 lux
813 2262 871 2316 et
917 2256 1072 2330 ignis
1120 2272 1249 2312 esse
1279 2253 1648 2322 describitur,
1682 2257 1748 2309 ut
1774 2253 1835 2308 in

150 2350 435 2409 itanebris
462 2347 795 2407 auibulanti
825 2346 1020 2403 luceat
1043 2344 1213 2418 quasi
1242 2345 1466 2412 lumen,
1491 2359 1565 2398 ne
1610 2342 1835 2399 diutius

150 2440 355 2515 possit
384 2455 587 2496 errare
617 2437 723 2510 qui
748 2434 961 2510 quaerit
997 2433 1242 2490 luminis
1275 2432 1622 2489 claritatem.
1643 2431 1708 2486 Ei
1739 2448 1839 2488 au-

170 2533 284 2587 tem
312 2528 427 2603 qui
457 2526 650 2584 multa
678 2525 856 2582 fuerit
883 2527 1179 2597 Operatus,
1201 2539 1326 2595 quae
1348 2537 1586 2576 manere
1606 2537 1723 2575 non
1746 2521 1839 2575 de-

150 2617 486 2675 .beantvsed
510 2612 896 2687 ardere,ignis
917 2616 1007 2669 est
1027 2611 1334 2678 Dominus,
1353 2613 1419 2665 ut
1438 2609 1631 2681 operis
1652 2607 1837 2664 nostri

166 2707 370 2764 fenum
404 2704 811 2778 stipulamque
831 2704 1164 2768 consumat,
1180 2704 1358 2772 atque
1377 2698 1509 2754 utili
1534 2715 1641 2754 nos
1663 2697 1839 2754 faciat

149 2795 359 2853 :salvos
390 2794 767 2852 detrimento.
803 2814 834 2843 ››

202 2910 207 2915 υ
233 2885 388 2953 Quia
403 2884 591 2942 etiam
600 2881 786 2940 sacris
798 2879 1124 2937 canonibus
1140 2881 1381 2934 cautum
1408 2893 1536 2933 esse
1547 2876 1602 2932 di
1610 2875 1837 2949 gnosci—

150 2975 544 3045 ‘tur,dooente
555 2970 834 3028 Toletano
850 2956 1117 3034 concilio,
1137 2966 1273 3022 utin
1299 2966 1471 3021 rebus
1493 2963 1839 3020 necessariis

146 3063 362 3139 -legum
374 3066 444 3119 et
458 3077 753 3118 canonum
774 3057 1160 3130 exquiruntur
1171 3055 1492 3118 sententiae,
1500 3054 1836 3125 ponendum

167 3151 420 3226 estquid
432 3150 603 3207 inxvx
614 3148 765 3205 libro
797 3145 1200 3205 Theodosiano
1215 3144 1325 3200 sub
1339 3142 1508 3199 titulo
1521 3143 1601 3198 De
1616 3143 1730 3198 fide
1750 3159 1840 3198 ca-

141 3277 149 3285 -
167 3241 390 3300 tholica
402 3241 793 3312 imperatores
803 3231 1590 3305 Gratianus,Valentinianus
1601 3232 1839 3287 etheo-

1948 655 2269 710 exercenda
2298 654 2609 711 commotio
2641 659 2749 725 est,
2787 656 2887 729 qui
2920 658 3110 729 pravis
3154 659 3530 717 suasionibus
3559 676 3593 716 a
3642 648 3649 651 ’

1941 742 2292 800 venerabilis
2340 761 2501 817 papw
2550 761 2678 801 sese
2725 745 3135 802 communione
3200 749 3589 821 suspendunt,

1945 847 2196 903 quorum
2229 831 2544 888 schismate
2565 831 2730 905 plebs
2762 834 2937 889 etiam
2969 833 3194 907 reliqua
3218 834 3475 892 vitiatur.
3491 836 3593 895 His

1947 920 2327 977 conventione
2356 921 2657 993 praemissa
2678 922 2881 995 viginti
2914 923 3140 979 dierum
3193 926 3593 983 condonamus

1945 1008 2235 1076 inducias,
2258 1009 2412 1065 intra
2444 1027 2591 1084 quos
2621 1011 2735 1066 nisi
2766 1012 2835 1067 ad
2860 1012 3294 1068 communionis
3316 1013 3593 1071 redierint

1947 1096 2255 1166 unitatem,
2288 1098 2513 1171 expulsi
2558 1116 2747 1171 usque
2803 1101 2873 1155 ad
2924 1101 3309 1157 centesimum
3339 1101 3594 1175 lapidem

1949 1186 2262 1242 solitudine
2288 1204 2464 1258 quam
2504 1186 2730 1261 eligunt
2776 1193 3166 1245 macerentur.
3193 1213 3221 1239 »
3252 1192 3322 1247 Et
3350 1191 3488 1246 item
3533 1191 3594 1246 in

1948 1275 2230 1347 rescripto
2257 1276 2747 1334 Chalcedonensis
2769 1279 2975 1351 synodi
3004 1280 3136 1335 dato
3163 1278 3420 1335 Palladio
3445 1297 3595 1353 pra:-

1946 1363 2096 1447 fecto
2126 1364 2379 1437 praetorii
2409 1381 2422 1420 :
2448 1389 2476 1416 «
2496 1365 2556 1422 Si
2587 1365 2706 1439 qui,
2730 1366 2944 1440 inquit,
2963 1368 3143 1440 hujus
3173 1370 3245 1424 de
3275 1373 3480 1426 caetero
3511 1387 3599 1426 sa-

1948 1453 2167 1527 crilegii
2200 1458 2513 1511 sectatores
2545 1456 2996 1529 quibuscunque
3037 1457 3147 1513 loci
3179 1458 3478 1530 potuerint
3507 1476 3594 1516 re-

1947 1542 2144 1615 periri,
2180 1546 2281 1598 aut
2310 1544 2380 1599 de
2429 1543 2709 1615 pravitate
2756 1546 3036 1601 damnata
3081 1546 3336 1619 aliquem
3389 1565 3593 1605 rursus

1950 1633 2587 1704 proferre‘sermonem,
2622 1651 2657 1689 a
2683 1651 3032 1708 quocunque
3052 1636 3300 1709 correpti
3329 1637 3402 1693 ad
3434 1654 3592 1693 com-

1947 1724 2238 1793 petentem
2263 1722 2524 1792 judicem
2557 1723 2971 1795 pertrahantur
2995 1741 3008 1779 :
3036 1741 3181 1796 quos
3203 1725 3322 1781 sive
3347 1724 3596 1782 clericus

1947 1809 2141 1875 fuerit,
2174 1810 2291 1865 sive
2323 1809 2527 1876 laicus,
2545 1812 2839 1867 deferendi
2878 1812 3092 1868 habeat
3135 1818 3503 1886 potestatem,
3538 1818 3596 1870 et

1947 1897 2073 1954 sine
2095 1897 2528 1970 praescriptione
2556 1899 2753 1972 aliqua
2778 1902 3148 1974 perurgendi.
3174 1903 3289 1958 Hos
3337 1919 3473 1975 ergo
3512 1920 3595 1959 re-

1947 1990 2142 2059 pertos
2155 1986 2938 2061 aquibuscunquejubemus
2955 1989 3163 2062 corripi
3175 1991 3592 2063 ,deductosque

1928 2076 2019 2130 ad
2037 2075 2391 2132 audientiam
2412 2076 2707 2148 publicam
2730 2078 3063 2151 promiscue
3082 2079 3153 2135 ab
3193 2079 3467 2135 omnibus
3498 2096 3592 2135 ac-

1945 2164 2138 2221 cusari
2163 2182 2176 2219 :
2200 2164 2283 2219 ita
2301 2170 2363 2220 ut
2395 2165 2796 2237 probationem
2836 2166 3079 2222 convicti
3103 2167 3365 2224 criminis
3406 2167 3593 2241 stylus

1945 2252 2217 2326 publicus
2246 2252 2610 2326 insequatur,
2634 2254 2779 2327 ipsis
2809 2255 3088 2311 inexorati
3121 2255 3308 2312 exsilii
3332 2257 3595 2329 deporta-

1944 2341 2103 2399 tione
2151 2343 2465 2399 damnatis.
2496 2365 2525 2394 ›)
2560 2344 2630 2398 Et
2671 2343 2809 2401 item
2865 2345 2925 2400 in
2973 2345 3122 2400 libro
3167 2344 3391 2400 decimo
3431 2349 3592 2401 sexto

1945 2431 2362 2501 Theodosianze
2410 2431 2555 2506 legis
2596 2433 2783 2504 capite
2838 2438 3044 2506 quarto
3086 2437 3191 2503 (tit.
3239 2452 3297 2501 v,
3339 2435 3461 2507 lege
3491 2435 3543 2502 1)
3577 2451 3591 2490 :

1945 2544 1974 2572 «
2009 2519 2315 2594 Privilegia
2345 2537 2473 2592 quae
2504 2521 2993 2593 contemplatione
3025 2522 3321 2595 religionis
3368 2522 3598 2579 indulta

1945 2614 2106 2677 sunt,
2140 2609 2436 2665 catholica
2484 2614 2713 2665 tantum
2763 2609 2910 2683 legis
2956 2613 3424 2669 observatoribus
3471 2624 3600 2685 pro-

1945 2700 2114 2755 desse
2135 2701 2380 2771 oportet.
2397 2698 2705 2754 Haereticos
2732 2704 2925 2755 autem
2958 2704 3134 2773 atque
3168 2700 3595 2768 schismaticos,

1945 2805 2061 2844 non
2083 2787 2276 2843 solum
2310 2788 2381 2843 ab
2411 2787 2505 2843 his
2543 2787 2861 2861 privilegiis
2891 2787 3112 2845 alienos
3143 2806 3269 2845 esse
3299 2789 3591 2857 volumus,

1946 2877 2044 2933 sed
2068 2875 2243 2932 etiam
2257 2875 2503 2933 diversis
2525 2876 2870 2933 muneribus
2897 2877 3217 2951 constringi
3236 2882 3293 2934 et
3313 2878 3592 2951 subjici.»

1944 2966 2015 3020 Et
2032 2964 2173 3020 item
2196 2965 2267 3019 de
2288 2964 2573 3020 haereticis
2595 2965 2869 3021 omnibus
2890 2966 2994 3037 (ιίι.
3012 2984 3068 3034 v,
3089 2967 3202 3038 lege
3215 2966 3325 3040 60),
3342 2983 3592 3040 quorum

1944 3057 2002 3110 et
2025 3070 2277 3110 errorem
2308 3069 2679 3109 exsecramur
2709 3057 2766 3108 et
2799 3053 3157 3122 nomen,hoc
3177 3038 3377 3110 estde
3401 3055 3592 3111 Euno-

1945 3141 2182 3208 mianis,
2203 3141 2925 3207 Arianis,Macedonianis,
2950 3142 3288 3214 czeterisque
3318 3142 3594 3199 omnibus

1947 3247 2197 3304 quorum
2229 3235 2417 3286 sectas
2445 3230 2722 3303 piissimae
2765 3230 3051 3286 sanctioni
3100 3231 3275 3287 taedet
3324 3231 3591 3301 interere,

144 3368 151 3373 -
170 3293 650 3402 desii-usw
670 3293 858 3383 edicto
874 3325 948 3382 ad
960 3293 1241 3396 populum
1258 3321 1422 3377 urbis
1437 3316 1843 3377 Constantinoa’
1856 3293 1909 3368 ﬂ
1949 3293 2165 3392 quibus
2184 3319 2410 3375 cunctis
2423 3293 2652 3374 diversa
2663 3322 2803 3375 sunt
2817 3319 3184 3388 nomina,sed
3200 3293 3593 3392 unaperﬁdia,

144 3419 377 3492 «poleos
396 3418 552 3475 887
586 3416 968 3472 decreverunt
1001 3411 1148 3485 (Cod.
1177 3411 1330 3467 Theo.
1354 3410 1421 3467 de
1443 3409 1549 3482 ﬁde
1578 3409 1842 3465 catholica

172 3509 211 3566 ις
222 3511 301 3576 2.)
314 3508 594 3565 dicentes
609 3505 682 3561 ad
696 3503 918 3561 locum:
936 3525 963 3553 «
979 3501 1140 3557 Hanc
1152 3499 1340 3573 legem
1358 3503 1670 3571 sequentes
1683 3496 1842 3553 Chri-

154 3597 513 3655 stianorum
543 3590 966 3650 catholicorum
988 3605 1200 3646 nomen
1224 3589 1507 3659 jubemus
1544 3585 1836 3658 amplecti,

146 3686 443 3760 reliquos
460 3700 599 3741 vero
631 3683 932 3738 dementes
967 3693 1332 3749 vesanosque
1357 3674 1842 3746 judicantes,hze-

142 3775 338 3834 ~retici
359 3771 667 3848 dogmatis
682 3767 988 3825 infamiam
1009 3765 1319 3833 sustinere,
1339 3780 1444 3820 nec
1455 3761 1842 3819 conciliabula

167 3879 381 3922 eorum
402 3859 806 3920 Ecclesiarum
829 3872 1043 3913 nomen
1064 3853 1342 3926 accipere,
1358 3852 1555 3909 divina
1582 3851 1839 3924 primum

171 3953 462 4020 vindicta,
496 3951 630 4022 post
658 3945 834 4003 etiam
859 3948 1058 4001 metus
1088 3942 1294 4011 nostri,
1318 3958 1492 4013 quem
1522 3957 1590 3995 ex
1612 3938 1839 4027 caelesti

144 4042 427 4099 ~arbitrio
461 4032 1150 4110 sumpserimus,ultione
1178 4031 1572 4102 plectendos.»
1606 4030 1750 4085 Item
1780 4029 1840 4083 in

148 4131 383 4187 eodem
437 4128 592 4184 libro
628 4127 734 4195 (tit.
768 4140 847 4193 ιν,
880 4123 982 4194 leg.
1013 4121 1091 4192 2),
1129 4121 1240 4176 sub
1268 4118 1461 4187 titulo,
1490 4123 1567 4174 De
1596 4118 1690 4174 his
1740 4117 1840 4190 qui

172 4236 357 4293 super
388 4215 677 4288 religione
707 4211 1106 4269 contendunt:
1139 4210 1571 4281 «Imperatores
1591 4206 1845 4262 Valenti-

142 4308 422 4375 -nianus,
447 4300 836 4368 Theodosius,
870 4303 928 4357 et
971 4299 1255 4355 Arcadius
1301 4295 1551 4369 Augusti
1598 4296 1841 4352 Tatiano

171 4397 456 4471 prefecto
483 4390 763 4466 praetorii.
796 4387 952 4445 Nulli
985 4403 1256 4460 egressus
1287 4386 1360 4440 ad
1405 4383 1709 4458 publicum
1750 4385 1841 4439 di-

138 4483 489 4559 .sceptandi
521 4482 594 4537 de
625 4475 1027 4552 religione,vel
1047 4473 1460 4542 tractandi,vel
1482 4472 1709 4528 consilii
1744 4471 1843 4529 ali-

166 4575 313 4648 quid
347 4568 657 4630 deferendi
688 4568 954 4641 patescat
973 4563 1308 4621 occasio.Et
1338 4562 1388 4619 si
1421 4561 1556 4634 quis
1598 4560 1842 4633 posthac

1947 3407 2049 3463 illa
2077 3407 2449 3479 prmcipimus
2472 3408 2681 3463 debere
2703 3407 2855 3464 838
2889 3408 3267 3481 scrvari,qua=.
3298 3408 3412 3463 divi
3456 3426 3597 3465 avus
3676 3424 3683 3429 '

1949 3499 2008 3550 et
2038 3499 2203 3566 pater
2245 3499 2456 3550 nostrae
2506 3494 2827 3550 clementia:
2876 3496 3329 3564 constituerunt,
3364 3496 3597 3553 scituris

1950 3583 2237 3639 universis
2258 3585 2413 3655 quod
2437 3583 2485 3638 si
2510 3583 2568 3637 in
2590 3584 2793 3638 eodem
2826 3584 3017 3639 furore
3038 3584 3482 3657 permanserint,
3507 3584 3596 3641 in-

1946 3672 2271 3727 terminata:
2304 3689 2483 3743 poenae
2516 3676 2687 3727 erunt
2708 3672 2962 3727 obnoxii.
2990 3695 3016 3721 ››
3051 3674 3193 3729 Item
3223 3673 3283 3728 in
3309 3672 3597 3746 imperiali

1948 3760 2195 3833 cpistola
2216 3761 2288 3815 ad
2312 3759 2611 3815 Aurelium
2642 3760 3156 3832 Carthaginensem
3205 3762 3545 3834 episcopum
3581 3778 3593 3818 :

1955 3873 1977 3900 α
2013 3850 2247 3906 Recenti
2280 3865 2512 3922 quoque
2543 3849 2843 3904 sanctione
2873 3848 3254 3917 decrevimus,
3286 3853 3354 3904 ut
3382 3849 3433 3904 si
3465 3849 3598 3922 quis

1949 3954 2047 3994 eos
2064 3938 2122 3993 in
2137 3955 2487 4011 quocunque
2504 3936 2931 4009 provinciarum
2955 3941 3115 4009 parte
3132 3936 3359 3992 latitare
3371 3954 3486 3991 non
3505 3954 3601 3994 ne-

1950 4027 2280 4092 sciens,aut
2308 4024 2627 4099 prepellore
2649 4030 2749 4080 aut
2778 4026 3020 4097 prodere
3058 4024 3418 4095 distulisset;
3454 4043 3599 4098 pre:-

1951 4117 2179 4189 scriptae
2210 4133 2390 4188 plena:
2421 4114 2580 4169 velut
2616 4113 2906 4186 particeps
2939 4114 3285 4185 subjaceret.
3309 4114 3602 4187 Praecipue

1949 4209 2145 4261 tamen
2178 4204 2569 4277 quorumdam
2601 4202 3005 4275 episcoporum
3030 4202 3408 4275 pertinaciam
3432 4203 3604 4260 corri-

1950 4294 2223 4366 gendam,
2258 4292 2358 4365 qui
2389 4309 2596 4365 pravas
2627 4309 2829 4347 eorum
2860 4291 3287 4365 disputationes
3309 4291 3396 4348 vel
3426 4292 3602 4348 tacito

1951 4399 2242 4439 consensu
2260 4380 2649 4447 astruunt,vel
2675 4380 2911 4453 publica
2931 4379 3365 4453 oppugnatione
3382 4398 3496 4436 non
3511 4381 3605 4436 de-

1951 4475 2207 4528 struunt.
2246 4470 2471 4542 Religio
2498 4466 2701 4543 itaque
2724 4473 2826 4525 tua
2857 4469 3323 4541 competentibus
3370 4468 3605 4541 scriptis

1951 4560 2255 4616 universos
2278 4558 2452 4614 faciat
2482 4559 2805 4624 admoneri,
2830 4558 3080 4614 scituros
3110 4557 3456 4614 diffinitione
3479 4574 3609 4614 san-

156 4645 321 4721 ausu
344 4660 516 4736 gravi
535 4662 715 4730 atque
729 4653 1053 4712 damnabili
1072 4656 1276 4709 contra
1292 4650 1629 4724 hujusmodi
1654 4650 1842 4723 legem
1875 4665 1924 4728 Ι)
1953 4647 2216 4704 ctimonii
2237 4647 2326 4702 tui
2340 4647 2491 4702 hanc
2514 4645 2626 4736 sibi
2645 4645 3055 4736 difﬁnitionem
3077 4664 3206 4703 esse
3225 4646 3610 4719 soriptam,ut

136 4751 542 4810 —veniendum
571 4762 705 4804 esse
733 4742 1066 4809 crediderit,
1087 4741 1174 4798 vel
1216 4741 1487 4797 insistere
1513 4744 1673 4796 motu
1708 4756 1839 4812 pes-

169 4842 360 4899 tifera:
382 4833 875 4913 perseverationis
925 4832 1185 4899 audebit,
1209 4830 1564 4902 competenti
1594 4846 1767 4902 poma
1793 4833 1851 4884 et

138 4927 361 5003 udigno
400 4924 699 4999 supplicio
737 4923 1091 4980 coerceatur.
1129 4941 1158 4969 »
1192 4920 1336 4975 Item
1367 4918 1427 4973 in
1463 4919 1666 4975 eodem
1700 4916 1847 4973 libro

138 5018 285 5090 τίμα.
320 5035 383 5086 v,
418 5018 523 5088 leg.
554 5013 612 5084 6)
659 5012 770 5070 sub
817 5009 1012 5076 titulo,
1044 5008 1125 5064 De
1163 5006 1451 5064 haereticis
1485 5024 1498 5063 :
1534 5030 1562 5058 ‹‹
1600 5007 1850 5079 Impera-

148 5111 343 5164 tores
386 5104 728 5174 Gratianus,
760 5098 1305 5163 Valentinianus,et
1333 5095 1696 5152 Theodosius
1740 5096 1851 5151 Au-

181 5195 348 5269 gusti
384 5192 667 5265 Eutropio
698 5189 967 5262 praefecto
1007 5185 1279 5259 przetorii.
1309 5183 1518 5240 Nullus
1559 5182 1848 5241 hzereticis

146 5310 157 5319 ν
182 5283 613 5360 mysteriorum
647 5276 1012 5346 locus,nu11a
1029 5275 1104 5331 ad
1132 5274 1513 5331 exercendam
1544 5272 1725 5329 animi
1755 5273 1850 5329 ob-

146 5428 149 5431 .
182 5370 528 5430 stinatioris
542 5366 901 5425 dementiam
923 5367 1120 5438 pateat
1138 5361 1384 5420 occasio.
1401 5362 1601 5418 Sciant
1624 5378 1847 5430 omnes,

146 5458 433 5517 etiamsi
455 5457 596 5532 quid
619 5454 857 5530 speciali
880 5452 1141 5526 quolibet
1167 5451 1443 5523 rescripto
1464 5467 1567 5522 per
1589 5451 1850 5506 fraudem

147 5585 153 5590 -
186 5548 393 5606 elicite
415 5548 486 5604 ab
517 5542 863 5619 hujusmodi
893 5541 1200 5598 hominum
1231 5557 1439 5614 genere
1473 5541 1851 5612 impetratum

152 5670 159 5675 ~
188 5642 305 5705 est,
330 5654 453 5694 non
481 5636 696 5694 valere.
728 5635 1053 5690 Arceantur
1083 5634 1426 5686 cunctorum
1448 5628 1851 5685 haereticorum

158 5754 165 5761 ο
190 5727 267 5786 ab
280 5725 511 5785 illicitis
525 5719 1082 5797 congregationibus
1098 5720 1300 5776 turbae.
1324 5740 1352 5768 »
1374 5720 1517 5774 Item
1546 5718 1607 5773 in
1629 5717 1776 5774 libro
1797 5722 1855 5775 et

1955 4737 2292 4810 quicunque
2311 4734 2678 4791 damnationi
2699 4753 2877 4808 supra
2894 4740 3353 4791 memoratorum
3379 4751 3493 4805 quo
3515 4751 3611 4805 pa-

1956 4830 2078 4883 teat
2106 4842 2272 4881 mens
2294 4842 2440 4896 pura
2470 4823 2839 4880 subscribere
2870 4824 3052 4897 impia
3085 4822 3477 4879 obstinatione
3508 4838 3607 4876 ne-

1955 4915 2257 4990 glexerint,
2271 4913 2642 4985 episcopatus
2664 4911 2980 4967 amissione
3002 4911 3286 4979 mulctati,
3302 4909 3609 4965 interdicta

1956 5005 2016 5060 in
2048 5005 2394 5076 perpetuum
2421 5000 2647 5074 expulsi
2677 4999 3011 5056 civitatibus
3041 4999 3453 5056 communione
3483 4997 3608 5070 pri-

1955 5098 2184 5149 ventur.
2213 5112 2240 5141 »
2273 5091 2343 5145 Et
2370 5094 2571 5145 sancta
2588 5089 2847 5162 synodus
2871 5087 3356 5143 Chalcedonensis
3380 5086 3610 5159 (actione

1956 5184 2049 5256 5):
2076 5206 2103 5233 ‹‹
2129 5182 2230 5237 His
2258 5179 2686 5252 igitur,inquit,
2711 5196 2744 5233 a
2775 5179 2943 5233 nobis
2973 5176 3232 5248 undique
3263 5193 3396 5232 cum
3447 5176 3606 5255 omni

1959 5269 2377 5328 deliberatione
2408 5285 2473 5323 ac
2505 5266 2808 5339 diligentia
2836 5265 3051 5337 pariter
3078 5264 3380 5331 ordinatis,
3405 5265 3607 5321 decre-

1956 5363 2041 5416 vit
2069 5364 2273 5416 sancta
2303 5361 2478 5429 atque
2509 5353 2852 5411 universalis
2874 5354 2993 5407 hmo
3017 5354 3295 5426 synodus,
3329 5354 3503 5409 aliam
3535 5354 3608 5409 ﬁ-

1962 5451 2091 5506 dem
2146 5446 2363 5504 nemini
2412 5447 2584 5501 licere
2609 5445 2864 5517 proferre
2907 5443 3027 5498 sive
3076 5443 3459 5510 conscribere,
3511 5446 3614 5499 aut

1962 5542 2239 5604 evertere,
2271 5535 2358 5591 vel
2389 5534 2624 5601 sentire,
2644 5533 2733 5588 vel
2766 5532 2936 5588 aliter
2962 5534 3190 5589 tradere
3219 5550 3231 5588 :
3257 5534 3359 5589 sed
3392 5550 3490 5589 eos
3510 5531 3613 5604 qui

1964 5629 2184 5685 audent
2208 5624 2295 5680 vel
2328 5639 2675 5695 componere
2696 5622 2871 5677 aliam
2902 5622 3201 5690 ﬁnem,vel
3232 5624 3507 5695 proferre,
3525 5620 3613 5677 vel

1966 5719 2193 5786 docere,
2216 5713 2304 5769 vel
2334 5712 2564 5769 tradere
2604 5711 2763 5767 aliud
2812 5712 3145 5784 symbolum
3188 5711 3513 5769 volentibus
3542 5709 3613 5766 ad
