4018 6454
445 427 566 490 403

1254 465 1272 478 ~
1375 431 1762 495 HINCMARI
1805 429 2256 496 HHEMENSIS
2297 431 2917 496 ABCHIEPISCOPI.

3727 425 3841 494 401

445 561 907 636 cognoscendam
939 580 1002 620 se
1032 567 1362 622 convertere
1391 565 1800 635 veritatem,cx
1838 565 1954 621 ritu
1987 582 2088 638 pa-
2117 551 2176 633 Ᾱ
2201 563 2356 622 ciose
2382 564 2737 640 indigneque
2767 565 3054 638 praesedit,
3077 562 3428 623 catholicum
3459 564 3840 640 abbatemju-

443 651 749 725 gano,sive
767 652 1133 720 Judaico,vel
1179 653 1572 728 qualicunque
1601 655 1889 722 haeretico,
1909 671 2007 711 eos
2037 654 2086 710 si

442 741 678 815 quidem
709 741 965 814 episcopi
999 742 1118 798 sive
1147 743 1337 800 clerici
1364 747 1521 812 sunt,
1537 743 1756 800 alienos
1786 760 1913 799 esse
1937 743 2088 816 cpis-

443 846 620 903 copos
663 830 735 886 ab
791 831 1155 904 episcopatu,
1189 837 1244 888 et
1283 832 1523 889 clericos
1571 851 1606 890 a
1646 833 1818 890 clero.
1855 833 2017 900 Quod
2041 832 2088 888 si

444 919 717 976 monachi
743 919 834 975 vel
864 920 996 976 laici
1029 921 1260 990 fuerint,
1293 922 1794 978 anathematizari.
1828 942 1858 972 »

514 1007 765 1085 Videant
795 1009 911 1078 isti,
940 1010 1038 1083 qui
1070 1028 1185 1066 non
1233 1010 1425 1068 solum
1479 1011 1744 1084 symbola
1788 1009 1875 1066 vel
1917 1009 2092 1066 colla-

445 1096 634 1154 tiones
665 1097 722 1154 in
745 1100 1128 1157 conventibus
1155 1100 1328 1157 vcrbo
1361 1105 1633 1168 tractant,
1652 1101 1754 1158 sed
1800 1100 1977 1156 etiam
2026 1099 2092 1154 li-

446 1187 686 1243 brorum
717 1188 1168 1261 compositiones
1197 1193 1254 1246 et
1282 1190 1540 1263 capitula
1577 1189 1744 1262 quasi
1795 1187 2096 1263 synodalia

445 1278 842 1347 conscribunt,
876 1282 934 1334 ct
985 1295 1087 1352 pro
1134 1279 1372 1336 veritate
1417 1278 1787 1352 simplicibus
1845 1277 2097 1334 tenenda

423 1366 819 1433 ‘contradunt,
852 1372 1052 1424 utrum
1083 1367 1158 1424 ab
1187 1368 1297 1424 hac
1322 1369 1696 1424 damnatione
1724 1365 1947 1440 excepti
1969 1382 2098 1422 esse

447 1453 816 1528 praevaleant.
849 1455 997 1512 Nam
1045 1456 1375 1531 symbolum
1433 1462 1492 1514 et
1539 1456 1786 1531 apostoli
1839 1456 2096 1529 primum

447 1545 830 1618 scripserunt,
849 1550 906 1603 ct
926 1546 1158 1603 Nicaana
1183 1547 1525 1620 synodus,et
1542 1549 1856 1623 Ephesina,
1880 1554 1938 1606 et
1959 1550 2102 1606 Con-

448 1633 1576 1706 stantinopolitana,ctChalcedoncnsis,
1601 1642 1658 1694 et
1695 1642 1910 1695 caetera:
1943 1656 2098 1712 quaa-

446 1740 560 1796 que
579 1723 937 1780 universales
948 1725 1153 1798 synodi
1165 1726 1772 1800 conscripscrunt,sed
1786 1746 1900 1786 non
1914 1728 2070 1785 aliud
2083 1772 2096 1797 ,

447 1811 586 1886 quia
617 1829 733 1870 non
763 1813 957 1870 dicors
989 1831 1024 1870 a
1051 1814 1293 1872 veritate
1333 1821 1520 1873 exstat
1549 1817 1902 1890 symbolum.
1936 1819 2100 1876 Unde

2197 653 2327 710 bete
2357 653 2750 728 praeponi,qui
2779 653 2942 710 illam
2975 671 3275 712 servorum
3315 653 3414 712 Dei
3441 655 3844 728 congregatio-

2198 760 2354 809 nem,
2377 749 2434 799 et
2463 759 2498 798 a
2519 761 2693 816 pravo
2725 745 3000 817 dogmate
3025 743 3294 812 liberare,
3327 748 3388 801 et
3417 743 3712 800 institutis
3757 761 3846 800 vc-

2199 831 2389 888 ritatis
2411 832 2597 904 possit
2626 832 2908 888 imbuere.
2945 855 2973 883 ››
3006 833 3149 889 [tem
3194 833 3350 889 idem
3397 832 3460 890 in
3498 833 3752 906 epistola
3780 835 3846 890 ad

2202 921 2451 977 Leonem
2473 923 2803 994 Augustum
2826 922 2930 994 (ep.
2951 923 3078 991 75):
3099 943 3128 973 «
3145 921 3576 979 Sacerdotalem
3597 939 3849 996 namque

2201 1013 2261 1066 et
2290 1009 2678 1083 apostolicum
2709 1015 2822 1066 tua:
2847 1010 3084 1082 pictatis
3103 1009 3367 1066 animum
3389 1012 3569 1068 etiam
3594 1010 3708 1067 hoc
3729 1029 3851 1068 ma-

2201 1096 2327 1154 lum
2358 1099 2430 1155 ad
2471 1099 2764 1171 justitiam
2827 1099 3066 1156 ultionis
3113 1100 3284 1156 debet
3329 1100 3672 1171 accendere,
3703 1101 3849 1174 quod

2202 1187 2858 1260 Constantinopolitanae
2890 1188 3158 1246 Ecclesia:
3177 1189 3490 1262 puritatem
3513 1189 3854 1262 pestilenter

2203 1277 2481 1332 obscurat
2503 1295 2522 1332 :
2542 1275 2603 1332 in
2625 1294 2742 1350 qua
2761 1277 3141 1334 inveniuntur
3158 1277 3350 1334 clerici
3371 1278 3618 1352 quidam
3641 1278 3858 1335 haereti-

2205 1381 2406 1422 corum
2437 1365 2637 1422 sensui
2668 1370 3076 1437 consonantes,
3095 1371 3153 1424 et
3183 1365 3338 1423 intra
3366 1366 3497 1440 ipsa
3543 1367 3854 1424 catholico-

2207 1472 2339 1511 rum
2360 1454 2579 1512 viscera
2599 1454 3026 1512 assertionibus
3049 1455 3176 1512 suis
3195 1455 3604 1513 hasrcticorum
3637 1462 3856 1530 partem

2208 1544 2574 1616 adjuvantes.
2605 1544 2668 1600 In
2700 1543 2918 1617 quibus
2947 1543 3350 1612 deturbandis,
3387 1544 3436 1601 si
3485 1545 3670 1602 frater
3697 1563 3858 1602 meus

2205 1631 2509 1689 Anatolius
2521 1632 3676 1706 Constantinopolitanusepiscopuscum
3690 1635 3860 1692 nimis

2207 1721 2456 1796 benigne
2479 1721 2666 1794 parcit
2693 1721 2928 1794 segnior
2945 1721 3594 1795 invenitur,dignamini
3616 1741 3725 1798 pro
3755 1725 3862 1782 fide

2207 1815 2399 1867 vestra
2427 1811 2603 1868 etiam
2633 1811 2810 1867 istam
2841 1809 3108 1867 Ecclesia:
3156 1815 3432 1884 praestare
3482 1813 3858 1883 medicinam,

445 1901 732 1999 quidquid
765 1902 1081 1999 symbolice
1101 1905 1491 1979 conscribitur
1509 1907 1798 1965 averitate
1818 1909 2098 1977 alienum,
2129 1930 2180 1999 B
2211 1905 2277 1999 ut
2299 1900 2444 1999 tales
2474 1899 2814 1999 non-solum
2835 1900 2919 1956 .ab
2948 1899 3150 1999 ordine
3180 1898 3509 1999 clericatus,
3538 1902 3650 1999 sed
3692 1903 3861 1999 etiam

443 1990 604 2048 aliud
631 2008 808 2064 quam
837 1992 1125 2050 catholica
1155 1994 1454 2067 scripserit
1473 1996 1732 2054 Ecclesia
1749 2003 1839 2054 est
1867 1999 2100 2072 symbo-

443 2079 592 2146 lum,
624 2080 996 2139 anathemate
1023 2099 1160 2139 cum
1189 2084 1698 2142 conscribentibus
1745 2087 2012 2160 dignum,
2043 2093 2100 2144 et

445 2167 677 2241 legibus
697 2169 948 2243 publicis
969 2171 1422 2243 percellendum.
1442 2173 1606 2231 Unde
1627 2175 1960 2234 Marcianus
1990 2177 2098 2233 im-

445 2259 678 2330 perator
705 2257 761 2312 in
793 2257 982 2315 edicto
1005 2260 1076 2315 ad
1108 2259 1426 2317 Palladium
1461 2261 1603 2318 dicit
1633 2279 1646 2319 :
1681 2287 1708 2313 «
1742 2263 2098 2336 Oportet,in-

447 2346 677 2418 quit,ut
707 2347 786 2404 sit
817 2365 1132 2406 numerosa
1162 2349 1440 2406 severitas
1470 2351 1862 2418 sanctionum,
1887 2353 1984 2408 ubi
2011 2358 2101 2409 est

428 2429 687 2492 'licentia
707 2437 910 2493 crebra
938 2437 1268 2510 culparum.
1284 2439 1692 2496 Custodiendze
1715 2446 1991 2513 praeterea
2015 2460 2101 2498 or-

450 2523 715 2580 thodoxze
747 2524 879 2581 fidei
913 2543 1056 2582 cura
1084 2531 1246 2584 tanto
1277 2545 1312 2584 a
1343 2529 1654 2586 serenitate
1685 2547 1816 2586 mea
1836 2531 2099 2587 adhiberi

453 2612 776 2686 impensior
791 2615 979 2682 debet,
995 2620 1214 2689 quanto
1243 2634 1336 2674 res
1365 2617 1660 2675 humanas
1679 2617 1878 2675 divina
1897 2637 2103 2692 praece-

454 2701 662 2758 dunt.»
684 2704 756 2760 Et
775 2703 846 2760 ad
866 2703 1082 2773 locum,
1099 2705 1171 2762 de
1187 2705 1474 2763 haereticis
1498 2723 1511 2762 :
1537 2730 1566 2758 «
1590 2707 1714 2763 Non
1736 2707 1991 2764 habeant
2007 2725 2102 2781 po-

454 2794 723 2849 testatem
749 2793 993 2851 faciendi
1017 2797 1455 2862 testamentum,
1473 2799 1532 2852 et
1549 2796 1860 2852 condendae
1882 2797 2101 2853 ultimae

450 2879 789 2950 voluntatis,
802 2899 990 2956 neque
1011 2883 1068 2940 id
1091 2885 1324 2956 capiant
1339 2885 1493 2958 quod
1516 2884 1660 2959 ipsis
1669 2903 1739 2942 ex
1752 2889 2101 2943 testamento

451 2971 802 3044 cujusquam
836 2972 1008 3030 fuerit
1038 2973 1565 3042 derclictum,nihil
1597 2975 1771 3031 etiam
1810 2993 1878 3032 ex
1913 2975 2098 3032 dona-

448 3058 604 3116 tione
624 3059 821 3134 aliqua
849 3068 1301 3136 consequantur.
1333 3065 1447 3121 Sed
1479 3063 1528 3119 si
1560 3063 1701 3138 quid
1732 3064 1791 3120 in
1823 3065 1983 3138 ipsos
2011 3063 2099 3122 vel

445 3146 796 3205 liberalitate
823 3150 1090 3219 viventis,
1122 3151 1208 3208 vel
1233 3151 1536 3210 morientis
1579 3153 1756 3210 fuerit
1801 3153 2100 3210 voluntate

2207 1991 2281 2047 ab
2311 1991 2477 2047 urbis
2522 1988 2884 2046 habitatione
2915 1987 3227 2062 pellantur,
3262 2006 3333 2045 ne
3381 1987 3634 2048 ulterius
3681 1992 3863 2049 sancti

2207 2079 2308 2136 Dei
2330 2078 2529 2153 populi
2553 2093 2959 2151 perversorum
2982 2076 3289 2133 hominum
3311 2078 3585 2151 contagio
3607 2079 3864 2152 polluan-

2207 2172 2324 2224 tur.
2358 2191 2388 2219 »
2417 2169 2487 2224 Et
2516 2168 2653 2223 item
2687 2167 2742 2221 in
2776 2164 3024 2238 epistola
3052 2165 3125 2222 ad
3167 2164 3603 2238 Aquileiensem
3651 2169 3866 2242 cpisco-

2209 2274 2352 2330 pum
2385 2257 2488 2330 (ep.
2522 2257 2577 2322 3)
2605 2273 2618 2312 :
2647 2277 2675 2306 ‹‹
2697 2255 2823 2311 Non
2845 2259 3043 2312 autem
3084 2253 3312 2310 dubitet
3336 2253 3574 2312 dilectio
3604 2260 3714 2314 tua
3741 2276 3864 2325 nos,

2211 2346 2261 2404 si
2289 2347 2445 2420 quod
2477 2363 2592 2402 non
2625 2343 2982 2401 arbitramur
3018 2342 3284 2417 neglecta
3329 2344 3553 2402 fuerint
3603 2363 3737 2420 qure
3768 2365 3864 2422 pro

2210 2435 2478 2492 custodia
2520 2451 2811 2491 canonum
2851 2436 2910 2490 et
2938 2449 3042 2506 pro
3077 2431 3210 2489 fidei
3241 2432 3580 2508 integritate
3609 2436 3865 2494 decerni-

2209 2542 2364 2592 mus,
2393 2522 2798 2580 vehementius
2847 2522 3318 2590 commovendos,
3342 2523 3485 2596 quia
3521 2523 3865 2583 inferiorum

2208 2613 2480 2671 ordinum
2511 2613 2694 2686 culpae
2727 2611 2799 2667 ad
2845 2609 3040 2668 nullos
3093 2611 3284 2685 magis
3335 2611 3656 2670 referendae
3710 2620 3864 2682 sunt,

2209 2720 2383 2777 quam
2417 2702 2490 2758 ad
2522 2701 2754 2758 desides
2785 2699 3267 2772 ncgligentesque
3296 2702 3694 2776 rectores,qui
3727 2704 3870 2760 mal.

2207 2797 2330 2850 tam
2361 2809 2512 2865 saepe
2542 2789 2812 2846 nutriunt
2850 2787 3264 2860 pestilentiam,
3296 2789 3437 2846 dum
3479 2793 3864 2850 austeriorcm

2208 2880 2585 2938 dissimulant
2605 2877 2881 2935 adhibere
2897 2875 3271 2934 medicinam.
3290 2899 3320 2928 »
3353 2879 3424 2935 Et
3447 2879 3508 2935 in
3523 2880 3778 2954 epistola
3793 2883 3861 2938 ad

2208 2967 2516 3026 Turibium
2534 2965 2971 3022 Asturicensem
2989 2964 3330 3038 episcopum
3355 2982 3369 3022 :
3399 2989 3426 3018 ‹‹
3452 2970 3746 3034 Quoniam
3768 2971 3864 3044 qui

2208 3057 2354 3114 alios
2375 3057 2446 3113 ab
2467 3071 2659 3113 errore
2677 3071 2793 3110 non
2833 3054 3360 3127 revocat,seipsum
3391 3073 3588 3114 errare
3620 3059 3864 3117 demon-

2207 3151 2356 3204 strat
2385 3148 2489 3220 (ep.
2518 3147 2634 3216 93).
2670 3167 2698 3196 »
2730 3145 2800 3201 Et
2827 3149 3068 3202 sanctus
3099 3144 3476 3205 Innocentius
3504 3147 3566 3204 in
3613 3151 3864 3224 epistola

448 3235 748 3302 collatum,
781 3237 839 3292 id
871 3239 1010 3295 fisco
1041 3244 1238 3296 nostro
1271 3241 1537 3312 protinus
1587 3241 1914 3298 addicatur.
1944 3243 2097 3300 889
2138 3298 2177 3312 η
2210 3237 2283 3293 ad
2309 3236 2598 3310 synodum
2630 3233 3024 3291 Milevitana!!!
3057 3235 3162 3308 (ep.
3187 3235 3276 3303 32,
3298 3235 3400 3292 sub
3427 3237 3616 3308 ﬁnem)
3654 3257 3669 3296 :
3707 3263 3738 3291 κ
3761 3241 3867 3298 Ab-

322 3403 334 3410 _
448 3322 566 3396 Ipsi
595 3298 816 3381 vero-in
849 3326 1042 3384 nullos
1081 3298 1303 3401 aliquid
1335 3346 1403 3385 ex
1433 3329 1812 3386 facultatibus
1843 3298 1976 3387 suis”
2132 3298 2178 3368 α
2211 3298 2472 3384 scidendi
2502 3323 2659 3381 enim
2682 3328 2822 3381 sunt
2851 3325 3006 3381 840
3029 3298 3130 3397 qui
3151 3298 3668 3395 nosrcont'urbant,
3691 3335 3752 3386 et
3769 3347 3864 3386 vo-

449 3412 707 3470 nationis
735 3413 906 3471 titulo
929 3420 987 3471 et
997 3415 1134 3488 jure
1153 3417 1588 3474 transfundant.
1610 3418 1928 3492 Episcopos
1953 3437 2102 3492 quo-

451 3518 583 3575 que,
615 3501 702 3558 vel
735 3504 1123 3577 presbyteros,
1147 3505 1410 3579 aliosque
1455 3506 1718 3575 clericos,
1755 3507 1875 3566 illis
1907 3525 2101 3566 creare

449 3594 506 3646 et
535 3590 749 3648 habere
770 3609 894 3665 non
916 3593 1108 3661 liccat,
1135 3617 1162 3644 »
1197 3599 1253 3650 ct
1274 3594 1498 3668 reliqua
1526 3613 1653 3669 qua:
1684 3596 1900 3652 ibidem
1935 3599 2098 3654 suffi-

449 3677 671 3735 cienter
698 3679 880 3738 lector
907 3683 1118 3756 poterit
1147 3682 1425 3740 invenire.
1451 3685 1519 3740 Et
1538 3685 1677 3758 quia
1705 3685 1798 3742 his
1827 3686 2101 3743 Christia-

447 3769 541 3836 nis
571 3769 1036 3830 Christianorum
1067 3773 1488 3847 imperatorum
1537 3775 1766 3846 legibus
1814 3776 2099 3833 catholica

446 3859 636 3916 faveat
662 3865 850 3918 mater
879 3861 1154 3931 Ecclesia,
1170 3868 1228 3919 et
1255 3868 1497 3920 sanctus
1539 3865 1902 3922 demonstrat
1929 3865 2094 3922 Gela-

446 3946 572 4003 sius
621 3948 679 4003 in
729 3949 958 4008 decreto
1013 3952 1084 4008 ad
1117 3951 1450 4010 Sicilienses
1480 3954 1784 4027 episcopos
1805 3954 2092 4024 (Gclasius,

443 4052 527 4108 ep.
552 4039 632 4104 7),
665 4036 748 4093 ita
800 4039 870 4094 ad
931 4038 1123 4096 locum
1182 4041 1430 4098 dicens:
1466 4042 1672 4110 «Quia
1723 4046 1780 4099 et
1835 4042 2092 4100 ﬁliorum

446 4128 780 4181 nostrorum
813 4126 1146 4200 principum
1169 4128 1250 4185 ita
1279 4131 1570 4186 emanavit
1597 4131 1933 4187 auctoritas.
1967 4155 1994 4182 ››
2023 4132 2093 4188 Et

446 4215 688 4268 sanctus
719 4214 1030 4287 Gregorius
1061 4215 1358 4274 multoties
1379 4218 1438 4273 in
1471 4218 1944 4298 Commonitoriis
1965 4221 2085 4288 (lib.

442 4316 522 4363 χι,
554 4301 710 4372 epist.
743 4302 836 4370 54)
865 4304 938 4358 ad
995 4304 1281 4361 Joannem
1332 4307 1695 4365 defensorem
1741 4314 1976 4365 euntem
2027 4309 2087 4364 in

444 4385 949 4463 Hispaniam,quze
979 4394 1424 4450 commonitoria
1453 4412 1520 4452 ex
1550 4396 1776 4472 integro
1806 4398 1878 4454 de
1908 4398 2086 4472 impe-

441 4474 689 4532 rialibus
717 4480 1014 4536 contexuit
1042 4480 1452 4555 legibus,quas
1470 4483 1894 4543 ecclesiasticas
1921 4487 2084 4560 judi-

439 4563 644 4621 cavit.»
659 4565 728 4621 Et
748 4583 997 4640 magnus
1015 4569 1125 4626 Lco
1147 4588 1299 4644 papa
1315 4572 1372 4627 in
1390 4572 1636 4644 epistola
1665 4575 1738 4631 ad
1779 4577 2081 4634 universos

2175 3415 2338 3472 'lunt
2368 3417 2698 3470 convertere
2743 3411 3120 3486 Evangelium
3159 3413 3394 3471 Christi.
3419 3414 3609 3472 Simul
3665 3423 3864 3476 autem

2210 3503 2606 3578 praecipimus,
2641 3505 2705 3557 ut
2735 3501 3069 3575 quicunque
3098 3501 3160 3558 id
3193 3503 3516 3576 pertinacia
3545 3505 3728 3563 simili
3761 3508 3864 3566 de-

2211 3595 2437 3650 fensare
2471 3591 2760 3656 nituntur,
2785 3607 2890 3662 par
2911 3590 3018 3646 hos
3043 3589 3302 3648 vindicta
3331 3595 3721 3669 constringat.
3739 3597 3860 3653 Non

2207 3689 2398 3738 solum
2423 3685 2619 3736 autem
2651 3679 2750 3752 qui
2778 3678 3019 3746 faciunt,
3037 3680 3138 3736 sed
3158 3680 3334 3737 etiam
3357 3683 3458 3754 qui
3481 3684 3865 3742 consentiunt

2205 3769 2592 3828 facientibus:
2617 3768 2757 3842 quia
2778 3785 2892 3824 non
2919 3767 3169 3824 multum
3200 3768 3482 3828 interesse
3501 3773 3764 3830 arbitror
3779 3775 3865 3831 in-

2203 3866 2294 3918 ter
2321 3857 2741 3916 committentis
2773 3857 3036 3913 animum
3059 3862 3116 3914 ct
3135 3855 3556 3917 consentientis
3577 3861 3858 3920 favorem.

2201 3950 2364 4006 Addo
2395 3953 2453 4005 et
2495 3945 2751 4019 amplius
2783 3962 2796 4001 :
2826 3945 3173 4020 Plerumque
3220 3947 3469 4005 dediscit
3511 3966 3730 4019 errare,
3764 3953 3860 4008 cui

2201 4055 2374 4096 nemo
2404 4035 2691 4093 consentit
2725 4051 2738 4090 :
2771 4034 2908 4108 quia
2937 4039 3002 4091 ut
3028 4036 3142 4092 Leo
3171 4035 3232 4092 in
3260 4035 3510 4110 epistola
3532 4039 3608 4096 ad
3638 4042 3862 4098 Anato-

2198 4129 2344 4185 lium
2376 4125 2520 4182 dicit
2550 4140 2564 4180 :
2599 4123 2760 4180 Sicut
2790 4123 2849 4179 in
2883 4123 3038 4180 mala
3059 4125 3332 4183 suasione
3361 4126 3754 4201 delinquitur,
3777 4130 3864 4188 ita

2197 4217 2335 4275 etin
2367 4213 2523 4271 mala
2553 4213 2936 4270 consensione
2966 4219 3259 4286 peccatur.
3289 4237 3317 4264 »

2265 4306 2360 4362 Vl.
2377 4303 2716 4362 Ponendum
2737 4303 2915 4358 etiam
2938 4303 3184 4376 dignum
3197 4303 3631 4378 duximusquid
3656 4308 3730 4366 de
3753 4309 3862 4367 hu-

2186 4393 2453 4472 jusmodi
2488 4408 2660 4466 prave
2683 4389 3006 4448 scientibus
3034 4391 3192 4467 leges
3220 4393 3537 4450 decernant
3554 4396 3863 4457 ecclesias-

2191 4487 2339 4545 ticae.
2355 4482 2652 4556 Scriptum
2667 4484 2755 4536 cst
2767 4479 2922 4536 enim
2937 4479 2996 4535 in
3023 4479 3438 4540 constitutione
3459 4483 3863 4556 SynodiChal-

2189 4570 2538 4634 cedonensis
2567 4569 2807 4642 (Actione
2834 4587 2890 4636 v,
2918 4569 3201 4642 Chalced,)
3220 4568 3338 4626 ita:
3363 4594 3392 4622 ‹‹
3418 4572 3620 4629 Actius
3660 4576 3859 4634 archi-

441 4651 745 4725 episcopos
769 4671 872 4726 per
892 4656 1150 4715 diversas
1171 4661 1498 4732 provincias
1517 4665 1866 4722 constitutos
1891 4683 1904 4722 :
1931 4691 1959 4718 «
1979 4667 2093 4724 Ali-
2119 4671 2166 4738 ι)
2198 4665 2482 4722 diaconus
2509 4656 3188 4730 Constantinopolitanae
3217 4675 3378 4716 nova)
3407 4659 3602 4717 Rome
3650 4665 3860 4722 recita-

440 4741 974 4816 quanti,inquicns,
993 4747 1093 4819 qui
1126 4749 1209 4805 ita
1237 4766 1299 4805 se
1329 4750 1753 4820 demerscrunt,
1773 4761 1839 4811 ut
1859 4757 2086 4814 nullum

438 4829 532 4887 his
544 4831 880 4888 auxiliantis
901 4835 1086 4906 possit
1105 4837 1428 4894 remedium
1441 4841 1993 4909 subvenire,subditi
2011 4845 2086 4902 lc-

434 4919 962 4994 gibus.secundum
978 4925 1437 4984 Christianorum
1457 4931 1789 5006 principum
1807 4934 2086 4992 constitu-

436 5013 516 5076 ta,
533 5027 602 5064 ne
619 5015 886 5066 sanctum
907 5028 1137 5085 gregem
1153 5032 1261 5071 sua
1273 5018 1613 5091 contagione
1627 5021 2084 5097 polluerent,pcr

434 5097 701 5168 publicos
721 5098 953 5170 judiccs
1002 5107 1278 5174 perpetuo
1327 5111 1468 5162 sunt
1514 5109 1715 5166 exsilio
1754 5111 2012 5184 relegati.
2050 5137 2078 5164 ››

432 5184 502 5240 Et
527 5185 664 5242 item
696 5187 849 5244 idem
881 5189 939 5244 in
965 5189 1212 5264 cpistola
1243 5193 1314 5249 ad
1348 5194 1714 5254 Pulcheriam
1747 5201 2073 5274 Augustam

431 5275 536 5344 (cp.
571 5275 662 5344 47)
695 5293 708 5331 :
743 5301 770 5327 «
804 5277 885 5334 Dc
934 5280 1192 5354 Eutyche
1239 5287 1433 5340 autem
1485 5287 1666 5344 totius
1711 5289 1972 5345 scandali
2019 5295 2077 5347 et

429 5361 731 5433 pravitatis
760 5371 1012 5438 auctore,
1045 5369 1154 5426 hoc
1185 5370 1493 5429 clementia
1519 5381 1710 5433 vestra
1756 5377 2074 5450 praecipiat,

429 5453 495 5504 ut
523 5450 594 5505 ab
617 5467 683 5506 eo
715 5453 838 5510 loco
869 5474 985 5529 quo
1030 5459 1685 5536 Constantinopolitanae
1737 5465 1864 5521 urbi
1897 5467 2074 5524 nimis

424 5537 654 5628 vicinus
701 5547 808 5612 est,
849 5544 1081 5620 longius
1136 5552 1540 5622 transferatur,
1590 5571 1662 5610 ne
1721 5556 2072 5628 frequentio-

429 5625 592 5684 ribus
645 5629 870 5689 solatiis
927 5651 1126 5694 eorum
1177 5656 1323 5712 quos
1374 5642 1445 5698 ad
1495 5625 1854 5716 impietatem
1903 5663 2068 5702 suam

424 5716 600 5773 traxit
624 5723 843 5778 utatur.
881 5723 1230 5785 Monasterio
1262 5747 1496 5803 quoque
1526 5731 1731 5804 ipsius,
1753 5734 1844 5790 cui
1881 5735 2070 5808 perni-

2193 4755 2278 4810 vit
2309 4768 2324 4807 :
2359 4750 2573 4806 Sancta
2602 4750 2659 4802 ct
2687 4762 2904 4820 magna
2933 4746 3280 4805 universalis
3309 4749 3590 4823 synodus,
3605 4769 3738 4825 quae
3767 4769 3862 4810 se-

2191 4841 2451 4900 cundum
2482 4835 2729 4910 gratiam
2757 4840 2815 4891 et
2843 4835 3174 4893 sanctiones
3205 4837 3437 4911 piomm
3483 4839 3855 4900 Christiano-

2189 4944 2440 5001 rumque
2471 4925 2888 4996 imperatorum
2916 4923 3314 4984 Valentiniani
3338 4932 3397 4984 et
3428 4929 3710 4987 Marciani
3738 4933 3857 4988 Au-

2189 5017 2521 5094 gustorum,
2537 5018 2891 5084 congregata
2909 5017 2998 5070 est
3018 5016 3171 5088 apud
3193 5015 3618 5075 Chalcedonem
3637 5025 3856 5078 metro-

2189 5107 2372 5182 polim
2404 5101 2683 5174 Bithynia:
2715 5101 3022 5173 provincia:
3053 5103 3111 5160 in
3145 5105 3422 5179 martyrio
3443 5111 3660 5164 sanctas
3683 5125 3851 5166 mar-

2188 5195 2334 5271 tyris
2365 5189 2718 5264 Euphemiae,
2745 5191 2949 5246 statuit
2979 5193 3182 5250 subter
3211 5193 3758 5256 adnexa.Dominus
3784 5205 3853 5256 et

2184 5283 2451 5343 Salvator
2477 5283 2674 5336 noster
2701 5278 2970 5336 Christus
2998 5281 3265 5338 notitiam
3297 5282 3432 5340 fidei
3481 5286 3849 5344 conﬁrmans

2183 5369 2493 5445 discipulis
2541 5368 2667 5425 suis
2714 5367 2843 5424 ait:
2877 5369 3074 5426 Pacem
3118 5389 3296 5428 meam
3335 5373 3404 5430 do
3458 5374 3629 5443 vobis,
3653 5393 3851 5450 ραοεῃι

2182 5464 2434 5534 relinquo
2478 5457 2628 5514 vobis
2675 5457 2849 5526 (Jonn.
2896 5475 3012 5524 xxv,
3035 5460 3148 5531 27),
3173 5476 3246 5515 ne
3294 5459 3453 5516 ullus
3493 5479 3528 5518 a
3574 5464 3847 5535 proximo

2182 5570 2288 5610 suo
2335 5549 2598 5605 dissonet
2645 5543 2703 5598 in
2757 5546 3020 5612 doctrina
3070 5547 3325 5621 pictatis,
3359 5551 3462 5606 sed
3505 5551 3845 5624 aequalitate

2181 5633 2610 5716 praedicationis
2637 5632 2938 5691 veritatem
2968 5639 3256 5695 ostendat.
3280 5660 3308 5689 ››
3340 5640 3407 5696 Et
3433 5643 3580 5696 circa
3618 5643 3782 5714 ﬁnem
3814 5662 3839 5697 :

2183 5756 2209 5782 ‹‹
2236 5730 2337 5786 His
2371 5725 2548 5798 igitur
2584 5739 2718 5778 cum
2750 5725 2906 5780 omni
2939 5726 3201 5800 undique
3245 5727 3506 5800 veritate,
3531 5727 3842 5804 diligentia
