4018 6490
215 437 329 502 ιοδ

925 441 1028 503 DE
1067 423 1830 506 PRIEDESTINATIONE
1873 443 2386 510 DISSERTATIO
2429 448 2889 514 POSTERIOR.

3499 457 3619 523 406

215 577 272 632 et
297 572 692 664 sollicitudine
723 592 758 632 a
785 575 958 664 nobis
987 576 1290 647 defﬁnitis,
1325 579 1532 637 statuit
1573 585 1778 638 sancta
1804 585 1863 638 et
1889 578 1946 646 Α
1977 578 2048 634 ad
2079 578 2444 638 Pulcheriam
2486 584 2812 657 Augustam
2842 587 2912 644 de
2948 588 3206 664 Eutyche
3243 590 3482 652 haeresis
3511 611 3616 654 au-

217 662 561 722 universalis
590 665 872 740 synodus,
890 663 1136 723 alteram
1158 668 1334 724 fidem
1356 667 1503 725 nulli
1534 669 1706 728 licere
1734 687 1862 743 pro-

211 757 378 826 ferre,
411 758 514 812 aut
543 754 928 825 conscribere,
963 760 1066 812 aut
1113 773 1480 830 componere,
1516 763 1618 816 aut
1655 759 1861 817 docere

212 845 396 904 aliter.
411 846 524 904 Eos
544 847 744 901 autem
763 843 864 917 qui
885 845 1014 901 ausi
1047 850 1186 901 sunt
1211 863 1555 919 componere
1579 850 1752 905 ﬁdem
1783 849 1861 907 al-

209 937 534 1000 teram,aut
563 933 820 1006 proferre
849 937 951 990 aut
979 935 1323 1002 docere,aut
1351 938 1577 994 tradere
1607 938 1856 995 alterum

209 1023 540 1098 symbolum
571 1021 899 1079 volentibus
919 1022 1005 1079 vel
1026 1023 1302 1092 converti,
1325 1024 1413 1082 vel
1443 1043 1511 1082 ex
1539 1027 1858 1098 gentilibus

209 1113 281 1171 ad
310 1111 709 1186 cognitionem
739 1110 1002 1168 veritatis
1032 1113 1244 1182 venire,
1272 1113 1360 1171 vel
1401 1132 1470 1170 ex
1505 1115 1745 1183 Judaeis,
1767 1116 1855 1174 vel

207 1201 412 1259 haeresi
445 1217 818 1274 quacunque,
852 1199 903 1258 si
941 1199 1178 1273 quidem
1210 1201 1465 1276 episcopi
1507 1206 1725 1262 fuerint
1755 1212 1858 1264 aut

205 1289 420 1358 clerici,
439 1289 663 1347 alienos
691 1304 820 1360 esse
849 1289 1154 1363 episcopos
1182 1292 1255 1348 ab
1283 1292 1641 1366 episcopatu,
1662 1299 1719 1352 et
1748 1295 1857 1352 cle-

203 1380 356 1438 ricos
405 1397 441 1438 a
487 1377 755 1437 clerozsi
783 1395 916 1434 vero
975 1379 1245 1436 monachi
1275 1385 1377 1436 aut
1429 1381 1563 1438 laici
1614 1384 1852 1454 fuerint,

203 1469 710 1528 anathematizari.
744 1467 860 1525 Nec
889 1484 953 1525 se
982 1471 1191 1541 putent
1232 1469 1453 1527 alienos
1483 1473 1556 1528 ab
1588 1472 1697 1529 hac
1725 1490 1854 1531 esse

203 1558 518 1627 sententia,
552 1557 655 1631 qui
712 1557 998 1631 symbolo,
1026 1557 1086 1613 id
1142 1563 1232 1615 est
1289 1559 1584 1616 collationi
1639 1569 1853 1620 sanctae

203 1647 503 1706 catholicae
560 1651 620 1703 et
675 1645 1006 1720 apostolicae
1059 1647 1350 1718 Ecclesiae,
1391 1666 1461 1706 ex
1517 1656 1850 1709 sanctarum

203 1737 644 1811 Scripturarum
690 1735 1054 1804 auctoritate,
1077 1740 1135 1792 et
1163 1737 1618 1795 orthodoxorum
1667 1741 1850 1815 magi-

202 1831 462 1885 strorum
484 1825 770 1895 doctrina,
791 1825 863 1881 ad
885 1826 1241 1882 credendum
1263 1831 1319 1883 et
1336 1830 1657 1886 tenendum
1678 1836 1852 1904 atque

1971 671 2128 758 etore
2174 673 2352 742 (epist.
2400 673 2466 729 15
2504 674 2561 729 in
2601 674 2765 746 ﬁne):
2795 697 2818 728 ι
2849 675 2908 732 Si
2963 678 3106 750 ipse,
3157 679 3369 755 inquit,
3405 683 3507 758 qui
3552 685 3614 742 in

1969 755 2122 813 hanc
2155 759 2532 817 tentationem
2566 762 2772 820 incidit
2800 765 3108 838 resipiscit,
3131 768 3214 824 ita
3233 775 3298 826 ut
3318 755 3474 844 quod
3495 791 3616 831 ma-

1969 847 2023 903 le
2053 855 2317 906 senserat
2342 853 2577 923 propria
2605 871 2743 909 voce
2789 859 2846 910 et
2883 855 3309 930 subscriptione
3338 864 3613 920 condem-

1967 941 2090 1007 net,
2123 940 2460 996 communio
2509 941 2594 996 illi
2642 943 2733 998 sui
2781 943 3005 1001 ordinis
3055 947 3418 1006 reformetur.
3451 953 3614 1018 Quod

1967 1025 2146 1082 etiam
2177 1028 2342 1084 fratri
2392 1034 2449 1085 et
2493 1032 2834 1105 coepiscopo
2867 1050 2994 1090 meo
3025 1034 3318 1093 Flaviamo
3368 1055 3461 1094 me
3500 1040 3613 1097 cle-

1968 1117 2192 1172 mentia
2210 1121 2403 1173 vestra
2423 1119 2731 1192 scripsisse
2754 1127 3088 1194 cognoscat,
3103 1129 3159 1178 et
3178 1124 3273 1182 his
3288 1142 3436 1198 quos
3456 1128 3616 1186 misi-

1967 1223 2102 1262 mus
2130 1206 2450 1278 delcgasse,
2475 1211 2540 1263 ut
2571 1208 2738 1264 venia
2767 1211 3122 1268 concedatur
3149 1213 3198 1268 si
3230 1230 3391 1271 error
3420 1216 3613 1275 abole-

1965 1298 2080 1350 tur.
2108 1317 2135 1346 »
2161 1297 2231 1351 Et
2261 1295 2320 1350 in
2352 1295 2600 1368 epistola
2631 1298 2700 1352 ad
2734 1301 3410 1374 Constantinopolitanos
3434 1307 3612 1378 (epist.

1961 1384 2150 1452 25):«
2181 1385 2296 1440 Nec
2341 1386 2656 1458 quisquam
2713 1387 2826 1444 sibi
2873 1390 3086 1446 audeat
3142 1393 3212 1447 de
3269 1395 3614 1452 sacerdotali

1963 1471 2166 1528 ordine
2192 1472 2464 1541 blandiri,
2499 1475 2599 1546 qui
2645 1476 2898 1547 potuerit
2927 1476 2988 1532 in
3029 1482 3366 1538 exsecrandi
3403 1501 3614 1541 sensus

1962 1559 2260 1632 impietate
2291 1563 2576 1618 convinci.
2608 1563 2754 1618 Nam
2787 1564 2836 1620 si
2865 1565 2959 1620 vix
3003 1566 3063 1622 in
3099 1567 3263 1626 laicis
3292 1571 3614 1631 tolerabilis

1959 1649 2192 1705 videtur
2220 1650 2473 1720 inscitia,
2499 1657 2717 1725 quanto
2761 1653 2951 1727 magis
2979 1654 3040 1710 in
3072 1656 3156 1713 eis
3205 1659 3304 1732 qui
3353 1667 3614 1733 praesunt

1963 1757 2068 1795 nec
2099 1740 2470 1796 excusatione
2499 1745 2586 1796 est
2617 1743 2814 1816 digna,
2851 1761 2954 1799 nec
2985 1746 3172 1818 venia,
3197 1750 3447 1806 maxime
3477 1769 3612 1809 eum

1961 1829 2138 1884 etiam
2164 1829 2474 1885 defendere
2495 1847 2901 1902 perversarum
2921 1833 3263 1905 opinionum
3281 1845 3615 1896 commenta

201 1917 536 1974 docendum
593 1914 853 1988 prolata,
880 1914 1274 1972 contradicere
1333 1934 1449 1974 non
1503 1924 1794 1976 verentur.
1821 1943 1848 1970 »
1879 1951 1928 2016 B
1960 1921 2348 1990 praesumunt,
2375 1921 2432 1973 et
2462 1918 2530 1973 in'
2552 1935 2904 1976 consensum
2949 1939 3125 1978 suum
3157 1930 3260 1980 aut
3288 1943 3480 1984 errore
3509 1934 3612 1985 aut

190 2006 330 2065 Item
355 2005 422 2062 in
448 2005 689 2078 praefato
709 2003 955 2060 concilio
975 2003 1430 2062 Chalcedonensi
1453 2011 1678 2077 (canone
1707 2011 1740 2064 4
1758 2026 1846 2082 sy-

185 2093 334 2164 nodi)
356 2094 552 2166 capite
582 2093 774 2162 tertio,
807 2093 1092 2166 scriptum
1124 2099 1214 2150 est
1245 2111 1258 2150 :
1286 2097 1444 2162 «Qui
1474 2113 1605 2153 vere
1635 2103 1692 2154 et
1723 2099 1842 2155 sin-

186 2199 308 2240 cere
326 2181 700 2255 singularem
723 2186 1023 2239 sectantur
1040 2183 1221 2240 vitam
1245 2190 1639 2258 competenter
1661 2187 1843 2252 hono-

184 2279 406 2330 rentur.
423 2270 713 2339 Quoniam
733 2289 867 2328 vero
885 2271 1125 2345 quidam
1148 2278 1380 2331 utentes
1407 2275 1612 2332 habitu
1640 2294 1844 2334 mona-

185 2360 273 2418 chi
293 2359 704 2419 ecclesiastica
735 2361 971 2434 negotia
997 2361 1306 2435 civilisque
1343 2365 1752 2420 conturbant.»
1775 2368 1846 2422 Et

178 2454 304 2524 post
331 2466 532 2523 pauca
555 2467 605 2506 :«
631 2449 951 2506 Monachos
969 2465 1104 2506 vero
1127 2468 1230 2523 per
1259 2469 1742 2526 unamquamque
1771 2453 1845 2510 ci-

176 2538 418 2596 vitatem
469 2543 576 2594 aut
624 2537 924 2612 regionem
970 2539 1269 2610 subjectos
1309 2557 1437 2596 esse
1472 2541 1764 2614 episcopo,
1788 2546 1845 2598 et

157 2665 164 2668 -
185 2627 445 2701 quietem
467 2627 732 2701 diligere,
761 2630 818 2682 et
837 2627 1094 2684 intentos
1115 2645 1244 2684 esse
1265 2631 1672 2686 tantummodo
1693 2631 1775 2703 jej
1786 2649 1844 2686 u-

177 2715 269 2774 nio
299 2721 360 2773 et
392 2714 672 2784 orationi,
697 2715 760 2770 in
809 2715 955 2772 locis
982 2715 1200 2788 quibus
1230 2719 1712 2774 renuntiaverunt
1737 2737 1841 2775 sm-

172 2805 299 2862 culo
327 2810 776 2878 permanentes.
795 2805 912 2861 Nec
933 2805 1346 2863 ecclesiasticis
1366 2825 1500 2863 vero
1524 2825 1628 2864 nec
1659 2825 1842 2864 saecu-

176 2894 398 2952 laribus
425 2893 679 2968 negotiis
701 2893 1158 2965 communicent,
1175 2895 1264 2952 vel
1288 2895 1348 2970 in
1371 2896 1565 2969 aliquo
1589 2897 1706 2954 sint
1726 2915 1844 2956 mo-

177 2984 324 3052 lesti,
366 2982 614 3058 propria
641 2982 997 3040 monasteria
1028 2983 1395 3053 deserentes,
1425 2985 1539 3042 nisi
1571 2987 1720 3042 forte
1749 2985 1842 3042 his

177 3072 556 3148 praseipiatur
585 3076 823 3146 propter
851 3089 1000 3144 opus
1039 3075 1434 3131 necessarium
1469 3075 1541 3130 ab
1571 3075 1840 3149 episcOpo

177 3161 447 3220 civitatis.
482 3161 1038 3234 Transgredientem
1066 3179 1200 3220 vero
1232 3163 1384 3219 hanc
1428 3163 1840 3220 dil‘ﬁnitionem

177 3256 440 3310 nostram
473 3251 1052 3308 excommunicatum
1083 3269 1212 3309 esse
1245 3253 1666 3309 decrevimus.»
1695 3254 1838 3310 Item

1955 2005 2144 2078 gratia
2174 2005 2534 2062 insanabiles
2561 2025 2828 2080 quosque
2869 2011 3222 2068 traducunt?
3255 2014 3612 2087 Separentur

1952 2093 2297 2166 hujusmodi
2328 2112 2362 2150 a
2383 2095 2546 2152 sanis
2574 2097 2856 2154 membris
2887 2089 3145 2172 corporis
3165 2102 3398 2173 Christi,
3422 2121 3611 2178 neque

1953 2182 2063 2238 sibi
2082 2183 2368 2240 catholica
2389 2183 2632 2240 libertas
2657 2185 2987 2242 inﬁdelium
3003 2189 3214 2262 jugum
3232 2191 3488 2263 patiatur
3508 2193 3611 2248 im-

1952 2272 2164 2345 poni.»
2189 2274 2260 2328 Et
2309 2272 2367 2328 in
2418 2274 2665 2346 epistola
2716 2277 2786 2331 ad
2838 2277 3233 2334 Theodosium
3265 2280 3442 2353 (epist.
3476 2283 3601 2356 i4):

1958 2383 1980 2411 ι
2016 2361 2086 2416 Ut
2117 2361 2257 2434 quia
2287 2362 2544 2418 dubitari
2593 2381 2709 2420 non
2758 2369 2949 2436 potest
2979 2385 3106 2438 qua:
3157 2369 3235 2424 sit
3265 2368 3607 2428 Christiana:

1953 2449 2345 2506 confessionis
2394 2451 2722 2524 integritas,
2755 2457 2814 2510 ct
2864 2455 3043 2509 totius
3093 2456 3304 2513 erroris
3356 2459 3613 2531 pravitas

1952 2539 2288 2610 damnetur,
2305 2544 2362 2594 et
2379 2539 2427 2594 si
2453 2540 2802 2612 resipiscens
2821 2543 2958 2614 quia
2973 2543 3302 2601 deviaverat
3322 2564 3423 2618 pro
3443 2549 3612 2606 venia

1953 2627 2262 2700 supplicet,
2297 2629 2676 2685 sacerdotalis
2709 2631 2759 2686 ei
2791 2632 3192 2689 benevolentia
3222 2636 3550 2694 subveniat.
3579 2661 3607 2688 »

1950 2716 2018 2770 Et
2047 2715 2107 2770 in
2138 2716 2384 2788 epistola
2413 2718 2486 2772 ad
2521 2716 2827 2774 Julianum
2859 2722 3038 2792 (epist.
3071 2723 3160 2796 19)
3186 2739 3235 2778 ;‹‹
3260 2724 3334 2780 Ut
3373 2725 3423 2782 si
3466 2745 3604 2784 con-

1951 2805 2266 2860 demnatus
2295 2805 2599 2878 presbyter
2636 2807 2810 2880 plena
2839 2809 3240 2868 satisfactione
3269 2815 3604 2888 corrigitur,

1951 2893 2244 2948 sententia
2273 2911 2389 2965 qua
2436 2894 2754 2950 obstrictus
2805 2901 2907 2953 est‘
2944 2897 3252 2956 relaxetur.
3288 2902 3348 2958 Si
3377 2921 3510 2960 vero
3543 2905 3602 2960 in

1949 2982 2153 3036 eodem
2179 2980 2527 3054 insipientia:
2552 3001 2670 3038 sua:
2693 2983 2814 3039 luto
2827 2987 3026 3057 jacere
3057 2986 3356 3060 delegerit,
3380 2995 3603 3050 statuta

1949 3075 2351 3142 permaneant,
2375 3075 2434 3128 et
2461 3089 2594 3126 eum
2625 3072 2707 3127 eis
2737 3073 2950 3130 habeat
2980 3081 3216 3147 sortem,
3241 3095 3492 3150 quorum
3511 3085 3602 3139 est

1950 3162 2188 3214 secutus
2237 3176 2508 3216 errorem.
2535 3183 2562 3210 »
2587 3162 2656 3217 Et
2703 3161 2762 3216 in
2821 3163 3070 3236 epistola
3125 3167 3197 3221 ad
3259 3166 3599 3228 Flavianum

1952 3249 2131 3320 (epist.
2153 3248 2242 3320 22)
2270 3265 2282 3304 :
2311 3271 2337 3298 ‹‹
2359 3250 2431 3304 At
2460 3248 2508 3305 si
2541 3251 2809 3323 deposita
2848 3251 3153 3326 imperitiae
3194 3272 3314 3312 suae
3342 3257 3599 3316 vanitate

174 3339 232 3396 in
261 3339 518 3398 concilio
547 3339 872 3413 Agathensi
893 3341 1038 3413 (can.
1061 3342 1151 3410 38)
1176 3341 1364 3414 capite
1394 3343 1464 3398 38
1490 3359 1503 3396 :
1529 3344 1675 3399 341
1715 3366 1742 3393 ‹‹
1775 3343 1840 3399 I'n
1871 3319 1914 3386 (ἶ
1953 3319 2326 3408 resipiscunt,
2351 3319 2635 3411 omnique
2659 3355 2851 3397 errore
2882 3319 3158 3400 damnato
3197 3345 3375 3402 ﬁdem
3403 3364 3599 3404 veram

158 3429 484 3487 monachis
517 3444 755 3501 quoque
786 3428 1094 3502 presentis
1117 3430 1416 3486 sententiae
1447 3431 1636 3487 forma
1655 3447 1840 3486 serve.

172 3522 279 3575 tur.
301 3521 466 3587 Quos
497 3517 549 3574 si
579 3518 893 3575 verborum
924 3519 1243 3591 increpatio
1273 3536 1390 3574 non
1423 3519 1838 3588 emendaverit,

171 3607 340 3666 etiam
364 3605 717 3664 verberibus
753 3607 1074 3664 statuimus
1105 3607 1375 3663 coerceri.
1403 3631 1430 3656 »

238 3697 360 3754 νη.
381 3697 556 3754 Nunc
587 3694 844 3768 qualiter
885 3695 1292 3767 resipiscentes
1323 3696 1739 3768 suscipiantur,
1765 3715 1833 3754 ex

159 3783 594 3843 .ecelesiasticis
611 3783 829 3856 regulis
841 3775 1175 3856 ponendum
1191 3785 1549 3842 censuimus.
1563 3787 1656 3842 Ait
1673 3787 1830 3843 enim

173 3891 423 3949 magnus
455 3874 574 3929 Leo
626 3889 781 3945 papa
830 3871 892 3928 in
940 3871 1189 3945 epistola
1241 3873 1310 3928 ad
1361 3873 1695 3930 Anatolium
1728 3892 1832 3947 per

174 3962 490 4020 Patricium
521 3961 836 4034 diaconum
861 3960 1081 4018 directa
1101 3964 1278 4034 (epist.
1301 3964 1392 4030 83)
1417 3979 1467 4017 :«
1491 3962 1828 4021 Dilectionis

175 4054 279 4109 tua;
310 4050 741 4125 inquirendum
764 4049 989 4122 judicio
1019 4049 1301 4123 delegavi,
1325 4055 1391 4108 ut
1427 4051 1647 4108 Scilicet
1679 4053 1826 4108 Atti-

175 4156 273 4197 cus
305 4141 636 4214 presbyter,
660 4154 837 4212 quem
867 4137 1009 4194 talia
1037 4139 1252 4196 audere
1283 4157 1686 4212 cognoveram,
1711 4141 1825 4198 nisi

179 4231 436 4302 perfecta
461 4245 528 4285 se
557 4227 954 4285 satisfactione
1001 4232 1332 4300 purgasset,
1365 4233 1424 4284 et
1471 4246 1586 4285 non
1633 4229 1824 4286 solum

176 4333 308 4375 voce
335 4317 668 4384 haereticos,
690 4316 793 4373 sed
821 4315 999 4372 etiam
1043 4317 1289 4389 propriae
1329 4334 1540 4374 manus
1578 4317 1804 4376 subseri

177 4406 372 4480 ptione
432 4407 793 4472 damnasset,
845 4422 882 4462 a
936 4405 1371 4462 communionis
1429 4407 1618 4480 gratia
1671 4413 1826 4464 esset

173 4493 422 4551 alienus.
447 4517 476 4544 »
509 4494 581 4549 Et
623 4496 755 4565 post
810 4510 998 4566 pauca
1029 4509 1042 4548 ε
1073 4516 1094 4544 ι
1130 4493 1448 4550 Praedictus
1506 4498 1700 4552 autem
1760 4499 1826 4550 ut

173 4581 241 4636 ab
271 4581 436 4638 omni
469 4579 809 4654 suspicione
837 4580 1130 4637 contraria
1165 4580 1314 4637 liber
1351 4587 1647 4654 appareat,
1681 4584 1820 4656 quid

1949 3425 2424 3500 singularemque
2445 3427 2798 3500 suscipiunt,
2815 3430 3218 3490 misericordia
3241 3434 3464 3492 eisdem
3485 3437 3600 3510 epi-

1947 3514 2197 3590 scopalis
2242 3517 2394 3572 342
2437 3516 2838 3573 benevolentia
2878 3535 2991 3574 non
3034 3524 3296 3593 negetur,
3319 3539 3597 3583 mansuro

1936 3603 2163 3674 judicio
2185 3605 2338 3676 quod
2372 3606 2688 3676 praecessit,
2715 3606 2764 3661 si
2796 3607 3070 3678 impietas
3102 3611 3309 3666 merito
3329 3613 3597 3670 condem-

1943 3698 2080 3748 nata
2099 3693 2158 3748 in
2181 3711 2290 3748 sua
2311 3695 2595 3766 pravitate
2615 3696 2995 3766 perstiterit.»
3018 3697 3245 3753 Etenim
3269 3699 3328 3753 in
3351 3701 3598 3772 epistola

1944 3783 2014 3838 ad
2056 3781 2734 3853 Constantinopolitonos
2765 3787 2944 3855 (epist.
2980 3787 3040 3840 41
3075 3787 3147 3842 ad
3173 3789 3548 3860 Pulcheriam)
3578 3807 3592 3845 :

1939 3894 1967 3921 «
1995 3871 2332 3926 Devotionis
2363 3875 2680 3943 utrumque
2703 3878 2793 3928 est
2813 3873 3246 3944 Christianaa,ut
3265 3881 3322 3932 et
3340 3878 3595 3948 pertina-

1937 3976 2034 4015 ces
2057 3959 2268 4015 veritas
2293 3960 2457 4030 justa
2487 3964 2766 4028 coerceat,
2783 3965 2840 4016 et
2861 3979 3172 4019 conversos
3195 3964 3456 4022 charitas
3477 3984 3592 4023 non

1936 4046 2237 4120 repellat.»
2259 4049 2328 4103 Et
2361 4048 2418 4102 in
2468 4046 2716 4119 cpistola
2757 4048 2831 4104 ad
2877 4050 3214 4107 Anatolium
3248 4052 3426 4125 (epist.
3459 4057 3591 4126 42):

1938 4159 1966 4188 ‹‹
1989 4137 2058 4192 Hi
2090 4137 2189 4210 qui
2219 4137 2406 4209 plenis
2427 4135 2932 4194 satisfactionibus
2959 4139 3114 4195 male
3137 4147 3304 4212 gesta
3325 4144 3574 4200 condem

1935 4229 2097 4292 nant,
2116 4229 2172 4281 et
2195 4242 2469 4280 accusare
2492 4241 2554 4280 sc
2575 4225 2766 4298 magis
2787 4225 3014 4298 eligunt
3035 4245 3214 4299 quam
3239 4230 3414 4302 tueri,
3435 4231 3598 4304 pacis

1933 4318 1990 4370 et
2019 4311 2450 4370 communionis
2485 4317 2696 4370 nostrae
2729 4314 2953 4370 unitate
2984 4315 3274 4387 laetentur,
3300 4319 3380 4375 ita
3410 4323 3477 4375 ut
3506 4321 3594 4376 di-

1933 4419 2049 4475 gno
2081 4402 2245 4474 prius
2276 4402 2649 4458 anathemate
2671 4421 2798 4476 quae
2821 4408 3026 4460 contra
3048 4406 3224 4461 fidem
3247 4407 3596 4465 catholicam

1936 4495 2080 4546 sunt
2109 4495 2340 4563 recepta
2370 4491 2782 4546 damnentur.»
2805 4493 2875 4547 Et
2904 4497 3036 4564 post
3066 4494 3376 4566 paululum
3401 4513 3459 4551 :«
3492 4497 3598 4553 Nc-

1935 4595 2049 4652 que
2069 4578 2228 4634 enim
2251 4582 2444 4650 potest
2472 4577 2532 4634 in
2565 4578 2760 4651 aliquo
2793 4580 3126 4652 benignitas
3156 4588 3359 4640 nostra
3398 4601 3596 4658 repre-

170 4667 226 4724 in
282 4670 556 4744 Eutyche
614 4668 1076 4726 anathematizet
1123 4686 1191 4725 ac
1249 4670 1493 4726 damnet
1549 4671 1844 4744 evidenter
1869 4690 1918 4755 Β
1948 4669 2296 4734 hendi,cum
2319 4667 2743 4724 satisfacientes
2766 4667 3102 4742 recipimus,
3128 4689 3274 4744 quos
3297 4672 3594 4730 doluimus

181 4759 473 4826 ostendat,
501 4762 560 4814 et
587 4758 647 4813 in
681 4757 1057 4814 damnatione
1080 4759 1292 4814 erroris
1322 4761 1579 4832 expressi
1614 4767 1838 4819 remota
1947 4775 2076 4814 esse
2105 4758 2396 4830 deceptos.
2431 4758 2546 4812 Nec
2579 4775 2780 4830 aspere
2811 4757 2990 4830 igitur
3022 4761 3452 4818 communionis
3491 4779 3593 4818 no-

178 4845 334 4902 omni
393 4845 762 4904 dubitatione
827 4847 1192 4916 subscribat,
1251 4847 1334 4904 ita
1389 4852 1454 4903 ut
1520 4849 1832 4922 Chalcedo-

175 4936 372 4994 nensis
402 4935 614 5009 synodi
657 4934 1074 4991 diffinitionem
1106 4937 1178 4991 de
1223 4937 1359 5003 fide,
1390 4939 1484 4994 cui
1518 4939 1695 4996 etiam
1745 4940 1833 4996 di-

174 5021 343 5082 lectio
371 5029 478 5081 tua
507 5023 937 5081 subscribendo
967 5024 1286 5094 consensit,
1313 5029 1369 5082 et
1393 5043 1571 5098 quam
1599 5033 1832 5101 aposto-

179 5109 298 5169 licae
358 5113 517 5170 sedis
558 5113 815 5168 ﬁrmavit
859 5111 1198 5182 auctoritas,
1232 5116 1575 5186 proﬁteatur
1623 5135 1685 5174 se
1731 5135 1836 5190 per

165 5200 382 5257 omnia
409 5205 804 5268 servaturum,
835 5201 1066 5274 adjecta
1111 5201 1542 5274 subscriptione
1589 5205 1833 5277 propriae

181 5303 408 5358 manus,
440 5306 573 5362 quis
629 5288 690 5344 in
743 5287 998 5345 Ecclesia
1028 5288 1358 5346 Christiano
1417 5290 1630 5364 populo
1682 5310 1826 5364 prac-

181 5381 339 5434 sente
369 5378 668 5447 recitatur,
691 5381 756 5434 ut
785 5395 890 5450 pro
922 5377 1208 5434 catholica
1234 5379 1370 5447 fide,
1393 5396 1580 5452 neque
1602 5398 1708 5437 nos
1729 5399 1828 5437 ne-

177 5462 485 5538 gligentes,
515 5483 706 5539 neque
734 5465 862 5540 ipse
891 5466 1044 5523 ultra
1065 5471 1374 5540 suspectus
1396 5469 1699 5525 habeatur.
1723 5471 1830 5536 Qui

183 5550 256 5607 sit
279 5551 343 5610 in
385 5556 587 5612 eadem
618 5555 901 5629 pravitste
944 5557 1270 5628 perdurans
1299 5562 1582 5629 prazcepto
1613 5558 1835 5614 salubri

185 5655 380 5711 parere
408 5642 693 5713 noluerit,
718 5643 1066 5700 sententiam
1112 5645 1315 5719 synodi
1348 5645 1836 5702 Chalcedonensis

189 5729 353 5800 cujus
371 5727 828 5793 difﬂnitionibus
845 5733 1094 5792 resultat
1109 5733 1412 5806 excipiat.»
1426 5735 1495 5790 Et
1515 5735 1574 5789 in
1595 5734 1840 5806 epistola

1943 4851 2077 4902 strae
2105 4845 2296 4919 gratia
2327 4847 2670 4918 deneganda
2711 4850 2820 4916 est,
2847 4864 2951 4904 nec
2998 4851 3213 4904 temere
3243 4849 3544 4921 largiendo.
3576 4865 3590 4904 :

1943 4933 2082 5008 quia
2113 4933 2264 4990 sicut
2284 4934 2524 5006 plenum
2557 4935 2612 5008 pi
2623 4935 2792 4991 etatis
2822 4940 2911 4991 est
2931 4937 3226 5009 oppressis
3249 4937 3592 4994 charitatem

1942 5023 2307 5080 Dominicam
2337 5021 2647 5093 redhiberi,
2678 5024 2758 5080 ita
2777 5025 3011 5096 justum
3037 5029 3125 5080 est
3145 5024 3343 5080 omnia
3373 5029 3596 5096 pertur-

1943 5111 2194 5168 bationis
2225 5111 2562 5167 auctoribus
2593 5111 2892 5185 imputari.
2922 5136 2949 5161 »
2979 5113 3047 5168 Et
3077 5117 3210 5184 post
3239 5111 3546 5184 paululum
3577 5129 3590 5170 :

1947 5224 1974 5252 ‹‹
1997 5204 2152 5268 Quos
2183 5202 2471 5268 convenit,
2515 5205 2617 5257 aut
2645 5200 2878 5274 percelli
2927 5218 3030 5273 pro
3080 5200 3348 5272 perﬁdia,
3373 5205 3476 5256 aut
3504 5199 3594 5258 la-

1937 5290 2145 5346 borare
2174 5307 2278 5362 pro
2311 5289 2498 5346 venia.
2531 5313 2560 5339 »

2011 5379 2155 5436 Hinc
2177 5384 2235 5434 et
2257 5384 2494 5436 sanctus
2520 5378 2894 5434 Innocentius
2913 5377 2968 5432 in
2987 5377 3237 5450 epistola
3255 5379 3476 5451 synodo
3494 5378 3596 5435 Mi-

1939 5469 2201 5526 levitana:
2234 5469 2454 5526 directa
2471 5470 2768 5538 (Innocent.
2793 5471 2949 5538 epist.
2973 5469 3062 5536 32,
3085 5469 3186 5524 sub
3211 5470 3396 5542 ﬁnem)
3421 5487 3470 5526 τι(
3501 5471 3594 5526 ln-

1940 5564 2208 5614 ventores
2227 5576 2434 5614 vocum
2459 5557 3071 5629 novarum,quae,sicul
3093 5558 3240 5614 dixit
3258 5559 3592 5632 Apostolus,

1945 5647 2344 5703 zedilicationis
2369 5646 2643 5714 nihil,sed
2664 5646 2852 5720 magis
2868 5647 3222 5704 vanissimas
3239 5653 3597 5704 consuerunt

1948 5754 2154 5810 parare
2191 5737 2561 5808 quaestiones,
2594 5735 2990 5794 ecclesiastica
3019 5738 3430 5796 communione
3471 5735 3592 5810 pri-
