4018 6448
174 439 274 506 413
851 438 953 505 DE
995 439 1753 506 PREDESTINATIONE
1796 433 2314 506 DISSERTATIO
2358 441 2824 508 POSTEItIOR.
3416 442 3538 510 4M

169 591 341 634 veram
359 572 926 648 cognitionem,nihil
948 576 1139 649 magis
1157 576 1207 632 ei
1232 576 1501 649 congruit
1531 575 1631 649 qui
1662 593 1781 649 pce-
1812 575 1869 642 Α
1897 575 2086 649 (epist.
2122 578 2209 645 10)
2242 593 2255 633 :
2291 599 2319 627 «
2354 577 2571 634 Studeo
2614 577 2797 651 quieti
2830 578 3144 649 catholicas,
3180 564 3383 638 studeo
3407 598 3538 655 per-

172 665 446 724 nitentiam
474 662 858 737 gessit,quam
893 665 1134 721 castitas
1157 680 1534 737 perseverans
1556 668 1612 720 et
1629 680 1790 720 men-
1895 668 2090 724 euntis
2120 667 2317 737 saluti,
2350 667 2398 722 si
2431 671 2627 723 tamen
2656 667 2903 723 voluerit
2930 669 3335 741 aegritudinem
3366 670 3542 727 eonﬁ-

169 758 234 814 tis
252 759 303 811 et
323 752 590 826 corporis.
620 775 641 802 ιι
680 752 774 809 Sic
805 758 863 809 et
893 754 963 810 de
993 753 1087 809 his
1118 754 1384 826 utrisque
1415 754 1618 810 formis
1647 752 1786 809 item
1896 756 2025 811 teri.
2060 756 2222 821 Quod
2256 755 2384 811 ideo
2407 756 2679 824 dicimus,
2706 773 2779 812 ne
2798 755 3008 812 volenti
3032 774 3093 812 se
3114 758 3400 831 corrigere
3425 759 3538 815 for-

170 841 511 902 Innocentius
542 842 614 898 ad
649 842 996 899 Macedones
1028 842 1335 915 episcopos
1368 842 1572 898 scribit
1598 843 1785 915 (epist.
1898 844 2049 900 sitan
2074 846 2277 901 deesse
2305 843 2627 900 videamur.
2661 845 2807 900 Nam
2839 849 2896 901 et
2925 845 2972 901 si
3006 845 3175 901 nobis
3206 846 3545 903 sustinenti-

169 934 244 1007 10)
267 950 280 989 :
304 930 636 987 «Pervideat
675 947 811 1003 ergo
853 930 1083 987 dilectio
1118 935 1312 987 vestra
1336 931 1621 987 hactenus
1647 930 1791 986 talia
1898 932 2010 988 bus
2031 950 2224 999 uvam,
2248 933 2447 1006 spinas
2470 933 2579 988 sibi
2605 934 3236 1006 addiderit,impleatur
3264 934 3546 991 manenti-

167 1021 442 1087 transisse,
458 1023 514 1075 et
543 1020 826 1075 advertite
857 1019 1012 1093 quod
1046 1019 1250 1092 utique
1279 1024 1346 1075 ut
1375 1019 1570 1075 dicitis
1589 1035 1788 1075 neces-
1898 1022 2011 1079 bus
2033 1021 2270 1078 statutis
2299 1022 2591 1094 prioribus
2614 1023 2705 1078 sui
2739 1024 2930 1079 fructu
2954 1022 3547 1097 judicii,colligatque

167 1110 295 1168 sitas
324 1108 642 1182 imperavit,
674 1109 735 1164 in
766 1125 907 1181 pace
929 1110 1057 1182 jam
1103 1108 1453 1165 constitutas
1500 1107 1790 1164 Ecclesias
1899 1112 2056 1183 quod
2079 1110 2241 1166 sulco
2274 1110 2559 1167 diabolico
2581 1111 3033 1179 seminavit,non
3057 1115 3257 1167 nostro
3279 1111 3545 1178 consilio,

167 1217 268 1256 non
290 1213 654 1272 praesumere.
680 1198 789 1254 Sed
814 1200 880 1253 ut
900 1213 1051 1271 saepe
1076 1195 1306 1263 accidit,
1326 1197 1791 1269 quotiescunque
1900 1201 2003 1256 sed
2033 1218 2094 1257 se
2123 1200 2418 1274 periturus
2458 1205 2713 1257 auctore.
2749 1201 2957 1257 Probet
2982 1218 3091 1257 nos
3117 1200 3342 1257 veloces
3371 1200 3548 1273 pedes

166 1308 195 1347 a
210 1287 429 1362 populis
460 1290 563 1342 aut
591 1303 627 1341 τι
654 1287 830 1342 turba
860 1290 1152 1360 peccatur,
1172 1285 1312 1358 quia
1339 1287 1400 1341 in
1430 1302 1634 1341 omnes
1663 1303 1790 1358 pro-
1901 1291 1970 1346 ad
1996 1291 2415 1346 effundendum
2437 1290 2784 1363 sanguinem
2806 1306 2922 1345 non
2944 1287 3549 1362 habere,quandosibi

165 1383 277 1453 pter
302 1376 739 1433 multitudinem
802 1393 918 1432 non
968 1380 1162 1449 potest
1200 1374 1503 1443 vindicari,
1538 1375 1793 1432 inultum
1901 1379 2074 1436 etiam
2109 1379 2433 1435 remedium
2466 1382 2781 1452 cognoscat
2823 1377 3108 1434 oblatum.
3146 1399 3174 1428 »
3206 1379 3276 1434 Et
3305 1378 3459 1433 Beda
3490 1377 3548 1432 in

165 1467 296 1524 solet
316 1464 788 1522 transire.Priora
808 1481 944 1538 ergo
967 1463 1319 1520 dimittenda
1348 1465 1478 1521 dico
1510 1464 1610 1522 Dei
1634 1465 1795 1537 judi-
1903 1468 2193 1524 sententia
2221 1467 2512 1541 Evangelii
2549 1468 2715 1523 Lucas
2746 1466 2888 1523 dicit
2906 1466 3064 1540 (Luc.
3098 1483 3182 1533 ιιι,
3211 1467 3297 1539 14)
3332 1482 3346 1522 :
3381 1488 3410 1517 «
3442 1469 3548 1534 Ite,

165 1555 319 1622 cio,et
345 1554 413 1610 de
444 1553 669 1627 reliquo
700 1553 957 1609 maxima
988 1552 1442 1610 sollicitudinem
1477 1571 1797 1627 praecaven-
1903 1557 2499 1630 inquiens,ostendile
2528 1572 2627 1612 vos
2654 1557 3076 1613 sacerdotibus.
3091 1553 3329 1611 Nullum
3354 1553 3551 1611 Domi-

166 1647 346 1701 dum.»
375 1644 445 1700 Et
475 1642 778 1717 aliquanto
811 1642 1083 1715 superius
1109 1657 1124 1697 :
1159 1664 1188 1692 «
1219 1642 1369 1715 Ergo
1402 1643 1557 1716 quod
1582 1660 1686 1716 pro
1716 1660 1800 1699 re-
1904 1664 2016 1702 nns
2040 1662 2263 1719 eorum,
2287 1646 2504 1718 quibus
2533 1644 2654 1701 haec
2685 1634 3013 1717 corporalia
3036 1642 3307 1716 prmetitit
3334 1643 3552 1700 beneﬂ-

163 1733 337 1790 medio
364 1749 429 1789 ac
457 1732 808 1788 necessitate
836 1730 1119 1804 temporis
1150 1734 1439 1787 statutum
1461 1736 1551 1787 est
1570 1736 1799 1788 constat
1904 1735 2315 1803 cia,invenitur
2343 1734 2576 1790 misisse
2606 1734 2676 1790 ad
2709 1731 3211 1799 sacerdotem,nisi
3240 1731 3503 1805 leprosos
3535 1749 3549 1789 :

164 1822 418 1896 primitus
440 1838 560 1877 non
584 1820 786 1889 fuisse,
814 1837 880 1876 ac
909 1820 1093 1876 fuisse
1123 1820 1356 1893 regulas
1385 1825 1627 1888 veteres,
1651 1838 1799 1893 quas
1904 1825 2046 1898 quia
2074 1824 2345 1897 quisquis
2373 1822 2461 1879 vel
2494 1821 2767 1878 haeretica
2814 1819 3120 1894 pravitate,
3148 1820 3237 1877 vel
3264 1820 3553 1893 supersti-

163 1912 225 1967 ab
253 1909 532 1983 apostolis
582 1914 685 2010 aut
720 1908 1059 1982 apostolicis
1086 1909 1228 1966 viris
1257 1910 1504 1966 traditas
1540 1910 1798 1968 Ecclesia
1824 1944 1874 2010 Β
1904 1914 2061 1970 tione
2092 1912 2314 1987 gentili,
2340 1911 2429 1967 vel
2479 1910 2725 1967 Judaiea
2769 1908 3036 2010 perﬁdia,
3062 1908 3150 1965 vel
3189 1908 3366 1966 etiam
3396 1908 3551 2010 sebi:

165 1999 411 2056 Romana
439 1998 718 2067 custodit,
752 1998 1287 2071 custodiendasque
1317 2000 1559 2055 mandat
1578 2000 1672 2055 his
1696 1996 1873 2072 qui"
1905 2006 2092 2059 smate
2148 2003 2423 2069 fraterno,
2475 1998 2645 2073 quasi
2702 1998 2862 2054 vario
2913 1997 3104 2053 colore
3160 2014 3264 2070 per
3319 1996 3551 2054 Domini

163 2105 275 2145 eam
307 2088 509 2145 audire
542 2092 992 2144 consueverunt.
1026 2088 1137 2143 Sed
1172 2088 1488 2144 necessitas
1516 2089 1798 2161 temporis
1905 2091 2156 2166 gratiam
2186 2090 2394 2157 caruit,
2428 2105 2667 2145 necesse
2715 2092 2805 2143 est
2853 2087 2927 2142 ad
2974 2085 3292 2141 Ecclesiam
3335 2085 3551 2155 veniat,

164 2177 213 2233 id
240 2177 357 2233 ﬁeri
414 2192 774 2251 magnopere
834 2175 1188 2250 postulabat.
1221 2177 1370 2249 Ergo
1409 2178 1561 2250 quod
1604 2195 1799 2234 neces—
1906 2181 2276 2252 coloremque
2305 2178 2439 2234 fidei
2462 2194 2664 2233 verum
2685 2192 2861 2249 quem
2893 2173 3182 2248 acceperit
3209 2175 3499 2230 ostendat.
3524 2194 3553 2223 π

163 2266 290 2323 sitas
369 2283 472 2339 pro
564 2264 820 2321 remedio
903 2265 1136 2338 reperit,
1197 2270 1463 2321 cessante
1549 2267 1799 2323 necessi-
1906 2272 1978 2327 Et
2002 2271 2181 2325 item:
2228 2269 2487 2324 «Novem
2513 2265 2711 2338 itaque
2742 2263 3005 2337 indigent
3035 2279 3173 2330 uno,
3205 2266 3271 2318 ut
3299 2261 3556 2335 quadam

161 2358 265 2411 tate
301 2356 470 2411 debet
521 2353 729 2427 utique
787 2371 1016 2410 cessare
1062 2353 1283 2427 pariter
1328 2356 1479 2427 quod
1532 2356 1795 2429 urgebat,
1907 2359 2154 2415 unitatis
2203 2358 2393 2413 forma
2441 2353 2841 2427 coagulcntur,
2875 2357 2933 2408 et
2960 2352 3160 2407 decem
3191 2350 3329 2407 sint.
3362 2350 3556 2407 Unum

161 2444 284 2517 quia
305 2443 455 2500 alius
477 2446 575 2500 est
614 2443 755 2498 ordo
794 2441 1113 2515 legitimus,
1138 2442 1253 2498 alia
1283 2444 1588 2516 usurpatio
1618 2462 1797 2517 quam
1908 2449 2246 2505 autem'non
2268 2444 2353 2500 eis
2387 2443 2608 2515 indiget
2630 2444 2695 2497 ut
2713 2440 3004 2496 custodiat
3034 2438 3561 2505 unitatem.Quam-

162 2532 225 2587 ad
246 2549 498 2604 presens
522 2530 651 2586 ﬁeri
675 2533 910 2603 tempus
931 2529 1198 2602 impellit.
1218 2554 1246 2581 »
1271 2532 1343 2586 Et
1364 2537 1603 2588 sanctus
1633 2532 1798 2589 Gela-

161 2621 274 2677 sius
292 2622 359 2677 ad
385 2637 596 2678 omnes
625 2618 944 2692 Episcopos
972 2619 1250 2690 (epist.6),
1285 2620 1355 2675 de
1385 2620 1671 2678 institutis
1703 2640 1799 2678 ec-

162 2708 487 2767 clesiasticis
509 2709 809 2765 moderate
830 2724 935 2781 pro
958 2711 1288 2780 temporum
1311 2709 1590 2781 qualitate
1602 2712 1799 2784 dispo-

162 2798 279 2856 sitis
298 2799 378 2856 ita
396 2797 660 2873 capitulo
694 2798 951 2855 secundo
976 2796 1120 2853 dicit
1153 2814 1164 2853 :
1202 2797 1458 2855 «Priscis
1488 2799 1667 2872 igitur
1697 2819 1799 2873 pro

70 2904 73 2909 '
162 2888 241 2944 sui
264 2887 591 2944 reverentia
609 2886 986 2943 manentibus
1014 2886 1503 2960 constitutis,quaa
1522 2889 1618 2943 ubi
1639 2890 1803 2946 nulla

160 2976 236 3032 vel
254 2993 442 3033 rerum
460 2976 556 3033 vel
574 2980 905 3048 temporum
938 2979 1213 3048 perurget
1240 2975 1513 3050 angustia
1530 2978 1804 3050 regulari-

163 3068 242 3122 ter
266 3065 541 3123 convenit
599 3064 901 3121 custodiri.
938 3085 967 3114 η
998 3065 1068 3120 Et
1096 3062 1341 3137 reliqua.
1374 3066 1483 3121 Sed
1515 3070 1572 3122 et
1600 3067 1660 3122 in
1693 3068 1803 3123 hoc

161 3171 212 3210 χι
226 3155 480 3229 capitulo
504 3157 772 3227 utraeque
793 3153 917 3209 istas
948 3153 1147 3209 formas
1175 3157 1737 3225 monstrantur,cum
1771 3176 1806 3213 a

158 3244 315 3301 beato
339 3242 661 3302 Celestino
701 3242 993 3315 profertur
1016 3242 1205 3315 (epist.
1228 3242 1312 3299 ad
1339 3245 1670 3301 Nestorium
1697 3248 1801 3303 sub

156 3332 381 3407 ﬁnem):
446 3357 475 3386 «
511 3333 656 3401 Nos,
701 3312 934 3404 inquit,
994 3312 1258 3404 et_quod
1318 3337 1521 3389 contra
1575 3335 1664 3393 fas
1715 3312 1874 3393 estC

157 3422 319 3480 etiam
350 3423 695 3480 sacerdotes
742 3420 1013 3476 volumus
1066 3437 1195 3476 esse
1248 3426 1555 3491 correctos,
1589 3425 1805 3496 quibus

158 3510 300 3568 sicut
348 3510 667 3586 praemissa
717 3510 1072 3567 correctione
1120 3511 1504 3580 consulimus,
1539 3514 1618 3570 ita
1650 3518 1803 3574 349

155 3598 208 3655 in
264 3600 369 3658 hos
425 3617 677 3657 necesse
738 3603 826 3656 est
875 3586 1267 3656 damnationis
1326 3603 1695 3673 sententiam,
1756 3605 1806 3662 si

156 3688 471 3747 abutuntur
499 3693 711 3746 nostra
737 3688 960 3745 salubri
991 3688 1406 3757 admonitione,
1442 3691 1803 3751 ﬁrmemus.»

154 3779 222 3834 De
240 3796 538 3836 canonum
570 3782 767 3835 autem
790 3776 1016 3844 formis,
1031 3795 1180 3850 quas
1202 3779 1441 3851 quidam
1474 3797 1589 3836 non
1611 3787 1768 3839 atten
1787 3816 1806 3827 -

154 3866 343 3925 dentes
364 3860 653 3925 solertius
684 3866 1109 3924 ecclesiasticas
1143 3867 1374 3940 regulas
1391 3869 1542 3925 inter
1561 3888 1622 3926 se
1640 3876 1806 3928 autu-

153 3960 304 4012 mant
333 3956 706 4026 discordare,
736 3973 864 4029 quae
893 3960 951 4012 et
979 3959 1122 4027 quot
1150 3955 1353 4023 sint,et
1381 3974 1529 4029 quas
1559 3958 1802 4033 singulae

153 4059 434 4102 canonum
468 4044 947 4119 complectantur
977 4042 1467 4116 sententias,quia
1486 4062 1726 4119 sagaces
1746 4054 1805 4105 et

153 4134 391 4192 studiosi
424 4151 548 4192 non
582 4133 869 4205 indigent,
899 4131 1123 4188 devotis
1151 4136 1326 4205 atque
1356 4132 1802 4207 simplicibus,si

150 4220 426 4280 Dominus
458 4222 726 4297 spatium
754 4225 813 4277 et
841 4220 1027 4278 otium
1053 4221 1455 4294 dederit,quod
1487 4224 1676 4296 gratia
1695 4244 1804 4282 sua

151 4310 308 4369 nobis
339 4310 696 4374 ostenderit,
719 4309 875 4366 sicut
902 4309 1170 4365 doctrina
1199 4309 1617 4382 magistrorum
1648 4331 1804 4372 acce-

148 4398 631 4470 pimus,seribere
660 4397 945 4471 temporis
974 4415 1252 4471 processu
1284 4398 1804 4476 disponimus,qui-

148 4485 251 4545 bus
269 4488 420 4545 nihil
443 4489 699 4556 discors,
719 4486 866 4542 nihil
898 4486 1012 4543 sibi
1043 4486 1339 4543 dissidens
1356 4488 1413 4543 in
1433 4491 1615 4545 sacris
1636 4508 1804 4548 cano-

146 4576 312 4635 nibus
342 4578 536 4636 lector
565 4575 814 4651 quilibet
852 4575 1126 4631 facillime
1171 4574 1385 4631 valebit
1435 4576 1797 4648 dignoscere.

1907 2538 2108 2593 obrem
2140 2537 2206 2589 ut
2234 2549 2389 2589 unus
2418 2532 2514 2587 ille
2545 2530 2643 2603 qui
2677 2529 2895 2603 gratias
2928 2527 3048 2601 egit
3082 2527 3266 2583 unica:
3288 2527 3556 2584 Ecclesia;

1910 2624 2337 2699 signiﬁcatione
2358 2622 2715 2695 approbatus
2737 2624 2912 2692 atque
2934 2617 3207 2674 laudatus
3228 2622 3338 2685 est,
3358 2615 3444 2672 ita
3473 2615 3558 2672 illi

1910 2733 2117 2772 novem
2169 2713 2269 2786 qui
2316 2710 2536 2784 gratias
2584 2725 2699 2764 non
2744 2710 3010 2780 egerunt,
3041 2704 3270 2779 reprobi
3301 2703 3490 2761 effecti
3521 2722 3558 2761 a

1910 2803 2203 2861 consortio
2252 2799 2499 2856 unitatis
2547 2796 2765 2854 exclusi
2818 2799 2977 2851 sunt.
3012 2794 3262 2867 Ideoque
3298 2792 3447 2850 tales
3494 2792 3556 2849 in

1910 2891 2220 2950 novenario
2244 2904 2488 2945 numero
2508 2891 2790 2957 tanquam
2813 2882 3133 2956 imperfecti
3151 2882 3553 2949 remanebunt;

1911 2988 1969 3039 et
1998 2980 2205 3037 merito
2236 2996 2335 3034 eos
2365 2976 2627 3033 Salvator
2655 2972 2824 3047 quasi
2858 2973 3119 3044 ingratos
3166 2970 3265 3026 ubi
3301 2973 3440 3025 sunt
3464 2970 3554 3025 in-

1912 3070 2111 3146 quirit.
2146 3069 2304 3126 Scire
2336 3065 2437 3123 Dei
2468 3064 2700 3138 eligere,
2732 3061 2959 3118 nescire
3015 3059 3325 3146 reprobare
3379 3062 3490 3115 est.
3523 3081 3553 3109 »

1910 3144 1982 3218 Et
2013 3158 2291 3233 quoniam
2340 3151 2681 3228 hujusmodi
2729 3148 2954 3207 homini
2999 3144 3161 3205 nulla
3199 3164 3377 3221 opera
3403 3147 3557 3203 bona

1914 3248 2160 3322 prosint,
2184 3247 2432 3318 Prosper
2450 3260 2518 3300 ex
2537 3241 2728 3298 verbis
2746 3238 2935 3323 sancti
2973 3236 3284 3311 Augustini
3314 3236 3374 3292 in
3404 3235 3555 3293 libro

1913 3336 2357 3402 sententiarum,
2392 3332 2581 3405 capite
2622 3331 2745 3397 124,
2779 3329 2960 3384 dicit:
2994 3350 3023 3378 «
3054 3327 3181 3383 Non
3214 3330 3354 3382 sunt
3383 3341 3559 3398 opera

1914 3430 2085 3495 bona,
2112 3424 2225 3482 nisi
2249 3441 2375 3497 quae
2398 3438 2501 3495 per
2520 3422 2695 3476 fidem
2728 3423 2785 3475 et
2814 3416 3183 3474 dilectionem
3217 3416 3386 3484 fiunt,
3419 3414 3559 3488 quia

1914 3518 2162 3575 alterum
2195 3515 2321 3570 sine
2353 3511 2533 3567 altero
2566 3510 2720 3567 350
2748 3506 2969 3563 nullius
3016 3504 3250 3561 virtutis
3299 3504 3555 3560 fructum

1914 3607 2087 3680 parit.
2123 3628 2149 3653 ››
2181 3604 2262 3659 De
2293 3599 2584 3673 baptismo
2632 3598 2811 3654 etiam
2856 3595 3010 3650 Beda
3037 3594 3096 3648 in
3127 3592 3374 3664 epistola
3404 3591 3556 3649 Petri

1913 3696 2091 3752 dicit:
2120 3692 2332 3759 «Quod
2383 3705 2518 3761 ergo
2558 3704 2711 3758 aqua
2742 3682 2942 3741 diluvii
2976 3699 3092 3737 non
3126 3681 3367 3737 salvavit
3395 3685 3560 3736 extra

1915 3801 2109 3841 arcam
2142 3780 2363 3855 positos
2392 3778 2492 3833 sed
2525 3775 2753 3841 occidit,
2780 3773 2906 3827 sine
2936 3770 3114 3826 dubio
3145 3769 3558 3842 praefigurabat

1913 3888 2145 3931 omnem
2177 3867 2534 3932 haereticum,
2568 3863 2702 3918 licet
2730 3861 3040 3917 habentem
3066 3857 3440 3929 baptismatis
3471 3873 3559 3912 sa-

1913 3963 2300 4025 cramentum,
2333 3971 2449 4011 non
2508 3952 2638 4008 aliis
2686 3949 2787 4006 sed
2835 3947 2980 4020 ipsis
3028 3945 3199 4019 aquis
3229 3945 3299 4000 ad
3330 3944 3558 4001 inferna

1912 4048 2317 4122 mergendum,
2351 4043 2568 4117 quibus
2615 4055 2751 4095 arca
2787 4035 3124 4093 sublevatur
3152 4034 3222 4089 ad
3258 4030 3489 4122 coelum.
3524 4054 3555 4084 »

1911 4142 1983 4197 Et
2039 4121 2285 4208 Prosper
2342 4133 2401 4187 in
2455 4130 2604 4187 libro
2662 4122 3116 4190 Sententiarum,
3168 4121 3356 4194 capite
3401 4122 3553 4179 324;

1914 4252 1941 4280 α
1966 4219 2444 4299 Regcnerationis
2473 4218 2722 4292 gratiam
2764 4214 2847 4270 ita
2864 4211 3040 4268 etiam
3061 4210 3121 4266 hi
3142 4227 3260 4299 non
3282 4208 3561 4299 minuunt

1913 4317 2013 4390 qui
2037 4298 2165 4388 ejus
2186 4314 2340 4368 dona
2360 4326 2474 4365 non
2512 4298 2765 4369 servant,
2791 4301 2944 4359 sicut
2971 4299 3121 4356 lueis
3153 4298 3401 4390 nitorem
3425 4298 3561 4390 loca

1912 4388 2220 4462 immunda
2247 4417 2363 4456 non
2393 4395 2642 4470 polluut.
2677 4393 2784 4460 Qui
2834 4408 2971 4463 ergo
3018 4390 3241 4463 gaudes
3277 4388 3557 4461 baptismi

1910 4491 2300 4568 perceptione,
2332 4486 2457 4542 vive
2512 4486 2572 4541 in
2632 4482 2763 4539 novi
2822 4479 3079 4536 hominis
3136 4477 3467 4546 sanctitate,
3500 4481 3559 4534 et

1910 4564 2118 4639 tenens
2143 4579 2315 4635 fidem
2349 4592 2476 4649 quae
2507 4590 2612 4646 per
2658 4564 3027 4628 dilectionem
3082 4571 3375 4640 cperatur,
3408 4565 3559 4625 habe

120 4666 123 4667 ⁷
147 4662 248 4721 Sed
266 4683 371 4740 pro
388 4670 735 4739 temporum
756 4664 1035 4720 varietate
1056 4668 1115 4720 et
1139 4670 1658 4740 causarum,atque
1681 4686 1800 4726 me-
1830 4679 1878 4744 D
1908 4672 2130 4727 bonum
2161 4666 2316 4740 quod
2350 4663 2611 4719 nondum
2654 4660 2855 4726 habes,
2890 4662 2954 4714 ut
2982 4655 3170 4744 prosit
3198 4655 3304 4711 tibi
3336 4656 3557 4744 bonum

144 4752 431 4812 dicatione
491 4754 861 4822 morborum,
896 4770 1000 4827 per
1056 4752 1286 4809 diversa
1341 4769 1579 4826 organa,
1613 4760 1680 4812 ut
1727 4759 1799 4814 ab

145 4843 310 4900 unico
357 4843 688 4918 multiplici
738 4841 967 4916 prolata
1022 4841 1255 4914 spiritu,
1289 4837 1500 4899 cuncta
1526 4861 1802 4915 consona,

144 4938 349 4991 cuucta
376 4932 644 5006 reperiet
681 4929 986 5005 temporis,
1020 4930 1407 5000 necessitatis,
1441 4937 1616 5006 atque
1640 4934 1802 4991 infir-

146 5022 361 5078 mitatis
377 5038 581 5078 causa:
596 5018 1121 5077 convenientia.Uti
1135 5018 1290 5075 enim
1304 5020 1722 5080 necessitatum
1736 5043 1803 5081 ac

144 5112 474 5184 temporum
508 5108 883 5183 inaequalitas
909 5107 1365 5181 opportunitatis
1396 5110 1655 5181 postulat
1671 5130 1804 5170 con-

144 5200 595 5271 gruentiam,ita
619 5203 677 5254 et
704 5198 933 5253 diversa
971 5196 1312 5253 morborum
1342 5213 1556 5269 genera
1585 5206 1803 5274 cogunt

142 5284 593 5359 invenire,sicut
612 5292 817 5345 notum
849 5290 960 5358 est,
984 5285 1213 5342 diversa
1234 5285 1799 5347 medicamentorum

144 5378 564 5449 experimenta.

207 5466 323 5524 XII.
349 5468 522 5535 Quod
560 5467 660 5539 qui
694 5469 827 5539 post
853 5463 1014 5538 pravi
1045 5464 1257 5520 erroris
1307 5464 1796 5538 subscriptionem

114 5550 470 5613 orthodoxae
494 5556 636 5611 ﬁdei
662 5555 942 5611 detrectat
961 5552 1531 5613 subscribere,etiam
1564 5558 1798 5630 proprio

143 5640 213 5698 sit
229 5643 459 5716 judicio
493 5644 950 5709 condemnatus,
982 5641 1138 5698 idem
1185 5645 1427 5697 sanctus
1451 5642 1799 5704 Coclestinus

143 5728 197 5785 in
212 5733 415 5791 eadem
448 5731 707 5806 epistola
737 5732 808 5788 ad
840 5730 1111 5787 eumdem
1145 5728 1426 5801 Cyrillum
1457 5732 1795 5807 episcopum

1910 4759 2065 4832 quod
2087 4757 2325 4813 habes.»
2351 4751 2497 4819 Quia
2526 4766 2631 4805 nec
2657 4746 3012 4804 sacriﬁcium
3045 4743 3129 4799 illi
3160 4748 3250 4801 est
3279 4742 3554 4799 salutare.

1914 4851 2076 4905 Idem
2108 4851 2357 4915 Prosper
2383 4841 2442 4897 in
2470 4840 2670 4897 eodem
2704 4837 2853 4893 libro
2884 4835 3074 4908 capite
3104 4833 3328 4890 decimo
3348 4832 3556 4904 quinto

1913 4936 2091 4993 dicit:
2118 4958 2144 4984 ‹‹
2169 4930 2447 5003 Quisquis
2478 4929 2623 4984 bene
2671 4924 2887 4999 cogitat
2932 4923 3073 4996 quid
3104 4921 3220 4978 Deo
3251 4924 3467 4989 voveat,
3499 4924 3558 4976 et

1912 5044 2041 5099 qua:
2071 5028 2206 5079 vota
2237 5018 2547 5094 persolvat,
2570 5017 2828 5087 seipsum
2861 5015 3063 5069 voveat
3089 5014 3147 5066 et
3176 5010 3415 5099 reddat:
3446 5009 3554 5064 hoc

1910 5097 2178 5187 exigitur,
2211 5111 2322 5165 hoc
2344 5108 2606 5164 debetur.
2633 5105 2829 5176 Imago
2857 5099 3101 5157 Caesaris
3132 5097 3410 5187 reddatur
3430 5101 3553 5187 βίη-
3636 5130 3637 5133 η

1909 5184 2047 5271 εει-ἰν,
2082 5203 2275 5274 imago
2308 5197 2408 5254 Dei
2443 5195 2720 5251 reddatur
2749 5193 2887 5247 Deo.
2912 5189 3025 5246 Sed
3058 5187 3212 5242 sicut
3238 5184 3554 5241 videndum

1908 5297 1998 5349 est
2023 5291 2175 5364 quod
2210 5288 2440 5349 oil'eras,
2473 5284 2555 5339 ita
2582 5282 2757 5339 etiam
2790 5276 3280 5336 considerandum
3330 5277 3421 5330 est
3450 5275 3555 5364 ubi

1909 5363 2305 5451 offeraszquia
2341 5374 2457 5429 vcri
2493 5368 2761 5428 sacriﬁcii
2790 5371 2952 5424 extra
2979 5364 3326 5422 catholicam
3359 5363 3552 5421 Eccle-

1909 5470 2058 5526 siam
2088 5468 2252 5523 locus
2284 5481 2399 5520 non
2431 5465 2537 5518 est.
2570 5482 2598 5510 »
2630 5459 2777 5526 Quia
2808 5452 3263 5512 communicatio
3292 5453 3553 5527 corporis

1907 5564 1965 5617 et
1983 5555 2289 5631 sanguinis
2306 5551 2520 5609 Christi
2543 5546 2883 5621 hujusmodi
2912 5543 3139 5601 homini
3160 5561 3276 5600 non
3300 5543 3372 5599 ad
3394 5542 3551 5599 salu-

1906 5652 2046 5717 tem,
2072 5646 2172 5703 sed
2197 5644 2267 5700 ad
2284 5640 2575 5715 judicium
2612 5635 2860 5710 proﬁcit,
2884 5635 2945 5691 in
2967 5634 3171 5691 eodem
3193 5633 3341 5689 libro
3362 5631 3548 5688 isdem

1907 5737 2153 5808 Prosper
2183 5731 2371 5805 capite
2400 5730 2505 5785 338
2535 5725 2713 5783 dicit:
2756 5748 2785 5776 «
2818 5724 2963 5781 Caro
3015 5722 3228 5781 Christi
3286 5719 3545 5777 fidelium
