4018 6454
512 394 645 466 ιιιῦ

1450 402 1747 470 lllNCMA
1758 405 1835 470 Rl
1880 406 2329 475 RHEMENSIS
2373 408 2998 474 ARCHIEPISCOPI.
3772 414 3870 481 μίιϐ

521 532 641 592 vita
658 533 839 604 est,-si
880 533 1319 610 corpus'ipsius
1338 553 1476 595 esse
1506 555 1621 596 non
1649 537 1969 615 negligant.
1988 542 2167 598 ~F‘iant
2193 544 2250 611 Α
2277 541 2484 612 oculis,
2516 542 2747 601 etiamsi
2778 542 2972 600 visum
2996 542 3173 600 fuerit
3200 542 3540 602 hominibus
3564 544 3875 607 vii-tutastu-

521 637 658 698 ergo
706 642 919 698 corpus
964 625 1202 693 Christi,
1249 625 1298 683 si
1348 626 1551 683 volunt
1595 629 1786 685 vivere
1834 631 1905 685 dc
1955 630 2163 703 spiritu

508 711 757 769 Christi.
796 736 818 761 ι
866 714 935 768 Et
966 712 1102 769 item
1127 714 1312 787 capite
1333 715 1440 771 339
1464 732 1476 770 :
1504 739 1538 766 ‹‹
1555 716 1761 772 Escam
1781 717 1910 773 vitae
1930 718 2162 792 accipit,

518 806 577 859 et
595 802 937 859 aeternitatis
967 802 1241 875 poculum
1276 804 1443 871 bibit,
1470 805 1570 878 qui
1602 805 1660 861 in
1684 806 1911 863 Christo
1943 812 2159 878 manet,

517 896 578 949 et
595 892 771 965 cujus
792 890 1076 949 habitatio
1098 897 1189 950 est
1209 892 1497 951 Christus.
1512 896 1657 951 Nam
1674 896 1781 968 qui
1802 896 2098 954 discordat
2129 917 2164 955 a

499 979 769 1047 Christo,
784 996 889 1036 nec
908 997 1145 1037 carnem
1165 983 1295 1054 ejus
1316 984 1654 1050 manducat,
1677 1001 1783 1040 nec
1813 986 2160 1059 sanguinem

517 1069 686 1138 bibit,
711 1069 944 1125 etiamsi
988 1074 1162 1126 tanta:
1190 1070 1273 1127 rei
1306 1077 1740 1129 sacramentum
1771 1074 1842 1129 ad
1865 1074 2159 1145 judicium

498 1174 635 1215 taure
656 1158 1129 1231 prasumptionis
1151 1160 1409 1233 quotidie
1430 1161 1826 1218 indifferenter
1845 1163 1962 1218 acci
1970 1164 2108 1236 piat.
2128 1186 2158 1215 »

500 1246 583 1303 ιΕι
602 1246 743 1304 item
765 1248 955 1321 capite
975 1249 1082 1306 69:
1121 1272 1148 1301 α
1171 1250 1615 1307 Sacramentum
1650 1268 1895 1307 summa:
1926 1252 2158 1324 pietatis

501 1333 573 1392 in
595 1336 889 1409 judicium
939 1336 1052 1395 sibi
1101 1339 1285 1394 sumit
1332 1338 1631 1413 indignus.
1666 1340 1817 1396 Bene
1846 1341 2001 1396 enim
2030 1359 2159 1399 esse

512 1442 628 1483 non
651 1429 841 1500 potest
860 1424 1013 1483 male
1035 1426 1337 1500 accipienti
1375 1429 1528 1501 quod
1563 1429 1779 1485 bonum
1810 1434 1921 1486 est.
1957 1452 1985 1480 ››
2011 1430 2158 1497 Quia

494 1516 686 1573 .etiam
710 1517 1183 1591 nec'martyrium
1213 1517 1555 1591 hujusmodi
1584 1519 1808 1575 homini
1832 1520 2062 1593 proficit
2081 1522 2154 1579 ad

492 1604 785 1674 salutem,
813 1610 1054 1663 sanctus
1085 1607 1397 1681 Gregorius
1428 1607 1668 1665 in'libro
1698 1608 1924 1666 decimo
1952 1614 2153 1668 octavo

491 1693 818 1750 Moralium
836 1698 976 1769 (cap.
1018 1697 1107 1765 14)
1128 1696 1269 1752 dicit
1299 1714 1313 1753 :
1348 1697 1492 1753 Auro
1519 1698 1667 1754 locus
1693 1706 1776 1755 est
1804 1701 1859 1755 in
1893 1716 1997 1773 quo
2027 1717 2152 1757 con-

490 1784 853 1855 -ﬂatur.l\'am
868 1785 1038 1857 juxta
1068 1784 1176 1841 hoc
1207 1785 1360 1857 quod
1380 1787 1509 1859 jam
1531 1791 1599 1842 et
1625 1792 1758 1844 ante
1791 1804 1899 1845 nos
1928 1788 2151 1845 dictum

492 1877 612 1941 .est,
623 1871 928 1946 «quisquis
939 1879 1099 1930 extra
1110 1874 1379 1930 Ecclesiae
1390 1875 1676 1932 unitatem
1692 1877 1932 1950 patitur,
1947 1895 2151 1951 pmnas

488 1960 625 2035 'pati
654 1966 869 2034 potest,
891 1967 1112 2037 martyr
1132 1962 1255 2020 fieri
1278 1981 1393 2019 non
1414 1968 1625 2037 potest,
1652 1965 1794 2038 quia
1812 1983 1956 2022 auro
1987 1966 2150 2023 locus

503 2054 595 2106 est
611 2048 809 2123 inquo
840 2050 1145 2107 conﬂatur.
1173 2074 1201 2102 ››
1226 2052 1295 2108 Et
1315 2057 1558 2109 sanctus
1583 2055 1898 2127 Gregorius
1930 2054 1991 2110 in
2020 2056 2142 2128 epi-

484 2137 658 2194 fstola
675 2138 749 2194 ad
770 2138 1171 2195 Secundinum
1211 2157 1443 2197 servum
1482 2142 1584 2198 Dei
1602 2142 1901 2199 reclusum
1917 2144 2148 2214 (lib.vn,

484 2227 659 2300 τοιήδε.
684 2228 783 2300 52)
815 2243 829 2283 :
893 2249 933 2279 αΔ
951 2229 1047 2284 Est
1087 2230 1235 2285 locus
1260 2246 1425 2302 penes
1453 2248 1558 2299 me,
1590 2239 1642 2288 et
1666 2232 1835 2289 stabis
1863 2249 2029 2307 super
2051 2250 2151 2306 pe-

486 2324 671 2374 tram!
696 2315 838 2384 Quis
858 2321 949 2373 est
967 2316 1132 2374 locus
1154 2317 1255 2392 qui
1276 2336 1389 2374 non
1414 2320 1492 2375 sit
1510 2320 1569 2375 in
1593 2320 1730 2388 Deo,
1763 2322 1906 2378 dum
1940 2326 2151 2379 cuncta

2275 648 2422 700 cere,
2456 631 2612 688 sicut
2635 631 2771 687 etin
2807 633 3053 689 Actibus
3078 631 3482 705 apostolorum
3509 636 3650 705 (Act.
3670 653 3779 704 xxx,
3804 639 3876 708 tt)

2273 720 2378 775 ﬁlii
2427 721 2616 777 Scevae
2662 720 3010 777 videbantur
3056 721 3262 794 ejicere
3309 723 3706 797 demoneshet
3726 726 3877 785 Judas

2271 809 2572 882 apostolus
2601 826 2735 866 cum
2768 810 2967 866 animo
3000 811 3314 883 proditoris
3348 812 3537 869 multa
3569 813 3727 887 signa
3751 815 3875 872 inter

2270 902 2507 955 caeteros
2562 898 2859 971 apostolos
2913 899 3121 956 fecisse
3175 904 3467 957 narratur.
3503 903 3877 977 Quemcunque

2268 986 2446 1055 enim,
2464 986 2657 1060 inquit
2676 987 2815 1044 item
2836 988 2994 1044 Beda
3013 988 3074 1044 in
3096 988 3406 1061 Evangelia
3452 990 3640 1057 Lucae,
3656 996 3774 1064 post
3795 992 3876 1049 ba-

2269 1075 2486 1149 ptisma
2506 1075 2636 1133 sive
2666 1077 2921 1149 pravitas
2970 1075 3260 1144 haeretica,
3291 1094 3392 1134 seu
3425 1080 3719 1137 mundana
3742 1082 3875 1155 cupi-

2268 1164 2423 1221 ditas
2438 1164 2771 1238 arripuerit,
2787 1182 2924 1222 mox
2951 1166 3219 1221 omnium
3251 1171 3586 1238 prosternet
3602 1168 3663 1224 in
3682 1168 3787 1226 ima
3808 1171 3874 1227 vi-

2265 1252 2502 1309 tiorum.
2526 1254 2691 1311 Unde
2712 1258 2865 1311 recte
2883 1253 3193 1327 nequiores
3214 1255 3379 1312 hunc
3400 1274 3539 1314 eum
3559 1258 3785 1330 spiritus
3805 1258 3871 1316 di-

2265 1342 2772 1415 cunturingressi,
2794 1343 2937 1416 quia
2959 1360 3074 1399 non
3096 1342 3288 1400 solum
3307 1344 3554 1402 habebit
3571 1345 3671 1403 illa
3685 1352 3873 1420 septem

2262 1430 2423 1500 vitia,
2438 1448 2575 1504 quae
2591 1435 2814 1504 septem
2839 1431 3249 1505 spiritualibus
3279 1436 3418 1491 sunt
3436 1435 3877 1493 contrariavirtu-

2263 1519 2443 1582 tibus.
2469 1520 2571 1577 sed
2592 1524 2652 1576 et
2672 1536 2776 1593 per
2793 1519 3150 1594 bypocrisim
3174 1521 3336 1594 ipsas
3357 1538 3420 1579 se
3439 1522 3681 1581 virtutes
3699 1523 3875 1582 habere

2263 1607 2585 1665 simulabit.
2600 1609 2670 1663 Et
2689 1609 2830 1681 quia
2847 1609 2949 1681 huj
2961 1610 3191 1667 usmodi
3213 1610 3523 1668 collocutio
3542 1613 3621 1669 sit
3638 1613 3873 1681 cavenda,

2258 1696 2573 1771 Apostolus
2605 1695 2748 1754 dicit
2780 1713 2794 1753 :
2829 1699 3159 1755 Hmticum
3193 1701 3470 1757 hominem
3513 1710 3637 1774 post
3673 1703 3876 1775 prim

2259 1793 2312 1843 et
2335 1786 2629 1842 secundam
2655 1788 3047 1859 correptionem
3095 1787 3295 1856 devita,
3324 1791 3509 1846 sciens.
3529 1792 3665 1863 quia
3686 1790 3877 1848 subver-

2259 1883 2479 1932 sus‘est
2525 1875 2856 1948 hujusmodi,
2889 1884 2942 1933 et
2988 1879 3215 1950 proprio
3260 1877 3474 1951 judicio
3529 1878 3879 1937 condensam

2261 1964 2386 2037 (Tit.
2404 1980 2496 2029 m,
2526 1963 2603 2037 κ).
2636 1964 2708 2019 Et
2755 1967 2994 2020 sanctus
3039 1964 3429 2040 Hieronymus
3472 1967 3534 2023 in
3568 1986 3605 2025 v
3634 1968 3875 2025 Pssimo:

2260 2075 2289 2103 α
2314 2052 2419 2109 Hic
2439 2057 2657 2121 autem,
2681 2051 2892 2126 inquit,
2916 2054 3074 2126 quod
3094 2054 3262 2124 dicit,
3279 2055 3480 2114 Perdes
3498 2072 3687 2115 om
3703 2059 3791 2132 qui
3814 2059 3879 2116 lo-

2242 2149 2505 2214 .quuntur
2542 2140 2889 2198 nwndacium
2916 2142 3090 2213 (Psal.
3117 2160 3175 2209 v,
3204 2144 3339 2217 vn),
3360 2148 3421 2200 et
3448 2161 3519 2202 ex
3536 2162 3880 2219 consequen-

2258 2228 2418 2288 tibus
2449 2229 2683 2302 psalmi,
2697 2234 2758 2286 et
2782 2247 2851 2286 ex
2871 2230 3000 2304 ipso
3020 2230 3224 2289 ordine
3244 2231 3576 2308 intelligere
3597 2251 3881 2308 possumus

2259 2319 2401 2391 quia
2418 2318 2494 2375 de
2514 2318 2807 2375 haereticis
2821 2318 2993 2376 dicit:
3012 2319 3122 2387 Qui
3142 2320 3299 2376 enim
3332 2327 3617 2394 operatur
3642 2322 3884 2398 iniquita-

2259 2410 2586 2475 tem,suam
2617 2412 2850 2465 tantum
2881 2408 3141 2466 animam
3171 2410 3421 2480 occidit;
3452 2411 3555 2485 qui
3584 2412 3885 2471 autem'hs-

2259 2493 2477 2550 reticus
2498 2498 2609 2563 est,
2634 2498 2692 2549 et
2711 2493 2974 2568 loquitur
3001 2496 3401 2566 mendacium,
3426 2502 3515 2556 tot
3540 2500 3755 2557 occidit
3766 2504 3886 2572 quot

2257 2582 2611 2639 induxerit.»
2635 2583 2798 2640 Unde
2828 2588 3049 2657 quanto
3070 2585 3266 2641 studio
3289 2591 3485 2659 patres
3512 2588 3703 2646 nostri
3728 2589 3883 2645 heare-

2258 2670 2511 2728 ticorum
2544 2670 2838 2744 colloquia
2860 2672 3215 2742 devitabant,
3249 2674 3885 2750 demonstrat‘l’olycar-

2238 2776 2372 2833 ,pus
2403 2760 2654 2833 apostoli
2697 2760 2943 2818 Joannis
2987 2760 3337 2835 discipulus,
3368 2763 3472 2836 qui
3501 2765 3883 2842 compellatus,

2261 2852 2325 2905 ut
2354 2848 2818 2922 ei-responderet
2874 2850 3220 2923 compulsus
3265 2869 3301 2908 a
3348 2852 3666 2923 Marciane,
3698 2854 3885 2912 dicenti

2258 2936 2392 3007 sibi,
2410 2938 2810 3011 «Agnoscisne
2830 2938 2965 3005 me?
2980 2940 3302 3012 respondit,
3322 2941 3596 3014 Agnosco
3625 2942 3885 3016 primoge-

2260 3026 2453 3082 nitum
2482 3028 2734 3084 Satanae.
2759 3028 2831 3083 Et
2858 3027 2931 3083 de
2958 3027 3184 3085 Joanne
3213 3028 3477 3103 apostolo
3504 3029 3743 3106 legitur,
3771 3031 3889 3104 quia

474 2406 576 2463 ab
588 2404 726 2478 ipso
744 2416 1049 2479 perquem
1080 2411 1274 2463 creata
1303 2413 1444 2464 sunt
1471 2408 1890 2466 continentur?
1919 2411 2031 2468 Sed
2060 2416 2149 2468 ta-

480 2503 636 2551 mea
657 2498 748 2550 est
774 2493 940 2551 locus
970 2495 1124 2568 apud
1163 2513 1323 2564 eum,
1342 2496 1612 2554 videlicet
1637 2503 1853 2555 sanctae
1882 2498 2152 2556 Ecclesia:

482 2582 719 2651 inuitas,
742 2584 801 2639 in
823 2602 942 2658 qua
968 2598 1147 2657 super
1177 2590 1401 2659 petram
1435 2590 1642 2655 statur,
1667 2589 1809 2645 dum
1841 2588 2153 2647 confessio-

486 2671 595 2729 nis
613 2672 741 2745 ejus
768 2672 1299 2732 soliditas‘utiliter
1326 2680 1578 2733 tenetur.
1601 2678 1681 2733 De
1712 2695 1826 2751 quo
1860 2677 1987 2735 loco
2018 2679 2154 2735 sub-

480 2761 785 2836 .jungitur,
822 2764 970 2819 Tunc
992 2762 1198 2821 videbis
1222 2768 1524 2837 posteriora
1576 2783 1700 2824 mea
1732 2766 1924 2837 (Exod.
1951 2785 2147 2836 xxxm,

480 2853 614 2919 τω).
649 2851 713 2908 In
733 2856 900 2925 petra
938 2852 1117 2919 enim,
1148 2853 1207 2909 id
1229 2858 1319 2911 est
1340 2855 1397 2910 in
1422 2859 1625 2911 sancta
1644 2855 1901 2913 Ecclesia
1925 2861 2151 2913 stantes

476 2939 607 2997 -Dei‘
630 2940 950 3012 posteriora
975 2942 1266 3011 videmus,
1289 2945 1524 3016 quando
1545 2945 1674 3017 jam
1696 2963 1765 3002 ea
1783 2964 1911 3019 quae
1942 2945 2001 3001 in
2036 2947 2151 3003 fine

476 3028 791 3103 ‘promissa
819 3034 960 3087 sunt
988 3030 1242 3088 ccclesiis
1287 3032 1488 3105 patris:
1535 3033 1752 3107 gaudia
1793 3034 2150 3108 contempla-

478 3134 665 3175 rmum
690 3140 719 3169 »
749 3120 821 3175 Et
847 3120 1193 3176 Ambrosius
1223 3120 1281 3176 in
1314 3120 1463 3177 libro
1520 3122 1710 3195 primo
1770 3123 1841 3179 de
1898 3125 2150 3180 Excessu
2259 3114 2459 3172 illotus
2491 3132 2526 3172 a
2554 3115 2762 3173 balneo
2804 3115 2943 3172 exiit
2971 3116 3174 3174 dicens
3204 3134 3227 3173 επ
3254 3118 3478 3192 Fugite,
3514 3138 3596 3177 ne
3621 3126 3681 3179 et
3708 3120 3890 3179 balnea

474 3204 697 3262 afratris
717 3206 830 3275 sui,
852 3206 936 3263 ita
964 3208 1037 3264 de
1065 3207 1167 3265 illo
1198 3208 1441 3282 loquens
1472 3210 1614 3267 dicit
1645 3229 1658 3267 :
1692 3233 1722 3262 ‹‹
1745 3211 2057 3268 Advocavit
2077 3212 2150 3267 ad

2260 3209 2556 3273 corruant,
2590 3205 2690 3262 ubi
2751 3205 3061 3263 Cberintus
3114 3205 3363 3264 lavatur.
3422 3209 3495 3265 Et
3552 3210 3796 3284 Prosper
3840 3209 3889 3267 in

478 3311 563 3351 σεο
588 3294 952 3368 episcopum,
984 3314 1088 3353 nec
1135 3297 1318 3354 ullam
1366 3314 1564 3355 veram
1596 3299 1823 3371 putavit
1854 3300 1967 3356 nisi
1996 3288 2219 3355 verzeJC
2256 3295 2496 3367 praefato
2553 3294 2703 3350 libro
2760 3311 2890 3367 cap.
2919 3296 3047 3352 265.
3082 3295 3232 3364 Quia
3275 3296 3487 3367 affluit,
3520 3297 3737 3373 inquit,
3767 3298 3889 3356 insi-

496 3383 634 3439 ﬁdei
647 3383 919 3456 gratiam,
942 3391 1476 3460 percunctatusque
1495 3404 1641 3443 exeo
1652 3388 1899 3445 θειδδι
1923 3392 2150 3445 utrum-
2259 3382 2443 3455 pienti
2475 3382 2830 3455 eloquentia,
2854 3387 3020 3441 tanto
3049 3383 3240 3458 magis
3258 3386 3554 3445 cavendus
3576 3392 3892 3461 est,quanto

478 3486 637 3529 [nam
661 3483 794 3530 cum
826 3475 1117 3549 episcopis
1146 3477 1587 3543 catholicis,hoc
1607 3482 1698 3533 est
1718 3495 1854 3534 cum
1886 3479 2152 3535 Romana
2256 3471 2449 3545 magis
2469 3472 2541 3527 ab
2561 3489 2628 3528 co
2646 3471 2707 3527 in
2727 3471 2820 3528 his
2842 3489 2969 3545 quae
2996 3472 3200 3529 audire
3229 3472 3437 3531 inutile
3456 3480 3569 3543 est,
3589 3476 3892 3535 delectatur

476 3561 756 3619 Ecclesia
785 3565 1137 3621 conveniret.
1161 3567 1230 3620 Et
1262 3566 1405 3621 forte
1437 3566 1508 3621 ad
1544 3566 1873 3622 Luciferum
1898 3567 1955 3621 in
1988 3567 2149 3623 schi-

480 3654 684 3707 smate
712 3652 967 3727 regionis
998 3653 1157 3709 illius
1188 3654 1447 3710 Ecclesia
1475 3658 1617 3710 erat.
1650 3655 1879 3711 Lucifer
1908 3656 2065 3712 enim
2086 3674 2150 3714 se

478 3749 532 3798 τι
558 3744 761 3799 nostra
787 3746 929 3799 tunc
961 3742 1244 3816 temporis
1285 3743 1697 3800 communione
1750 3744 2046 3802 diviserat.
2080 3748 2151 3803 Et

466 3836 833 3903 quanquam
857 3847 962 3905 pro
983 3832 1098 3888 ﬁde
1118 3830 1463 3903 exsulasset,
1486 3836 1544 3888 et
1565 3833 1700 3889 ﬁdei
1732 3851 1850 3889 suae
1878 3833 2147 3907 reliquis-

472 3923 585 3975 r-set
603 3919 885 3989 hatredes,
904 3937 1027 3977 non
1060 3920 1285 3993 putavit
1314 3924 1511 3977 tamen
1543 3922 1716 3978 ﬁdem
1751 3940 1880 3980 esse
1910 3923 1968 3978 in
1999 3923 2151 3979 schi-

467 4012 705 4064 -smate.
724 4008 871 4063 Nam
902 4010 1013 4065 etsi
1045 4011 1221 4066 fidem
1253 4027 1391 4083 erga
1421 4011 1606 4067 Deum
1633 4015 1916 4081 tenerent,
1949 4017 2146 4069 tamen

472 4111 632 4167 erga
652 4096 752 4151 Dei
775 4096 1094 4153 Ecclesiam
1116 4114 1235 4153 non
1259 4100 1554 4167 tenebant,
1580 4100 1751 4171 cujus
1774 4101 2151 4173 patiebantur

490 4184 652 4241 velut
706 4185 995 4257 quosdam
1053 4191 1216 4242 artus
1248 4186 1465 4254 'dividi,
1497 4192 1557 4242 et
1586 4190 1851 4244 membra
1879 4188 2143 4245 lacerari.

468 4271 722 4329 =Etenim
750 4284 884 4328 cum
922 4279 1159 4348 propter
1178 4274 1497 4335 Ecclesiam
1518 4276 1787 4333 Christus
1812 4295 2025 4350 passus
2046 4278 2144 4346 sit,

2228 3561 2411 3617 152
2442 3560 2696 3630 auditor,
2728 3565 2785 3618 et
2812 3578 2949 3618 eum
2979 3561 3258 3635 quoniam
3290 3563 3558 3621 ordinate
3583 3566 3776 3624 dicere
3801 3582 3890 3623 au-

2259 3648 2363 3717 dit,
2396 3649 2573 3705 etiam
2604 3666 2737 3707 vere
2783 3649 2976 3706 dicere
3018 3651 3333 3708 existimat.
3365 3675 3394 3703 »
3427 3653 3596 3712 Unde
3626 3660 3687 3713 et
3713 3655 3894 3714 Domi-

2258 3754 2372 3794 nus
2399 3737 2820 3796 contitentibus
2841 3737 3142 3796 silentium
3161 3740 3503 3814 imponebat
3520 3742 3894 3810 demonibua.

2256 3831 2324 3884 ut
2344 3843 2416 3883 ne
2434 3826 2590 3900 quis,
2616 3828 2758 3884 dum
2783 3844 2883 3885 eos
2903 3828 3135 3885 audiret
3159 3829 3901 3907 praedicantes,sequeretur

2255 3920 2538 3973 errantes.
2572 3919 2937 3990 Quapropter
2991 3922 3050 3974 et
3106 3919 3165 3974 in
3223 3920 3465 3993 synodo,
3497 3922 3597 3978 cui
3626 3921 3900 3996 praesedit

2230 4010 2470 4062 sancta:
2526 4004 2820 4061 memorias
2880 4005 3192 4063 Flavianus
3248 4008 3475 4079 (Concit.
3509 4009 3768 4069 Chalced.
3796 4011 3896 4067 Act.

2226 4096 2309 4163 -1,
2335 4110 2405 4151 ea:
2451 4096 2661 4151 actione
2688 4098 2722 4149 7
2755 4094 3262 4169 Conslantinopolit.
3308 4099 3706 4171 Muciani),de
3745 4101 3897 4157 dam-

2255 4183 2493 4240 natione
2522 4183 2844 4240 Euticbetis
2874 4185 2947 4240 ad
2978 4185 3172 4241 locum
3203 4185 3287 4241 ita
3316 4186 3606 4259 scriptum
3630 4188 3895 4247 habetur:

2254 4295 2283 4324 «
2313 4274 2384 4328 Et
2413 4290 2660 4346 surgens
2708 4279 2912 4330 sancta
2938 4274 3219 4347 synodus
3268 4275 3617 4333 acclamavit
3657 4278 3895 4335 dicens:

470 4366 551 4419 'et
582 4361 797 4417 Christi
846 4378 1059 4435 corpus
1105 4362 1364 4420 Ecclesia
1410 4364 1507 4433 sit,
1540 4382 1655 4421 non
1685 4366 1918 4422 videtur
1948 4367 2020 4422 ab
2052 4366 2147 4423 his
2248 4361 2581 4419 Anathema
2609 4361 2742 4435 ipsi.
2775 4363 2847 4418 Et
2891 4367 3026 4436 post
3072 4363 3195 4419 haec
3237 4363 3546 4421 Flavianus
3597 4366 3901 4440 episcopus

491 4449 751 4507 exhiberi
777 4451 1007 4508 Christo
1029 4453 1196 4521 fides,
1212 4470 1245 4508 a
1264 4453 1483 4525 quibus
1512 4459 1830 4511 evacuatur
1857 4456 1986 4528 ejus
2010 4473 2144 4528 pas-

474 4539 602 4609 sio,
637 4554 967 4614 corpusque
993 4541 1361 4598 distrahitur.
1397 4564 1428 4593 »
1454 4543 1619 4601 Unde
1645 4544 1907 4617 synodus
1937 4543 2143 4601 Laodi-

2253 4449 2433 4507 dixit:
2471 4450 2633 4506 Dicat
2663 4455 2869 4507 sancta
2898 4452 3159 4525 synodus
3188 4451 3330 4524 quid
3360 4458 3626 4511 meretur
3652 4469 3898 4529 praesens

2252 4555 2441 4613 neque
2485 4540 2788 4596 confitens.
2818 4544 3038 4597 rectam
3090 4540 3287 4611 ﬁdem,
3329 4558 3518 4615 neque
3576 4543 3902 4601 consentire

490 4627 685 4684 censis
742 4629 933 4701 capite
957 4631 1013 4697 6,
1046 4630 1190 4685 dicit
1221 4646 1234 4685 :
1295 4654 1324 4681 ι‹
1352 4632 1520 4697 Quod
1569 4632 1822 4689 haeretici
1869 4650 1981 4689 non
2014 4650 2142 4705 per-
2172 4658 2221 4722 Β
2249 4628 2452 4722 volens
2483 4628 2758 4722 praesenti
2816 4630 3059 4700 synodo,
3093 4630 3196 4722 sed
3227 4646 3596 4722 perseverare
3627 4650 3753 4692 suae
3783 4649 3900 4722 per-

491 4714 909 4773 mittendi‘sint
928 4716 1155 4792 ingredi
1187 4718 1245 4774 in
1278 4719 1519 4776 domum
1549 4719 1671 4787 Dei,
1696 4721 1756 4776 in
1787 4720 1993 4778 haeresi
2016 4739 2145 4794 per-

464 4832 471 4843 ν
494 4810 821 4863 manentes.
861 4829 889 4856 ι)

566 4895 677 4952 Sed
710 4899 769 4952 et
797 4896 870 4953 de
897 4894 1234 4953 istiusmodi
1290 4897 1418 4954 sine
1464 4898 1584 4954 vita
1628 4898 1958 4956 viventibus
2007 4900 2143 4957 Pro-

490 4983 950 5057 sperinprazfuto
981 4983 1131 5040 libro
1162 4986 1588 5059 cap.36!adicit:
1625 4987 1757 5043 «Ita
1787 4991 1929 5044 sunt
1950 4986 2145 5045 invite

491 5073 859 5147 palmites,ut
887 5073 989 5129 viti
1022 5074 1166 5130 nihil
1196 5076 1519 5145 conferant,
1549 5077 1647 5132 sed
1684 5076 1819 5133 inde
1853 5077 2147 5149 accipiant

491 5162 649 5217 unde
677 5162 911 5231 vivant;
944 5162 1031 5219 sic
1058 5162 1273 5236 quippe
1302 5162 1437 5219 vitis
1467 5169 1555 5221 est
1586 5165 1643 5219 in
1680 5164 2052 5237 palmitibus,
2079 5169 2148 5221 ut

489 5249 1040 5308 vitalealimentum
1092 5252 1504 5309 subministrct
1550 5253 1655 5323 eis,
1690 5271 1804 5309 non
1846 5259 2045 5309 sumat
2068 5255 2142 5311 ab

492 5336 685 5393 eis.Ac
706 5356 809 5411 per
828 5340 939 5396 hoc
958 5345 1015 5396 et
1037 5346 1371 5397 manentem
1404 5341 1462 5397 in
1496 5359 1557 5398 se
1587 5342 1801 5397 habere
1820 5341 2139 5413 Christum,

493 5430 553 5481 et
573 5443 807 5483 manere
828 5427 888 5483 in
911 5428 1161 5497 Christo,
1194 5429 1501 5502 discipulis
1534 5432 1772 5503 prodest
1804 5435 2140 5504 utrumque,

494 5530 611 5570 non
646 5514 894 5572 Christo.
929 5518 1075 5574 Nam
1126 5519 1366 5591 praeciso
1417 5519 1656 5591 palmite
1695 5524 1887 5591 potest
1916 5520 1987 5577 de
2016 5522 2146 5578 viva

494 5603 690 5659 radice
709 5603 861 5661 alius
880 5605 1170 5678 pullulare
1195 5625 1209 5676 ;
1229 5607 1328 5680 qui
1354 5612 1551 5663 autem
1573 5607 1851 5680 praecisus
1875 5613 1984 5676 est,
2018 5609 2145 5668 sine

494 5692 689 5755 radice
709 5708 824 5754 non
848 5698 1037 5771 potest
1052 5695 1262 5753 vivere.
1288 5718 1316 5747 κ
1340 5696 1608 5754 Mortuus
1632 5700 1723 5757 est
1741 5695 1899 5755 enim
1929 5697 2143 5757 divinis

2253 4717 2518 4775 versitati
2546 4721 2605 4774 et
2630 4734 2793 4775 save
2832 4734 2952 4775 suae
3001 4717 3439 4776 malevolentiae.
3471 4720 3764 4780 Seleucus
3790 4721 3904 4796 epi-

2254 4823 2469 4879 scopus
2499 4805 2644 4862 dixit
2674 4821 2689 4863 :
2730 4806 2957 4880 Dignus
2986 4806 3225 4880 quidem
3249 4812 3339 4865 est
3352 4807 3483 4875 iste
3503 4809 3900 4875 damnatione,

2253 4896 2357 4952 sed
2386 4895 2447 4951 in
2479 4895 2811 4953 sanctitatis
2856 4901 3060 4954 vestrae
3108 4895 3475 4957 humanitate
3502 4898 3775 4971 positum
3804 4903 3902 4957 est.

2256 4983 2566 5042 Flavianus
2605 4984 2914 5058 episcopus
2962 4985 3110 5042 dixit
3140 5002 3154 5042 :
3187 4986 3250 5043 Si
3279 4988 3569 5045 conﬁtens
3598 4989 3904 5062 proprium

2254 5074 3105 5146 peccatum,anathematizaret
3122 5075 3340 5148 dogma
3359 5075 3758 5149 proprium,et
3775 5093 3904 5134 cou-

2254 5162 2498 5218 sentiret
2510 5162 2680 5220 nobis
2693 5162 3077 5236 sequentibus
3095 5163 3442 5221 traditiones
3452 5169 3804 5224 sanctorum
3819 5165 3909 5223 Pa-

2252 5255 2431 5319 trum,
2456 5252 2661 5309 merito
2682 5252 2897 5326 dignus
2917 5256 3073 5309 esset
3093 5251 3281 5310 venia.
3305 5252 3418 5309 Sed
3441 5252 3581 5325 quia
3601 5256 3910 5327 permanet

2253 5339 2311 5395 in
2334 5341 2537 5397 eadem
2558 5339 3280 5414 malignitate,subjacebit
3292 5358 3585 5399 canonum
3602 5343 3907 5402 vindictis.

2252 5430 2322 5486 Et
2347 5428 2489 5487 item
2521 5429 2834 5487 Flavianus
2863 5429 3176 5503 episcOpus
3204 5430 3368 5499 dixit,
3403 5431 3705 5505 Eutychos
3726 5449 3907 5507 quon-

2253 5520 2389 5575 dam
2428 5519 2734 5591 presbyter
2753 5522 2812 5574 et
2835 5518 3348 5576 archimandrites.
3381 5519 3451 5577 Et
3479 5525 3612 5593 post
3639 5521 3909 5595 aliquan-

2252 5611 2314 5665 ta
2346 5625 2359 5664 :
2393 5630 2421 5659 »
2458 5607 2622 5664 Unde
2651 5611 2949 5680 gementes
2977 5609 3297 5681 perfectam
3342 5610 3473 5681 ejus
3516 5610 3906 5683 perditionem

2252 5696 2617 5755 decrevimus
2647 5712 2761 5770 per.
2790 5696 3105 5755 Dominum
3148 5697 3354 5756 Jesum
3403 5697 3712 5758 Christum
3743 5701 3820 5760 ab
3847 5714 3910 5757 eo
