4018 6466
145 459 256 520 MT

813 457 917 517 DE
962 455 1728 517 PR/EDE'S'I‘INATIONE
1767 454 2288 521 DISSERTA’I‘IO
2332 461 2802 523 POSTERIOR.
2837 450 2846 457 ’

3388 464 3524 525 448‘-

144 589 604 664 hlasphematum,
636 592 976 644 extraneum
1005 605 1132 645 esse
1158 589 1238 644 ab
1265 588 1425 644 omni
1457 588 1646 644 ofﬁcio
1669 605 1756 644 sa-
1781 587 1840 656 A.
1924 591 2069 664 patet
2095 590 2282 664 salutis-
2320 590 2457 641 locus
2483 606 2580 664 .f-a
2626 594 2771 657 cujus
2813 592 3009 642 unitate
3058 593 3272 659 quisque
3317 594 3510 646 dism-

145 678 412 746 cerdotali,
442 681 495 734 et
519 695 553 733 a
582 682 784 734 nostra
811 677 1244 749 communione,
1267 682 1324 734 et
1350 677 1602 750 primatu
1636 696 1757 734 mo-

144 767 375 834 nasterii,
407 765 668 822 scientes.
683 770 740 822 et
768 766 862 822 his
893 767 993 839 qui
1026 771 1229 839 postea
1273 784 1406 822 cum
1455 783 1522 822 eo
1571 767 1754 823 collo-

143 860 366 931 quentur
391 860 448 912 et
475 855 545 911 ad
578 872 713 910 cum
745 856 1117 912 convenerint
1146 857 1580 925 denuntiantes,
1606 874 1751 930 quo-

143 947 276 1002 niam
307 945 382 1001 rei
409 949 578 1000 erunt
603 949 661 1000 et
693 944 806 1018 ipsi
838 963 1019 1017 postue
1051 945 1753 1012 excommunicationis,si

142 1035 222 1109 qui
236 1052 340 1090 non
351 1033 1274 1090 declinaverintconfabulationes
1287 1034 1766 1107 ejus.Flavianus

140 1125 417 1197 episcopus
445 1123 1124 1196 Constantinopolitanus
1146 1124 1424 1196 judicans
1454 1124 1751 1196 subscrip-

139 1213 276 1278 sit,et
289 1213 392 1268 hoc
414 1213 586 1268 modo
607 1212 798 1268 caateri
822 1213 1436 1286 subscripserunt.Sed
1452 1217 1515 1269 'et
1543 1212 1752 1268 talium

140 1302 367 1373 nomina,
398 1301 458 1358 id-
485 1307 575 1359 est
607 1302 664 1358 in
697 1302 904 1358 haeresi
935 1302 1403 1374 permanentium
1455 1303 1546 1358 de!
1571 1301 1753 1359 sacris

138 1390 356 1463 dyptiois
384 1391 566 1458 eradi,
598 1396 655 1446 et
685 1392 743 1448 in
783 1391 1041 1447 Ecclesia
1087 1391 1322 1463 penitus
1369 1390 1566 1459 taceri,
1601 1389 1767 1446 sicut

138 1484 384 1552 perpetuo
415 1479 828 1536 damnatorum
861 1480 934 1536 ab
958 1481 1302 1536 auctoritate
1324 1480 1606 1536 divinitus
1629 1497 1756 1552 pro-

137 1568 838 1642 mulgata-praecipiuntur.
863 1569 1025 1626 Sicut
1046 1569 1310 1626 Gelasius
1333 1586 1485 1642 papa
1515 1569 1574 1624 in
1606 1570 1754 1642 epis-

138 1659 236 1713 tola
263 1658 748 1730 ad‘Euphemium
781 1658 1491 1732 Constantinopolitanum
1523 1659 1751 1731 episco-

137 1763 260 1819 pum
283 1747 447 1820 (epist.
461 1747 518 1820 9)
552 1747 934 1817 demonstrat,
955 1748 1192 1804 dicens:
1217 1771 1246 1798 «
1279 1747 1503 1816 Adhuc,
1538 1748 1748 1820 inquit,

136 1836 628 1908 quaeritis-quando
653 1836 828 1893 fuerit
857 1837 1171 1892 damnatus
1195 1837 1629 1910 Acacius,quasi
1663 1854 1750 1894 re-

136 1940 265 1993 vera,
287 1923 513 1981 etiamsi
547 1941 682 1981 eum
713 1924 914 1981 nullus
947 1930 1078 1981 ante
1109 1927 1467 1994 damnasset,
1501 1943 1615 1980 non
1646 1925 1749 1981 ha-
1781 1961 1831 2027 B

138 2013 300 2069 buerit
328 2014 396 2070 ab
425 2013 762 2070 orthodoxae
811 2019 869 2069 et
917 2015 1247 2087 apostolicae
1296 2015 1751 2086 communionis,

138 2103 282 2173 cujus
310 2103 716 2174 prmvaricator
758 2103 981 2159 exstitit
1020 2109 1078 2159 et
1127 2105 1404 2171 desertor,
1437 2103 1750 2177 participa-

139 2191 266 2246 tione
293 2191 506 2248 seeludi
536 2209 551 2247 :
593 2193 747 2248 sicut
775 2192 955 2248 etiam
986 2192 1250 2266 quilibet,
1284 2193 1382 2266 qui
1416 2195 1589 2249 fuerit
1620 2198 1753 2249 ante

137 2280 443 2348 catholicus,
474 2282 809 2354 cuicunque
842 2282 1046 2338 haeresi
1077 2281 1754 2350 communicans,merito

131 2369 398 2440 judicatur
425 2388 459 2427 a
488 2376 694 2427 nostra
725 2371 1004 2428 societate
1033 2374 1547 2440 removendus,aut
1566 2371 1625 2426 in
1650 2371 1752 2427 tali

137 2463 265 2514 sorte
293 2459 606 2516 defunctus
637 2461 792 2516 inter
820 2460 1240 2518 catholicorum
1275 2460 1515 2516 nomina
1565 2460 1752 2516 nulla-

136 2552 280 2604 tenus
297 2549 938 2621 computari.Miramur
957 2555 1151 2606 tamen
1178 2551 1468 2622 quomodo
1490 2551 1604 2606 ista
1629 2567 1754 2623 pro-

139 2635 274 2692 fertis
307 2653 321 2691 :
371 2637 480 2693 hoc
531 2643 644 2705 est,
681 2643 746 2694 ut
775 2639 1066 2710 synodum
1095 2639 1624 2695 Chalcedonensem
1653 2657 1756 2695 vos

138 2726 400 2798 suscipere
415 2743 522 2800 pro
555 2727 668 2782 fide
697 2727 983 2783 catholica
1003 2729 1756 2801 proﬁteamini,eteosquos

140 2813 402 2870 damnavit
429 2814 787 2872 sectantium
833 2817 1360 2873 communicatores
1392 2835 1506 2874 non
1537 2818 1758 2890 pariter

141 2903 570 2977 generaliterque
621 2904 839 2976 putetis
869 2906 1049 2962 fuisse
1093 2907 1422 2962 damnatos.
1456 2905 1756 2962 Ostendite

141 3006 270 3063 ergo,
293 2993 424 3065 quia
451 2993 719 3067 synodus
749 2993 809 3048 in
842 3011 1192 3066 unaquaque
1225 2994 1588 3064 haeresi,cum
1608 3011 1760 3051 erro-

142 3079 277 3135 ribus
305 3098 672 3138 successores
702 3097 902 3137 eorum
933 3083 1027 3138 hic
1052 3084 1553 3140 communicantes
1579 3084 1756 3140 simul

142 3181 234 3223 non
259 3187 450 3227 omnes
480 3171 782 3226 damnarit
812 3176 869 3226 et
897 3171 1265 3245 complices.»
1300 3174 1370 3228 Et
1400 3173 1541 3228 item
1572 3173 1630 3228 in
1662 3190 1756 3230 ea-

140 3256 248 3313 dem
276 3259 588 3332 aliquando
619 3260 890 3333 superius
915 3278 928 3316 :
964 3284 990 3311 «
1029 3261 1259 3317 Petistis
1290 3261 1470 3334 igitur
1488 3261 1758 3335 perlitte-

141 3361 234 3412 ras,
265 3331 400 3420 quas
431 3366 534 3422 per
567 3331 937 3422 Simplicium
971 3350 1284 3407 diaconum
1315 3331 1676 3421 destinastis,
1702 3356 1757 3406 et
1787 3331 1830 3396 (ἶ

139 3432 196 3488 d‘e
219 3434 298 3492 his
327 3455 470 3510 quos
498 3437 795 3494 ordinavit
823 3438 1090 3507 Aeacius,
1124 3441 1415 3511 majorum
1441 3440 1756 3496 traditione

139 3524 508 3595 confectam,et
535 3532 868 3582 vestrarum
888 3527 1177 3600 precipue
1209 3529 1513 3602 regionum
1547 3516 1763 3585 sollici-V

139 3611 298 3669 tudini
327 3617 474 3674 853
495 3620 704 3673 vestrm
736 3633 1056 3690 congruam
1088 3618 1478 3690 praeberemus
1502 3619 1628 3674 sine
1645 3619 1756 3674 dif-

140 3699 362 3760 ﬁcultate
379 3705 636 3763 medicin
646 3708 891 3772 am.Quo
917 3723 1023 3762 nos
1042 3706 1218 3763 vultis
1241 3707 1396 3764 ultra
1412 3708 1758 3764 condescen-

140 3788 277 3848 dere?
289 3795 424 3864 quid
445 3795 686 3851 tacetis?
697 3795 838 3867 quid
871 3796 1341 3851 verecundamini
1363 3796 1553 3852 verbis
1576 3796 1760 3870 expri-

140 3893 267 3936 mere
279 3885 421 3955 quod
438 3885 618 3940 corde
629 3885 875 3957 gestatis
887 3885 913 3939 ?
932 3885 1064 3958 Ipsa
1073 3903 1174 3941 vos
1189 3886 1393 3941 saltem
1407 3886 1757 3941 verecundia

140 3981 288 4038 quam
317 3972 587 4046 iniquum
621 3973 697 4029 sit
727 3973 929 4030 debuit
975 3962 1365 4030 commoiiere.
1401 3976 1478 4030 An
1512 3974 1754 4030 forsitan

141 4060 194 4110 ut
217 4058 628 4131 haereticorum,
652 4063 1206 4135 damnatorumque,
1229 4068 1285 4119 et
1313 4064 1405 4120 his
1434 4063 1521 4119 vel
1553 4079 1754 4119 eorum

141 4151 541 4209 successoribus
568 4152 1140 4208 communicantium
1170 4153 1412 4209 nomina
1432 4152 1755 4209 consentia-

142 4249 252 4291 mus
277 4239 550 4297 admitti?
581 4242 700 4297 Hoc
732 4258 850 4297 non
881 4246 970 4297 est
1014 4243 1477 4298 condescendere
1509 4242 1580 4297 ad
1615 4241 1752 4297 sub-

139 4325 472 4399 veniendum,
503 4331 605 4386 sed
642 4329 936 4386 evidenter
960 4331 1031 4386 ad
1063 4330 1290 4387 inferna
1319 4330 1584 4404 dimergi.
1619 4331 1754 4387 Par-

141 4411 248 4483 cite,
279 4433 486 4488 qusaso,
521 4424 579 4476 et
609 4418 778 4476 nobis
810 4423 866 4476 et
897 4419 1080 4488 vobis,
1107 4442 1134 4469 ››
1166 4423 1222 4475 et
1251 4420 1574 4492 sequentia.

648 4607 880 4664 CAPUT
918 4607 1210 4663 XXXVIII.

137 4739 348 4816 Sequitur
377 4749 588 4800 tandem
619 4752 782 4801 totius
799 4751 878 4800 rei
921 4750 1132 4816 digestis
1173 4765 1237 4800 ea:
1283 4753 1506 4815 quatuor
1559 4752 1756 4816 capitu-

189 4813 257 4888 ᾧ,
275 4822 522 4888 quoniam
567 4823 778 4888 quintus
810 4822 872 4871 de
919 4813 1170 4886 baptismo
1217 4813 1412 4873 in_hoc
1458 4813 1642 4887 quarto
1690 4824 1754 4872 de

191 4884 527 4954 Redemptione
573 4884 781 4942 ‘Christi
846 4884 1155 4954 continetur,
1219 4884 1482 4958 Epilogus
1528 4895 1752 4944 succinte

189 4962 486 5029 compositus,
518 4966 576 5012 ut
604 4977 708 5012 non
739 4962 921 5014 debeat
963 4963 1200 5028 fastidiri
1227 4963 1527 5029 legentibus,
1561 4980 1592 5014 α
1638 4981 1754 5016 con-

190 5028 508 5100 lmdictorum
535 5049 670 5084 uere
693 5035 820 5098 ﬁdei
842 5037 1168 5100 responsione
1220 5028 1465 5086 lacim'osa
1511 5040 1752 5098 remotus,

189 5099 342 5174 colem
365 5119 552 5156 sanare
579 5121 729 5170 quem
759 5105 1078 5158 demonstrat
1107 5109 1369 5172 trigesimo
1407 5111 1583 5159 octavo
1612 5113 1754 5174 capi-

190 5169 298 5244 tulo,
326 5189 383 5224 ac
406 5177 454 5224 si
480 5169 699 5240 triginta
730 5179 780 5226 et
807 5181 918 5226 octo
947 5180 1100 5228 annis
1121 5169 1385 5243 jdcentem
1429 5169 1754 5244 languidum,

191 5241 307 5290 male
332 5248 634 5296 sententiam
661 5249 850 5298 scilicet
887 5241 1245 5310 chorumﬁluo
1293 5250 1356 5300 de
1399 5241 1750 5316 quadraginta

189 5323 399 5386 nurnero,
426 5320 518 5381 qui
543 5318 670 5382 legis
698 5320 938 5382 deculogo
966 5336 1060 5384 per
1103 5329 1324 5386 quatuor
1369 5325 1534 5372 sancti
1579 5326 1624 5372 Ε
1629 5339 1750 5374 υαη-

190 5384 476 5454 qeth'alibros
503 5389 761 5454 impletur,
794 5392 964 5440 minus
992 5384 1283 5452 habentem,
1313 5396 1362 5442 et
1402 5409 1433 5442 a
1483 5394 1752 5445 dilectione

195 5452 273 5530 pet
301 5470 356 5504 ac
376 5452 620 5522 proximi,
651 5476 804 5526 quam
836 5461 962 5525 legis
991 5464 1192 5526 pariter
1219 5468 1269 5513 et
1299 5465 1568 5529 Evangelii
1589 5468 1750 5530 scrip.

194 5524 293 5574 tura
319 5524 895 5601 commendat,_vacuum
919 5524 1253 5584 incedentem.
1285 5536 1346 5586 In
1373 5524 1472 5601 qub
1501 5537 1615 5586 licet
1639 5524 1753 5601 plu-

193 5608 261 5642 res
307 5599 404 5672 sint
447 5602 618 5663 choro,
667 5605 714 5652 si
759 5605 1076 5669 acquiescere
1119 5607 1332 5656 veritati
1379 5599 1751 5672 consenserint,

195 5669 322 5749 (ίαῳί
355 5684 480 5722 unus
523 5675 897 5740 recuperabunt
943 5677 994 5726 in
1019 5679 1242 5749 Aunitate
1281 5678 1408 5742 ﬁdei
1455 5669 1750 5731 sanitatem;

197 5735 309 5798 Quia
328 5747 510 5808 praeter
562 5735 813 5800 unitatem
860 5747 1119 5800 catholica.-
1157 5735 1291 5816 ﬁdei
1325 5750 1501 5802 nullus
1546 5752 1753 5805 cuilibet

1924 663 2034 780 pot,
2063 662 2278 712 salutem
2308 677 2418 728 qua:
2449 663 2514 712 ab
2542 678 2641 716 uno
2670 666 2744 712 est
2784 665 3019 728 consequi
3062 679 3386 729 nequaquam
3423 681 3509 720 va-

1944 737 2008 780 et.

1944 737 2008 781 et.

2418 857 2508 896 EPI
2517 856 2642 896 LOGI
2683 857 2872 896 CAPUT.
2902 857 2940 895 Ι.

1933 945 2218 1010 Quoniam
2254 946 2493 1018 quidem
2526 947 2697 1020 longe
2728 947 3012 1018 superius
3035 949 3272 1019 quando
3311 953 3378 1003 et-
3406 949 3516 1003 ubi

1862 1037 1919 1088 et
1931 1034 2084 1088 unde
2097 1035 2183 1106 pri
2194 1052 2354 1090 mum
2369 1035 2488 1090 haec
2503 1035 3016 1091 Prmdestinatiana
3037 1035 3274 1092 haeresis
3289 1041 3504 1103 exorta,

1862 1127 1920 1178 et
1949 1140 2053 1195 per
2081 1141 2228 1194 quos
2259 1141 2324 1179 ac
2355 1124 2608 1196 qualiter
2628 1125 2706 1180 sit
2737 1125 2954 1180 revicta
2971 1125 3524 1191 monstravimus,et/

1862 1211 2119 1282 capitula
2152 1230 2338 1284 nuper
2367 1213 2422 1268 in
2440 1215 2668 1287 Synodo
2696 1231 2866 1270 secus
2880 1215 3202 1270 Leucorum
3217 1215 3522 1270 civitatem:

1861 1300 2093 1368 relecta,
2128 1303 2407 1358 adversus
2434 1303 2741 1358 veritatem
2772 1304 2917 1359 falso
2949 1304 3279 1377 compilata,
3314 1303 3526 1376 Scrip--

1859 1393 2126 1444 turarum
2158 1394 2215 1446 et
2245 1391 2664 1447 catholicorum
2713 1392 3060 1449 auctoritate
3089 1391 3457 1449 ostendimus
3489 1406 3528 1448 ει

1861 1483 2113 1550 quatuor
2143 1479 2526 1536 nihilominus
2571 1481 2828 1552 capitula
2878 1486 3078 1537 contra
3125 1481 3526 1538 Praedestina-.

1860 1565 2052 1622 tianos
2083 1567 2307 1622 novitcr
2328 1570 2867 1641 rcexortos,quibus
2895 1569 3003 1625 hoc
3037 1575 3244 1643 praeter
3265 1587 3510 1643 Opuscu-

1861 1654 1984 1710 lum
2011 1674 2126 1728 quo
2147 1655 2261 1712 ista
2277 1657 2612 1730 excepimus
2633 1657 2822 1714 tribus
2839 1658 3051 1714 libellis
3073 1658 3506 1732 respondimus,
3527 1707 3530 1710 .

1859 1761 1929 1799 ex
1957 1744 2193 1799 Patrum
2225 1745 2397 1800 dictis
2425 1745 2663 1801 collecta
2685 1747 3013 1802 orthodoxae
3035 1747 3168 1803 fidei
3187 1763 3530 1820 congruere-

1860 1833 2059 1888 eadem
2093 1834 2439 1889 auctoritate
2471 1835 2779 1890 docuimus
2813 1852 2826 1890 :
2857 1837 3132 1908 quodque
3163 1835 3355 1892 omnis
3384 1836 3506 1891 hai-

1861 1921 2008 1976 resis
2040 1921 2218 1976 semel
2252 1923 2467 1978 revicta
2498 1940 2628 1978 cum
2654 1924 2991 1980 auctoribus
3023 1941 3090 1980 ac
3120 1924 3505 1981 sectatoribus

1863 2009 1987 2066 suis
2019 2015 2295 2082 perpetuo
2328 2011 2405 2065 sit
2434 2012 2730 2078 damnata,
2764 2017 2820 2068 et
2849 2029 2964 2068 non
2997 2013 3218 2068 viritim.
3257 2012 3318 2069 in
3349 2030 3506 2086 quaa-

1863 2098 2115 2154 stionem
2146 2099 2542 2172 suscipienda,
2575 2101 2675 2156 sed
2709 2117 2842 2156 mox
2873 2105 2938 2155 ut
2967 2101 3024 2155 in
3059 2101 3298 2156 sibilum
3330 2106 3509 2173 caput

1862 2187 2134 2243 levaverit
2165 2188 2581 2260 conculcanda,
2615 2193 2671 2244 et
2699 2189 2810 2261 ipsi
2851 2191 2980 2261 ejus
3028 2190 3322 2247 anhelitus
3347 2207 3506 2246 com-

1863 2275 2153 2348 primendi
2190 2293 2202 2332 :
2239 2276 2558 2348 qualiterve
2587 2294 2620 2332 a
2650 2295 3001 2350 quacunque
3033 2278 3234 2334 haeresi
3270 2278 3508 2350 resipis-

1864 2369 2058 2420 ccntes
2091 2365 2600 2436 suscipiantur,vel
2633 2367 2680 2421 si
2705 2367 3135 2438 permanserint
3157 2367 3509 2439 desipientes

1863 2454 2524 2523 anathematizenlur,ex
2555 2455 2802 2511 decretis
2823 2455 3101 2512 divinitus
3125 2455 3522 2529 promulgatis-

1864 2542 2228 2614 oollcgimus.
2250 2544 2403 2599 354
2431 2546 2564 2610 Quae
2594 2544 2792 2599 omnia
2825 2545 2940 2600 fors
2973 2549 3030 2599 et
3060 2549 3192 2616 apte
3213 2543 3528 2616 aliquibus-

1865 2631 1937 2686 ad
1970 2630 2282 2703 legendum
2314 2630 2667 2704 plurima,ad
2700 2633 3210 2688 transcribendum
3231 2638 3428 2689 autem
3459 2634 3518 2689 si-

1865 2719 1965 2791 qui
1997 2719 2280 2775 voluerint
2311 2720 2494 2776 nimia
2523 2720 3055 2787 videbuntur,sicut
3083 2721 3358 2793 despecta
3375 2722 3510 2794 qui-

1865 2808 2113 2862 busdam
2128 2809 2653 2864 contradictoribus
2666 2809 2788 2865 visa
2809 2813 2948 2864 sunt
2967 2813 3219 2881 quatuor
3230 2827 3512 2866 memora-

1865 2900 1924 2951 ta
1945 2896 2214 2952 succince
2244 2896 2484 2952 collecta
2515 2896 2790 2969 capitula.
2815 2898 3076 2953 Tandem
3109 2898 3317 2970 epilogi
3350 2914 3512 2954 more

1866 2985 2098 3040 brevius
2128 3003 2196 3040 ex
2227 2985 2818 3058 prmeedentihus,pro
2839 2985 3156 3057 legentium
3174 2987 3511 3042 acscribenq

1865 3073 2014 3129 tium
2047 3075 2412 3147 compendio,
2438 3075 2704 3146 quaedam
2731 3073 3002 3147 colligere
3018 3075 3384 3148 capitulatim
3406 3092 3508 3132 cu-

1867 3162 2149 3229 ravimus,
2181 3167 2246 3218 ut
2275 3161 2644 3236 simplicibus
2677 3162 2760 3218 ita
2787 3163 2908 3218 sint
2935 3163 3184 3236 cognita,
3218 3168 3510 3236 quatenus

1868 3251 2233 3323 sapientibus
2263 3268 2377 3306 non
2410 3251 2529 3307 sint
2557 3257 2884 3320 onerosa,et
2912 3270 3016 3326 per
3044 3269 3112 3309 ea
3140 3253 3319 3310 lector
3343 3253 3528 3309 facile.

1867 3340 2054 3412 possit
2084 3357 2431 3412 cognoscere
2463 3359 2591 3413 qua:
2623 3341 2939 3397 sit-veritas
2969 3342 3039 3397 de
3070 3342 3437 3414 praescientia
3455 3348 3526 3400 et-

1865 3430 2377 3501 prcedestinatione
2407 3430 2528 3498 Dei,
2549 3431 2620 3486 de
2651 3430 2839 3503 gratia
2868 3435 2925 3487 et
2952 3430 3133 3487 libero
3164 3432 3512 3499 arbitrio,dc

1865 3535 1931 3574 eo
1963 3519 2118 3590 quod
2155 3524 2303 3574 Deus
2333 3521 2656 3575 secundum
2689 3519 3033 3593 Apostolum
3049 3520 3393 3577 vultomnes
3413 3521 3514 3578 ho-

1866 3607 2056 3662 mines
2083 3606 2274 3663 salvos
2306 3607 2448 3676 fieri,
2472 3607 2605 3663 licet
2627 3625 2742 3664 non
2776 3625 2980 3665 omnes
3007 3609 3322 3678 salvantur,
3355 3615 3412 3665 et
3439 3610 3520 3666 de

1864 3713 1930 3752 eo
1962 3697 2116 3768 quod
2140 3695 2410 3752 Christus
2439 3713 2543 3768 pro
2573 3697 2847 3753 omnibus
2879 3714 3090 3770 passus
3113 3697 3209 3766 sit,
3230 3696 3365 3753 licet
3393 3715 3509 3753 non

1865 3801 2069 3841 omnes
2095 3785 2384 3858 passionis
2409 3787 2536 3857 ejus
2569 3785 2867 3841 salventur
2895 3785 3361 3858 mystcrio.Unde
3377 3785 3507 3856 qui-

1865 3890 2096 3944 cunque
2119 3873 2286 3945 plura
2307 3874 2638 3929 desiderant
2653 3878 2867 3929 cuncta
2885 3873 3185 3945 superiora
3206 3872 3420 3945 legant.
3447 3873 3520 3930 Si-

1864 3979 1996 4018 vero
2027 3962 2147 4017 haec
2179 3963 2672 4034 sufﬁcientiaqum
2695 3965 3024 4034 sequuntur
3042 3961 3128 4017 eis
3149 3961 3504 4029 suffecerint,

1865 4051 1934 4106 de
1966 4050 2058 4106 his
2081 4051 2256 4106 ﬁdem
2278 4052 2719 4107 accommodent
2738 4050 2968 4106 veritati
2992 4049 3313 4122 praedicata;
3326 4051 3398 4105 ab
3414 4049 3521 4106 his.
3561 4081 3568 4084 -

1864 4139 1998 4195 ﬂdei
2032 4143 2088 4195 et
2118 4139 2434 4195 sinceritati
2469 4139 2853 4195 catholica}.Si
2876 4140 3010 4211 quis
3028 4155 3160 4194 vero
3183 4155 3352 4195 secus
3374 4156 3506 4195 sen-

1862 4229 2036 4296 tiens,
2069 4229 2392 4284 secundum
2416 4229 2663 4283 formam
2695 4229 2754 4282 in
2787 4227 3048 4300 proxime
3078 4227 3373 4284 distinctis
3410 4245 3507 4284 ca-

1863 4317 2070 4390 pitulis
2096 4335 2164 4374 ex
2193 4317 2535 4374 auctoritate
2564 4317 2960 4373 ecclesiastica
2999 4315 3505 4390 comprehensam,

1864 4405 2180 4479 episcopali
2213 4423 2502 4462 consensu
2548 4405 2636 4462 vel
2687 4405 2950 4480 synodali
2997 4407 3249 4478 decreto,
3283 4411 3509 4463 servato

1865 4513 1968 4567 per
1995 4495 2196 4552 omnia
2226 4495 2526 4568 privilegio
2545 4500 2758 4552 sanctae
2791 4495 3160 4558 catholicaet
3179 4495 3516 4568 apostolicis

1865 4585 2137 4641 Romanae
2169 4584 2457 4656 Ecclesiae,
2485 4589 2542 4641 et
2578 4585 2765 4658 ipsius
2795 4584 2853 4640 in
2885 4588 3004 4641 toto
3035 4585 3174 4641 orbe
3219 4589 3508 4641 terrarum

1865 4675 2066 4746 primae
2103 4673 2257 4729 sedis
2287 4673 2600 4745 pontificis,
2634 4673 2982 4743 consentire,
3016 4677 3074 4730 et
3120 4691 3256 4730 cum
3304 4677 3524 4730 sancta"

1863 4763 2150 4820 catholica
2181 4767 2238 4818 et
2265 4762 2584 4835 apostolica
2614 4764 2838 4819 unitate
2869 4763 3166 4836 suscipere
3215 4763 3333 4819 sive
3363 4763 3507 4818 sub-

1861 4853 2116 4909 scribere
2147 4853 2570 4921 detrectaverit,
2606 4853 2730 4926 ipse
2761 4853 2832 4909 ab
2859 4855 2988 4925 ejus
3035 4869 3098 4909 se
3146 4868 3424 4924 compage
3453 4855 3524 4906 et'

1862 4943 2107 5000 unitatis
2133 4947 2396 4999 secernet
2428 4943 2861 5011 communione,
2897 4943 3068 5014 cujus
3095 4959 3225 4998 esse
3257 4939 3521 4995 noluerit’

1863 5032 2059 5089 socius
2088 5031 2583 5104 disciplinae.Nam
2615 5048 2845 5103 semper
2874 5031 2957 5087 sic
2990 5031 3196 5086 habuit
3225 5027 3518 5086 catholica

1864 5122 2055 5178 omnis
2086 5121 2435 5192 Ecclesia,ut
2465 5119 2563 5192 qui
2595 5121 2652 5175 in
2678 5138 2796 5176 una
2829 5119 3238 5175 communione
3271 5131 3510 5173 consen-

1863 5213 2038 5281 tiunt,
2072 5229 2187 5267 uno
2218 5212 2507 5285 dogmate,
2544 5226 2661 5264 una
2699 5209 3000 5275 charitate,
3035 5224 3150 5264 uno
3200 5210 3523 5263 teneantur-

1860 5301 2298 5358 assensu.Sicut
2327 5299 2483 5355 enim
2516 5297 2852 5355 communio
2886 5301 2942 5352 et
2973 5314 3040 5352 ex
3069 5296 3345 5352 omnibus
3368 5295 3506 5352 oﬁ‘e-

1860 5391 2124 5446 rentibus
2159 5405 2276 5444 una
2306 5389 2464 5456 ﬁt,et
2493 5405 2610 5444 una
2641 5387 2791 5442 redit
2814 5386 2871 5440 in
2903 5385 3322 5454 omnibus,non
3345 5389 3508 5458 parte

1860 5495 2153 5551 corporea,
2189 5478 2288 5534 sed
2337 5477 2553 5532 virtute
2603 5476 2801 5532 divina
2833 5492 2846 5531 :
2880 5475 2964 5530 sic
3013 5474 3374 5531 unanimitas
3407 5492 3524 5548 per.

1859 5585 2064 5624 omnes
2093 5566 2176 5621 illi
2211 5563 2712 5622 communicantes
2741 5565 2996 5620 excurrit
3028 5581 3040 5620 :
3075 5565 3231 5637 quod
3263 5565 3506 5620 demon-

1860 5659 2082 5711 stratur
2108 5654 2308 5709 tunica
2338 5651 2674 5724 Salvatoris,
2698 5670 2825 5725 quae
2856 5652 3228 5710 inconsutilis
3257 5657 3383 5710 erat
3413 5653 3508 5709 de-

1861 5761 2038 5820 super
2064 5747 2331 5801 contexta
2380 5747 2504 5818 per~
2528 5745 2740 5813 totum,
2775 5742 2846 5800 de
2881 5760 2996 5820 qua
3027 5743 3265 5814 milites,
3300 5745 3512 5805 caetera"
