4018 6458
174 429 270 491 421

708 583 930 624 EPILOGI
969 585 1152 624 CAPUT
1188 587 1249 625 II.

173 654 294 714 Quid
312 654 378 702 sit
405 654 545 704 inter
569 656 793 718 gratiam
824 658 874 706 et
894 657 1421 720 przdestinntionem,
1440 660 1490 706 et
1517 657 1798 719 interpr;-

529 728 794 777 scientiam
825 730 873 776 et
906 729 1424 792 praedestinationem.

231 831 592 902 Augustinus
624 832 682 888 in
713 832 862 889 libro
893 835 963 889 de
1012 835 1519 906 prmdestinatione
1568 839 1796 890 sancto-

867 435 968 496 DE
1010 430 1771 497 PRIEDESTINATIONE
1815 427 2336 496 DISSERTATIO
2380 435 2842 500 POSTERIOR.

1828 567 1882 632 Α
1918 564 2241 636 periturum
2273 568 2593 639 praescivit;
2630 570 2730 640 qui
2760 587 2875 626 non
2906 571 3033 628 ideo
3075 573 3225 644 perit
3269 576 3549 646 quoniam

1907 654 2060 708 Deus
2091 654 2257 709 illum
2291 656 2616 727 periturum
2649 658 2957 730 praescivit.
2977 661 3076 716 sed
3100 661 3237 733 quia
3256 664 3552 735 periturus

1905 748 2048 809 erat,
2097 745 2248 799 Deus
2298 746 2496 801 omnia
2543 748 2736 802 sciens
2795 748 2972 804 etiam
3021 756 3336 822 antequam
3385 754 3548 822 fiant,

1905 831 2073 886 illum
2109 833 2431 904 periturum
2467 835 2774 907 praescivit.
2800 838 2867 892 Et
2897 842 2962 892 ut
2993 855 3106 893 non
3139 839 3293 896 Deus
3325 842 3554 914 priescit

3432 442 3551 506 422

171 937 286 974 rum
320 919 459 992 (cap.
497 922 584 989 10)
613 921 756 977 dicit
789 939 801 977 :
842 945 870 972 «
899 924 956 978 Si
1002 924 1358 980 discutiatur
1402 927 1458 978 et
1507 928 1800 996 quaaratur
1907 921 2020 976 nisi
2053 924 2206 992 quod
2247 927 2335 979 est
2382 925 2620 979 omnino
2669 925 2955 992 futurum,
2989 924 3074 982 ita
3120 929 3274 999 quod
3325 931 3555 1001 praescit

170 1009 310 1064 unde
341 1009 594 1082 quisque
623 1010 698 1066 sit
728 1011 962 1085 dignus,
988 1031 1102 1068 non
1137 1014 1352 1069 desunt
1372 1013 1472 1085 qui
1495 1014 1693 1069 dicant
1710 1030 1802 1068 vo-

170 1097 383 1154 luntate
412 1099 694 1167 humana,
715 1118 822 1157 nos
843 1106 1038 1158 autem
1071 1102 1322 1158 dicimus
1348 1102 1535 1175 gratia
1552 1103 1638 1158 vel
1666 1120 1802 1174 prae-

168 1185 548 1243 destinatione
578 1189 794 1261 divina,
828 1191 984 1247 Inter
1013 1192 1261 1264 gratiam
1284 1207 1454 1263 porro
1476 1195 1532 1247 et
1553 1193 1802 1263 prmdes-

169 1274 502 1332 tinationem
535 1277 643 1334 hoc
673 1283 905 1335 tantum
929 1280 1346 1352 interest,qnod
1371 1280 1809 1352 praedestinat'm

166 1369 252 1421 est
270 1365 474 1436 gratiae
505 1367 1064 1441 praeparatio,gratia
1090 1386 1224 1426 vero
1247 1369 1373 1440 jam
1395 1369 1525 1441 ipsa
1545 1368 1800 1426 donatio.

171 1455 319 1520 Quod
353 1454 554 1528 itaque
587 1456 668 1512 ait
693 1457 1039 1530 Apostolus:
1063 1459 1181 1513 Non
1209 1474 1278 1514 ex
1304 1458 1650 1530 operibus,ue
1667 1461 1806 1529 forte

167 1545 280 1615 quis
309 1545 627 1600 extollatur.
661 1547 839 1617 Ipsius
867 1548 1015 1602 enim
1044 1563 1234 1602 sumus
1271 1549 1606 1618 ﬁgmentum,
1639 1550 1806 1604 creati

166 1636 219 1687 in
249 1632 464 1689 Christo
491 1635 616 1690 Jesu
644 1636 705 1690 in
735 1635 987 1707 operibus
1035 1636 1186 1692 bonis
1217 1636 1439 1708 (Ephes.
1472 1653 1532 1705 ιι,
1564 1637 1638 1709 9),
1672 1654 1803 1708 gra-

165 1723 239 1777 tia
267 1726 379 1778 est.
416 1724 578 1789 Quod
612 1729 811 1779 autem
844 1725 1130 1796 sequitur,
1155 1725 1288 1792 Qua?
1311 1729 1648 1798 praepara-vit
1665 1728 1805 1783 Deus

164 1819 220 1866 ut
238 1813 292 1866 in
317 1812 1253 1885 illisambulemus,praedestinatio
1267 1819 1507 1886 est,quze
1521 1815 1647 1870 sine
1660 1833 1803 1888 prae-

1909 1027 2023 1065 non
2046 1015 2245 1082 potest
2275 1029 2389 1067 non
2423 1029 2550 1068 esse
2582 1015 2868 1068 futurum.

1984 1099 2123 1153 lluic
2174 1100 2491 1172 perspicuae
2547 1101 2776 1158 veritati
2831 1103 3244 1160 contradicunt
3292 1103 3556 1164 moderni

1909 1187 2185 1256 haeretici,
2219 1193 2544 1244 asserentes
2582 1191 2860 1263 reprobos
2890 1209 2924 1246 a
2955 1193 3070 1249 Deo
3121 1198 3186 1248 ut
3235 1194 3553 1266 prmscitos,

1910 1275 1992 1331 ita
2013 1282 2068 1331 et
2090 1278 2161 1331 ad
2196 1277 2499 1332 interitum
2532 1278 3074 1351 predestinatosEt
3093 1283 3384 1339 contraria
3403 1287 3558 1342 vete-

1911 1383 2003 1421 res
2021 1373 2331 1421 senserunt
2347 1367 3131 1435 Przedestinatiani,dicentes
3149 1371 3333 1427 Deum
3348 1389 3556 1429 secun-

1913 1455 2052 1509 dum
2083 1455 2507 1527 praescientiam
2543 1457 2832 1529 perituros
2861 1458 3379 1516 damnare.Contra
3409 1477 3556 1533 quos

1909 1548 2151 1599 sanctus
2203 1545 2566 1616 Augustinus
2616 1545 2676 1600 in
2721 1545 2869 1601 libro
2921 1548 2992 1602 de
3042 1547 3558 1609 Praidestinations

1913 1636 2273 1699 sanctorum,
2305 1650 2601 1705 exponens
2627 1633 2976 1691 sententiam
3009 1636 3320 1708 Scriptura;
3365 1637 3509 1695 dicit
3539 1655 3554 1699 :

1915 1744 1941 1770 «
1977 1723 2176 1793 Raptus
2207 1731 2284 1776 est
2303 1738 2372 1778 ue
2399 1724 2618 1778 malitia
2644 1731 2878 1778 mutaret
2907 1726 3239 1780 intellectum
3265 1727 3381 1798 ejus
3402 1728 3555 1801 (Sap.

1913 1828 1989 1874 ιν,
2025 1813 2132 1879 11).
2169 1811 2285 1865 Hoc
2318 1811 2540 1866 dictum
2571 1815 2678 1878 est,
2704 1811 2916 1883 inquit,
2942 1814 3268 1869 secundum
3301 1814 3567 1886 peric-aia»

165 1901 407 1957 scientia
435 1918 550 1957 non
573 1905 763 1973 potest
784 1919 932 1968 esse,
952 1906 1143 1974 potest
1159 1907 1354 1958 autem
1373 1920 1501 1960 esse
1517 1904 1641 1960 sine
1660 1922 1803 1977 prm-
1840 1928 1888 1992 Β
1916 1899 2044 1952 vitae
2075 1898 2273 1970 hujus,
2309 1915 2424 1954 D011
2467 1900 2794 1954 secundum
2843 1900 3269 1971 Ρΐωεθίθηιίειω
3302 1903 3424 1974 Dei,
3457 1903 3557 1976 qui

172 1990 565 2046 destinatione
621 1990 1005 2062 prmscientia.
1039 1991 1549 2048 Praedestinatione
1595 1993 1812 2066 quippe
1843 1986 1881 1992 —
1921 1986 2029 2041 hoc
2062 1987 2346 2059 praescivit
2376 1988 2530 2059 quod
2560 1987 2822 2044 futurum
2872 1993 3016 2057 erat,
3052 2007 3167 2045 non
3214 1992 3369 2063 quod
3403 1991 3557 2049 858

170 2079 312 2136 Deus
324 2078 483 2136 851
501 2079 927 2151 praescivitquze
941 2080 1264 2152 fueratipse
1281 2081 1816 2150 facturus,undedi-

168 2173 316 2222 ctum
352 2171 447 2224 est
479 2184 492 2222 :
526 2169 671 2224 Fecit
711 2184 835 2240 quae
878 2171 1070 2240 futura
1114 2177 1260 2225 sunt.
1298 2171 1568 2227 Praescire
1617 2175 1810 2227 autem

165 2260 366 2328 potens
399 2261 490 2312 est
520 2255 693 2312 etiam
727 2273 855 2328 quae
887 2257 1012 2328 ipse
1043 2273 1158 2311 non
1193 2256 1509 2325 facit,sicut
1539 2275 1811 2330 quaecun-

165 2361 268 2416 que
297 2344 720 2417 peccata.Quia
740 2345 848 2400 etsi
873 2350 1013 2400 sunt
1035 2346 1303 2417 quaedam
1327 2363 1452 2418 quae
1475 2346 1556 2402 ita
1577 2352 1812 2419 peccata

164 2439 292 2490 sunt
321 2439 396 2490 ut
429 2451 612 2507 pcenae
640 2434 758 2490 sint
787 2434 962 2490 etiam
988 2439 1381 2506 peccatorum,
1402 2437 1557 2491 unde
1587 2436 1808 2492 dictum

161 2529 271 2579 est:
297 2523 554 2580 Tradidit
572 2525 698 2580 illos
719 2525 859 2579 Deus
881 2525 942 2578 in
961 2524 1253 2596 reprobum
1272 2532 1505 2580 mentem
1525 2533 1586 2580 ut
1601 2527 1814 2596 fac-iant

161 2629 275 2684 qui:
297 2629 418 2669 non
447 2615 780 2668 conveniunt
810 2614 982 2685 (Rom.
1017 2630 1055 2680 I,
1087 2612 1199 2684 28),
1232 2629 1346 2667 non
1379 2614 1458 2669 ibi
1505 2619 1809 2686 peccatum

161 2703 250 2758 Dei
281 2707 396 2769 est,
433 2703 536 2758 sed
559 2702 874 2774 judicium.
908 2702 1190 2767 Quocirca
1220 2703 1653 2774 praedestinatio
1685 2703 1808 2773 Dei,

162 2808 277 2862 quae
309 2793 371 2846 in
399 2792 554 2846 bono
574 2790 886 2862 est,gratize
909 2794 999 2844 est
1024 2795 1089 2844 ut
1110 2789 1224 2844 dixi
1252 2791 1811 2863 praeparatio,gratia

158 2897 282 2935 vero
312 2887 410 2936 est
442 2878 631 2951 ipsius
658 2878 1186 2950 przedestinationis
1218 2879 1476 2934 effectus.
1509 2900 1536 2928 »
1570 2880 1640 2933 Et
1670 2880 1809 2933 Pro-

161 2986 286 3041 sper
315 2972 530 3025 contra
560 2967 754 3023 Gallos
784 2967 1011 3022 actione
1039 2984 1114 3022 xv
1145 2983 1158 3021 ε
1191 2989 1218 3016 ‹‹
1251 2966 1507 3022 Dubium
1551 2983 1665 3021 non
1698 2972 1809 3034 est,

158 3055 279 3112 sine
312 3055 442 3111 ulla
470 3053 779 3126 temporali
827 3053 1156 3109 differentia
1207 3055 1384 3108 Deum
1423 3058 1481 3109 et
1510 3054 1810 3125 praescisse

159 3145 329 3200 simul
363 3147 426 3200 et
456 3143 905 3216 prazdestinasse
935 3160 1061 3214 quae
1093 3141 1219 3214 ipso
1248 3146 1420 3198 erant
1460 3147 1695 3198 auctore
1727 3145 1808 3198 fa-

157 3234 381 3303 cienda,
405 3233 496 3290 vel
529 3249 658 3305 qua:
681 3231 853 3288 malis
875 3232 1274 3303 meritisjusto
1296 3231 1700 3303 erantjudicio
1723 3250 1808 3288 re-

1922 2076 2186 2130 futurum
2219 2093 2334 2131 non
2364 2081 2510 2142 erat,
2542 2076 2601 2130 id
2631 2081 2739 2142 est,
2773 2077 2927 2148 quod
2958 2077 3008 2132 ei
3053 2083 3300 2135 mortem
3348 2079 3558 2137 immat-

1921 2168 2113 2220 turam
2147 2165 2335 2220 fuerat
2363 2163 2679 2236 largiturus
2714 2169 2776 2219 ut
2822 2166 3203 2222 tentationem
3253 2169 3560 2226 subtrahe-

1920 2257 2080 2309 retur
2107 2253 2350 2320 incerto,
2384 2270 2499 2308 non
2530 2254 2684 2324 quod
2717 2253 3014 2324 periturus
3044 2259 3198 2310 esset
3243 2254 3345 2328 qui
3395 2273 3560 2313 man-

1920 2359 2095 2398 surus
2124 2341 2183 2396 in
2214 2341 2536 2397 tentatione
2567 2359 2682 2396 non
2714 2347 2887 2398 esset.
2919 2343 2999 2398 De
3044 2343 3152 2399 hac
3200 2345 3417 2419 quippe
3447 2346 3562 2402 vita

1918 2431 2132 2504 legitur
2162 2431 2220 2486 in
2252 2431 2400 2486 libro
2425 2431 2535 2486 Job
2571 2448 2582 2486 :
2616 2432 2876 2504 Nunquid
2903 2449 3015 2488 non
3061 2435 3280 2490 tentet-io
3328 2443 3407 2491 est
3450 2435 3563 2492 vita

1919 2520 2161 2574 humana
2210 2536 2374 2592 super
2421 2528 2624 2576 terram
2669 2522 2786 2588 (Job
2813 2538 2852 2588 1,
2879 2521 2981 2590 7)?
3013 2544 3041 2573 ››
3074 2526 3131 2576 et
3179 2521 3319 2578 item
3371 2523 3557 2579 dicit:

1919 2633 1946 2658 «
1981 2609 2037 2663 Si
2070 2608 2226 2663 enim
2251 2608 2661 2679 judicarentur
2698 2608 2966 2665 homines
3018 2628 3119 2682 pro
3169 2611 3394 2668 meritis
3443 2628 3562 2668 sua)

1915 2698 2066 2765 vitae,
2101 2714 2228 2768 quze
2258 2714 2370 2752 non
2403 2698 2736 2752 habuerunt
2768 2702 2951 2752 morte
2995 2700 3289 2771 praeventi,
3321 2701 3420 2756 sed
3455 2701 3562 2756 ha-

1918 2786 2094 2841 bituri
2127 2789 2322 2841 essent
2346 2786 2394 2840 si
2425 2786 2702 2851 viverent,
2736 2786 2882 2840 nihil
2916 2787 3216 2858 prodesset
3237 2788 3287 2843 ei
3312 2788 3410 2861 qui
3438 2806 3562 2860 rap-

1919 2881 2013 2930 tus
2043 2880 2132 2929 est
2165 2892 2236 2929 ne
2270 2874 2496 2928 malitia
2521 2878 2773 2929 mutaret
2821 2874 3182 2932 intellectum
3235 2878 3383 2949 ejus,
3412 2876 3562 2932 nihil

1916 2964 2218 3035 prodesset
2248 2963 2330 3018 eis
2361 2963 2462 3034 qui
2491 2962 2638 3034 lapsi
2674 2963 3023 3031 moriuntur,
3046 2964 3094 3018 si
3114 2969 3246 3020 ante
3268 2981 3562 3021 moreren-

1917 3056 2046 3120 tur;
2080 3053 2234 3123 quod
2267 3051 2466 3106 nullus
2496 3051 2685 3106 dicere
2728 3051 3100 3107 Christianus
3132 3053 3388 3108 audebit.
3427 3075 3454 3102 ››
3484 3054 3562 3110 De

1917 3158 2032 3213 quo
2062 3140 2381 3196 errantium
2410 3140 2733 3212 pernicioso
2763 3158 2955 3196 errore
3002 3140 3179 3197 latius
3228 3142 3445 3198 ibidem
3479 3143 3561 3199 fa-

1919 3229 2317 3285 cundissimus
2375 3230 2578 3284 doctor
2624 3229 2978 3285 destruendo
3029 3229 3196 3286 illum
3246 3229 3560 3302 eloquitur.

155 3323 493 3391 tribuenda,
512 3297 815 3394 praescisse
837 3325 1031 3377 autem
1054 3321 1609 3388 tantummodo,non
1633 3321 1809 3376 etiam
1840 3297 1882 3363 (ἶ
1920 3321 2170 3375 Sanctus
2199 3336 2431 3391 quoque
2461 3318 2794 3390 Gregorius,
2829 3319 3118 3390 posterior
3147 3325 3425 3394 tempore,
3459 3321 3562 3378 sed

155 3412 762 3483 praedestinasse,quae
795 3426 910 3464 non
941 3426 1010 3465 ex
1038 3409 1164 3481 ipso
1197 3413 1364 3465 erant
1404 3425 1642 3464 causam
1674 3426 1808 3480 ope-

154 3501 401 3557 rationis
432 3499 1144 3570 babitura.Potcstitaque
1161 3497 1286 3553 sine
1303 3498 1810 3570 prmdestinatione

155 3606 275 3646 esse
325 3588 722 3663 praescientia.
767 3587 1196 3660 praedestinatio
1245 3592 1439 3642 autem
1489 3586 1614 3642 sine
1664 3605 1806 3660 prae-

153 3681 400 3736 scientia
429 3687 561 3735 esSe
591 3695 706 3734 non
737 3681 948 3750 potest.
983 3699 1009 3727 »
1042 3678 1111 3732 Et
1140 3677 1198 3731 in
1231 3677 1711 3750 recapitulatione
1741 3680 1809 3734 15

156 3774 355 3826 contra
388 3766 625 3825 Gallos:
647 3790 674 3817 «
695 3769 829 3833 Quae
848 3766 1005 3822 enim
1025 3781 1092 3821 ex
1114 3765 1212 3821 Dei
1236 3783 1476 3821 munere
1496 3765 1802 3836 habemus,

155 3863 354 3931 etquae
383 3857 657 3932 praescita
681 3855 1099 3922 dicuntur,non
1119 3860 1368 3926 possunt
1384 3872 1496 3910 non
1520 3871 1647 3911 esse
1670 3873 1807 3928 prae-

155 3948 472 4015 destinata,
505 3950 563 4002 et
611 3962 738 4018 qua:
797 3944 1210 4018 przedestinata
1258 3943 1645 4016 appellantur,
1688 3962 1803 4000 non

153 4041 405 4109 possunt
435 4053 555 4093 non
587 4051 715 4092 esse
737 4033 1090 4107 praescitaJn
1116 4033 1288 4089 malis
1313 4037 1508 4089 autem
1530 4034 1804 4106 operibus

155 4126 370 4182 nostris
405 4125 534 4182 sola
566 4123 932 4197 praescientia
960 4122 1060 4179 Dei
1091 4121 1467 4194 intelligenda
1496 4128 1585 4178 est
1616 4140 1629 4178 :
1664 4124 1806 4196 quia

152 4216 305 4271 sicut
336 4213 632 4289 przescivit
661 4217 718 4269 et
747 4211 1178 4285 praidestinavit
1197 4229 1324 4284 quae
1346 4211 1473 4284 ipse
1495 4212 1712 4281 fecit,et
1739 4217 1805 4268 ut

153 4305 482 4361 faceremus
513 4303 695 4371 dedit,
727 4301 809 4356 ita
851 4300 1138 4374 praescivit
1183 4305 1413 4356 tantum
1463 4317 1578 4356 non
1626 4300 1800 4357 etiam

146 4391 744 4465 praadestinavit,quze
778 4407 885 4446 nec
912 4390 1038 4461 ipse
1069 4389 1222 4456 fecit,
1248 4407 1353 4446 nec
1383 4393 1449 4445 ut
1478 4390 1803 4447 faceremus

145 4484 355 4556 exegit.
392 4504 421 4532 »
450 4485 521 4536 Et
544 4480 605 4535 in
637 4479 788 4535 libro
813 4479 1248 4534 Sententiarum
1279 4495 1407 4550 cap.
1440 4479 1546 4533 379
1577 4495 1590 4534 :
1627 4502 1653 4528 (ι
1687 4480 1802 4535 Nec

145 4571 368 4628 minem
401 4571 558 4626 Deus
584 4569 656 4624 ad
687 4567 1049 4640 peccandum
1081 4567 1255 4638 cogit,
1288 4566 1560 4638 praevidet
1603 4570 1800 4622 tamen

1917 3408 2077 3480 prior
2106 3407 2252 3478 loco,
2279 3408 2337 3462 in
2360 3407 2507 3462 libro
2528 3407 2809 3480 vigesimo
2832 3425 2986 3464 nono
3007 3408 3562 3483 Moralium,praade-

1918 3497 2294 3552 stinationem
2325 3495 2441 3562 Dei,
2474 3513 2601 3567 quae
2633 3496 2761 3551 sine
2789 3495 3151 3568 praescientia
3180 3514 3308 3554 esse
3332 3516 3445 3554 non
3466 3515 3564 3572 po-

1916 3589 2110 3652 test,et
2141 3602 2371 3657 semper
2399 3585 2458 3640 in
2491 3585 2642 3640 bono
2673 3586 2930 3658 est,quia
2953 3590 3055 3642 aut
3085 3588 3156 3642 ad
3188 3587 3409 3643 donum
3432 3605 3562 3660 per-

1913 3674 2059 3730 tinet
2088 3674 2418 3745 gratiae,aut
2439 3674 2510 3730 ad
2538 3673 2982 3730 retributionem
2995 3675 3326 3747 justitiaeﬁn
3348 3676 3560 3734 divinis

1915 3764 2208 3835 Operibus,
2233 3780 2358 3835 quae
2381 3779 2612 3834 semper
2633 3764 2787 3818 bona
2811 3768 2970 3832 sunt,
2988 3763 3140 3820 inter
3165 3780 3292 3836 quae
3317 3781 3558 3836 compu-

1913 3857 2130 3919 tantur,
2147 3869 2280 3907 eum
2307 3869 2409 3924 per
2427 3851 2752 3906 indebitam
2779 3851 3028 3922 gratiam
3047 3852 3348 3908 salvantur
3367 3853 3556 3924 electi,

1911 3945 1969 3998 et
2000 3958 2102 4013 per
2131 3940 2386 3996 debitam
2410 3939 2704 4012 justitiam
2725 3940 2950 4012 reprobi
2976 3940 3412 4013 puniuntur,ita
3433 3959 3555 3998 ma-

1913 4030 2324 4086 nifestisssime
2357 4033 2643 4084 monstrat
2672 4030 2810 4102 (cap.
2838 4029 2945 4100 10),
2977 4030 3211 4087 dicens:
3235 4054 3262 4081 ‹‹
3286 4035 3434 4087 Deus
3454 4031 3556 4104 qui

1909 4119 2036 4176 sine
2052 4120 2217 4175 initio
2234 4136 2464 4190 semper
2479 4117 3013 4190 exstitit,praescivit
3031 4119 3102 4175 de
3125 4137 3185 4175 se
3197 4119 3305 4177 hoc
3325 4121 3479 4193 quod
3495 4121 3554 4177 in

1911 4215 2073 4266 utero
2091 4208 2347 4282 Virginis
2369 4224 2469 4281 per
2484 4207 2719 4263 initium
2739 4208 2992 4280 sumpsit
3007 4227 3019 4277 ;
3034 4212 3093 4265 et
3109 4209 3250 4281 quia
3268 4209 3558 4281 praescivit

1911 4300 2233 4372 disposuit;
2266 4297 2404 4370 quia
2432 4296 2740 4370 disposuit,
2768 4297 2912 4353 nihil
2935 4299 3191 4369 profecto
3215 4298 3273 4353 in
3297 4299 3557 4356 humana

1911 4390 2098 4445 forma
2125 4390 2250 4444 sine
2272 4405 2380 4444 sua
2397 4386 2696 4443 voluntate
2721 4386 3398 4444 toleravit.Convincatur
3417 4405 3554 4462 ergo

1911 4495 2014 4533 cur
2045 4478 2116 4533 de
2139 4476 2382 4549 ﬂagellis
2404 4475 2528 4531 suis
2552 4474 2727 4531 homo
2749 4475 3016 4546 queritur
3036 4477 3135 4548 qui
3160 4481 3354 4532 ortum
3376 4493 3551 4535 usum

1911 4566 2178 4640 praescire
2209 4582 2322 4620 non
2355 4563 2565 4636 potuit,
2599 4563 2647 4618 si
2681 4564 2806 4636 ipse
2831 4563 3006 4619 etiam
3039 4563 3140 4636 qui
3161 4569 3356 4621 ortum
3378 4583 3552 4623 usnm

144 4677 262 4729 eos,
299 4660 405 4734 qui
439 4657 677 4732 propria
706 4656 1002 4713 voluntate
1032 4655 1498 4727 peccabunLCur
1517 4672 1652 4729 ergo
1683 4673 1799 4712 non
1832 4668 1877 4733 Ι)
1908 4655 2263 4732 ρῐιωεοὶθηάο
2287 4652 2594 4726 disposuit,
2610 4657 2667 4708 et
2687 4670 2747 4708 se
2768 4653 2919 4708 inter
2938 4652 3206 4710 homines
3229 4655 3301 4710 ad
3324 4654 3554 4726 ﬂagella

142 4750 402 4807 vindicet
423 4750 628 4820 justus
658 4763 785 4818 quae
817 4745 937 4802 ﬁeri
959 4761 1074 4800 non
1107 4745 1262 4817 cogit
1287 4745 1606 4818 praescius?
1636 4746 1800 4801 Sicut

142 4840 300 4895 enim
336 4855 511 4896 nemo
542 4835 828 4892 memoria
857 4852 967 4890 sua
995 4835 1150 4907 cogit
1179 4835 1333 4890 facta
1362 4851 1488 4892 esse
1510 4852 1638 4907 quae
1659 4853 1798 4908 prae-

145 4929 454 4997 terierunt,
489 4926 573 4983 sic
604 4926 760 4982 Deus
790 4923 1155 4998 praescientia
1197 4941 1306 4980 sua
1354 4941 1470 4979 non
1514 4924 1668 4997 cogit
1714 4925 1797 4981 fa-

144 5018 357 5073 cienda
386 5034 515 5090 qua:
534 5016 735 5071 futura
755 5015 987 5069 sunt.Et
1009 5014 1163 5068 sicut
1184 5013 1357 5069 homo
1381 5015 1646 5086 quaedam
1671 5030 1796 5086 quae

144 5107 279 5164 fecit
312 5105 606 5174 meminit,
625 5120 731 5160 nec
762 5108 960 5159 tamen
983 5103 1323 5174 omniaquae
1342 5103 1610 5159 meminit
1629 5103 1795 5172 fecit;

143 5197 225 5252 ita
274 5197 435 5252 Deus
485 5194 688 5251 omnia
733 5209 983 5266 quorum
1032 5191 1157 5264 ipse
1197 5196 1399 5248 auctor
1427 5197 1515 5248 est
1544 5192 1795 5266 prazscit,‘

143 5302 249 5341 nec
281 5291 485 5342 tamen
517 5283 785 5341 omnium
819 5299 944 5355 qua:
991 5281 1222 5354 praescit
1250 5280 1374 5354 ipse
1408 5286 1627 5348 auctor,
1661 5285 1750 5337 est
1780 5297 1794 5336 :

142 5390 403 5446 quorum
433 5379 629 5431 autem
671 5390 787 5429 non
836 5377 925 5428 est
974 5371 1165 5426 malus
1213 5374 1434 5442 auctor,
1458 5371 1658 5442 justus
1709 5375 1798 5427 est

140 5463 320 5520 ultor.
351 5486 380 5513 ››
410 5465 592 5520 Nemo
624 5462 808 5536 igitur
834 5460 1199 5534 praescientia
1229 5459 1512 5528 Dei,sicut
1534 5477 1638 5515 nec
1660 5477 1799 5532 prae-

140 5551 537 5610 destinatione
567 5550 938 5625 ipsius,perit
967 5566 978 5606 :
1003 5550 1104 5605 sed
1129 5547 1230 5621 qui
1260 5548 1650 5621 perseveranti
1672 5549 1798 5603 inﬁ-

139 5641 387 5697 delitate
412 5642 500 5698 vel
540 5640 852 5713 iniquitate
902 5639 1200 5712 periturus
1247 5643 1390 5707 erat,
1424 5637 1577 5693 Deus
1625 5638 1797 5710 cujus

138 5729 444 5790 essentiali
475 5728 724 5792 scientia
752 5728 836 5789 nil
866 5727 1474 5806 praeterit,acciditque
1504 5726 1792 5801 futurum,

1909 4745 2268 4821 praeparavit.
2302 4765 2329 4795 »
2378 4742 2448 4798 Et
2495 4742 2635 4823 item
2684 4743 2802 4815 (tib.
2842 4759 2994 4812 xxxx,
3043 4760 3160 4815 cap.
3191 4745 3247 4812 7)
3283 4761 3296 4798 :
3331 4767 3359 4794 ‹‹
3399 4745 3550 4799 Tene-

1908 4839 2060 4894 brosu
2109 4835 2246 4891 ostia
2291 4834 2413 4905 (Job
2457 4849 2688 4899 xxxvm,
2731 4832 2822 4902 47)
2854 4836 2994 4887 tunc
3053 4832 3335 4888 Dominus
3383 4830 3548 4898 vidit,

1907 4944 2040 4982 cum
2075 4924 2333 4980 claustra
2371 4921 2580 4978 inferni
2631 4925 2961 4992 penetrans,
2990 4919 3254 4976 crudeles
3304 4919 3547 4992 spiritus

1908 5013 2176 5090 perculit,
2209 5017 2266 5068 et
2310 5010 2518 5067 mortis
2547 5007 2888 5080 praepositos
2921 5008 3184 5065 moriend
3225 5009 3546 5067 damnavit.

1907 5105 2070 5172 Quod
2102 5102 2316 5159 idcirco
2347 5117 2461 5155 non
2493 5097 2682 5154 adhuc
2713 5098 2783 5154 de
2816 5097 3280 5168 futuro,sedjam
3305 5097 3374 5152 de
3397 5113 3548 5168 prae-

1904 5194 2076 5250 terito
2109 5188 2488 5261 dicitur,quia
2517 5187 2624 5241 hoc
2658 5186 2812 5258 quod
2845 5186 3106 5241 facturus
3129 5189 3250 5242 erat
3270 5185 3329 5240 in
3352 5202 3544 5258 opere,

1908 5283 2189 5338 nimirum
2212 5281 2337 5351 jam
2371 5279 2584 5334 fecerat
2615 5276 2672 5330 in
2696 5272 3256 5346 praedestinatione.»
3281 5275 3352 5331 Et
3372 5276 3545 5348 paulo

1907 5377 2064 5446 post:
2081 5393 2108 5420 «
2125 5371 2274 5425 Dum
2289 5368 2445 5423 enim
2459 5365 2762 5438 angustias
2775 5363 2978 5419 mortis
2995 5364 3362 5436 petiit,ﬁdem
3375 5382 3545 5422 suam

1906 5462 1965 5516 in
1997 5460 2269 5533 gentibus
2302 5456 2582 5512 dilatavit.
2611 5477 2637 5504 ››
2661 5455 2842 5526 Cujus
2873 5453 3041 5510 nobis
3062 5454 3236 5511 verba
3254 5455 3548 5512 evidenter

1905 5544 2388 5618 ostendunt,quia
2403 5543 2555 5615 quod
2575 5539 2830 5597 claustra
2849 5540 3059 5596 inferni
3083 5546 3392 5615 penetrans
3414 5559 3544 5598 cru-

1907 5637 2063 5695 deles
2094 5635 2334 5709 spiritus
2382 5630 2649 5706 perculit,
2685 5635 2742 5686 et
2770 5631 2977 5687 mortis
3025 5630 3368 5706 praepositos
3415 5648 3544 5688 mo-

1904 5727 2107 5788 riendo
2133 5721 2448 5790 damnavit,
2481 5720 2636 5798 quod
2668 5719 2794 5795 jam
2838 5720 3052 5783 fecerat
3079 5721 3139 5784 in
3168 5721 3545 5800 pradestina-
