4018 6448
171 412 277 475 ω

165 633 528 706 grammatum
551 631 738 704 capite
758 632 1038 705 vigesimo
1061 641 1284 704 octavo,
1309 642 1388 692 De
1405 636 1614 708 duplici
1631 649 1788 706 opere

163 723 248 780 Dei
265 738 314 775 :«
334 719 386 775 Si
409 736 614 776 omnes
645 719 918 778 homines
944 724 1122 780 simul
1155 725 1618 790 consideremus,
1640 740 1784 795 quo-

163 825 273 866 rum
303 806 396 864 alii
429 807 831 866 misericordia
860 810 1003 868 salvi
1035 813 1202 880 fiunt,
1227 813 1328 869 alii
1354 813 1596 870 veritate
1614 813 1784 867 dam-

163 899 370 964 nentur,
383 895 664 953 universae
689 897 791 954 viae
821 899 1076 969 Domini,
1097 900 1155 956 id
1185 905 1276 958 est
1307 900 1709 958 misericordia
1726 903 1786 957 et

159 985 485 1050 vsritas,suo
516 985 632 1042 ﬁne
661 985 950 1046 distinctae
983 995 1142 1046 sunt.
1162 990 1222 1046 Si
1247 996 1444 1046 autem
1471 990 1626 1046 solos
1647 1005 1782 1045 san-

161 1079 267 1148 stos
285 1073 635 1146 intueamur,
655 1093 772 1132 non
794 1075 1201 1134 discernentur
1221 1079 1307 1134 hae
1330 1079 1453 1135 vias.
1478 1077 1785 1135 Individua

157 1163 295 1219 enim
323 1159 401 1217 ibi
431 1166 542 1229 est,
569 1167 629 1220 et
657 1180 692 1220 a
721 1164 1122 1230 misericordia
1142 1167 1374 1233 veritas,
1393 1171 1452 1223 et
1479 1184 1518 1223 a
1541 1166 1782 1225 veritate

158 1249 569 1318 misericordia:
593 1251 734 1324 quia
762 1253 1060 1312 beatitudo
1091 1261 1427 1312 sanctorum
1458 1260 1520 1312 et
1549 1256 1622 1312 de
1651 1272 1782 1312 mu-

155 1356 275 1398 nere
301 1343 387 1394 est
415 1339 636 1412 gratiae,
659 1341 809 1398 etde
841 1341 1218 1400 retributione
1239 1343 1506 1417 justitiae.
1786 1336 1796 1344 ’

771 1467 1144 1540 Epigramma.

201 1571 448 1648 omnibus
477 1572 731 1648 inqrebus
743 1575 1013 1648 geminum
1044 1579 1126 1648 est
1145 1590 1280 1648 opus
1309 1577 1716 1648 omnipotentis,

254 1635 434 1702 Totum
466 1639 558 1702 aut
581 1635 792 1700 justitfa
820 1640 899 1702 est
927 1638 1073 1702 quod
1103 1635 1256 1701 gerit,
1280 1643 1377 1702 aut
1398 1635 1590 1702 pietas.

201 1697 318 1766 Quae
344 1697 508 1766 simul
533 1697 597 1748 in'
618 1703 784 1766 terras
813 1697 1148 1766 descenduut
1175 1701 1309 1766 lucis
1335 1697 1572 1766 tib—arce,

255 1760 323 1809 Ne
347 1759 601 1828 cuiquam
632 1761 770 1828 parti
801 1759 940 1828 desit
970 1766 1270 1828 utrumque
1286 1765 1510 1814 bonum.

197 1820 534 1890 Et_qnoniam
564 1820 742 1874 cuncti
773 1820 1303 1890 auxilioqmiseréntis
1331 1839 1568 1890 egemus,

257 1883 512 1935 Praecedit
533 1899 746 1950 semper
772 1888 946 1950 gratia
966 1887 1250 1950 justitiam,

199 1945 545 2012 Damnantem
575 1945 1090 2012 elatosfsalvan'tem
1116 1945 1454 2012 justiﬂcatos,

257 2009 391 2066 Quos
417 2009 564 2059 Deus
592 2015 644 2060 et
671 2010 830 2061 donis
859 2013 1067 2062 auxerit
1095 2009 1150 2062 et
1177 2013 1394 2062 meritis.
1417 2033 1440 2057 »

148 2113 209 2169 Et
235 2114 368 2171 item
399 2116 560 2172 idem
591 2116 650 2172 in
681 2118 886 2174 eodem
930 2117 1078 2174 libro
1123 2119 1313 2192 capite
1345 2119 1570 2176 decimo
1601 2124 1783 2188 sexto,

147 2202 212 2258 De
226 2205 441 2276 justitia
474 2213 526 2262 et
551 2208 735 2278 gratia
763 2207 960 2280 quibus
989 2209 1088 2265 Dei
1107 2216 1314 2264 constat
1334 2209 1743 2282 praedestinutio
1763 2227 1782 2264 :

149 2314 169 2342 ι
190 2291 316 2350 Duae
346 2299 493 2350 sunt
512 2295 928 2356 retributiones
939 2295 1206 2374 Justitiae,
1229 2315 1363 2354 cum
1381 2303 1482 2354 aut
1511 2299 1660 2354 bona
1679 2315 1782 2372 pro

147 2379 318 2454 bonis,
341 2387 446 2440 aut
481 2383 638 2441 mala
665 2386 992 2444 redduntur
1021 2403 1124 2459 pro
1155 2386 1348 2443 malis.
1373 2386 1569 2443 Tertia
1589 2392 1681 2443 est
1703 2403 1784 2443 re-

146 2470 368 2530 tributio
379 2473 752 2546 gratiae,cum
767 2491 870 2548 per
885 2475 1384 2548 regenerationem
1405 2476 1787 2532 remittuntur

143 2558 281 2616 mala
307 2565 363 2616 et
393 2561 811 2619 retribnuntur
839 2563 992 2620 bona
1017 2581 1031 2619 :
1062 2568 1237 2637 atque
1265 2563 1348 2620 ita
1378 2564 1787 2621 manifestatur

142 2650 276 2722 quod
313 2651 602 2707 universae
633 2652 740 2708 viae
767 2651 998 2709 Domini
1031 2652 1432 2710 misericordia
1461 2658 1518 2710 et
1548 2653 1782 2722 veritas,

141 2737 290 2796 Illam
311 2745 514 2798 autem
539 2741 860 2814 impiorum
883 2741 1473 2815 retributionem,qna
1493 2760 1596 2816 pro
1617 2743 1786 2799 bonis

143 2826 284 2884 mala
311 2829 659 2899 restituunt,
693 2827 850 2887 Deus
895 2830 1103 2898 nescit,
1137 2830 1238 2903 qui
1280 2831 1392 2886 nisi
1445 2831 1788 2886 retribueret

141 2915 278 2974 bona
307 2935 414 2991 pro
445 2918 646 2989 malis,
675 2937 789 2976 non
821 2923 981 2976 esset
996 2918 1090 2976 cui
1123 2919 1472 2976 retribueret
1501 2919 1652 2975 bona
1681 2936 1786 2993 pro

141 3003 317 3064 bonis.

775 3097 1146 3170 Epigramma.

191 3197 408 3267 laetitiae
440 3215 650 3267 merces
678 3201 894 3267 gemina
923 3207 1034 3267 est._
1053 3216 1174 3254 cum
1204 3202 1461 3267 velbona
1488 3203 1646 3254 rectis

247 3258 337 3329 Yel
368 3264 560 3329 pravis
589 3258 750 3329 digne
779 3277 902 3314 cum
932 3265 1076 3316 mala
1103 3265 1350 3322 restituit.

189 3322 446 3390 Salyatrix
479 3322 677 3376 atatem—
695 3330 1012 3377 cunctorum
1040 3329 1212 3390 gratia
1239 3327 1427 3378 Christi

246 3388 359 3454 Non
390 3401 639 3454 pensans
667 3390 919 3440 meritum
949 3388 1103 3440 diluit
1124 3404 1285 3454 omne
1315 3390 1536 3447 malum,

187 3448 584 3516 Credentesque
614 3465 802 3501 omnes
831 3465 1101 3516 renovans
1124 3452 1444 3516 baptismate
1477 3464 1647 3513 sacro,

245 3512 343 3563 Dat
366 3512 518 3564 bona]
549 3526 674 3580 quae
703 3518 924 3578 propter
950 3513 1043 3564 det
1072 3512 1291 3565 meliora
1318 3514 1493 3564 bouis.
1516 3534 1540 3559 υ

135 3613 331 3682 Verum
377 3622 630 3676 sanctus
672 3619 987 3694 Gregorius
1021 3608 1582 3694 praedestinationes,
1606 3621 1664 3676 id
1697 3625 1787 3678 est

133 3704 356 3764 etl‘ectus
381 3707 574 3764 divini
606 3707 818 3782 operis,
842 3708 1054 3784 plurali
1085 3724 1330 3770 numero
1360 3709 1420 3765 in
1451 3709 1602 3766 libro
1627 3708 1784 3782 vige-

131 3792 267 3851 simo
288 3814 444 3854 nono
469 3796 787 3854 Moralium
809 3797 997 3870 ponit.
1019 3821 1048 3849 «
1073 3797 1236 3855 Unde
1257 3814 1360 3872 pro
1386 3797 1785 3854 mediocritate

131 3887 328 3940 nostrae
351 3885 977 3960 intelligentiunculae,
991 3903 1060 3944 ex
1081 3887 1346 3945 doctrina
1363 3887 1552 3960 ipsius
1573 3892 1629 3942 et
1649 3885 1785 3943 alio-

133 3987 249 4028 rum
281 3974 564 4032 Ecclesiae
597 3975 1040 4049 magistrorum,
1064 3992 1178 4052 quo
1207 3994 1380 4032 sensu
1414 3976 1522 4032 hoc
1551 3975 1781 4047 dixerit,

129 4061 439 4133 qualiterve
489 4065 824 4122 secundum
853 4067 1158 4124 veritatem
1207 4064 1651 4139 intelligendum
1682 4065 1780 4133 sit,

125 4147 181 4205 in
207 4153 682 4225 precedentibus
709 4153 883 4212 istius
907 4153 1174 4228 opusculi
1205 4155 1562 4212 sufficienter
1592 4158 1784 4212 osten-

125 4237 332 4298 dimus.
359 4265 390 4293 ››

676 4358 900 4398 εριιοοῐ
931 4358 1115 4398 CAPUT
1143 4359 1227 4398 Ill.

124 4424 213 4486 Qui
228 4443 244 4474 ι
268 4429 337 4480 sit
363 4432 675 4481 sanctorum
713 4429 1117 4494 pradeslinalio,
1146 4433 1196 4480 et
1241 4429 1378 4495 quod
1414 4445 1446 4479 ιι
1486 4430 1589 4480 Deo
1635 4429 1782 4480 electi

175 4498 244 4545 all
267 4501 431 4552 vitam
477 4499 848 4565 predestinali
888 4501 1014 4558 sint,
1043 4503 1094 4551 et
1121 4502 1227 4550 vita
1255 4501 1362 4550 illis
1405 4501 1472 4550 sit
1513 4500 1776 4565 praedesti-

172 4572 294 4620 nata
333 4575 560 4622 aeterm.
594 4571 810 4636 chrobi
844 4577 1017 4622 autem
1044 4585 1146 4622 non
1181 4586 1214 4620 a
1252 4573 1356 4622 Deo
1398 4571 1776 4636 przdestinati,

173 4641 263 4690 sed
281 4643 524 4716 praesciti
553 4645 708 4716 atque
735 4641 1006 4716 relicti-ad
1039 4656 1250 4716 pernam
1281 4643 1404 4716 sint,
1425 4657 1578 4706 paena
1607 4645 1778 4693 autem
1808 4650 1854 4716 ι)

174 4724 235 4760 ea:
260 4712 614 4766 retributione
633 4713 854 4779 iustitia:
875 4713 981 4764 illis
1007 4715 1074 4764 sit
1099 4712 1470 4778 praedestinala
1501 4716 1713 4764 eterna.

181 4809 438 4868 Sanctus
458 4811 841 4884 Augustinus
869 4810 929 4868 in
962 4810 1109 4868 libro
1129 4811 1202 4868 de
1225 4811 1382 4868 Bono
1415 4827 1780 4883 persevcran-

119 4895 203 4954 tias
220 4902 365 4973 (cap.
392 4901 512 4974 14),
537 4899 684 4956 dicit
715 4916 728 4956 :
755 4923 783 4952 «
813 4899 944 4957 Haec
973 4903 1064 4956 est
1092 4899 1524 4973 praedestinatio
1554 4905 1778 4957 sancto-

119 5000 262 5054 rum,
293 4989 448 5045 nihil
481 4988 672 5058 aliud,
706 4987 1074 5062 praascientia
1101 4987 1320 5044 scilicet
1348 4993 1405 5045 et
1433 4989 1778 5061 praeparatio

119 5071 545 5133 beneficiorum
577 5077 700 5146 Dei,
724 5077 942 5150 quibus
965 5077 1290 5134 certissime
1313 5075 1636 5133 liberantur
1656 5078 1776 5150 qui-

117 5177 339 5236 cunque
367 5166 730 5222 liberantur.
758 5165 959 5222 Cseteri
992 5169 1188 5221 autem
1216 5165 1314 5221 ubi
1348 5165 1460 5222 nisi
1491 5166 1550 5221 in
1583 5183 1780 5222 massa

118 5253 464 5321 perditionis
487 5255 661 5325 justo
692 5253 888 5310 divino
909 5253 1138 5326 judicio
1171 5253 1630 5326 relinquuntur?
1653 5278 1680 5304 ››
1713 5257 1782 5312 Et

117 5338 356 5415 Prosper
403 5343 470 5399 in
527 5341 758 5398 actione
787 5347 991 5400 octava
1025 5345 1190 5416 (resp.
1223 5344 1301 5415 9),
1335 5343 1407 5400 ad
1453 5343 1780 5401 Janucnses

117 5429 421 5488 Camillum
445 5436 509 5488 et
529 5430 898 5488 Theodotum
922 5432 1288 5505 presbyteros
1305 5449 1353 5486 ;‹‹
1376 5433 1781 5505 Agnoscamus

116 5513 308 5590 itaque
323 5520 655 5593 sapienter,
679 5519 891 5594 pieque
911 5519 1221 5592 fateamur,
1245 5519 1546 5592 praescisse
1566 5520 1783 5578 incom-

119 5609 482 5666 mutabiliter
525 5609 738 5678 Deum,
761 5610 917 5667 882
947 5609 1164 5684 quibus
1216 5613 1372 5686 esset
1421 5611 1670 5668 daturus
1719 5615 1784 5667 ut

117 5696 433 5786 crederent,
459 5702 576 5757 aut
617 5715 766 5773 quos
797 5699 1044 5758 daturus
1083 5702 1240 5759 esset
1287 5698 1408 5758 Flio
1453 5717 1582 5771 suo,
1617 5705 1683 5760 ut
1711 5717 1795 5761 ex.

431 5824 712 5891 Par-net.
757 5825 992 5893 CXXV.

859 414 961 474 DE
1005 415 1234 480 PRED
1246 413 1771 481 ESTINATIONE

1891 411 2344 496 sseaa‘gvrlo.
2368 415 2827 478 POSTERIOR.

167 547 342 601 menta
366 541 611 598 Domino
641 543 930 616 punienti.
954 568 982 597 »
1013 547 1082 604 Et
1111 547 1356 620 Prosper
1387 547 1444 602 in
1479 547 1626 602 libro
1659 545 1783 618 Epi-
1815 549 1867 612 Α
1900 546 1984 601 eis
2020 563 2132 603 non
2167 547 2430 618 perderet
2479 565 2860 621 quamquam.
2895 552 2963 606 Et
2991 551 3039 606 si
3071 552 3192 611 haec
3243 555 3530 626 praesentit

3427 424 3548 499 426

1909 599 1923 601 _
1960 599 1973 600 ,
2167 599 2428 618 r_m_-__
2485 599 2860 621 -ιηψπῄψμ
2896 599 2962 606 --
2991 599 3039 606 --
3071 599 3191 611 -..η
3244 599 3530 626 rm“-..

1891 633 2175 690 beneficia
2203 653 2312 690 sua
2341 635 2530 703 illum,
2563 637 2780 708 quibus
2827 655 2932 696 nos
2963 639 3244 711 dignatur
3277 599 3550 712 liberare:

1893 721 2214 796 praescisse.
2251 724 2319 778 Et
2349 723 2503 782 hunc
2533 742 2664 780 esse
2711 726 3283 798 praedestinationcm
3319 736 3548 788 sancto-

1890 826 2044 878 rum,
2079 811 2653 883 praedestinationem
2703 813 2929 870 scilicet
2957 820 3015 871 et
3065 818 3548 890 praeparationem

1889 898 2091 971 gratiae
2139 899 2264 966 Dei,
2301 917 2417 973 qua
2464 901 2794 960 certissime
2840 901 3167 965 liberantur
3213 905 3548 980 quicunque

1889 985 2232 1044 liberantur.
2258 991 2502 1046 Caiteros
2535 994 2754 1059 autem,
2797 1008 2944 1064 quos
2977 1009 3010 1048 a
3056 993 3311 1066 generali
3360 996 3548 1067 perdi-

1890 1075 2046 1132 tione
2067 1075 2311 1133 humani
2335 1078 2567 1151 generis
2589 1079 2780 1152 gratia
2801 1097 2916 1146 non
2943 1081 3174 1152 exemit,
3191 1083 3359 1154 justo
3380 1100 3546 1140 nove-

1890 1163 2078 1221 rimus
2091 1165 2318 1237 judicio
2339 1184 2453 1224 non
2471 1173 2863 1240 exemptos,ut
2877 1169 3018 1242 quid
3037 1171 3208 1227 nobis
3227 1171 3540 1236 remissum

1889 1253 1968 1310 sit
1993 1253 2054 1308 in
2093 1254 2179 1311 eis
2209 1255 2528 1323 discamus,
2551 1257 2622 1313 dc
2672 1273 2924 1330 quorum
2972 1258 3136 1331 queri
3168 1259 3540 1317 damnatione

1889 1358 2005 1398 non
2035 1359 2373 1416 possumus.
2399 1345 2524 1401 Non
2555 1349 2645 1402 est
2673 1345 2830 1402 enim
2849 1345 3132 1420 iniquitas
3153 1349 3308 1421 apud
3330 1349 3537 1422 Deum,

1887 1447 2076 1504 neque
2106 1431 2420 1505 quisquam
2452 1434 2562 1492 sub
2584 1434 2808 1506 judicio
2838 1436 2968 1506 ejus
2999 1435 3281 1496 innocens
3312 1439 3482 1512 perit.
3511 1462 3538 1508 η

1886 1519 1958 1576 Et
1987 1519 2125 1576 item
2158 1521 2217 1577 in
2249 1520 2398 1578 libro
2429 1522 2500 1580 de
2533 1521 2784 1597 Ingratis
2815 1529 3020 1582 contra
3047 1525 3412 1600 Pelagianos,

2387 1681 2401 1697 .
2469 1683 2482 1697 .
2551 1683 2566 1698 .
2636 1684 2650 1698 .
2715 1649 2976 1700 Omnibus
3007 1664 3115 1703 una
3144 1654 3227 1700 est

1952 1707 2167 1774 I_\'atura,
2189 1712 2244 1760 et
2273 1709 2470 1774 pariter
2498 1715 2778 1774 nequeunt
2799 1715 2852 1761 et
2870 1713 3012 1768 bona
3040 1712 3124 1761 vel
3152 1713 3294 1764 mala
3323 1713 3478 1764 velle.
3509 1735 3513 1738 -

1948 1769 2022 1837 Et
2039 1773 2220 1837 tamen
2251 1769 2312 1820 ex
2344 1771 2459 1821 istis
2487 1769 2785 1837 miserstrix
2815 1774 2984 1836 gratia
3015 1775 3276 1837 quosdam

1949 1831 2123 1898 Eligit,
2153 1835 2207 1882 et
2234 1846 2444 1882 rursum
2473 1831 3048 1898 genitosibap‘tismate'
3070 1837 3326 1889 transfert

1809 1913 1858 1982 Β
1949 1894 2009 1942 ιιι
2038 1908 2262 1958 regnum
2292 1894 2573 1958 aeternum,
2604 1894 2865 1948 multis—in
2895 1902 3064 1948 morte
3097 1898 3311 1950 relictis.

1893 1982 1963 2037 Et
1990 1981 2132 2038 item
2165 1999 2180 2038 :

1956 2079 2056 2136 Qui
2084 2091 2210 2128 vero
2239 2081 2477 2130 tenebris
2505 2082 2738 2136 exempti
2769 2081 2824 2130 in
2853 2081 3054 2132 lumine
3085 2083 3290 2134 vivunt.

1954 2141 2212 2206 gaudent,
2242 2146 2298 2192 et
2321 2147 2582 2206 quantum
2614 2141 2714 2193 sibi
2743 2143 2812 2194 sit
2839 2143 3075 2206 bonitate
3105 2145 3346 2194 vocantis

1956 2203 2260 2264 Dimissum,
2299 2203 2360 2253 ei
2391 2203 2492 2254 illis
2521 2205 2736 2256 discunt
2762 2205 2854 2270 qui
2885 2205 3063 2256 debita
3093 2206 3327 2256 solvunt.

1893 2320 1963 2375 Et
1993 2319 2132 2376 item
2166 2320 2375 2377 beatus
2405 2321 2847 2393 Augustinusin
2872 2320 3018 2377 libro
3051 2321 3538 2395 Hypomnesticon

1894 2408 2100 2477 lib..vx,
2133 2409 2191 2466 in
2238 2409 2503 2481 princip.)
2527 2409 2668 2465 dicit
2701 2426 2716 2466 :
2745 2431 2767 2461 ι
2804 2407 2970 2465 Prius
3001 2426 3136 2483 ergo
3186 2409 3380 2482 ipsum
3432 2426 3542 2467 no-

1895 2514 2028 2552 men
2088 2497 2622 2570 praedestinationis
2670 2498 2812 2571 quid
2867 2499 3087 2556 indicet
3132 2515 3540 2573 exponamus:

1895 2585 2104 2642 deinde
2133 2603 2260 2644 esse
2291 2587 2445 2658 apud
2479 2587 2800 2660 Deum,qui
2825 2588 2953 2644 sine
2982 2589 3318 2660 acceptione
3348 2604 3544 2660 perso-

1895 2692 2106 2732 narum
2137 2679 2246 2744 est,
2280 2675 2852 2748 praedestinationcm
2875 2677 3204 2732 divinarum
3228 2677 3549 2750 Scriptura-

1895 2781 2027 2819 rum
2057 2765 2402 2820 auctoritate
2433 2764 2837 2837 probabimus.
2863 2765 3299 2821 Praedestinatio
3332 2764 3547 2838 quippe

1895 2870 1930 2909 a
1972 2853 2360 2926 praevidendo,
2394 2858 2452 2909 et
2508 2853 2932 2926 praeveniendo,
2965 2853 3052 2908 vel
3102 2852 3545 2925 praeordinando

1895 2941 2161 2997 futurum
2183 2939 2406 3014 aliquid
2429 2942 2664 2998 dicitur.
2685 2943 2753 3008 Et
2775 2941 2902 2997 ideo
2925 2941 3099 3009 Deus,
3125 2941 3217 2998 cui
3237 2939 3544 3013 praescien-
3633 2994 3644 3006 κ

1894 3029 1977 3086 tia
1996 3047 2112 3087 non
2135 3029 2404 3088 accidens
2425 3035 2532 3098 est,
2557 3031 2658 3087 sed
2687 3029 2944 3088 essentia
2962 3029 3074 3086 fuit
3102 3046 3336 3102 semper.
3353 3033 3541 3098 etest,

1896 3119 2187 3192 quidquid
2218 3122 2532 3192 antequam
2562 3117 2639 3177 sit
2667 3119 2752 3176 sic
2782 3118 3032 3192 praescit,
3064 3117 3458 3192 praedestinat,
3485 3122 3544 3174 et

1896 3211 2202 3281 propterea
2231 3207 2625 3282 praedestinat,
2649 3208 2788 3282 quia
2809 3196 2980 3282 quale
3003 3208 3266 3264 futurum
3299 3207 3376 3264 sit
3405 3224 3546 3280 pras-

1895 3297 2026 3354 scit.
2049 3297 2182 3354 Ideo
2211 3302 2269 3356 et
2296 3296 2630 3371 Apostolus,
2663 3298 2802 3354 Nam
2833 3313 2964 3372 quos
3007 3297 3298 3370 praesciuit,
3329 3295 3539 3368 inquit,

1894 3395 1946 3444 et
1969 3387 2384 3460 praedestinavit
2411 3387 2582 3459 (Rom.
2615 3403 2740 3453 vm,
2761 3385 2874 3456 29).
2897 3386 3010 3443 Sed
3043 3403 3159 3442 non
3191 3401 3364 3442 omne
3385 3385 3540 3458 quod

1893 3473 2125 3548 praescit
2161 3474 2556 3548 praedestinat.
2591 3473 2746 3530 Mala
2795 3474 2954 3532 enim
2986 3479 3217 3531 tantum
3265 3474 3496 3548 praescit
3527 3489 3542 3529 :

1893 3563 2050 3624 bona
2077 3579 2211 3620 vero
2239 3567 2298 3620 et
2327 3563 2558 3637 praescit
2591 3568 2649 3620 et
2676 3563 3073 3637 praedestinat.
3097 3565 3256 3632 Quoc
3286 3580 3422 3636 ergo
3451 3562 3550 3618 bo.

1893 3668 2038 3707 num
2059 3655 2172 3720 est,
2195 3651 2562 3724 praescientia
2580 3651 2976 3724 praedestinat,
3001 3651 3058 3706 id
3086 3655 3176 3708 est
3199 3651 3546 3724 priusquam

1893 3740 1972 3796 sit
2000 3740 2060 3796 in
2092 3757 2154 3796 re
2175 3739 2546 3812 praeordinat.
2569 3740 2684 3796 Hoc
2707 3752 2842 3796 cum
2869 3741 2998 3814 ipso
3021 3744 3254 3798 auctore
3275 3757 3403 3796 esse
3425 3756 3542 3796 cae-

1894 3829 2064 3901 perit,
2086 3833 2276 3897 vocat,
2300 3828 2550 3897 ordinat,
2575 3833 2632 3884 et
2654 3827 2933 3902 disponit.
2959 3828 3122 3884 Unde
3152 3832 3211 3884 et
3239 3826 3539 3900 sequitur:

1889 3919 2030 3974 Nam
2058 3934 2190 3990 quos
2217 3917 2630 3990 praedestinavit
2665 3917 2760 3975 hos
2788 3925 2839 3974 et
2867 3919 3074 3973 vocavit
3101 3936 3118 3972 :
3148 3924 3200 3973 et
3229 3933 3360 3990 quos
3390 3931 3544 3972 voca-

1891 4009 1972 4064 vit
2001 4007 2129 4064 illos
2153 4014 2206 4064 et
2235 4007 2565 4080 justiﬁcavit
2591 4023 2610 4061 :
2643 4021 2775 4079 quos
2819 4013 3000 4062 autem
3036 4006 3386 4079 justiﬁcaoit,
3420 4005 3545 4066 illos

1889 4105 1941 4154 et
1965 4095 2309 4168 gloriﬁcavit.
2333 4095 2466 4152 Jam
2496 4093 2676 4168 igitur
2703 4093 2960 4168 apertius
2993 4093 3352 4152 disseramus
3383 4094 3539 4167 quod

1887 4183 2208 4259 loquimur,
2225 4184 2516 4257 quomodo
2533 4201 2670 4258 erga
2684 4182 3013 4239 humanum
3030 4200 3216 4257 genus
3237 4183 3544 4257 praescien-

1889 4274 1972 4331 tia
1998 4290 2106 4331 sua
2135 4277 2193 4330 et
2222 4272 2731 4346 praedestinatione
2756 4273 2910 4329 Deus
2939 4271 3306 4346 generaliter,
3329 4272 3389 4331 in
3423 4289 3536 4345 quo

1887 4363 2170 4436 iniquitas
2201 4379 2316 4420 non
2343 4365 2450 4430 est,
2475 4363 2692 4419 utatur.
2718 4361 2924 4418 Massae
2945 4361 3142 4434 itaque
3169 4361 3412 4418 humani
3445 4375 3536 4436 ge-

1887 4447 2064 4520 neris,
2089 4469 2216 4525 quae
2247 4451 2308 4507 in
2337 4452 2520 4508 Adam
2553 4455 2610 4507 et
2640 4455 2752 4508 Eva
2779 4449 3250 4524 praevaricatione
3279 4451 3530 4507 damna-

1885 4541 2022 4598 bilis
2050 4539 2432 4614 mortalisque
2479 4540 2629 4597 l'aeta
2675 4545 2784 4608 est,
2809 4557 2924 4596 non
2956 4539 3288 4597 conditione
3335 4540 3534 4597 divina

1884 4629 2250 4704 generaliter,
2285 4630 2384 4686 sed
2418 4645 2486 4686 ex
2529 4629 2724 4686 debito
2769 4647 2942 4702 pcena
2987 4629 3399 4703 cruciatusque
3429 4646 3532 4704 ge-

1886 4720 2090 4776 hennm
2141 4718 2387 4776 debetur
2421 4735 2435 4774 :
2468 4717 2639 4775 venia
2671 4735 2805 4776 vero
2853 4735 2969 4774 non
3020 4718 3248 4788 merito,
3282 4717 3382 4774 sed
3430 4717 3531 4773 Dei

1879 4809 2026 4881 justi
2051 4807 2274 4880 judicis
2303 4807 2714 4864 misericordiae
2755 4806 3020 4882 largitate
3049 4809 3362 4864 confertur.
3387 4805 3534 4872 Quia

1885 4915 2018 4956 vero
2041 4897 2243 4970 justus
2267 4901 2324 4954 et
2354 4896 2686 4953 misericors
2707 4897 2884 4966 Deus,
2905 4895 3298 4970 praeseiusque
3317 4895 3536 4950 futuro-

1889 5003 2043 5054 rum,
2083 5005 2152 5043 ex
2198 4987 2307 5042 hac
2355 4985 2675 5041 damnabili
2725 5002 2942 5053 massa,
2975 5001 3091 5039 non
3149 4998 3531 5056 personarum
3591 5001 3594 5004 ’

1889 5075 2246 5148 acceptione,
2269 5075 2368 5131 sed
2392 5074 2616 5146 judicio
2647 5073 2936 5145 aequitatis
2969 5090 3088 5128 suae
3117 5071 3532 5144 irreprehensi-

1888 5165 2012 5233 bili,
2037 5163 2154 5220 imo
2177 5161 2773 5235 incomprehensibili,
2791 5163 2944 5218 863
2967 5179 3113 5234 quos
3135 5157 3538 5216 misericordia

1888 5253 2144 5326 gratuita
2195 5252 2444 5325 praescit,
2477 5255 2784 5324 praeparat,
2810 5250 2866 5306 id
2896 5256 2986 5306 est
3033 5249 3410 5324 praedestinat
3462 5249 3534 5305 ad

1890 5349 2166 5399 aeternam
2195 5342 2396 5398 vitam.
2431 5343 2678 5396 Caeteros
2728 5344 2924 5394 autem
2957 5357 3146 5411 paena,
3181 5342 3246 5394 ut
3274 5336 3535 5414 praedixi,

1889 5432 2086 5488 debita
2114 5429 2316 5504 punit;
2340 5446 2488 5503 quos
2521 5428 2648 5484 ideo
2678 5428 2868 5500 punit,
2893 5427 3030 5500 quia
3049 5427 3190 5502 quid
3221 5431 3419 5486 essent
3448 5427 3536 5482 l‘u-

1888 5521 2006 5578 turi
2041 5517 2349 5594 praeseivit,
2383 5534 2497 5573 non
2531 5521 2727 5573 tamen
2759 5516 3088 5589 puniendos
3125 5517 3251 5592 ipse
3291 5517 3425 5576 fecit
3450 5515 3540 5572 vel

1890 5607 2344 5684 praedestinavit,
2377 5607 2477 5662 sed
2528 5609 2783 5676 tantum,
2817 5609 2884 5662 ut
2930 5606 3072 5678 dixi,
3107 5607 3168 5664 in
3215 5604 3538 5666 damnabili

1891 5715 2090 5760 massa
2135 5694 2496 5772 praescivit.»
2536 5694 2608 5752 Et
2654 5699 2789 5770 post
2835 5695 3184 5773 aliquanta:
3223 5720 3252 5750 «
3305 5696 3542 5773 Oportet

3142 5825 3218 5887 14
