4018 6490
489 443 606 502 427
1427 436 1809 500 HINCMARI
1854 434 2300 497 RHEMENSIS
2344 431 2960 499 ARCHIEPISCOPI.
3755 432 3852 493 428

490 573 674 646 igitur
703 575 768 628 ut
797 571 867 627 ad
919 587 988 628 ea
1027 587 1154 644 quae
1205 569 1477 642 superius
1507 570 1810 644 disputare
1857 569 2140 642 ccepimus
2169 568 2224 636 Α
2253 569 2323 624 de
2351 567 2584 641 Nuptiis
2621 571 2678 624 et
2713 564 3196 640 Concupiscentia
3223 565 3365 637 (cap.
3388 563 3466 637 3).
3493 584 3522 614 «
3551 563 3592 618 Α
3621 579 3714 636 quo
3733 565 3855 620 enim

488 665 872 717 revertamur.
895 660 1164 716 Diximus
1185 677 1439 732 namque
1461 660 1531 715 de
1553 657 1877 716 damnabili
1894 657 2140 714 humani
2251 659 2374 729 quis
2405 657 2642 712 devictus
2661 663 2760 722 est,
2783 657 2934 712 sicut
2954 653 3095 712 dicit
3124 653 3444 726 Scriptura,
3468 651 3600 708 huic
3624 660 3672 708 et
3701 667 3856 708 servus

487 749 720 822 generis
765 766 966 805 massa
994 749 1179 806 Deum
1219 749 1522 822 praescisse
1569 747 1990 817 misericordia,
2025 765 2140 804 non
2247 746 2499 802 addictus
2528 753 2622 802 est.
2647 746 2760 801 Nec
2785 745 3100 818 quisquam
3129 742 3244 799 nisi
3276 759 3380 815 per
3409 741 3654 815 gratiam
3679 739 3855 798 libera-

488 837 898 911 meritis,quos
932 837 1212 894 electione
1246 837 1444 911 gratiae
1484 835 1918 910 praedestinavit
1947 837 2019 892 ad
2050 835 2138 891 vi-
2247 835 2392 890 toris
2421 834 2534 891 isto
2573 833 2819 890 solvitur
2847 833 3078 890 vinculo
3113 831 3432 900 servitutis,
3459 849 3493 887 a
3523 848 3638 903 quo
3665 835 3746 886 est
3772 829 3857 887 ho-

487 932 610 983 tam
647 943 661 982 :
696 931 934 984 caeteros
965 943 1122 994 vero,
1155 927 1256 1000 qui
1294 927 1520 1000 judicio
1560 925 1807 998 justitiae
1853 927 1982 998 ejus
2030 925 2139 982 hac
2248 923 2477 980 minum
2517 922 2718 979 nullus
2753 923 3061 979 immunis.
3095 923 3202 978 Per
3241 937 3427 977 unum
3459 921 3672 994 quippe
3698 920 3856 977 homi-

485 1015 676 1090 gratia
704 1016 1042 1072 efﬁciuntur
1079 1020 1364 1089 expertes,
1397 1015 1700 1088 praescisse
1739 1019 1970 1071 tantum
2000 1015 2138 1070 vitio
2247 1029 2381 1068 nem
2405 1016 2708 1085 peccatum
2727 1011 2966 1068 intravit
2984 1011 3042 1067 in
3065 1011 3450 1079 mundum,et
3468 1027 3573 1082 per
3592 1014 3860 1082 peccatum

486 1105 726 1179 propria
775 1105 1084 1178 perituros,
1117 1123 1234 1162 non
1265 1111 1331 1161 ut
1360 1105 1618 1178 perirent
1667 1105 2134 1177 praedestinasse.
2249 1119 2428 1169 mors,
2453 1106 2510 1158 et
2536 1102 2619 1158 ita
2649 1103 2710 1158 in
2742 1119 2946 1158 omnes
2993 1101 3262 1157 homines
3302 1098 3662 1173 pertransiit,
3686 1100 3737 1154 in
3765 1115 3860 1172 quo

487 1193 623 1262 Sed,
649 1197 714 1250 ut
739 1193 878 1262 dixi,
901 1211 1050 1267 quos
1079 1193 1137 1250 in
1169 1195 1446 1267 operibus
1475 1193 1797 1266 impietatis
1827 1197 1884 1249 et
1931 1193 2137 1250 mortis
2247 1207 2452 1247 omnes
2481 1195 2885 1264 peccaverunt.
2915 1189 3009 1246 Sic
3039 1194 3128 1247 est
3155 1205 3292 1263 ergo
3331 1189 3488 1246 Deus
3527 1187 3864 1244 nascentium

485 1283 796 1354 praescivit,
821 1301 936 1340 non
965 1283 1394 1357 praeordinavit,
1418 1300 1525 1339 nec
1553 1282 1808 1355 impulit,
1831 1282 1890 1337 in
1923 1283 2138 1356 quibus
2231 1279 2532 1350 _conditor,
2550 1283 2615 1336 ut
2635 1296 2841 1336 omnes
2860 1295 2928 1336 ex
2948 1296 3064 1335 uno
3086 1283 3222 1335 eant
3243 1278 3300 1334 in
3323 1275 3861 1344 condemnationem,

487 1371 674 1428 Deum
696 1377 1075 1445 provocantes
1097 1373 1169 1429 ad
1195 1372 1580 1442 iracundiam,
1607 1371 1816 1428 salutis
1839 1371 2012 1428 ﬁdem
2037 1376 2139 1428 aut
2247 1385 2500 1441 quorum
2561 1385 2674 1425 non
2721 1368 2895 1425 fuerit
2949 1367 3381 1425 renascentium
3437 1367 3731 1424 liberator.
3762 1365 3866 1439 Ipse

484 1459 862 1533 praedicatum
893 1461 1008 1518 sibi
1053 1461 1312 1535 accipere
1361 1461 1591 1529 nolunt,
1625 1463 1726 1517 aut
1779 1460 1894 1517 Deo
1935 1459 2136 1532 judice
2246 1457 2463 1530 quippe
2493 1457 2686 1514 dictus
2717 1462 2806 1513 est
2843 1457 3080 1530 figulus,
3113 1474 3182 1514 ex
3211 1457 3414 1512 eadem
3448 1473 3652 1512 massa
3680 1453 3866 1510 faciens

487 1566 602 1605 non
626 1555 894 1622 possunt,
909 1551 998 1607 vel
1019 1555 1256 1624 accepta
1276 1551 1428 1606 male
1450 1555 1716 1619 utuntur,
1731 1553 1786 1606 et
1803 1550 1874 1605 ob
1895 1549 2004 1605 hoc
2026 1554 2138 1606 tra-
2245 1545 2405 1602 aliud
2444 1563 2546 1602 vas
2594 1545 2652 1601 in
2701 1546 2982 1603 honorem
3033 1546 3358 1603 secundum
3407 1543 3867 1611 misericordiam,

484 1640 711 1717 duntur
737 1639 797 1695 in
828 1641 1142 1714 reprobum
1167 1657 1428 1708 sensum,
1453 1644 1520 1696 ut
1541 1657 1654 1696 non
1679 1638 1896 1696 faciant
1919 1656 1988 1696 ea
2007 1655 2134 1711 quis
2245 1633 2403 1691 aliud
2434 1635 2494 1691 in
2517 1634 2934 1692 contumeliam
2956 1635 3284 1691 secundum
3305 1633 3632 1707 judicium,
3655 1633 3742 1690 cui
3763 1648 3872 1688 can-

483 1727 858 1798 conveniunt,
903 1727 998 1786 his
1047 1745 1278 1801 poenam
1327 1727 1802 1802 praedestinatum
1851 1745 1980 1785 esse
2029 1727 2136 1784 rite
2242 1727 2328 1780 tat
2375 1724 2632 1780 Ecclesia
2674 1724 3110 1781 misericordiam
3157 1731 3209 1780 et
3249 1723 3532 1797 judicium
3573 1721 3870 1794 (Psal.c).»

481 1815 754 1874 fatemur.
788 1840 816 1868 »
2242 1813 2311 1869 Et
2339 1813 2399 1868 in
2432 1812 2582 1869 libro
2612 1815 2682 1870 de
2731 1815 2888 1870 Bono
2935 1813 3378 1886 perseverantia:
3409 1815 3552 1886 (cap.
3593 1812 3700 1885 11),
3730 1811 3794 1866 de
3816 1825 3870 1866 eo

551 1905 1146 1962 Commemorandum
1167 1907 1343 1962 etiam
1358 1906 1636 1963 duximus
1653 1907 1792 1980 quia
1809 1907 2135 1963 abutuntur
2162 1941 2210 2007 B
2241 1903 2398 1975 quod
2429 1903 2714 1975 scriptum
2753 1907 2843 1959 est
2875 1917 2889 1958 :
2915 1927 2942 1954 α
2976 1902 3160 2003 Cujus.
3180 1903 3298 2003 vult
3327 1903 3646 2007 miseretur,
3667 1909 3872 2007 siquem

479 1994 742 2064 redivivi,
765 1995 984 2066 quibus
1015 1994 1194 2050 innisi
1226 1995 1459 2051 fuerant
1483 1995 1544 2050 in
1575 1995 1818 2052 vetustis
1839 1993 2134 2050 cineribus
2162 1988 2210 2007 "
2241 1992 2360 2048 vult
2389 1991 2630 2048 indurat.
2662 1992 2788 2048 Non
2831 1991 2986 2047 enim
3019 1994 3108 2048 est
3147 1990 3432 2064 iniquitas
3479 1990 3644 2062 apud
3691 1988 3871 2056 Deum,

481 2081 621 2138 olim
643 2081 1142 2138 Prmdestinatiani
1167 2083 1402 2156 sepulti,
1427 2083 1761 2156 apostolicis
1780 2083 2134 2138 testimoniis
2242 2076 2418 2136 absit.
2445 2081 2554 2137 Sed
2588 2079 2994 2137 inscrutabilia
3032 2083 3172 2136 sunt
3212 2079 3440 2152 judicia
3469 2081 3629 2152 ejus,
3660 2083 3717 2136 et
3740 2077 3873 2134 inve-

2241 2168 2547 2241 stigabiles
2575 2169 2678 2224 via:
2709 2169 2856 2240 ejus.
2879 2168 3171 2225 Universae
3205 2169 3362 2224 enim
3382 2168 3488 2224 viae
3515 2165 3751 2224 Domini
3779 2165 3876 2221 mi-

2242 2257 2558 2314 sericordia
2587 2263 2643 2314 et
2670 2257 2905 2314 veritas.
2939 2255 3369 2330 Investigabilis
3409 2273 3550 2330 ergo
3593 2261 3684 2313 est
3724 2255 3877 2310 mise-

2242 2347 2494 2404 ricordia
2521 2349 2671 2421 ejus,
2697 2346 2836 2420 quia
2865 2347 3035 2419 cujus
3055 2332 3180 2403 vult
3210 2347 3527 2404 miseretur
3548 2345 3734 2403 nullis
3762 2360 3880 2418 prae-

2241 2435 2584 2492 cedentibus
2633 2436 2880 2505 meritis,
2913 2439 2969 2492 et
3016 2435 3444 2510 investigabilis
3492 2435 3734 2508 veritas,
3763 2433 3882 2507 quia

2241 2542 2418 2598 quem
2443 2524 2568 2581 vult
2591 2526 2858 2595 obdurat,
2883 2526 3012 2598 ejus
3032 2525 3271 2598 quidem
3293 2525 3768 2598 praecedentibus
3787 2539 3884 2579 me-

2241 2613 2390 2682 ritis,
2425 2615 2526 2670 sed
2565 2631 2699 2670 cum
2733 2632 2799 2670 eo
2829 2617 3000 2687 cujus
3031 2614 3154 2670 vult
3191 2613 3509 2671 miseretur
3551 2614 3883 2688 plerumque

2240 2703 2677 2761 communibus.
2710 2704 2875 2760 Sicut
2912 2705 3164 2761 duorum
3203 2704 3610 2778 geminorum,
3655 2718 3884 2778 quorum

2239 2810 2395 2848 unus
2417 2793 2760 2859 assumitur,
2775 2810 2930 2850 unus
2952 2792 3324 2866 relinquitur,
3345 2792 3553 2866 dispar
3575 2799 3672 2850 est
3691 2792 3883 2855 exitus,

2238 2881 2448 2937 merita
2467 2881 2836 2937 communia:
2859 2881 2918 2937 in
2939 2881 3156 2955 quibus
3175 2885 3374 2938 tamen
3396 2882 3483 2938 sic
3513 2882 3672 2939 alter
3691 2896 3888 2955 magna

2239 2970 2340 3026 Dei
2373 2969 2632 3026 bonitate
2649 2970 2952 3042 liberatur,
2975 2975 3040 3026 ut
3067 2969 3214 3027 alter
3235 2969 3399 3026 nulla
3421 2972 3554 3044 ejus
3588 2971 3885 3044 iniquitate

2238 3061 2610 3115 damnetur.»
2631 3060 2701 3114 Et
2728 3059 2786 3114 in
2819 3058 3064 3132 epistola
3103 3061 3172 3116 ad
3210 3059 3440 3116 Sixtum
3482 3061 3886 3134 presbyterum

479 3165 596 3204 non
624 3149 898 3205 omnibus
928 3151 1118 3217 detur,
1144 3149 1318 3206 ﬁdem
1361 3166 1589 3206 movere
1637 3167 1752 3205 non
1801 3150 1992 3216 debet,
2025 3150 2126 3222 qui
2238 3149 2412 3221 (epist.
2439 3148 2560 3214 105)
2589 3164 2652 3202 :«
2677 3147 3002 3216 Quaerimus
3041 3147 3198 3204 enim
3240 3147 3521 3204 meritum
3559 3146 3888 3206 obduratio-

479 3237 668 3293 credit
695 3255 763 3293 ex
793 3254 909 3294 uno
939 3255 1144 3294 omnes
1175 3237 1290 3293 isse
1333 3238 1392 3292 in
1425 3238 1970 3296 condemnationem
2003 3239 2128 3295 sine
2175 3308 2189 3310 _
2237 3237 2331 3294 nis
2363 3241 2419 3293 et
2449 3236 2800 3306 invenimus,
2833 3237 3040 3292 merito
3069 3253 3324 3310 namque
3367 3238 3600 3310 peccati
3633 3238 3890 3294 universa

483 3325 845 3383 dubitatione
857 3327 1277 3398 justissimam,
1306 3327 1388 3383 ita
1408 3327 1653 3383 utnulla
1674 3327 1776 3382 Dei
1795 3332 1952 3384 esset
1964 3329 2131 3399 justa
2158 3308 2202 3375 C
2239 3343 2437 3382 massa
2463 3326 2743 3382 damnata
2770 3329 2896 3382 est:
2923 3342 3030 3382 nec
3051 3308 3291 3382 indurat
3315 3308 3474 3384 Deus
3503 3325 3892 3401 impertiendo

482 3413 856 3488 reprehensio
887 3415 1118 3472 etiamsi
1167 3415 1367 3472 nullus
1397 3416 1532 3472 inde
1577 3415 1942 3472 liberaretur.
1969 3416 2130 3474 Unde
2239 3415 2548 3482 malitiam,
2570 3415 2670 3470 sed
2693 3431 2807 3470 non
2831 3415 3219 3488 impertiendo
3241 3414 3760 3472 misericordiam:
3784 3411 3894 3488 qui-

479 3507 709 3560 constat
731 3520 1006 3578 magnam
1026 3521 1154 3562 esse
1177 3505 1424 3578 gratiam
1449 3505 1606 3577 quod
1628 3503 1866 3578 plurimi
1891 3505 2132 3562 liberen-
2239 3505 2350 3560 bus
2380 3503 2535 3560 enim
2569 3521 2683 3559 non
2720 3503 3072 3576 impertitur,
3106 3521 3210 3560 nec
3239 3503 3404 3577 digni
3447 3509 3620 3574 sunt,
3646 3523 3754 3562 nec
3785 3519 3894 3560 me-

480 3597 596 3662 tur,
617 3596 675 3650 et
695 3592 834 3666 quid
867 3593 982 3650 sibi
1013 3593 1324 3650 deberetur
1344 3594 1400 3648 in
1423 3593 1508 3648 eis
1528 3593 1627 3665 qui
1661 3610 1776 3650 non
1807 3592 2132 3650 liberantur
2239 3597 2460 3662 rentur,
2475 3609 2542 3650 ac
2563 3591 2757 3666 potius
2778 3597 2844 3648 ut
2873 3609 2990 3648 non
3011 3592 3386 3666 impertiatur
3410 3594 3524 3650 hoc
3548 3594 3723 3670 digni
3746 3595 3895 3657 sunt,

479 3685 1038 3758 agnoscant.»Etad
1071 3684 1297 3739 Sixtum
1330 3683 1737 3756 presbyterum
1759 3685 1936 3755 (epist.
1965 3683 2124 3756 105):
2237 3681 2348 3738 hoc
2392 3685 2709 3738 merentur.
2743 3682 3068 3748 Quaerimus
3099 3686 3296 3738 autem
3337 3683 3630 3740 meritum
3675 3680 3897 3740 miseri-

480 3797 509 3826 ‹‹
539 3775 602 3830 In
634 3773 790 3830 vasis
819 3791 946 3846 quae
979 3773 1235 3845 perfecta
1263 3775 1404 3827 sunt
1439 3772 1511 3826 ad
1564 3771 1949 3844 perditionem
2001 3790 2127 3845 quae
2238 3771 2466 3840 cordize,
2497 3788 2599 3826 nec
2641 3769 2994 3839 invenimus,
3025 3771 3162 3844 quia
3197 3770 3431 3828 nullum
3469 3777 3584 3843 est,
3613 3791 3690 3830 ne
3723 3769 3899 3846 gratia

476 3863 766 3919 damnata
788 3861 986 3918 debita
999 3866 1089 3917 est
1106 3863 1817 3933 massae,agnoscantvasa
1835 3877 1903 3915 ex
1923 3861 2126 3917 eadem
2236 3864 2548 3916 evacuetur
2575 3861 2624 3915 si
2657 3877 2771 3915 non
2802 3861 2983 3932 gratis
3014 3861 3284 3930 donatur,
3315 3863 3415 3918 sed
3452 3863 3696 3920 meritis
3728 3859 3905 3919 reddi-

475 3968 676 4008 massa
693 3951 754 4006 in
776 3950 1057 4008 honorem
1081 3950 1235 4005 facta
1250 3948 1388 4021 quid
1413 3948 1496 4004 eis
1514 3948 1915 4004 misericordia
1933 3949 2129 4006 divina
2235 3954 2352 4006 tur.
2380 3972 2407 3999 ››
2439 3950 2509 4004 Et
2537 3949 2596 4004 in
2626 3948 2776 4004 libro
2809 3949 2879 4004 de
2919 3949 3434 4006 Przedestinatione
3483 3952 3698 4025 gratiae
3723 3953 3791 4024 (c.
3813 3953 3898 4018 2):

473 4039 688 4112 largita
716 4039 814 4094 sit.
840 4062 868 4089 »
888 4041 958 4094 Et
987 4039 1046 4094 in
1080 4037 1328 4110 epistola
1355 4039 1424 4094 ad
1459 4037 1735 4110 Optatum
1759 4040 1935 4110 (epist.
1961 4041 2084 4111 157)
2108 4059 2122 4098 :
2215 4063 2262 4117 ,α
2292 4037 2559 4094 Occurrit
2578 4037 2733 4093 enim
2755 4054 2860 4092 cur
2885 4042 3125 4110 pereant
3152 4055 3222 4095 ex
3251 4037 3344 4095 his
3375 4039 3590 4112 aliqui,
3616 4058 3762 4098 cum
3783 4039 3907 4096 Om-

475 4127 786 4194 «Dixerat,
807 4126 1122 4200 Apostolus
1155 4125 1398 4194 scilicet,
1420 4125 1667 4199 ﬁgulum
1698 4125 1807 4182 luti
1827 4143 1896 4182 ex
1923 4129 2126 4186 eadem
2233 4127 2504 4200 nipotens
2552 4141 2756 4182 omnes
2803 4125 3072 4182 homines
3117 4126 3311 4184 salvos
3360 4128 3492 4184 fieri
3541 4130 3718 4200 velit,
3751 4133 3809 4185 et
3837 4126 3902 4183 ad

483 2171 556 2227 ad
578 2187 748 2228 suam
771 2172 1233 2228 confirmandam
1258 2171 1630 2240 sententiam,
1653 2196 1674 2221 α
1700 2171 1966 2241 Attulit,»
1990 2171 2131 2244 quin

481 2259 660 2328 Deus,
684 2283 711 2310 «
746 2259 806 2316 in
855 2260 1044 2317 multa
1089 2261 1372 2333 patientia
1401 2277 1542 2316 vasa
1585 2261 1680 2316 ira:
1729 2261 1985 2333 perfecta
2015 2261 2134 2318 sive

476 2351 682 2426 aptata
707 2348 797 2405 vel
827 2355 1153 2422 praeparata
1182 2349 1255 2406 ad
1287 2349 1696 2422 perditionem,
1727 2354 1784 2406 et
1811 2351 1982 2423 cujus
2011 2351 2134 2407 vult

483 2437 881 2506 miseretur,et
900 2453 1076 2510 quem
1099 2437 1222 2493 vult
1241 2437 1532 2494 indurat.»
1558 2441 1769 2494 Contra
1787 2455 1934 2511 quos
1955 2456 2132 2512 expo-

483 2525 606 2582 suit
635 2525 737 2582 illa
767 2526 971 2582 beatus
1016 2525 1384 2600 Augustinus
1415 2527 1525 2583 hoc
1554 2527 1726 2583 modo
1776 2527 1834 2582 in
1880 2527 2030 2582 libro
2061 2529 2133 2584 dc

483 2614 998 2672 Praedestinatione
1019 2621 1354 2672 sanctorum
1382 2615 1519 2696 (cap.
1542 2617 1632 2686 9):
1655 2617 1850 2672 Attulit
1877 2619 1932 2672 in
1959 2617 2133 2674 multa

476 2705 746 2781 patientia
775 2721 906 2760 vasa
955 2706 1079 2772 ira’,
1113 2708 1170 2760 et
1217 2707 1424 2760 caetera
1463 2722 1650 2777 usque
1689 2707 2027 2778 prwparavit
2071 2707 2132 2762 in

477 2793 714 2864 gloriam
744 2812 796 2848 :u
821 2793 1012 2862 Fides,
1034 2792 1245 2866 inquit,
1273 2797 1330 2848 et
1358 2793 1628 2849 inchoata
1659 2801 1715 2850 et
1745 2798 1996 2868 perlecta
2023 2795 2129 2850 do-

480 2899 626 2938 num
649 2882 750 2938 Dei
773 2887 883 2950 est,
903 2887 961 2938 et
985 2882 1093 2938 hoc
1119 2883 1338 2938 donum
1363 2882 1717 2955 quibusdam
1740 2883 2132 2957 dari,quibus-

480 2973 616 3028 dam
640 2989 753 3026 non
777 2971 923 3044 dari,
944 2971 1183 3028 omnino
1205 2989 1319 3027 non
1343 2972 1574 3027 dubitat
1596 2972 1695 3044 qui
1725 2989 1838 3028 non
1859 2972 1985 3028 vult
2005 2990 2127 3029 ma-

480 3059 880 3117 nifestissimis
914 3057 1096 3117 sacris
1142 3059 1354 3116 litteris
1394 3077 1738 3133 repugnare.
1772 3062 1885 3117 Cur
1929 3065 2126 3118 autem

475 4233 675 4272 massa
705 4215 889 4272 facere
920 4215 1078 4272 aliud
1102 4233 1203 4270 vas
1233 4215 1294 4271 in
1319 4215 1620 4282 honorem,
1643 4214 1803 4271 aliud
1835 4214 1893 4270 in
1927 4221 2127 4274 contu-

475 4303 734 4360 meliam.
768 4304 973 4360 Merito
1032 4307 1229 4360 autem
1277 4302 1572 4358 videretur
1626 4303 1918 4374 injustum
1967 4307 2122 4377 quod

475 4393 628 4448 ﬁurt
654 4409 793 4448 vasa
813 4393 909 4448 ira:
931 4393 1001 4448 ad
1035 4390 1446 4465 perditionem,
1471 4391 1519 4448 si
1543 4409 1658 4448 non
1679 4396 1833 4448 esset
1854 4391 1981 4464 ipsa
1999 4395 2126 4449 uni-

469 4497 640 4537 versa
669 4496 739 4536 ex
781 4481 967 4536 Adam
1017 4497 1215 4536 massa
1245 4480 1541 4536 damnata.
1576 4481 1738 4546 Quod
1789 4497 1925 4553 ergo
1974 4481 2126 4540 fiunt

473 4568 766 4625 nascendo
795 4586 936 4626 vasa
982 4569 1099 4638 irae,
1136 4568 1388 4642 pertinet
1418 4569 1490 4624 ad
1530 4568 1788 4624 debitam
1837 4587 2069 4642 pcenam
2105 4589 2118 4628 :

2232 4214 2592 4288 agnitionem
2621 4213 2878 4272 veritatis
2913 4214 3130 4271 venire.
3155 4215 3378 4273 Deinde
3409 4234 3520 4274 cur
3568 4237 3790 4277 rursus
3820 4217 3906 4274 in-

2233 4305 2406 4360 duret
2434 4302 2578 4359 alios
2607 4303 2884 4360 misertus
2913 4303 3184 4374 aliorum,
3220 4310 3324 4362 aut
3355 4309 3668 4378 quomodo
3703 4325 3906 4365 omnes

2229 4392 2500 4449 homines
2528 4391 2654 4448 vult
2703 4391 2894 4450 salvos
2934 4393 3076 4462 ﬁeri,
3103 4411 3240 4450 eum
3289 4395 3418 4468 ipse
3468 4397 3812 4456 nonnullos
3841 4413 3908 4454 ne

2231 4479 2528 4536 salventur
2557 4480 2845 4536 induret.»
2867 4482 2939 4537 Et
2979 4486 3112 4554 post
3141 4481 3450 4556 aliquanta
3485 4486 3634 4559 (cap.
3660 4488 3721 4560 3)
3748 4505 3763 4544 :
3791 4511 3818 4537 α
3853 4485 3909 4542 Si

2228 4585 2386 4642 ergo,
2411 4572 2476 4624 ut
2505 4569 2793 4643 apparuit,
2833 4570 2906 4626 de
2935 4571 3396 4643 praevaricatoris
3427 4575 3669 4634 semine
3702 4590 3913 4634 omnes

471 4657 624 4730 quod
656 4660 850 4712 autem
899 4659 1046 4714 ﬁunt
1093 4658 1450 4714 renascendo
1497 4674 1637 4713 vasa
1685 4657 2120 4729 misericordiae,
2152 4671 2198 4736 D
2229 4657 2531 4714 nascimur
2560 4659 2870 4728 debitores,
2895 4660 3176 4732 quoniam
3229 4663 3290 4718 in
3336 4665 3458 4736 ipso
3498 4682 3724 4736 omnes,
3763 4666 3916 4724 sicut

467 4745 721 4820 pertinet
751 4745 822 4802 ad
851 4745 1171 4802 indebitam
1203 4745 1476 4820 gratiam.
1496 4745 1766 4802 Ostendit
1803 4762 1939 4819 ergo
1971 4747 2124 4806 Deus

464 4834 616 4893 iram
637 4852 828 4904 suam,
855 4851 971 4891 non
997 4835 1197 4908 utique
1219 4833 1402 4892 animi
1425 4834 1947 4908 perturbationem,
1971 4835 2125 4893 sicut

466 4929 556 4982 est
576 4943 704 4998 quae
727 4923 814 4981 ira
833 4923 1090 4981 hominis
1114 4929 1509 4997 nuncupatur,
1534 4924 1634 4980 sed
1659 4924 1884 4995 justam
1916 4924 2122 4981 ﬁxam-

464 5030 579 5086 que
605 5013 945 5082 vindietam,
968 5013 1120 5085 quod
1145 5013 1216 5069 de
1241 5012 1421 5085 stirpe
1451 5011 1858 5068 inobedientim
1885 5011 2122 5068 ducitur

2233 4747 2315 4803 ait
2341 4746 2675 4819 Apostolus,
2715 4757 3072 4820 peccaverunt
3097 4751 3272 4820 (Rom.
3300 4753 3379 4824 v),
3415 4757 3476 4810 et
3524 4754 3666 4828 ipsa
3692 4757 3831 4829 jam
3857 4753 3920 4812 in

2208 4834 2518 4907 principio
2566 4837 2720 4891 unde
2768 4837 3183 4896 descendimus
3233 4857 3439 4900 massa
3469 4844 3780 4903 damnata
3809 4848 3917 4911 est,

2229 4922 2430 4979 nullus
2478 4924 2548 4979 de
2594 4924 2810 4981 duritia
2853 4943 2981 5000 sua,
3014 4926 3217 4986 nullus
3265 4931 3337 4986 de
3388 4949 3569 5004 paena
3618 4931 3916 5009 conqueri

2229 5011 2460 5079 audeat,
2493 5028 2619 5084 quae
2649 5013 2826 5070 etiam
2875 5032 2990 5071 non
3022 5017 3413 5076 existentibus
3445 5023 3726 5094 peccatis
3784 5040 3918 5097 pm-

463 5118 721 5176 propago
751 5101 1006 5176 pecccati
1037 5106 1212 5174 atque
1242 5101 1538 5174 supplicii.
1571 5101 1636 5156 Et
1660 5100 1816 5158 homo
1844 5107 2014 5157 natus
2051 5119 2121 5158 ca:
2226 5099 2391 5171 priis,
2415 5098 2539 5156 sola
2569 5102 2846 5159 nascendi
2878 5105 3211 5162 conditione
3252 5108 3528 5166 debetur.
3563 5113 3748 5179 Quod
3780 5127 3918 5168 vero

459 5192 713 5260 muliere,
747 5191 901 5248 sicut
929 5190 989 5246 in
1022 5190 1170 5246 libro
1217 5190 1328 5246 Job
1380 5189 1665 5262 scriptum
1697 5193 1804 5262 est,
1835 5190 2010 5245 brevis
2039 5198 2121 5246 est
2225 5188 2378 5244 Deus
2423 5187 2553 5246 aliis
2603 5192 2860 5264 gratuita
2887 5194 3191 5250 vocatione
3218 5199 3527 5256 conversis
3558 5201 3920 5259 misericor-

463 5280 572 5334 vita
591 5287 643 5335 et
663 5280 861 5352 plenus
883 5279 1176 5336 iracundia
1199 5280 1312 5352 (Job
1335 5297 1447 5346 xxv,
1476 5278 1547 5350 1).
1573 5278 1713 5348 Ejus
1733 5277 1890 5333 enim
1913 5278 1994 5334 rei
2017 5296 2118 5336 vas
2223 5277 2382 5332 diam
2413 5276 2658 5352 largitur
2698 5281 3040 5352 indebitam,
3075 5301 3191 5340 non
3226 5286 3300 5341 ad
3333 5287 3796 5362 dispensatoris
3829 5291 3918 5345 in-

462 5366 618 5422 864
656 5372 746 5424 est
792 5386 910 5441 qua
954 5366 1164 5441 plenus
1213 5373 1323 5424 est.
1360 5367 1523 5422 Unde
1573 5365 1671 5420 iraa
1717 5383 1856 5422 vasa
1903 5368 2114 5423 dicun-
2214 5366 2650 5437 justitiam,sed
2679 5369 2751 5424 ad
2774 5371 3049 5428 donantis
3078 5373 3727 5437 misericordissimam
3763 5381 3922 5436 libe-

459 5457 615 5510 tur.»
637 5456 708 5510 Et
734 5461 868 5528 post
898 5456 1206 5528 paululum
1239 5457 1311 5512 de
1340 5455 1560 5521 electis,
1584 5478 1610 5504 ‹‹
1639 5457 1702 5510 ut
1730 5455 1786 5508 in
1809 5455 1914 5522 eis,
1939 5456 1996 5511 id
2026 5459 2116 5514 est
2222 5455 2509 5512 ralitatem
2531 5457 2791 5513 veritatis
2813 5459 3036 5517 ratione
3058 5463 3434 5521 referendum
3459 5471 3612 5524 est.»
3637 5469 3723 5525 Et
3755 5467 3916 5526 δοῦ

460 5542 699 5633 relictis,
723 5544 955 5601 discant
983 5561 1152 5618 agere
1180 5543 1401 5617 gratias
1427 5543 1562 5611 Deo,
1592 5545 1756 5633 quod,
1777 5545 1847 5599 ab
1879 5545 1962 5602 eis
1995 5563 2110 5602 non
2220 5543 2394 5616 paulo
2414 5549 2547 5617 post
2561 5549 2701 5617 (cap.
2721 5546 2773 5618 4)
2794 5561 2844 5600 :«
2868 5547 3071 5622 Itaque
3093 5566 3161 5606 ex
3184 5553 3494 5625 superiore
3516 5556 3720 5629 hujus
3748 5562 3922 5633 parte

458 5631 584 5688 suis
615 5633 860 5721 meritis,
894 5651 1021 5706 quae
1065 5634 1126 5690 in
1155 5635 1361 5691 eadem
1394 5649 1591 5721 massa
1639 5632 1803 5705 paria
1847 5635 2106 5705 fuerunt,
2219 5633 2517 5691 sententiae
2549 5650 2667 5706 qua
2696 5633 2855 5704 dicit,
2880 5638 3036 5709 cujus
3063 5639 3180 5696 vult
3205 5643 3526 5714 miseretur,
3563 5651 3725 5718 puto
3750 5631 3920 5721 quod

459 5721 562 5782 sed
589 5720 750 5782 illius
782 5723 1158 5785 miseratione
1189 5720 1425 5782 discreti
1457 5727 1614 5780 sunt.
1642 5744 1670 5773 ››
1702 5723 1771 5782 Et
1798 5723 1858 5783 in
1887 5723 2036 5784 libro
2065 5741 2108 5786 ιι
2217 5721 2418 5781 nullus
2439 5721 2553 5781 nisi
2576 5721 2854 5800 indignus
2874 5725 3279 5788 misericordia
3299 5731 3523 5791 audeat
3543 5720 3918 5813 disputare:
