4018 6490
231 516 334 598 tua

893 531 996 593 DE
1039 531 1801 594 PBIEDESTINATIONE
1851 529 2369 594 DISSERTATIO
2415 533 2880 596 POSTEBIOR.

3495 537 3618 600 434

231 649 374 724 ducit
393 661 856 738 electos,seitque
875 661 1009 721 illos
1029 665 1112 721 ita
1131 668 1286 722 stare
1306 668 1370 721 ut
1389 663 1708 739 praseierit
1726 679 1854 721 esse
1881 661 1937 731 Α
1965 681 2111 735 mus,
2133 665 2558 738 prc'edestinati
2609 667 2921 724 secundum
2971 669 3332 740 propositum
3371 673 3499 744 ejus
3523 672 3624 746 qui

229 768 466 810 casuros.
500 771 528 800 δ)

290 841 606 898 Notandum
656 840 834 897 etiam
883 840 1024 913 quia
1053 857 1122 896 ex
1148 841 1258 898 hac
1294 841 1602 911 sententia,
1639 845 1696 897 et
1725 839 1853 913 qui-

229 930 458 987 busdam
487 929 618 986 aliis
649 930 804 986 beati
835 929 1168 1003 Augustini,
1200 934 1422 986 veteres
1473 929 1855 986 Praedestina-

227 1019 356 1074 tiani
376 1017 640 1074 haeresim
663 1018 1074 1087 condiderunt,
1089 1020 1244 1092 quod
1267 1019 1339 1074 ab
1361 1019 1444 1075 eis
1463 1019 1560 1092 qui
1583 1035 1698 1074 non
1718 1020 1860 1074 sunt

228 1105 598 1182 praedestinati
621 1107 694 1166 ad
719 1107 897 1163 vitam
917 1112 1190 1180 percepta
1218 1107 1496 1180 baptismi
1518 1108 1710 1181 gratia
1740 1123 1854 1162 non

225 1197 433 1254 auferat
479 1195 764 1270 originale
806 1201 1109 1268 peceatum
1146 1214 1158 1254 :
1193 1201 1250 1253 et
1277 1197 1510 1253 etiamsi
1548 1197 1767 1252 fuerint
1795 1197 1854 1251 in

227 1285 434 1343 Christo
463 1285 784 1358 regenerati
814 1287 916 1358 qui
947 1285 1346 1358 praedestinati
1372 1303 1490 1342 non
1519 1289 1742 1354 sunt,et
1761 1285 1856 1357 pie

217 1375 472 1448 justeque
518 1373 789 1444 vixerint,
825 1373 970 1430 nihil
1021 1374 1105 1432 eis
1153 1374 1358 1448 prosit,
1386 1375 1487 1430 sed
1526 1374 1730 1430 tandiu
1761 1391 1855 1429 re-

223 1467 507 1520 serventur
535 1464 721 1520 donee
767 1468 944 1520 ruant
973 1467 1031 1520 et
1058 1470 1320 1537 pereant,
1353 1480 1459 1520 nec
1491 1468 1626 1520 ante
1657 1479 1754 1519 eos
1785 1479 1854 1518 ex

220 1551 320 1609 hac
339 1552 453 1608 vita
473 1568 654 1624 quam
676 1552 786 1609 hoc
807 1553 891 1609 eis
923 1553 1225 1628 contingat
1255 1553 1488 1610 auferri.
1526 1555 1682 1620 Quos
1711 1568 1855 1608 eon-

221 1641 418 1698 futavit
451 1641 701 1714 Prosper
719 1641 948 1715 (contra
969 1641 1202 1710 Gallos,
1230 1660 1280 1698 e.
1313 1645 1370 1712 3)
1392 1643 1592 1699 dicens
1615 1659 1628 1698 :
1655 1664 1684 1692 «
1709 1641 1857 1708 Quia

220 1731 398 1787 omnis
449 1730 629 1786 homo
687 1731 784 1804 qui
838 1731 1080 1788 credens
1122 1731 1182 1786 in
1214 1732 1442 1788 Patrem
1473 1735 1532 1788 et
1561 1729 1774 1787 Filium
1799 1732 1858 1784 et

218 1818 486 1892 Spiritum
517 1823 792 1876 sanctum
828 1825 1204 1893 regeneratur
1233 1821 1292 1876 in
1323 1821 1636 1894 baptismo,
1669 1823 1792 1876 tam
1820 1835 1856 1873 a

219 1907 454 1981 propriis
472 1908 729 1982 peccatis
751 1926 878 1981 quae
901 1909 1057 1965 mala
1073 1910 1370 1966 voluntate
1391 1914 1448 1966 et
1468 1909 1695 1965 actione
1717 1925 1852 1964 con-

217 1995 396 2067 traxit,
431 2015 610 2071 quam
648 1999 720 2054 ab
752 1997 1021 2072 originali
1053 2000 1207 2072 quod
1241 2016 1276 2056 a
1304 1999 1646 2072 parentibus
1677 1997 1856 2052 traxit

216 2083 548 2143 absolvitur.
585 2087 698 2144 Sed
731 2087 781 2144 si
811 2088 1089 2144 recedens
1121 2107 1156 2144 a
1180 2087 1429 2160 Christo,
1463 2091 1520 2144 et
1561 2087 1788 2143 alienus
1820 2102 1855 2141 a

213 2174 387 2246 gratia
415 2174 550 2232 ﬁnit
579 2177 732 2233 hanc
761 2176 938 2232 vitam
969 2177 1184 2234 cadens
1215 2178 1275 2234 in
1303 2177 1707 2250 perditionem,
1735 2191 1852 2232 non

214 2263 268 2318 in
295 2263 351 2320 id
393 2266 552 2338 quod
597 2267 912 2323 remissum
960 2271 1050 2323 est
1099 2267 1326 2334 recidit,
1358 2283 1463 2322 nec
1494 2267 1555 2322 in
1583 2263 1852 2338 originali

211 2357 436 2425 peccato
465 2354 870 2424 damnabitur,
895 2356 996 2412 sed
1022 2359 1259 2429 prepter
1286 2360 1584 2428 postrema
1603 2353 1853 2411 crimina

209 2456 272 2496 ea
299 2445 483 2499 morte
531 2442 844 2512 afﬁcietur,
892 2462 1020 2516 qua
1051 2449 1290 2518 propter
1316 2443 1418 2499 illa
1447 2461 1574 2516 quae
1605 2442 1854 2498 remissa

210 2533 338 2586 sunt
373 2531 721 2588 debebatur.
753 2533 824 2588 Et
845 2531 945 2605 qui
977 2532 1340 2604 reliquerunt
1363 2533 1548 2588 Deum
1579 2536 1636 2587 et
1665 2530 1850 2587 relicti

210 2623 358 2688 sunt,
386 2623 446 2676 et
465 2639 536 2677 ex
562 2621 716 2678 bono
737 2621 798 2676 in
821 2621 1044 2678 malum
1067 2621 1302 2695 propria
1322 2621 1619 2678 voluntate
1641 2619 1848 2676 mutati
1887 2628 1893 2633 '

207 2712 354 2776 sunt,
391 2707 530 2766 licet
575 2710 793 2766 fuerint
829 2711 1036 2778 renati,
1077 2711 1296 2766 fuerint
1315 2709 1646 2782 justiﬁcati,
1681 2709 1752 2764 ab
1783 2725 1850 2764 eo

207 2797 389 2853 tamed
417 2798 523 2870 qui
557 2797 690 2854 illos
721 2798 866 2856 tales
899 2798 1187 2872 prtescivit
1217 2817 1331 2854 non
1366 2803 1506 2854 sunt
1553 2796 1850 2870 praidesti-

207 2886 338 2955 nati,
373 2887 514 2960 quia
546 2887 652 2944 Dei
681 2889 1107 2960 praeseientiam
1137 2888 1298 2944 tales
1345 2905 1442 2944 eos
1485 2887 1716 2942 futuros
1745 2902 1851 2942 nec

205 2971 364 3030 latuit
383 2993 488 3032 nec
505 2975 734 3033 fefellit.
754 2977 824 3032 Et
839 2977 968 3033 ideo
986 2994 1291 3050 nunquam
1307 2976 1451 3033 tales
1481 2975 1674 3048 elegit,
1699 2992 1848 3030 nun-

206 3078 370 3134 quam
389 3065 853 3137 praadestinavit,
876 3069 932 3121 et
954 3065 1244 3138 perituros
1266 3081 1570 3138 nunquam
1594 3065 1665 3120 ab
1687 3067 1850 3119 aeter-

205 3167 274 3206 na
291 3152 678 3210 damnatione
698 3153 1028 3210 discrevit.»
1051 3155 1121 3210 Et
1139 3159 1378 3211 sanctus
1400 3153 1712 3226 Gregorius
1735 3151 1850 3208 evi-

203 3239 395 3297 denter
412 3242 790 3298 demonstrat
805 3243 864 3296 in
883 3241 1031 3298 libro
1049 3246 1257 3314 quarto
1272 3241 1579 3298 Moralium
1593 3242 1848 3314 (cap.28),

203 3327 331 3400 quia
357 3329 540 3387 homo
573 3331 804 3404 primus
831 3332 902 3388 ad
934 3331 1114 3386 vitam
1145 3331 1492 3400 conditus,si
1521 3347 1636 3386 non
1655 3347 1852 3403 pecca-

203 3421 302 3486 ret,
337 3402 722 3493 nequaquam
753 3437 823 3476 ex
851 3437 913 3478 se
941 3419 1220 3493 gehennae
1251 3419 1423 3492 filios,
1452 3421 1553 3476 sed
1603 3402 1700 3476 eos
1745 3419 1845 3491 qui
1877 3402 1921 3467 Ε

197 3515 345 3562 nunc
372 3525 481 3580 per
511 3509 978 3581 redemptionem
1011 3509 1274 3566 salvandi
1333 3513 1474 3564 sunt
1522 3511 1844 3582 generaret.

201 3614 226 3641 α
237 3585 539 3669 Quemque
550 3596 713 3653 Deus
725 3601 1103 3670 peccaturum
1120 3597 1408 3669 praeseivit
1419 3613 1536 3653 non
1551 3595 1846 3669 praedesti-

193 3683 362 3756 navit,
395 3687 500 3743 sed
533 3686 698 3744 sicut
727 3686 1015 3760 scriptum
1045 3691 1153 3753 est,
1185 3689 1244 3742 in
1276 3703 1461 3743 manu
1494 3685 1729 3742 consilii
1755 3686 1848 3740 sui

195 3771 428 3848 reliquit
451 3775 661 3848 (Eccli.
682 3793 776 3844 xv,
803 3777 913 3845 14),
938 3775 1127 3831 isdem
1150 3780 1347 3830 autem
1377 3775 1693 3830 voluntatis
1722 3791 1850 3847 pro-

196 3861 322 3932 priaz
355 3863 631 3920 libertati
681 3862 941 3931 relictus,
974 3880 1035 3919 se
1066 3868 1124 3920 et
1153 3880 1357 3919 omnes
1387 3881 1456 3919 ex
1484 3864 1724 3918 traduce
1755 3862 1847 3916 sui

195 3951 430 4008 seminis
442 3954 683 4027 genitos
697 3951 1005 4025 perditioni
1019 3953 1298 4008 obnoxios
1309 3957 1366 4008 et
1376 3951 1849 4008 condemnandos

193 4038 566 4098 etl'ecit.Deus
580 4047 778 4097 autem
791 4059 861 4104 ex
871 4041 1073 4098 eadem
1097 4058 1295 4097 massa
1315 4041 1658 4114 perditionis
1669 4039 1850 4096 totius

194 4124 432 4186 humani
461 4129 729 4204 generis,
755 4131 1075 4187 secundum
1099 4131 1534 4202 pra’scientiam
1557 4145 1752 4198 suam,
1783 4133 1851 4184 ut

194 4212 391 4274 Petrus
410 4219 472 4274 in
490 4216 691 4291 capite
717 4219 986 4291 Epistolas
1018 4219 1219 4291 prima
1237 4219 1396 4287 dicit,
1419 4219 1695 4293 quosdam
1709 4218 1849 4283 .ele-

191 4305 272 4372 git
297 4309 352 4376 (Ι
369 4313 538 4366 Petr.
564 4327 607 4378 1,
641 4312 720 4379 2),
764 4307 821 4364 id
861 4313 951 4364 est
987 4308 1178 4382 gratia
1207 4312 1341 4364 ante
1370 4309 1646 4365 meritum
1679 4325 1852 4366 omne

194 4394 486 4472 praeelegit
506 4403 569 4455 et
592 4397 1044 4470 praedestinavit,
1068 4397 1128 4452 id
1149 4401 1240 4452 est
1257 4397 1446 4470 gratia
1484 4399 1848 4471 praeparavit,

1963 756 2405 812 870universa
2416 761 2700 826 operatur
2709 757 3021 812 secundum
3033 758 3341 815 consilium
3351 777 3420 816 vo
3429 760 3619 818 lunta-

1963 847 2192 915 tissum,
2219 845 2476 900 utsimus
2488 847 2552 900 in
2565 845 2795 900 laudem
2816 843 3038 919 gloria?
3055 851 3182 920 ejus
3195 848 3378 920 (Rom.
3399 867 3476 920 vr,
3499 852 3613 921 23).

1964 936 2035 990 Et
2052 934 2436 1007 Evangelium
2462 952 2475 990 :
2505 937 2729 1003 Venite,
2757 935 3054 992 benedicti
3073 937 3273 992 Patris
3289 940 3617 1010 mei,perci-

1962 1025 2082 1094 pile
2107 1039 2348 1097 regnum
2378 1024 2536 1096 quod
2563 1025 2726 1080 vobis
2750 1025 3116 1094 paratum,id
3139 1030 3228 1082 est
3247 1028 3614 1100 praedestina-

1963 1115 2093 1168 tum
2115 1121 2199 1168 est
2221 1113 2298 1168 ab
2317 1114 2554 1187 origine
2572 1115 2799 1171 mundi.
2823 1116 2892 1171 Et
2912 1115 3052 1172 item
3071 1115 3618 1188 Apostolus,Gratia

1965 1207 2166 1258 autem
2202 1201 2305 1258 Dei
2333 1203 2460 1260 vita
2486 1208 2713 1260 aeterna
2738 1207 2922 1273 (Rom.
2951 1221 3028 1272 v1,
3056 1207 3170 1274 28).
3205 1207 3360 1272 Quos
3419 1211 3614 1266 autem

1965 1290 2254 1362 praeseivit
2269 1308 2384 1347 non
2403 1290 2854 1362 praedestinavit,
2865 1293 3088 1365 judicio
3097 1293 3122 1364 j
3131 1298 3264 1349 usto
3282 1293 3518 1366 reliquit
3543 1297 3615 1351 ad

1965 1396 2218 1451 paenam,
2243 1383 2299 1434 et
2319 1397 2387 1435 ex
2409 1379 2789 1436 retributione
2802 1381 3048 1452 justitize
3069 1399 3301 1455 pcenam
3325 1381 3444 1439 illis
3465 1401 3614 1456 prai-

1966 1467 2298 1536 destinavit,
2331 1468 2388 1524 id
2422 1472 2510 1524 est
2541 1469 2888 1541 praeparavit
2913 1474 3210 1526 azternam.
3247 1494 3275 1521 ››

2033 1556 2129 1610 Ait
2174 1556 2330 1612 enim
2379 1557 2554 1625 idem,
2589 1557 2887 1614 catholicae
2933 1563 2990 1614 et
3019 1559 3348 1631 apostolicae
3398 1565 3611 1616 sanctis

1967 1645 2124 1702 sedis
2148 1645 2442 1713 Romanae,
2457 1646 2723 1702 omnium
2745 1646 2967 1703 scilicet
2987 1646 3377 1704 Ecclesiarum
3401 1649 3459 1703 in
3490 1652 3609 1704 toto

1964 1735 2102 1790 orbe
2135 1738 2421 1790 terrarum
2453 1735 2661 1790 matris
2700 1739 2876 1808 atque
2917 1736 3210 1809 magistrae
3239 1737 3520 1809 pontifex,
3547 1737 3607 1792 in

1963 1823 2207 1879 homilia
2225 1821 2521 1896 Evangelii
2541 1825 2612 1879 34
2639 1841 2652 1878 :
2682 1846 2709 1874 «
2732 1823 3083 1897 Angelorum
3106 1825 3323 1898 quippe
3343 1829 3401 1882 et
3421 1825 3607 1882 homi-

1963 1929 2105 1967 num
2138 1916 2410 1968 naturam
2441 1913 2512 1968 ad
2534 1914 3002 1984 cognoscendum
3021 1931 3083 1970 se
3109 1913 3394 1970 Dominus
3415 1915 3608 1971 condi-

1963 2001 2251 2074 dit,quam
2271 2001 2412 2056 dum
2431 2001 2747 2057 consistere
2764 2003 2836 2057 ad
2853 2002 3237 2058 aeternitatem
3257 2002 3460 2074 voluit,
3476 2020 3606 2059 eam

1961 2088 2164 2162 procul
2187 2089 2366 2144 dubio
2387 2090 2456 2144 ad
2482 2107 2650 2145 suam
2674 2089 3121 2146 similitudinem
3143 2091 3414 2147 creavit.»
3445 2093 3516 2147 Et
3544 2091 3604 2146 in

1960 2177 2204 2234 homilia
2224 2179 2516 2250 Evangelii
2536 2196 2654 2234 xvn
2679 2195 2692 2233 :
2717 2202 2744 2230 «
2769 2179 2915 2246 Quid
2949 2183 3142 2235 autem
3167 2179 3395 2235 animas
3415 2179 3605 2236 homi-

1963 2285 2107 2323 num
2139 2267 2253 2323 nisi
2284 2267 2479 2322 cibum
2512 2267 2743 2324 Domini
2777 2267 3042 2338 dixerim,
3065 2285 3192 2340 quaz
3235 2269 3307 2324 ad
3327 2269 3438 2324 hoe
3468 2272 3608 2324 sunt

1961 2357 2226 2426 conditae,
2251 2361 2317 2412 ut
2338 2357 2398 2411 in
2421 2357 2548 2428 ejus
2569 2373 2808 2428 corpore
2842 2357 3230 2429 trajiciuntur,
3253 2357 3311 2412 id
3334 2361 3422 2414 est
3450 2361 3516 2414 ut
3543 2357 3604 2412 in

1960 2450 2185 2501 aeternae
2209 2445 2477 2502 Ecclesiae
2507 2449 2890 2519 augmentum
2931 2447 3220 2502 tendant?
3240 2468 3267 2497 »
3299 2447 3370 2502 Et
3398 2445 3458 2502 in
3488 2464 3606 2503 xvn

1959 2533 2108 2590 libro
2130 2534 2438 2590 Moralium
2456 2551 2470 2589 :
2487 2535 2612 2590 «Ad
2635 2534 2812 2590 vitam
2837 2553 3092 2606 namque
3111 2535 3287 2592 homo
3309 2535 3602 2606 conditus,

1959 2623 2018 2677 in
2042 2622 2306 2678 libertate
2329 2622 2574 2696 propriae
2607 2623 2924 2679 voluntatis
2947 2628 3152 2695 sponte
3173 2641 3281 2679 sua
3299 2624 3486 2680 factus
3517 2627 3606 2680 est

1960 2711 2188 2766 debitor
2216 2713 2442 2767 mortis.
2477 2734 2504 2761 ››
2538 2713 2607 2767 Et
2647 2712 2787 2766 item
2839 2712 2896 2766 in
2949 2712 3096 2768 libro
3126 2731 3199 2768 xx
3244 2711 3552 2768 Moralium
3587 2729 3600 2766 :

1965 2819 1988 2849 ι
2005 2801 2338 2856 Humanum
2361 2801 2542 2874 igitur
2561 2817 2768 2874 genus,
2801 2805 2956 2856 recto
2976 2801 3076 2858 Dei
3094 2801 3319 2873 judicio
3348 2801 3409 2856 in
3437 2800 3600 2857 volu-

1959 2889 2220 2962 ptatibus
2251 2889 2378 2946 suis
2408 2889 2517 2946 sibi
2551 2889 2884 2963 dimissum,
2907 2895 3082 2962 atque
3113 2907 3217 2964 per
3245 2891 3478 2946 easdem
3509 2905 3602 2944 vo-

1959 2978 2214 3051 luptates
2245 2979 2580 3050 spontaneis
2600 2978 3082 3036 tribulationibus
3101 2977 3602 3048 traditum,absin-

1957 3066 2079 3122 thio
2109 3071 2198 3122 est
2228 3066 2476 3122 ebrium.
2511 3089 2538 3116 »
2570 3067 2640 3122 Et
2679 3067 2818 3123 item
2849 3067 2908 3122 in
2939 3067 3088 3123 libro
3115 3085 3226 3124 xxv
3259 3085 3272 3124 :
3308 3090 3336 3117 «
3370 3067 3600 3122 Primus

1958 3155 2134 3210 homo
2154 3155 2237 3210 ita
2261 3155 2531 3211 conditus
2563 3155 2692 3222 fuit,
2725 3160 2788 3211 ut
2823 3155 3107 3212 moriente
3137 3155 3235 3212 illo
3267 3155 3602 3212 deciderent

1957 3247 2242 3316 tempora,
2273 3260 2378 3300 nec
2427 3261 2561 3300 eum
2609 3245 2973 3317 temporibus
3019 3245 3144 3316 ipse
3174 3244 3471 3301 transiret.
3504 3245 3601 3300 Sic

1959 3333 2114 3389 enim
2149 3333 2462 3388 momentis
2493 3333 2958 3394 decurrentibus.
2975 3333 3114 3406 quia
3136 3349 3508 3406 nequaquam
3527 3333 3599 3389 ad

1954 3422 2082 3478 vitae
2115 3421 2430 3484 terminum
2478 3439 2582 3494 per
2629 3421 2855 3478 dierum
2897 3423 3258 3479 incrementa
3303 3422 3597 3491 tendebat,

1956 3511 2148 3567 stabat
2166 3515 2326 3566 tanto
2347 3509 2666 3580 robustius,
2684 3515 2900 3584 quanto
2925 3524 3156 3584 semper
3176 3510 3356 3567 stanti
3379 3509 3599 3566 arctius

1953 3597 2295 3654 inhaerebat.
2325 3600 2396 3654 At
2451 3597 2551 3654 ubi
2608 3599 2852 3655 vetitum
2911 3599 3175 3672 contigit,
3207 3615 3342 3655 mox
3381 3599 3598 3654 offenso

1955 3687 2223 3742 Creatore
2245 3687 2419 3758 cmpit
2438 3687 2520 3742 ire
2551 3704 2684 3742 cum
2716 3691 2996 3759 tempore,
3022 3691 3178 3743 statu
3209 3685 3597 3742 videlicetim-

1956 3776 2330 3832 mortalitatis
2353 3775 2588 3844 amisso,
2615 3793 2824 3831 cursus
2843 3793 2977 3830 eum
3000 3774 3376 3830 mortalitatis
3397 3774 3596 3830 absor-

1955 3863 2256 3931 buit.Quia
2278 3867 2503 3934 vero,ut
2522 3862 2796 3930 diximus,
2831 3862 3054 3918 arbitrii
3078 3861 3346 3917 libertate
3377 3861 3598 3917 abusus

1957 3953 2184 4025 primus
2204 3952 2379 4007 homo
2401 3951 2676 4024 peccavit,
2702 3956 2759 4006 et
2779 3951 2967 4006 factus
2989 3953 3076 4006 est
3097 3967 3295 4006 massa
3325 3949 3598 4022 perditio-

1957 4042 2050 4096 nis
2073 4041 2251 4096 totius
2272 4039 2514 4095 humani
2541 4040 2790 4112 generis,
2819 4039 3060 4111 quidam
3085 4056 3154 4094 ex
3177 4039 3380 4094 eadem
3402 4054 3600 4093 massa

1959 4117 2372 4196 damnationis,
2387 4127 2488 4200 qui
2505 4146 2609 4201 per
2628 4127 3084 4203 redemptionem
3108 4125 3412 4200 sanguinis
3433 4125 3597 4182 Chri-

1957 4219 2032 4276 sti
2054 4217 2258 4275 salvati
2285 4221 2444 4286 sunt,
2469 4217 2768 4274 salvantur
2787 4221 2844 4273 et
2865 4217 3264 4285 salvabuntur,
3296 4214 3596 4288 quoniam,

1957 4311 2021 4362 ut
2042 4307 2312 4380 princeps
2335 4306 2732 4380 apostolorum
2757 4307 2924 4362 dicit:
2949 4311 3073 4364 Non
3091 4315 3174 4361 est
3197 4305 3372 4361 aliud
3393 4319 3602 4360 nomen

1955 4398 2061 4454 sub
2077 4412 2158 4453 cae
2166 4395 2224 4451 lo
2237 4397 2446 4452 datum
2457 4400 2584 4451 hom
2593 4397 2677 4451 ini
2681 4397 2801 4463 bus,
2810 4397 2874 4452 in
2883 4411 2992 4468 quo
3001 4400 3273 4466 oporteat
3289 4410 3392 4450 nos
3403 4394 3598 4449 salvos

194 4497 322 4538 nam
354 4486 535 4542 electi
569 4486 750 4542 iidem
781 4490 920 4543 sunt
949 4489 1006 4541 et
1032 4485 1428 4558 praedestinati
1459 4487 1530 4542 ad
1559 4487 1761 4554 vitam,
1796 4493 1854 4543 et
1951 4488 2090 4556 ﬁeri
2117 4487 2264 4554 (Act.
2298 4502 2376 4553 IV,
2414 4487 2521 4552 12),
2545 4488 2678 4540 ante
2709 4489 2974 4556 tempora
2993 4482 3294 4540 saecularia
3325 4481 3596 4554 praesciti,

193 4569 367 4629 vitam
387 4573 512 4632 illis
525 4574 967 4648 praedestinavit
995 4578 1290 4630 aeternam.
1322 4575 1488 4631 Sicut
1523 4575 1698 4646 elegit
1727 4593 1848 4644 nos,

189 4657 380 4733 inquit
390 4661 806 4736 Apostolus,in
827 4665 958 4732 ipso
977 4671 1112 4718 ante
1126 4663 1340 4719 mundi
1357 4665 1847 4736 constitutionem,

1959 4580 2016 4632 et
2051 4575 2240 4648 gratia
2277 4573 2444 4630 electi
2475 4573 2561 4630 vel
2595 4573 2991 4645 prindestinati
3024 4573 3096 4628 ad
3121 4572 3324 4638 vitam,
3357 4571 3597 4644 quidam

1956 4681 2089 4720 vero
2110 4662 2359 4736 przesciti
2382 4679 2497 4718 non
2528 4662 2946 4734 praedestinati,
2971 4662 3072 4717 sed
3094 4661 3319 4734 judicio
3341 4661 3508 4732 justo
3538 4660 3598 4714 in

191 4757 252 4804 ut
267 4767 524 4808 essemus
543 4752 744 4808 sancti
758 4757 814 4808 et
835 4751 1214 4808 immaculati
1240 4755 1302 4808 in
1333 4759 1634 4826 conspectu
1649 4758 1775 4826 ejus
1792 4757 1856 4812 in
1880 4772 1929 4836 D
1961 4752 2163 4808 eadem
2197 4767 2393 4808 massa
2421 4751 2607 4807 relicti
2638 4751 2711 4807 ad
2741 4768 2971 4823 pcnnam
3002 4754 3160 4806 sunt.
3186 4769 3212 4802 ι)
3251 4750 3414 4806 Sicut
3443 4748 3598 4803 idem

193 4837 518 4908 charitate,
537 4841 980 4911 praedestinans
993 4857 1096 4895 nos
1117 4841 1180 4896 in
1203 4841 1580 4910 adoptionem
1593 4841 1852 4912 ﬁliorum

193 4933 509 4996 perJesum
527 4929 837 4986 Christum
851 4931 912 4986 in
924 4931 1137 4999 ipsum,
1157 4929 1472 4986 secundum
1485 4932 1856 5003 propositum

191 5019 986 5092 voluntatissuaeﬁgtaudem
1009 5017 1219 5089 gloria:
1239 5020 1462 5091 gratiae
1485 5035 1621 5076 suae.
1647 5025 1716 5076 In
1743 5037 1856 5094 qua

194 5109 567 5178 grati/tenvit
588 5124 696 5165 nos
727 5109 791 5165 in
815 5108 880 5164 di
887 5107 1035 5164 lecto
1054 5107 1214 5164 Filio
1236 5109 1427 5178 suo,in
1441 5125 1550 5182 quo
1577 5109 1860 5166 habemus

193 5198 666 5271 redemptionem
693 5213 804 5270 per
829 5198 1184 5270 sanguinem
1223 5197 1424 5266 ipsius,
1458 5199 1858 5256 remissionem

192 5296 577 5356 peccatorum
611 5287 929 5344 secundum
956 5287 1193 5344 divitias
1211 5287 1426 5356 gratiae
1443 5302 1566 5344 suae
1587 5307 1605 5342 :
1628 5305 1756 5362 quae
1769 5305 1858 5344 su-

192 5375 626 5452 perabundaeit
648 5378 717 5432 in
731 5391 833 5433 nos
857 5377 918 5432 in
941 5375 1100 5430 omni
1120 5376 1414 5448 sapientia
1436 5382 1493 5432 et
1505 5378 1850 5449 prudentia,

191 5469 254 5518 ut
275 5467 621 5523 ostenderet
641 5466 810 5522 nobis
829 5467 1175 5537 mysterium
1195 5483 1262 5520 eo
1273 5465 1513 5521 luntatis
1531 5482 1854 5524 sumserun-

192 5551 324 5611 dum
363 5557 586 5614 bonam
639 5558 994 5612 voluntatem
1049 5571 1441 5626 suam,,quam
1465 5558 1761 5628 proposuit
1793 5558 1854 5612 in

193 5641 396 5712 illo,in
411 5645 862 5714 dispositionem
879 5642 1274 5716 plenitudinis
1285 5648 1630 5715 temporum,
1640 5645 1858 5702 instau-

195 5747 334 5790 rare
377 5734 596 5791 omnia
623 5735 686 5789 in
709 5733 946 5790 Christo
965 5748 1092 5806 qua:
1112 5735 1174 5789 in
1195 5731 1356 5788 caelis
1376 5741 1528 5802 sunt,
1560 5743 1614 5789 et
1643 5751 1770 5807 qua:
1797 5737 1857 5792 in

201 5824 366 5880 terris
405 5825 474 5882 in
504 5825 658 5898 ipso.
679 5827 745 5880 In
767 5837 876 5897 quo
905 5822 1088 5879 etiam
1114 5831 1172 5878 et
1198 5829 1414 5878 sortem
1442 5825 1730 5881 consecuti
1754 5842 1856 5881 su-

1962 4839 2276 4914 Gregorius
2311 4841 2510 4896 doctor
2547 4839 2816 4913 egregius
2835 4838 2894 4894 in
2922 4839 3069 4894 libro
3089 4857 3198 4897 xxv
3219 4841 3358 4910 (cap.
3390 4838 3446 4904 8)
3477 4835 3596 4890 Mo-

1961 4929 2174 4986 ralium
2197 4928 2372 4986 dicit:
2397 4953 2425 4979 «
2449 4923 3601 5000 Hunc,inquiens,supernorumjudicio-

1963 5035 2096 5075 rum
2109 5024 2329 5076 metum
2345 5018 2558 5074 Paulus
2571 5017 2872 5089 apostolus
2893 5015 3312 5088 discipulorum
3325 5013 3600 5070 cordibus

1964 5107 2274 5164 insinuans
2285 5108 2392 5163 ait:
2407 5107 2522 5178 Qui
2537 5123 2598 5162 se
2615 5107 2922 5162 existimat
2940 5112 3104 5161 stare
3125 5104 3323 5160 videat
3337 5118 3408 5158 ne
3422 5102 3602 5158 cadat

1963 5202 2015 5268 (Ι
2035 5201 2166 5256 Cor.
2196 5215 2254 5264 x,
2283 5199 2390 5265 l2).
2423 5196 2584 5262 Quod
2637 5198 2833 5250 autem
2867 5194 3026 5260 dicit,
3059 5201 3314 5248 conteret
3362 5189 3599 5258 multas,

1964 5287 2118 5344 illico
2176 5285 2462 5358 adjunxit,
2510 5282 2972 5340 innumerabiles
3002 5282 3130 5352 (Job
3158 5298 3346 5349 xxxrv,
3371 5280 3484 5353 24),
3515 5279 3604 5336 vel

1961 5375 2399 5433 multitudinem
2429 5373 2750 5446 exprimere
2780 5372 3006 5428 studuit
3048 5371 3448 5443 reproborum,
3478 5387 3606 5444 quae

1961 5467 2234 5522 humanze
2265 5463 2507 5519 rationis
2533 5479 2846 5518 numerum
2877 5461 3106 5531 transit,
3139 5459 3226 5517 vel
3267 5464 3419 5516 certe
3447 5459 3606 5516 indi-

1963 5572 2093 5612 care
2117 5553 2295 5610 voluit
2317 5553 2468 5624 quod
2494 5569 2697 5606 omnes
2719 5551 2820 5622 qui
2843 5553 3088 5624 pereunt
3116 5549 3268 5606 intra
3291 5550 3606 5607 electorum

1964 5659 2276 5701 numerum
2308 5659 2422 5696 non
2466 5641 2778 5712 habentur,
2808 5645 2876 5696 ut
2903 5657 2969 5696 eo
3000 5640 3120 5696 sint
3148 5638 3608 5696 innumerabiles

1965 5751 2081 5808 quo
2111 5737 2270 5788 extra
2299 5747 2610 5786 numerum
2641 5733 2902 5786 currunt.
2936 5730 3099 5786 Unde
3129 5734 3184 5786 et
3210 5731 3492 5802 Propheta
3515 5729 3606 5783 in-

1965 5829 2136 5880 tuens
2163 5825 2358 5877 tantos
2386 5819 2446 5876 in
2478 5820 2586 5877 hoc
2615 5819 2884 5877 Ecclesiae
2929 5825 3191 5893 tempore
3242 5818 3604 5892 specietenus
