4018 6446
447 441 568 504 435

1379 439 1678 503 HINCMA
1689 441 1766 504 ΠΙ
1814 441 2029 504 RHEM
2042 439 2258 505 ENSIS
2303 439 2915 505 ARCHIEPISCOPI.

3719 440 3822 504 436

446 575 700 643 credere,
734 577 987 647 quantos
1035 571 1315 631 nimirum
1358 578 1583 631 certum
1629 579 1720 631 est
1775 575 2091 632 electorum
2121 576 2173 644 Α
2205 593 2383 649 quam
2405 591 2540 649 ergo
2562 592 2740 649 super
2758 593 2857 633 eos
2876 592 3080 649 vesper
3098 577 3496 649 consurgeret,
3520 575 3570 632 si
3591 573 3709 632 cceli
3731 575 3822 632 lilii

453 680 766 720 numerum
813 680 1229 736 summamque
1283 662 1554 732 transire,
1613 664 1740 719 ait:
1791 664 2093 738 Multipli-

449 755 574 811 cali
653 759 787 809 sunt
865 770 1042 826 super
1119 770 1426 808 numerum
1501 752 1682 826 (Psal.
1742 771 1932 822 xxxix,
1990 755 2093 826 6);

451 844 601 900 871.
639 859 705 898 ac
737 841 787 898 si
818 841 1075 898 diceret:
1110 841 1309 898 Multis
1359 841 1674 912 Ecclesiam
1715 841 2096 910 intrantibus,
2136 891 2142 894 _

453 932 632 988 etiam
645 931 705 987 bi
721 932 793 987 ad
806 931 982 988 {idem
1004 931 1166 1004 regni
1186 931 1552 1004 specietenus
1573 930 1938 1004 veniunt,qui
1951 949 1980 987 a
1996 950 2099 988 nu-

457 1037 616 1077 mero
629 1019 848 1076 ccelesti
862 1019 1270 1086 exeluduntur,
1285 1019 1426 1092 quia
1453 1019 1770 1076 electorum
1802 1037 2096 1076 summam

457 1125 567 1166 sua
606 1107 874 1165 videlicet
918 1107 1400 1181 multiplicatione
1447 1113 1777 1165 transeunt.
1807 1109 1967 1165 Unde
1998 1127 2102 1183 per

459 1197 670 1256 Isaiam
689 1215 920 1271 quoque
932 1198 1121 1254 eidem
1142 1197 1408 1254 Ecclesiae
1433 1199 1674 1254 dicitur:
1691 1200 1776 1256 Ad
1787 1201 2098 1256 dexteram

457 1288 610 1343 enim
626 1291 680 1342 et
701 1287 788 1343 ad
807 1288 1017 1344 iaceam
1045 1285 1480 1354 dilataberis,ct
1501 1303 1692 1344 semen
1721 1293 1884 1344 tuum
1901 1295 2102 1362 gentes

459 1375 830 1434 hazreditabit
851 1377 1192 1446 (Isa.uv,3).
1209 1375 1466 1432 Intrante
1487 1375 1702 1449 quippe
1725 1376 2100 1435 multitudine

456 1464 722 1538 gentium
755 1466 827 1521 ad
858 1465 1153 1522 dexteram
1203 1464 1554 1534 extenditur,
1608 1466 1751 1522 dum
1811 1467 2098 1539 quosdam

449 1553 865 1623 justiﬁcandos
897 1552 1177 1626 suscipit:
1203 1554 1275 1609 ad
1307 1553 1508 1610 lawam
1533 1571 1767 1628 quoque
1797 1555 2096 1624 dilatatur,

458 1643 600 1698 dum
623 1643 694 1698 ad
709 1659 772 1698 se
783 1643 1070 1715 quosdam
1092 1642 1270 1698 etiam
1292 1643 1351 1698 in
1375 1641 1681 1715 iniquitate
1695 1647 2101 1716 permanentes

459 1731 736 1799 admittit,
789 1734 998 1803 praeter
1051 1731 1205 1788 hanc
1261 1731 1701 1788 multitudinem
1757 1749 1885 1805 quae
1942 1735 2104 1788 extra

457 1821 776 1878 electorum
833 1817 1146 1876 numerum
1200 1821 1378 1893 jacet.
1415 1843 1443 1871 »
1474 1821 1543 1876 Et
1599 1821 1772 1894 paulo
1830 1821 2102 1894 superius

2205 681 2334 720 esse
2363 664 2682 721 volussent.
2715 687 2744 716 »
2777 666 2847 720 Et
2875 663 3012 720 item
3045 665 3104 720 in
3135 663 3283 720 libro
3331 663 3614 737 vigesimo
3642 663 3824 736 quinto

2207 753 2344 826 (cap.
2366 756 2420 820 8,
2441 753 2498 822 9)
2527 770 2540 808 :
2575 777 2601 804 «
2641 754 2755 810 lloc
2786 754 2938 826 quod
2990 752 3189 810 electis
3239 752 3372 809 aliis
3410 751 3509 809 alii
3541 758 3826 808 conterun-

2205 845 2320 910 tur,
2356 843 2427 898 de
2483 841 2690 898 merito
2747 841 3022 914 patientis
3079 847 3188 910 est,
3240 859 3355 898 non
3412 841 3486 897 de
3543 839 3828 914 iniquitate

2206 931 2522 1004 punientis.
2556 933 2682 988 Non
2711 931 2867 988 enim
2897 931 3137 1006 iniquus
3163 933 3336 998 Deus,
3359 933 3514 989 872
3546 930 3644 1004 qui
3674 931 3828 986 infert

2207 1020 2355 1076 iram
2389 1039 2404 1077 :
2438 1021 2592 1078 unde
2650 1026 2783 1094 apte
2835 1021 3219 1094 subjungitur
3250 1037 3264 1076 :
3295 1021 3456 1078 Novit
3502 1021 3652 1076 enim
3687 1035 3828 1091 Opera

2205 1126 2412 1178 eorum,
2444 1119 2497 1167 et
2523 1110 2722 1168 idcirco
2754 1109 2971 1167 inducet
3008 1117 3240 1176 noctem,
3268 1117 3320 1166 et
3347 1117 3687 1166 conterentur
3707 1106 3827 1179 (Job.

2206 1216 2395 1268 XXXIV,
2575 1223 2602 1250 n

2278 1288 2348 1344 Et
2366 1287 2505 1361 quia
2524 1287 2886 1360 praescientia
2906 1287 3006 1344 Dei
3029 1287 3156 1344 sine
3195 1285 3702 1360 pradestinatione
3721 1303 3832 1343 esse

2207 1382 2420 1449 potest,
2443 1376 2597 1434 sicut
2618 1377 2676 1432 in
2697 1376 2815 1433 illis
2835 1376 3111 1433 omnibus
3141 1394 3268 1448 quae
3300 1393 3418 1432 non
3448 1393 3517 1432 ex
3543 1374 3670 1448 ipso
3690 1378 3833 1432 erant

2208 1482 2446 1522 causam
2458 1465 2812 1539 operationis
2825 1465 3238 1534 habitura,non
3250 1468 3444 1520 tamen
3458 1481 3598 1521 eum
3611 1469 3834 1536 possunt

2208 1553 2384 1611 latere
2416 1554 2516 1627 qui
2547 1553 2706 1610 novit
2759 1554 2958 1610 omnia
3003 1553 3178 1611 etiam
3228 1558 3549 1626 antequam
3591 1553 3748 1608 fiant.
3777 1552 3835 1608 Et

2207 1643 2438 1717 reprobi
2470 1643 2740 1718 praesciti,
2766 1661 2880 1700 non
2913 1647 3108 1699 autem
3140 1641 3566 1716 praedestinati,
3597 1657 3631 1697 a
3653 1645 3754 1696 Deo
3773 1640 3834 1696 ad

2211 1751 2440 1806 pmnam
2474 1738 2632 1802 sunt,
2669 1733 2809 1806 quia
2851 1749 2966 1788 non
3000 1731 3128 1805 ipso
3177 1735 3432 1801 auctore,
3461 1731 3568 1788 sed
3600 1730 3836 1802 exigente

2206 1821 2536 1894 iniquitate,
2569 1821 2656 1877 vel
2686 1827 2929 1894 paterna
2955 1821 3043 1878 vel
3075 1819 3326 1894 propria,
3351 1823 3604 1892 pereunt
3631 1819 3784 1890 justo
3808 1834 3836 1872 a

459 1910 598 1982 (cap.
629 1909 872 1977 eodem):
908 1933 935 1959 ‹‹
969 1909 1302 1966 Notandum
1329 1927 1462 1965 vero
1488 1914 1595 1979 est,
1629 1911 1766 1982 quia
1797 1911 1938 1966 dum
1970 1911 2100 1967 aliis
2133 1943 2180 2007 Β
2212 1909 2328 1966 Deo
2351 1909 2532 1966 relicti
2547 1911 2772 1982 judicio
2797 1927 2810 1966 :
2837 1909 2989 1966 sicut
3008 1905 3462 2007 prmseitisimul
3484 1911 3544 1962 et
3569 1903 3838 2004 prindesti-

459 1997 824 2066 cadentibus,
859 1999 932 2054 ad
963 1999 1238 2054 standum
1269 1998 1368 2054 alii
1421 1997 1671 2056 solidare
1701 2000 2100 2072 perhibentur,

459 2087 778 2144 electorum
811 2105 1093 2143 numerus
1131 2091 1328 2144 certus
1357 2087 1706 2144 ostenditur.
1735 2088 1897 2145 Unde
1926 2089 2104 2146 etiam

403 2194 409 2201 ·
461 2174 877 2248 Philadelphia:
925 2175 1192 2232 Ecclesia:
1225 2193 1327 2248 per
1355 2177 1630 2250 angelum
1664 2177 1878 2233 dicitur
1909 2195 1922 2234 :
1959 2182 2106 2234 Tene

459 2265 617 2340 quod
645 2268 836 2333 habes,
867 2283 938 2320 ne
968 2264 1130 2321 alius
1171 2266 1424 2336 accipiat
1465 2284 1738 2323 coronam
1767 2274 1956 2322 luam.
1988 2267 2108 2323 Hac

461 2370 600 2427 ergo
622 2353 930 2422 sententia,
951 2371 1068 2426 qua
1089 2358 1376 2423 narratur,
1401 2353 1650 2410 aliorum
1670 2355 1833 2428 erigi,
1857 2355 2106 2412 aliorum

461 2447 660 2499 autem
681 2442 798 2498 vita
819 2443 973 2498 bona
1001 2441 1456 2516 confringi,spcs
1480 2441 1738 2498 nutritur
1766 2443 2105 2512 humilium,

463 2529 637 2586 elatio
660 2531 944 2602 premitur
965 2531 1521 2604 superborum,dum
1535 2537 1590 2586 et
1604 2531 1684 2586 illi
1699 2531 1849 2588 bona
1863 2535 2111 2604 possunt

464 2618 729 2675 amittere
759 2620 830 2676 de
860 2620 1078 2692 quibus
1107 2619 1472 2692 superbiunt,
1505 2624 1561 2675 et
1591 2619 1686 2676 isti
1719 2637 1788 2676 ea
1819 2619 2112 2693 percipere

469 2725 599 2781 qua:
631 2708 772 2780 quia
819 2725 933 2764 non
991 2708 1246 2764 habeant
1301 2711 1776 2764 contemnuntur.
1809 2730 1838 2760 »
1869 2709 1938 2766 Et
1968 2709 2110 2764 item

467 2796 784 2870 aliquando
805 2797 1076 2870 superius
1095 2800 1234 2870 (cap.
1271 2798 1323 2869 7)
1358 2813 1370 2852 :
1407 2819 1435 2848 α
1463 2797 1526 2852 In
1558 2797 1666 2853 hoc
1697 2813 1832 2870 ergo
1865 2802 2110 2871 utroque

453 2903 676 2959 genere
706 2885 1013 2942 hominum
1036 2903 1186 2959 saepe
1215 2885 1518 2960 contingit,
1543 2891 1606 2942 ut
1627 2892 1684 2943 et
1713 2887 1812 2960 qui
1845 2887 2113 2943 videntur

465 2976 524 3031 in
556 2975 814 3032 humano
835 2975 1062 3049 judicio
1119 2981 1293 3044 stare,
1319 2976 1446 3048 jam
1478 2976 1536 3032 in
1567 2980 1881 3049 conspectu
1913 2976 2110 3032 aeterni

459 3064 682 3136 judicis
703 3065 958 3137 jaceant,
990 3071 1047 3122 et
1089 3065 1188 3138 qui
1239 3082 1394 3120 nunc
1429 3083 1625 3122 coram
1655 3065 1995 3121 hominibus
2017 3066 2110 3138 ja-

469 3158 659 3226 eeant,
694 3154 754 3209 in
786 3158 1102 3226 conspectu
1133 3154 1332 3211 aeterni
1355 3154 1578 3226 judicis
1605 3153 1928 3220 stcnt.Quis
1953 3154 2110 3210 enim

464 3241 776 3298 hominum
791 3242 1080 3298 aestimare
1102 3243 1394 3315 potuisset
1415 3243 1446 3299 J
1453 3243 1629 3299 udam
1653 3242 1878 3298 vivendi
1894 3246 2110 3298 sortem

465 3337 596 3404 post
617 3331 1009 3388 ministerium
1033 3313 1396 3405 apostolatus
1426 3331 1712 3400 amittere,
1737 3336 1794 3388 et
1821 3331 2104 3388 latronem
2137 3313 2181 3380 (ἶ

466 3424 680 3476 mterna
702 3420 939 3493 prmmia
960 3420 1019 3476 in
1040 3419 1285 3477 articulo
1305 3421 1512 3477 mortis
1529 3415 2111 3477 invenire?Occultus

466 3512 665 3564 autem
731 3508 934 3580 judex,
994 3509 1312 3580 praesidens
1369 3512 1427 3565 et
1481 3513 1863 3582 utrorumque
1937 3509 2113 3566 corda

468 3595 828 3664 discernens,
890 3596 1140 3654 alterum
1211 3598 1304 3670 pie
1362 3598 1587 3665 statuit,
1649 3598 1900 3655 alterum
1951 3599 2113 3671 juste

468 3685 772 3759 confregit.
823 3685 991 3742 illum
1050 3687 1312 3742 distriete
1369 3687 1622 3743 exterius
1660 3684 1904 3760 repulit,
1953 3687 2112 3744 hunc

466 3773 820 3833 intrinsecus
841 3775 1298 3832 misericorditer
1325 3776 1521 3833 traxit.
1555 3798 1584 3828 »
1609 3777 1678 3832 Et
1708 3777 1846 3832 item
1878 3776 1938 3832 in
1961 3777 2112 3836 libro

465 3863 747 3936 vigesimo
798 3881 951 3920 nono
998 3869 1140 3938 (cap.
1175 3866 1286 3934 15),
1317 3864 1536 3923 Iudicia
1560 3872 1655 3922 tua
1681 3865 1910 3938 abyssus
1937 3866 2114 3922 multa

465 3953 638 4022 (Psal.
661 3971 827 4021 xxxv,
849 3956 927 4022 7).
965 3977 990 4004 α
1007 3953 1188 4009 Nemo
1209 3970 1345 4026 ergo
1371 3953 1722 4026 perscrutari
1743 3958 1980 4028 appetat
2007 3971 2114 4010 cur

466 4057 599 4096 cum
648 4040 800 4096 alius
848 4041 1167 4114 repellitur,
1202 4041 1351 4098 alius
1403 4041 1671 4115 eligatur,
1706 4043 1790 4098 vel
1841 4061 1945 4099 cur
1972 4061 2107 4098 cum

466 4128 618 4183 alius
634 4129 870 4201 eligitur
884 4130 1036 4186 alius
1054 4131 1386 4203 repellatur,
1407 4131 1547 4203 quia
1561 4131 1900 4204 superficies
1915 4132 2110 4206 abyssi

467 4217 907 4290 constringitur,
931 4224 988 4274 et
1006 4225 1320 4276 attestante
1343 4219 1540 4286 Paulo,
1566 4221 1956 4278 lncrustabiiia
1983 4229 2115 4278 sunt

456 4305 673 4379 judicia
691 4308 828 4378 ejus,
850 4315 902 4363 et
922 4309 1322 4380 investigabiles
1345 4310 1450 4366 viai:
1468 4311 1602 4382 ejus.
1622 4332 1648 4358 ››
1679 4313 1867 4377 (Rom.
1901 4328 1962 4371 II.
1993 4312 2111 4380 33.)

467 4394 610 4450 Item
635 4393 786 4450 idem
811 4394 869 4450 in
893 4394 1040 4452 libro
1062 4396 1340 4470 vigesimo
1362 4399 1910 4470 nono(cup.codcm)
1931 4399 2106 4456 dicit:

466 4506 493 4531 α
528 4482 833 4550 Dominus,
869 4483 1160 4556 inquiens,
1183 4485 1300 4540 ait:
1325 4487 1528 4542 Cazlum
1554 4488 1698 4542 mihi
1718 4487 1867 4544 sedes
1892 4497 1972 4544 est
1991 4509 2011 4556 ,-
2033 4492 2108 4556 et,

465 4571 663 4626 Anima
681 4573 826 4644 justi
853 4571 1000 4628 sedes
1046 4575 1350 4645 sapimtia’.
1383 4574 1603 4631 Caelum
1662 4577 1864 4648 alique
1912 4576 2111 4634 anima

2213 1999 2332 2054 nati
2364 1999 2491 2072 ipso
2523 2005 2757 2054 auctore
2788 1997 3092 2054 salvantur
3118 1995 3318 2070 gratim
3365 1995 3542 2062 dono,
3579 1992 3836 2067 quoniam

2214 2087 2612 2144 misericordia
2661 2089 2789 2161 ejus
2837 2087 3112 2159 praevenit
3158 2103 3285 2154 nos,
3317 2090 3378 2140 ut
3407 2085 3558 2141 bene
3586 2083 3836 2150 velimus,

2215 2177 2447 2249 adjutor
2504 2178 2562 2233 in
2621 2175 3155 2250 opportunitatibus
3206 2174 3266 2230 in
3326 2171 3721 2240 tribulatione,
3756 2169 3838 2226 cui

2215 2265 2487 2332 dicimus,
2519 2265 2742 2338 Adjutor
2768 2282 2942 2331 meus,
2974 2265 3077 2322 tibi
3099 2263 3358 2336 psallam,
3391 2266 3467 2330 et,
3500 2261 3712 2336 Adjuva
3738 2276 3845 2324 nos,

2213 2355 2354 2410 Deus
2380 2355 2643 2411 salutaris
2671 2363 2871 2411 noster.
2894 2354 3145 2425 Adjuvat
3172 2369 3278 2409 nos
3296 2357 3359 2408 ut
3375 2351 3521 2407 bene
3541 2349 3843 2424 possimus,

2215 2448 2272 2500 et
2283 2443 2722 2500 misericordiae
2719 2445 2822 2516 jus
2842 2443 3234 2516 subsequetur
3248 2458 3354 2498 nos
3367 2438 3847 2497 omnibusdiebus

2214 2531 2345 2588 vitae
2359 2537 2590 2598 nostrae,
2614 2531 2758 2588 utin
2777 2532 2928 2589 bono
2945 2547 3402 2605 perseveremus,
3417 2529 3502 2585 eti
3509 2545 3619 2602 pse
3631 2529 3850 2586 coronat

2218 2637 2325 2676 nos
2355 2621 2412 2676 in
2445 2621 2843 2678 misericordia
2872 2625 2930 2677 et
2958 2617 3455 2688 miserationibus,
3479 2617 3585 2690 qui
3611 2617 3779 2674 satiat
3799 2615 3848 2670 in

2217 2709 2386 2766 bonis
2415 2710 2770 2767 desiderium
2803 2713 3090 2766 nostrum.
3126 2708 3488 2766 Satiahimur
3538 2708 3700 2764 enim
3729 2722 3848 2764 cum

2219 2799 2693 2855 manifestabitur
2715 2798 2900 2872 gloria
2919 2799 3068 2871 ejus.
3092 2797 3194 2854 Hie
3215 2799 3416 2854 doctor
3435 2794 3848 2869 magniﬁcusin

2218 2886 2368 2945 libro
2399 2887 2708 2944 Moralium
2755 2887 3058 2960 trigesimo
3089 2891 3297 2959 quarto
3329 2887 3468 2960 (cap.
3503 2887 3599 2955 13)
3629 2887 3851 2942 demon-

2217 2982 2334 3034 trat
2391 2977 2635 3033 dicens:
2696 2978 3025 3034 «Fortasse
3083 2975 3420 3049 quempiam
3473 2978 3707 3032 moveat
3761 2989 3853 3030 cur

2220 3066 2550 3123 misericors
2593 3067 2748 3122 Deus
2795 3065 2918 3120 fieri
2966 3065 3047 3122 ita
3100 3064 3418 3137 permittat,
3452 3069 3519 3120 ut
3551 3062 3851 3121 Leviathan

2219 3153 2349 3227 iste,
2382 3172 2484 3211 seu
2515 3173 2671 3210 nunc
2701 3171 2805 3228 per
2830 3153 3236 3228 suggestiones
3275 3153 3538 3222 callidas,
3576 3153 3698 3210 sive
3729 3157 3854 3208 tunc

2220 3261 2322 3317 per
2352 3245 2696 3300 damnatum
2754 3243 2922 3299 illum
2970 3260 3147 3316 quem
3195 3241 3378 3315 replet
3419 3241 3748 3309 hominem,
3777 3237 3853 3295 vel

2219 3333 2362 3390 solis
2381 3332 2491 3389 sibi
2511 3333 2724 3400 radios,
2753 3332 2809 3388 id
2832 3336 2921 3388 est
2940 3331 3142 3388 doctos
3162 3347 3427 3404 quosque
3449 3331 3855 3404 sapientesque

2219 3421 2514 3493 subjiciat,
2539 3420 2626 3477 vel
2647 3438 2882 3488 aurum,
2905 3419 3013 3476 hoc
3033 3424 3124 3477 est
3141 3419 3294 3476 viros
3325 3419 3664 3476 sanctitatis
3693 3417 3856 3476 clari-

2219 3515 2338 3566 tate
2369 3509 2852 3584 fulgentes,quasi
2875 3507 3068 3565 lutum
3099 3507 3211 3566 sibi
3241 3507 3401 3564 vitiis
3430 3506 3857 3582 coinquinando

2220 3599 2575 3656 substernat.
2601 3599 2711 3654 Sed
2753 3597 2925 3656 citius
2955 3597 3334 3670 respondens,
3362 3597 3520 3670 quod
3544 3597 3650 3670 qui
3679 3593 3858 3672 pravis

2219 3689 2348 3762 ejus
2378 3687 2859 3760 persuasionibus
2899 3687 3066 3760 quasi
3115 3685 3306 3742 lutum
3355 3685 3536 3741 sterni
3592 3684 3856 3760 potuerit,

2220 3795 2429 3834 aurum
2472 3781 2605 3834 ante
2652 3777 2753 3833 Dei
2799 3775 2997 3832 oculos
3044 3791 3349 3847 nunquam
3402 3774 3533 3830 fuit.
3572 3775 3684 3842 Qui
3713 3772 3859 3832 enim

2220 3865 2418 3924 seduci
2432 3865 2783 3938 quandoque
2797 3881 2911 3920 non
2931 3863 3216 3920 reversuri
3235 3864 3686 3936 possunt,quasi
3705 3861 3859 3919 babi-

2221 3959 2340 4010 tam
2391 3954 2760 4010 sanctitatem
2811 3958 2943 4010 ante
2991 3953 3193 4010 oculos
3241 3951 3548 4009 hominum
3598 3953 3864 4010 videntur

2221 4041 2506 4106 amittere,
2526 4041 2624 4096 sed
2647 4058 2775 4096 eam
2797 4045 2933 4096 ante
2956 4039 3057 4096 Dei
3088 4039 3288 4096 oculos
3313 4057 3624 4112 nunquam
3661 4041 3864 4096 habue-

2221 4134 2376 4185 runt.
2410 4131 2572 4202 Smpe
2601 4146 2854 4202 namque
2903 4129 3078 4184 homo
3121 4128 3326 4184 multis
3355 4128 3582 4184 occulte
3617 4128 3862 4202 peccatis

2217 4217 2549 4284 involvitur,
2575 4223 2631 4273 et
2648 4217 2706 4273 in
2734 4237 2847 4274 una
2873 4217 3070 4290 aliqua
3091 4217 3303 4273 virtute
3333 4234 3588 4290 magnus
3620 4218 3861 4284 videtur,

2219 4325 2346 4380 qua:
2371 4307 2497 4379 ipsa
2517 4323 2749 4379 quoque
2771 4307 2958 4363 virtus
2979 4306 3315 4363 inaniscens
3336 4306 3708 4380 deﬁcit,quia
3729 4307 3862 4362 dum

2219 4393 3109 4466 innotcseithominibus,procul
3123 4393 3303 4452 dubio
3317 4393 3865 4467 laudatur,ejusque

2219 4481 2349 4538 laus
2381 4481 2674 4538 inhiantcr
2697 4483 3009 4555 appetitur.
3047 4483 3208 4540 Unde
3241 4483 3306 4538 ﬁt
3335 4488 3401 4540 ut
3428 4488 3487 4540 ct
3518 4482 3654 4556 ipsa
3685 4485 3864 4540 virtus

2217 4578 2351 4628 ante
2387 4571 2481 4627 Dei
2513 4571 2713 4627 oculos
2745 4571 2930 4628 virtus
2962 4590 3075 4630 non
3109 4571 3206 4639 sit,
3237 4573 3379 4628 dum
3416 4571 3732 4629 abscondit
3757 4589 3866 4646 quo

459 4659 630 4732 justi,
653 4661 864 4716 omium
895 4661 1001 4716 l'uit
1029 4661 1494 4718 .\brabam.Cum
1525 4665 1681 4719 enim
1715 4665 1785 4720 de
1815 4665 2106 4721 Abraham
2139 4682 2185 4746 Ι)
2217 4661 2507 4733 displicet,
2570 4659 2762 4733 prodit
2813 4679 2928 4733 quo
2989 4660 3194 4734 placet.
3233 4684 3261 4711 υ
3313 4662 3381 4718 Et
3439 4665 3571 4734 post
3631 4678 3861 4736 pauca:

467 4753 641 4804 natus
671 4753 760 4804 est
788 4748 1060 4822 Caiphas,
1093 4749 1234 4822 quid
1293 4749 1450 4807 aliud
1509 4751 1620 4808 nisi
1680 4751 1814 4825 gelu
1860 4754 1930 4809 de
1962 4753 2104 4810 coelo

461 4838 940 4910 processit?0uod
956 4843 1148 4893 tamen
1162 4837 1294 4911 gelu
1309 4838 1523 4894 idcirco
1535 4839 1819 4896 Dominus
1830 4841 2107 4914 genuisse

464 4944 524 4982 se
557 4927 717 4994 dicit,
753 4927 890 5000 quia
937 4927 1171 4983 Judceos
1219 4944 1365 5000 quos
1397 4928 1740 4985 naturaliter
1768 4929 1892 5003 ipse
1921 4931 2105 4986 bonos

462 5015 1160 5089 condidit,justojudicio
1181 5033 1282 5088 per
1309 5034 1512 5073 eorum
1545 5017 1830 5074 malitiam
1863 5019 2105 5092 frigidos

463 5122 583 5160 ase
611 5104 765 5162 exire
824 5104 1109 5177 permisit.
1143 5104 1427 5162 Dominus
1482 5107 1638 5162 enim
1698 5109 1964 5163 conditor
2018 5113 2107 5164 cst

464 5197 703 5261 naturae,
729 5212 842 5250 non
865 5193 1290 5266 eulpae.Genuit
1309 5212 1442 5268 ergo
1468 5196 1717 5251 creando
1735 5195 2100 5265 naturaliter,

462 5298 610 5352 quos
637 5282 868 5354 iniquos
891 5281 1157 5355 permisit
1187 5282 1485 5338 tolerando
1515 5284 1701 5340 vivere
1732 5283 2038 5355 patienter.
2075 5307 2103 5335 ››

462 5375 519 5424 et
545 5369 678 5424 item
701 5369 759 5424 in
779 5372 981 5427 eodem
1006 5371 1154 5426 libro
1175 5376 1315 5444 (cap.
1341 5373 1461 5440 19):
1497 5395 1524 5421 «
1551 5371 1694 5428 Hinc
1728 5371 1941 5428 Paulus
1971 5373 2053 5429 ait
2085 5391 2098 5429 :

461 5459 535 5513 Eo
561 5458 698 5529 quod
743 5459 1065 5515 charitatem
1113 5463 1352 5516 veritatis
1393 5477 1504 5516 non
1534 5468 1848 5534 receperunt
1874 5470 1934 5516 ut
1959 5462 2105 5517 salvi

459 5548 669 5618 ﬁerent,
705 5546 822 5602 ideo
849 5551 1019 5603 mittet
1048 5551 1162 5605 illis
1202 5555 1343 5623 ρεαδ
1398 5553 1761 5620 Operatiorwm
1811 5553 2015 5606 erroris
2047 5559 2106 5607 ut

461 5635 682 5692 credant
736 5636 1032 5702 mendacio,
1093 5647 1150 5694 ut
1207 5639 1528 5711 jadiccnlur
1600 5657 1783 5695 omnes
1839 5642 1936 5712 qui
1992 5657 2101 5696 non

461 5723 685 5780 credunt
713 5726 942 5791 veritati,
968 5725 1059 5779 sed
1103 5735 1490 5782 consenserunt
1532 5728 1832 5800 iniquitati.
1867 5731 2098 5800 Nequa-

2215 4774 2242 4800 ‹‹
2279 4749 2382 4804 Eat
2429 4766 2565 4820 ergo
2623 4749 2939 4805 Leviathan
2997 4748 3130 4817 iste,
3183 4754 3241 4804 et
3297 4748 3439 4806 solis
3497 4748 3611 4805 sibi
3673 4751 3865 4806 radios

2213 4838 2447 4904 subdat,
2477 4843 2650 4910 atque
2673 4855 2882 4894 aurum
2905 4837 3011 4895 luti
3037 4856 3197 4894 more
3218 4837 3515 4910 subjiciat.
3539 4839 3667 4895 Scit
3687 4839 3867 4896 omni-

2211 4930 2418 4998 potens
2439 4927 2592 4983 Deus
2612 4926 2684 4982 ad
2707 4925 3022 4982 electorum
3044 4945 3286 4984 suorum
3311 4925 3588 5026 iolatium
3612 4927 3766 4985 bene
3784 4926 3864 4983 uti

2214 5013 2368 5072 malo
2388 5015 3030 5088 reproborum,quando
3044 5016 3103 5072 bi
3120 5015 3219 5089 qui
3244 5017 3317 5072 ad
3328 5013 3506 5071 illum
3525 5015 3866 5087 perventuri

2213 5109 2370 5170 sunt,
2404 5108 2461 5159 et
2489 5105 2614 5161 suis
2646 5105 2716 5160 ad
2748 5122 2882 5160 eum
2913 5104 3136 5162 meritis
3166 5104 3498 5177 proficiunt,
3533 5109 3592 5161 et
3621 5122 3781 5179 smpe
3809 5105 3865 5161 in

2212 5211 2278 5250 eo
2301 5194 2454 5266 quod
2485 5195 2734 5266 superbe
2767 5193 3005 5266 sapiunt
3033 5193 3240 5251 alienis
3270 5193 3536 5266 lapsibus
3566 5195 3867 5268 corrigun-

2213 5288 2327 5338 tur.
2365 5306 2391 5332 ››
2419 5285 2487 5339 Et
2515 5283 2654 5356 quia
2698 5283 2960 5356 reprobis
2999 5301 3188 5356 poena,
3222 5283 3424 5340 electis
3453 5288 3654 5340 autem
3689 5302 3724 5340 a
3755 5284 3866 5340 Dee

2211 5377 2424 5428 aeterna
2453 5373 2570 5428 vita
2609 5376 2699 5427 est
2747 5379 3091 5445 praeparata,
3123 5371 3297 5445 paulo
3358 5376 3490 5444 post
3545 5374 3862 5445 sequitur:

2212 5483 2238 5509 ‹‹
2267 5461 2370 5516 Per
2389 5462 2766 5534 semetipsum
2800 5478 3053 5535 namque
3085 5461 3315 5518 Veritas
3337 5461 3517 5517 dicit:
3541 5461 3708 5518 Ibunt
3727 5463 3790 5518 hi
3810 5462 3867 5516 in

2207 5553 2540 5622 supplicium
2568 5560 2858 5621 :etemam,
2877 5551 3022 5623 justi
3057 5559 3240 5607 autem
3271 5552 3332 5606 in
3379 5551 3548 5606 vitam
3593 5560 3864 5608 aeternam

2208 5641 2413 5709 (Matth.
2447 5640 2597 5710 xxv).
2626 5661 2653 5688 ››
2696 5640 2764 5694 Et
2803 5639 2940 5696 item
2964 5645 3097 5712 post
3118 5657 3304 5712 pauca
3327 5642 3465 5712 (cap.
3495 5642 3581 5708 16)
3609 5640 3860 5713 subjun-

2206 5730 2292 5802 git
2317 5746 2328 5783 :
2357 5751 2384 5780 «
2405 5733 2494 5798 At,
2523 5728 2816 5800 inquiunt,
2842 5729 2967 5786 sine
2991 5731 3104 5786 line
3127 5729 3321 5802 puniri
3345 5747 3458 5786 non
3483 5729 3655 5786 debet
3689 5728 3861 5801 culpa
