4018 6494
236 515 340 577 437

928 513 1030 576 DE
1072 515 1838 581 PII/EDESTINATIONE
1882 519 2398 584 DISSERTATIO
2438 490 2902 585 Pos'rnalda.

3496 522 3617 588 438

234 665 356 706 cum
386 647 513 704 fine.
545 646 753 703 Justus
783 646 1064 704 nimirum
1095 653 1186 705 est
1214 649 1586 723 omnipotens
1611 651 1860 720 Deus,et
1888 654 1944 723 Α
1975 651 2054 707 tia
2101 653 2383 726 condidit,
2433 655 2669 727 justitia
2723 654 3040 725 damnavit,
3090 656 3277 731 gratia
3330 656 3616 715 liberavit.

232 738 370 811 quod
399 753 509 792 non
540 740 753 793 sterno
795 740 1032 810 peccato
1072 739 1455 794 commissum
1504 743 1610 809 est,
1644 744 1858 797 aeterno

230 843 333 883 non
362 826 526 882 debet
555 825 752 898 puniri
782 828 1526 895 tormento.Quibus\citius
1548 831 1858 902 responde-

228 933 368 985 mus,
398 917 547 988 quod
601 920 755 972 recte
805 917 1086 985 dicerent,
1120 916 1168 973 si
1209 919 1412 989 justus
1448 920 1632 991 judex
1661 919 1857 975 distri-

226 1010 453 1077 ctusque
507 1004 769 1073 veniens,
804 1023 918 1062 non
967 1007 1144 1062 corda
1186 1006 1516 1075 hominum,
1551 1010 1652 1065 sed
1703 1010 1859 1065 facta

226 1096 364 1152 378
394 1100 682 1166 pensaret.
719 1094 910 1167 Iniqui
942 1094 1094 1150 enim
1119 1095 1248 1151 ideo
1281 1113 1414 1152 cum
1446 1098 1561 1153 ﬁne
1605 1097 1858 1170 delique-

224 1188 362 1252 runt,
379 1183 514 1256 quia
532 1199 668 1239 cum
691 1184 805 1239 fine
835 1183 1121 1239 vixerunt.
1136 1184 1476 1241 Voluissent
1496 1185 1712 1259 quippe
1732 1186 1857 1243 sine

223 1275 325 1329 ﬁne
351 1272 551 1341 vivere,
586 1276 653 1329 ut
682 1272 808 1328 sine
838 1273 954 1328 ﬁne
985 1274 1315 1345 potuissent
1353 1275 1412 1330 in
1444 1275 1857 1348 iniquitatibus

221 1378 563 1436 permanere.
596 1362 745 1417 Nam
777 1361 967 1435 magis
997 1366 1279 1435 appetunt
1309 1381 1548 1436 peccare
1570 1382 1747 1437 quam
1771 1366 1856 1421 vi-

218 1455 412 1521 vere,et
433 1450 562 1506 ideo
580 1450 679 1507 hic
700 1466 934 1523 semper
958 1451 1148 1507 vivere
1179 1453 1443 1524 cupiunt,
1468 1457 1533 1509 ut
1552 1471 1856 1526 nunquam

218 1539 473 1597 desinant
493 1556 738 1612 peccare
759 1557 893 1596 cum
915 1540 1135 1596 vivunt.
1149 1541 1233 1595 Ad
1251 1541 1499 1597 districti
1523 1560 1659 1616 ergo
1673 1543 1856 1615 justi-

216 1630 344 1687 tiam
360 1628 584 1702 judicis
607 1628 949 1701 pertinet,ut
964 1647 1267 1702 nunquam
1289 1635 1526 1687 careant
1545 1632 1853 1706 supplicio,

215 1734 447 1792 quorum
486 1733 658 1773 mens
692 1718 751 1772 in
782 1717 892 1774 hac
921 1717 1039 1774 vita
1086 1736 1389 1792 nunquam
1434 1720 1617 1776 voluit
1661 1738 1856 1777 carere

217 1812 453 1881 peccato,
492 1811 552 1863 et
582 1806 786 1863 nullus
810 1808 982 1863 detur
1009 1806 1212 1880 iniqho
1263 1809 1548 1865 terminus
1592 1808 1851 1872 ultionis,

219 1897 305 1971 qui
333 1896 598 1970 quandiu
631 1895 816 1952 valuit
835 1895 1052 1953 habere
1082 1896 1271 1953 noluit
1298 1893 1618 1954 terminum
1665 1898 1856 1953 crimi‘

212 1986 313 2043 nis.
345 2010 372 2038 »

272 2077 547 2143 Quoniam
582 2076 819 2150 quidem
843 2076 1323 2133 adinventionum
1354 2078 1426 2132 de
1468 2076 1844 2151 praedestina-

210 2165 352 2221 tione
380 2166 796 2234 resuftlatores,
812 2166 972 2238 pravi
996 2183 1206 2222 sensus
1231 2166 1557 2239 scalpentes
1579 2166 1840 2234 auribus,

206 2252 390 2328 lingua
417 2255 718 2328 pruriente
740 2272 847 2311 nos
878 2255 1085 2311 dicunt
1101 2256 1196 2312 Dei
1220 2255 1563 2312 mutabilem
1583 2255 1843 2311 volunta-

205 2345 328 2412 tem,
344 2361 675 2417 novumque
703 2345 831 2417 ejus
854 2344 1167 2417 praedicare
1189 2343 1520 2413 consilium,
1535 2344 1586 2401 si
1605 2346 1844 2401 damnet

206 2448 337 2504 quos
366 2438 497 2489 ante
529 2432 746 2490 saecula
776 2435 847 2489 ad
884 2438 1131 2489 mortem
1163 2438 1221 2490 et
1251 2435 1689 2490 damnationem
1739 2451 1839 2490 ne-

205 2537 480 2594 quaquam
534 2522 992 2596 przedestinavit,
1024 2523 1336 2596 accipiant,
1370 2524 1586 2597 legant,
1632 2529 1689 2581 et
1736 2541 1839 2579 au-

202 2609 354 2665 diant
380 2616 561 2684 atque
592 2610 942 2686 intelligant,
975 2629 1082 2668 nos
1129 2612 1549 2668 catholicorum
1600 2614 1838 2668 Patrum

205 2700 352 2772 sequi
375 2700 726 2768 doctrinam,
744 2705 802 2757 et
830 2701 1021 2758 dicere
1048 2701 1201 2758 sicut
1224 2701 1618 2774 praediximus,
1645 2707 1702 2758 et
1732 2704 1838 2758 ad—

204 2787 307 2843 huc
328 2789 533 2845 iterare
561 2807 675 2845 non
701 2790 880 2863 piget,
897 2791 1033 2862 quia
1053 2790 1269 2847 multos
1292 2792 1445 2847 Deus
1465 2790 1652 2863 gratia
1693 2809 1836 2863 prae-

203 2876 492 2934 destinavit
503 2879 578 2934 ad
595 2878 1161 2951 gloriam,neminem
1177 2884 1370 2934 autem
1384 2880 1835 2951 praedestinavit,

202 2967 289 3022 sed
310 2968 569 3023 deseruit
580 2969 742 3039 juste
763 2968 835 3023 ad
862 2968 1298 3023 damnationem
1317 2973 1373 3023 et
1403 2980 1656 3040 poenam.
1681 2971 1836 3035 Quos

199 3058 374 3111 autem
396 3060 530 3112 ante
570 3055 784 3111 saecula
814 3055 1119 3128 praescivit,
1145 3074 1260 3112 non
1300 3058 1750 3129 praedestinavit,
1774 3056 1834 3113 in

198 3140 474 3215 impietate
494 3148 559 3201 et
578 3144 887 3217 iniquitate
908 3146 1836 3218 perseveraturos,przedestinavit

180 3234 254 3285 tut
279 3248 342 3288 ex
360 3233 610 3305 justitiaa
640 3234 1022 3290 retributione
1051 3235 1427 3304 damnentur,
1459 3240 1516 3291 et
1538 3237 1833 3308 judicium

194 3336 336 3392 aeque
365 3322 803 3394 praedestinavit
823 3340 939 3395 quo
962 3323 1297 3394 justissime
1320 3324 1829 3396 puniantur,sicut

1969 741 2227 798 Mundus
2260 742 2724 817 enim,quamvis
2753 761 2857 817 pro
2885 749 3144 818 tempore
3172 763 3240 802 ex
3269 764 3384 820 quo
3430 748 3619 805 factus

1970 834 2060 886 est
2091 832 2346 904 cmperit,
2372 831 2430 887 in
2481 832 2582 889 illa
2630 833 2827 889 divina
2852 833 3218 905 prmscientia
3253 834 3382 891 luce
3411 836 3622 893 facien-

1968 919 2079 974 dus
2101 919 2331 975 nullum
2357 921 2548 994 potuit
2566 922 2782 978 habere
2800 921 3155 995 principium
3176 927 3260 979 :et
3276 924 3619 996 quanticun-

1969 1024 2084 1079 que
2111 1007 2200 1063 vel
2231 1026 2299 1064 ex
2317 1010 2501 1065 Adam
2536 1028 2723 1083 usque
2743 1011 2803 1065 in
2834 1010 3182 1066 hodiernum
3206 1011 3474 1068 homines
3494 1013 3615 1067 nati

1969 1101 2127 1169 sunt,
2158 1097 2246 1153 vel
2278 1102 2411 1171 post
2440 1101 2594 1155 374
2633 1102 2862 1155 aetatem
2914 1104 3175 1156 nostram
3225 1101 3617 1173 generationis

1968 1191 2109 1241 sunt
2138 1187 2457 1260 propagine
2489 1188 2789 1258 nascituri,
2823 1190 2977 1261 apud
3007 1190 3192 1245 Deum
3240 1193 3299 1245 et
3335 1190 3463 1262 jam
3494 1191 3618 1246 nati

1966 1279 2125 1343 sunt,
2147 1280 2203 1331 et
2230 1277 2474 1332 decurso
2502 1278 2683 1333 totius
2704 1278 2831 1331 vitae
2850 1282 3112 1351 tempore
3150 1279 3531 1347 transierunt,
3555 1279 3615 1335 in

1965 1364 2065 1420 illo
2084 1364 2468 1421 nihilominus
2485 1365 2664 1421 divini
2681 1367 2920 1422 obtutus
2939 1367 3161 1423 lumine
3181 1372 3613 1441 permanentes.

1964 1454 2120 1512 Deus
2158 1455 2335 1523 enim,
2368 1456 2467 1528 qui
2516 1471 2621 1511 nec
2668 1456 2794 1512 loco
2849 1456 3163 1527 clauditur,
3194 1474 3300 1513 nec
3356 1460 3616 1530 tempore

1966 1544 2335 1616 prazvenitur,
2364 1544 2629 1602 omnium
2655 1563 2852 1601 rerum
2875 1550 2996 1601 tam
3037 1546 3459 1618 praeteritarum
3492 1563 3612 1602 me-

1966 1634 2173 1701 moria,
2190 1651 2368 1706 quam
2390 1634 2827 1690 imminentium
2849 1634 3094 1691 scientia
3122 1635 3332 1709 plenus
3361 1640 3483 1692 est:
3508 1652 3613 1692 nec

1964 1722 2347 1778 reminiscens
2395 1722 2646 1778 volvitur
2694 1724 2754 1778 in
2804 1724 3183 1796 praeteritum,
3217 1741 3324 1779 nec
3369 1741 3611 1796 sperans

1963 1811 2225 1866 tenditur
2253 1812 2311 1866 in
2345 1812 2633 1867 futurum.
2657 1813 2727 1868 Et
2752 1830 3115 1884 qumcunque
3163 1812 3400 1868 omnino
3450 1816 3608 1880 sunt,

1964 1916 2090 1971 quae
2119 1904 2449 1972 temporum
2481 1900 2739 1957 motibus
2788 1900 3084 1973 agitantur
3130 1901 3202 1956 ab
3227 1918 3292 1956 eo
3324 1900 3609 1974 principio

1962 1988 2023 2043 in
2054 2006 2168 2061 quo
2199 1994 2323 2045 erat
2349 1989 2626 2057 Verbum,
2661 1993 2718 2045 et
2741 1989 2997 2045 Verbum
3045 1994 3169 2045 erat
3214 1990 3369 2062 apud
3420 1990 3605 2046 Deum

1957 2082 2016 2133 et
2044 2077 2198 2133 Deus
2215 2082 2341 2133 erat
2359 2078 2636 2149 Verbum,
2651 2094 2839 2150 usque
2860 2077 2920 2133 in
2942 2080 3117 2134 finem
3147 2078 3410 2133 omnium
3432 2096 3605 2133 saecu-

1956 2165 2266 2223 lorum.De
2295 2184 2410 2240 quo
2433 2168 2547 2223 ﬁne
2569 2184 2702 2222 cum
2750 2167 2966 2223 diceret
2994 2168 3201 2223 beatus
3231 2168 3478 2240 Moyses,
3510 2169 3610 2223 Do-

1951 2257 2124 2322 mine,
2156 2256 2370 2329 inquit,
2392 2258 2489 2328 qui
2515 2272 2709 2328 regnas
2740 2258 2801 2311 in
2828 2258 3096 2313 saeculum
3134 2264 3184 2313 et
3228 2256 3513 2313 amulum.
3537 2256 3607 2311 Et

1953 2346 2142 2401 adhuc
2165 2362 2269 2401 nec
2300 2349 2611 2418 sperantur
2642 2346 2857 2412 futura,
2881 2362 2986 2401 nec
3029 2345 3323 2417 praeterita
3362 2343 3604 2400 transie-

1951 2438 2109 2503 runt,
2142 2435 2243 2491 sed
2276 2435 2335 2489 in
2366 2434 2677 2506 praesentia
2704 2433 3023 2490 divinitatis
3073 2433 3343 2506 praesenti
3375 2437 3606 2505 semper

1949 2523 2079 2578 luce
2097 2528 2435 2579 cernuntur.
2452 2524 2537 2579 Ab
2555 2522 2655 2579 illo
2678 2539 2814 2595 ergo
2836 2523 2936 2594 qui
2959 2526 3210 2577 aeternus
3233 2526 3289 2577 et
3305 2521 3604 2595 praescius,

1949 2611 2049 2685 qui
2075 2616 2132 2667 et
2152 2613 2359 2684 justus
2381 2616 2438 2667 et
2468 2612 2599 2684 pius
2629 2616 2736 2679 est,
2755 2613 2852 2683 qui
2877 2616 2935 2667 et
2958 2611 3141 2667 exerit
3161 2611 3419 2666 debitam
3444 2627 3602 2666 seve-

1949 2701 2280 2770 ritatem,et
2308 2700 2541 2756 exhibet
2570 2700 2890 2755 indcbitam
2924 2700 3219 2772 pietatem,
3252 2704 3310 2754 et
3340 2698 3517 2754 habet
3544 2699 3602 2754 in

1949 2789 2213 2845 creandis
2245 2793 2419 2861 atque
2445 2788 2728 2862 eligendis
2778 2788 3138 2859 hominibus,
3173 2788 3326 2851 sicut
3375 2787 3432 2842 in
3475 2786 3599 2842 luto

1946 2878 2182 2951 figulus,
2217 2880 2584 2949 potestatem,
2620 2879 2772 2933 facta
2804 2882 2940 2932 sunt
2970 2876 3085 2932 alia
3114 2877 3349 2948 quidem
3380 2894 3518 2931 vasa
3538 2874 3596 2930 in

1944 2967 2244 3035 honorem,
2279 2964 2393 3022 alia
2421 2984 2553 3022 vero
2582 2966 2641 3021 in
2674 2965 3107 3022 contumeliam.
3133 2968 3456 3036 Antequam
3511 2964 3594 3020 fa-

1944 3061 2099 3111 ceret
2129 3073 2234 3111 nos
2267 3055 2554 3128 praescivit
2599 3072 2724 3123 nos,
2741 3059 2798 3110 et
2826 3055 2883 3108 in
2916 3054 3046 3126 ipsa
3075 3071 3181 3109 nos
3228 3051 3596 3126 prmseientia

1944 3161 2078 3201 cum
2125 3145 2385 3200 nondum
2435 3143 2667 3199 fecisset
2720 3143 2911 3217 elegit.
2945 3144 3056 3199 Sed
3107 3161 3141 3198 a
3184 3159 3297 3215 quo
3328 3142 3436 3197 hoc
3469 3140 3594 3198 fieri

1941 3231 2149 3304 potuit,
2184 3230 2298 3286 nisi
2329 3231 2400 3285 ab
2421 3248 2487 3286 eo
2519 3230 2619 3303 qui
2648 3235 2814 3286 vocat
2854 3248 2922 3286 ea
2966 3249 3091 3303 quae
3139 3248 3254 3287 non
3304 3234 3444 3286 sunt
3470 3234 3595 3286 tan-

1942 3337 2120 3394 quam
2151 3338 2218 3377 ea
2248 3338 2375 3393 qua
2400 3320 2576 3376 sunt?
2594 3321 2907 3393 Apostolus
2929 3320 3085 3375 enim
3108 3320 3249 3375 dicit
3272 3338 3285 3376 :
3313 3321 3419 3389 Qui
3437 3321 3601 3393 elegit

196 3410 544 3480 apertissime
568 3411 824 3468 ostendit
845 3410 1530 3484 sanctusAugustinusin
1544 3413 1830 3486 principio
1861 3399 1904 3466 C
1942 3424 2040 3464 nos
2071 3416 2194 3464 ante
2220 3408 2417 3464 mundi
2445 3410 2879 3465 constitutionem
2908 3410 3080 3481 (Rom.
3106 3426 3191 3478 1v;
3226 3409 3362 3482 Eph.
3395 3425 3480 3478 ιιι,
3516 3408 3589 3483 1).

192 3496 465 3572 Evangelii
514 3500 766 3556 Joannis
801 3518 814 3557 :
852 3522 879 3552 «
913 3501 1170 3567 Factam,
1202 3501 1416 3573 inquit,
1460 3502 1518 3557 in
1570 3506 1831 3576 tempore

193 3584 647 3655 Creaturam,sed
672 3588 729 3644 in
748 3594 963 3645 azterna
974 3589 1259 3646 Creatoris
1277 3589 1563 3663 sapientia
1594 3593 1828 3664 quando

191 3679 240 3729 et
264 3677 447 3749 qualis
468 3681 774 3734 crearetur
790 3694 1020 3750 semper
1048 3679 1229 3734 fuisse
1242 3677 1593 3750 dispositum
1611 3698 1625 3748 ;
1649 3685 1705 3735 et
1720 3680 1828 3736 hoc

191 3770 268 3820 est
293 3768 441 3838 quod
474 3768 600 3823 ait:
627 3767 786 3841 Quod
813 3770 1019 3839 factum
1036 3770 1202 3823 estin
1233 3771 1351 3840 ipso
1370 3771 1481 3825 vita
1500 3778 1633 3835 erat,
1658 3770 1715 3824 id
1740 3774 1830 3826 est

190 3855 326 3925 quod
347 3856 574 3912 factum
598 3856 657 3911 in
680 3861 964 3929 tempore,
989 3856 1107 3912 sive
1126 3856 1322 3912 vivum
1344 3860 1463 3914 sive
1483 3858 1602 3914 vita
1622 3875 1827 3914 carens

189 3944 457 4014 apparuit,
472 3961 652 4001 omne
669 3944 779 4001 hoc
799 3946 860 4000 in
883 3944 1131 4017 spiritali
1155 3946 1390 4002 factoris
1411 3947 1636 4003 ratione
1657 3947 1827 4019 quasi

188 4046 397 4104 semper
422 4033 651 4090 vixerat
696 4038 754 4089 et
793 4033 934 4089 vivit
967 4052 979 4090 :
1015 4051 1130 4089 non
1161 4034 1303 4106 quia
1347 4041 1696 4092 coaeternum
1736 4040 1826 4092 est

187 4116 416 4177 Creatori
436 4124 595 4196 quod
628 4123 861 4190 creavit,
879 4124 979 4178 sed
1002 4122 1141 4195 quia
1163 4128 1445 4179 coaeterna
1465 4128 1553 4180 est
1574 4125 1657 4180 illi
1679 4125 1823 4182 ratio

186 4207 485 4268 voluntatis
516 4229 662 4280 sum,
684 4211 745 4266 in
778 4229 896 4283 qua
924 4213 996 4267 ab
1045 4206 1256 4268 mterno
1306 4213 1513 4269 habuit
1555 4218 1612 4270 et
1648 4215 1824 4272 habet

188 4296 312 4366 quid
341 4303 396 4354 et
426 4301 667 4372 quando
698 4303 941 4367 crearet,
977 4300 1227 4373 qualiter
1254 4307 1513 4358 creatum
1540 4305 1825 4375 gubernet

188 4387 243 4439 ut
264 4394 513 4455 maneat,
536 4389 611 4444 ad
644 4404 820 4460 quem
851 4388 1028 4444 finem
1055 4388 1291 4461 singula
1310 4408 1436 4462 quas
1467 4391 1681 4447 creavit
1700 4409 1825 4464 per-

186 4472 399 4530 ducat.»
419 4478 491 4533 Et
524 4482 768 4533 sanctus
786 4477 1100 4550 Gregorius
1129 4477 1190 4533 in
1219 4478 1368 4534 libro
1390 4479 1697 4536 Moralium
1714 4499 1824 4539 xxv

186 4564 309 4636 (cap.
331 4568 387 4635 7)
412 4566 556 4622 dicit
580 4584 593 4621 :
620 4589 649 4616 «
673 4567 913 4623 Cunctis
944 4567 1131 4640 liquet
1151 4569 1304 4640 quod
1336 4569 1396 4624 in
1427 4569 1529 4625 illa
1565 4574 1823 4627 extrema

185 4652 543 4724 requisitione
564 4672 805 4711 examen
829 4655 1133 4727 publicum
1157 4656 1418 4714 facturus
1439 4662 1528 4714 est
1549 4661 1707 4715 omni
1716 4678 1821 4732 po-

184 4741 497 4833 tens-Deus,
535 4749 599 4800 ut
631 4743 778 4800 alios
822 4745 895 4833 ad
940 4747 1232 4833 tormenta
1279 4747 1526 4814 deserat,
1559 4748 1705 4804 alios
1745 4751 1819 4806 ad
1850 4767 1897 4833 Ι)

183 4830 674 4903 participationem
695 4832 859 4906 regni
893 4831 1144 4890 cmlestis
1173 4835 1463 4891 admittat.
1488 4838 1599 4893 Sed
1632 4837 1819 4894 ethoc

184 4933 323 4974 nunc
352 4927 573 4978 secreto
594 4921 820 4994 judicio
847 4923 1109 4994 quotidie
1138 4924 1349 4997 agitur,
1380 4927 1533 4996 quod
1567 4932 1708 4982 tunc
1759 4926 1818 4982 in

184 5006 394 5076 publico
416 5012 936 5068 demonstrabitur.
951 5012 1097 5068 Nam
1113 5015 1273 5084 juste
1295 5018 1351 5070 et
1369 5014 1822 5074 misericorditer

184 5091 532 5169 singulorum
555 5100 733 5156 corda
753 5100 839 5156 vel
862 5101 1203 5158 examinans
1219 5103 1306 5159 vel
1328 5103 1818 5175 disponens,alios

184 5180 236 5237 in
263 5188 544 5245 exteriora
573 5191 817 5263 respuit,
837 5190 983 5247 alios
1011 5192 1082 5247 ad
1115 5209 1181 5248 ea
1213 5210 1341 5265 qua:
1373 5199 1511 5251 sunt
1540 5197 1817 5254 intrinse-

185 5286 276 5327 cus
296 5276 492 5345 trahit,
517 5278 627 5335 hos
658 5279 926 5335 accendit
953 5279 1186 5337 interna
1238 5287 1528 5355 appetere,
1552 5284 1684 5342 illos
1715 5304 1818 5358 pro

183 5359 565 5434 voluptatibus
587 5367 711 5423 suis
742 5368 958 5424 deserit
999 5370 1283 5428 exteriora
1306 5372 1576 5446 cogitare.
1613 5397 1642 5425 »
1674 5376 1817 5431 Item

185 5456 403 5508 sanctus
423 5455 791 5527 Augustinus
819 5458 877 5513 in
900 5457 1049 5514 libro
1070 5459 1141 5515 de
1162 5460 1673 5518 Praedestinatione
1695 5480 1822 5535 gra-

186 5536 266 5593 tie
285 5544 417 5613 (cap.
452 5543 530 5615 5),
555 5544 627 5598 ad
659 5544 851 5600 locum
885 5547 1024 5602 dicit
1059 5566 1072 5603 ε
1111 5550 1248 5616 Quos
1280 5552 1822 5623 autemprzedestina-

187 5629 255 5682 vit
281 5630 396 5686 illos
425 5640 477 5688 et
506 5636 738 5703 vocavit,
770 5643 820 5690 et
851 5653 980 5708 quos
1011 5641 1219 5695 vocavit
1245 5641 1370 5696 illos
1411 5648 1463 5696 et
1498 5643 1824 5712 justiﬁcavit

191 5713 344 5786 (Rom,
375 5726 519 5791 vm).
546 5745 575 5774 ‹‹
600 5723 727 5796 Ipse
756 5724 912 5780 enim
944 5727 1106 5783 dedit
1136 5732 1201 5783 ut
1233 5713 1579 5802 simus,ipse
1601 5734 1665 5786 ut
1683 5731 1820 5787 boni

192 5816 304 5863 esse
334 5810 648 5881 possimus.
673 5813 966 5872 Praascivit
996 5833 1103 5874 nos
1134 5819 1261 5888 ejus
1292 5819 1584 5889 divinitas,
1600 5820 1823 5893 sapien-

1940 3498 2098 3553 Intra
2132 3499 2419 3552 mundum
2450 3498 2587 3553 facti
2620 3514 2850 3568 sumus,
2864 3502 2921 3552 et
2951 3501 3085 3552 ante
3102 3499 3393 3553 mundum
3423 3497 3590 3555 electi

1940 3586 2370 3656 sumus.Atque
2390 3585 2472 3640 ita
2494 3601 2609 3639 uno
2633 3585 2972 3657 eodemque,
2990 3602 3095 3640 nec
3115 3590 3455 3642 transeunte
3485 3602 3589 3643 nec

1939 3673 2158 3740 futuro,
2185 3673 2287 3727 sed
2313 3672 2589 3727 continuo
2609 3677 2888 3745 tempore,
2907 3674 2993 3728 vel
3025 3675 3075 3729 si
3103 3692 3219 3747 quo
3253 3674 3365 3730 alio
3415 3677 3587 3731 modo

1937 3761 2051 3816 dici
2086 3762 2359 3832 potest,si
2393 3765 2588 3816 tamen
2619 3766 2828 3833 potest,
2847 3763 3000 3834 apud
3024 3763 3208 3817 Deum
3233 3768 3323 3818 est
3355 3768 3413 3818 et
3442 3781 3585 3836 prae-

1937 3849 2105 3917 scire,
2135 3853 2193 3904 et
2222 3849 2426 3916 facere,
2460 3854 2518 3904 et
2562 3848 2795 3922 eligere.
2827 3850 2897 3904 Et
2943 3850 3307 3921 praescientia
3354 3868 3461 3906 sua
3490 3851 3585 3906 in-

1935 3936 2430 3993 commutabiliter
2444 3937 3101 4010 permanente,elegerat
3121 3938 3415 3994 faciendos
3435 3957 3584 4011 quos

1935 4025 2197 4080 facturus
2221 4026 2405 4080 fuerat
2426 4025 2790 4098 eligendos.»
2819 4026 2889 4080 Et
2919 4022 3164 4098 Prosper
3191 4026 3251 4080 in
3282 4025 3429 4083 libro
3449 4027 3581 4099 Epi-

1932 4118 2329 4186 grammatum
2364 4116 2648 4186 (epigram.
2681 4115 2884 4186 58),De
2905 4115 3252 4186 intemperati
3270 4131 3428 4188 opere
3446 4117 3581 4172 Dei:

1936 4202 2086 4258 Ordo
2116 4207 2447 4275 temporum
2480 4203 2538 4257 in
2569 4206 2785 4258 aaterna
2822 4203 2922 4258 Dei
2956 4203 3242 4275 sapientia
3270 4203 3396 4260 sine
3435 4209 3582 4261 tem-

1932 4308 2070 4364 pore
2092 4296 2200 4359 est,
2225 4308 2330 4347 nec
2361 4292 2559 4364 aliqua
2588 4295 2728 4348 sunt
2757 4293 2910 4365 apud
2941 4292 3109 4347 illum
3142 4311 3308 4365 nova,
3324 4295 3425 4367 qui
3448 4294 3585 4351 fecit

1933 4398 2060 4453 quae
2093 4382 2293 4436 futura
2321 4384 2479 4436 sunt.

1993 4486 2203 4552 Artiﬂce
2231 4486 2287 4552 in
2313 4499 2520 4536 summo
2545 4486 2660 4536 sine
2690 4490 2929 4552 tempore
2950 4489 3206 4552 temporis
3226 4490 3357 4540 ordo
3387 4493 3484 4552 est,

2053 4549 2221 4611 Inque
2250 4550 2357 4597 Deo
2386 4562 2564 4598 rerum
2594 4562 2703 4598 non
2735 4549 2909 4599 variat
2935 4549 3116 4600 series.

1989 4612 2203 4676 Eterno
2233 4611 2449 4676 auctori
2469 4611 2627 4660 simul
2656 4611 2854 4661 adsunt
2880 4614 3062 4676 omnia
3090 4627 3317 4676 semper,

2052 4673 2179 4722 Cum
2205 4686 2311 4737 quo
2342 4673 2396 4721 in
2428 4674 2690 4723 factorum
2721 4678 2801 4724 est
2828 4675 3015 4726 ordine
3044 4673 3303 4740 quidquid
3334 4678 3453 4726 erit.

2475 4788 2699 4827 FPILOGI
2740 4790 2919 4829 CAPUT
2956 4791 3033 4829 IV.

1931 4858 2161 4920 Qualiter
2195 4859 2443 4909 catholica
2490 4860 2715 4980 Ecclesia
2761 4860 2827 4981 de;
2863 4863 3041 4925 gratia
3067 4866 3117 4911 et
3158 4862 3318 4912 libero
3358 4861 3577 4913 arbitrio

2681 4946 2802 4981 enea
2833 4969 2844 4981 .

2681 4946 2827 4982 eneat
2833 4969 2844 4981 .

2000 5012 2250 5067 Sanctus
2284 5011 2657 5068 Innocentius
2697 5012 2757 5067 in
2810 5012 3056 5085 epistola
3084 5014 3158 5069 ad
3186 5013 3486 5069 Aurelium
3517 5018 3576 5070 et

1926 5099 2382 5173 Carthaginensc
2412 5101 2758 5170 Concilium,
2792 5102 3050 5174 itemque
3079 5106 3318 5158 sanctus
3356 5102 3575 5160 lees-

1928 5189 2090 5245 tinus
2120 5190 2193 5245 ad
2239 5189 2553 5244 Venerium
2599 5193 2656 5244 et
2705 5195 2941 5246 caeteros
2989 5190 3314 5247 Gallicanos
3351 5190 3572 5264 episco-

1928 5295 2033 5351 pos
2051 5280 2348 5348 (Innocent.
2382 5295 2466 5350 ep.
2490 5279 2587 5333 31:
2621 5279 2823 5335 ϐαδίσει.
2857 5296 2939 5351 ep.
2972 5282 3066 5349 8):
3097 5303 3125 5329 «
3160 5280 3434 5337 Liberum
3480 5299 3572 5338 ar-

1928 5367 2170 5424 bitrium
2202 5368 2340 5423 olim
2371 5385 2518 5434 esse,
2551 5368 2609 5423 id
2641 5373 2729 5424 est
2757 5368 2985 5440 primus
3014 5369 3187 5426 homo
3236 5387 3570 5444 perpessus,

1928 5460 2070 5514 dum
2124 5457 2251 5512 suis
2304 5455 2694 5512 inconsultius
2751 5458 2934 5512 utitur
2991 5457 3180 5527 bonis,
3241 5462 3469 5517 cadens
3509 5461 3572 5518 in

1928 5546 2419 5620 praevaricationis
2468 5546 2757 5616 profunda
2813 5548 3118 5605 demersus
3177 5555 3283 5619 est,
3318 5554 3377 5608 et
3424 5551 3569 5608 nihil

1929 5636 2427 5710 quemadmodum
2487 5635 2691 5690 exinde
2763 5653 3002 5709 surgere
3066 5644 3265 5712 posset
3328 5640 3567 5708 invenit,

1930 5743 2153 5799 suaque
2218 5726 2275 5779 in
2351 5728 2631 5779 aeternum
2694 5724 2959 5783 libertate
3031 5730 3329 5802 deceptus,
3388 5729 3567 5801 hujus

1929 5817 2111 5874 ruinae
2140 5813 2407 5871 latuisset
2434 5830 2771 5885 oppressus,
2807 5816 2919 5873 nisi
2950 5835 3083 5874 eum
3124 5823 3327 5890 postea
3354 5817 3564 5874 Christi
