  <div class='ocr_page' id='page_1' title='image "/cluster/home/n/w/nwhite01/storage/ocr_20150623/125/umn.31951002477418t/241.png"; bbox 0 0 4018 6442; ppageno 0'>
   <div class='ocr_carea' id='block_1_1' title="bbox 475 475 596 536">
    <p class='ocr_par' dir='ltr' id='par_1_1' title="bbox 475 475 596 536">
     <span class='ocr_line' id='line_1_1' title="bbox 475 475 596 536; baseline 0.017 -2"><span class='ocrx_word' id='word_1_1' title='bbox 475 475 596 536; x_wconf 70' lang='grc'>439</span> 
     </span>
    </p>
   </div>
   <div class='ocr_carea' id='block_1_2' title="bbox 1401 453 2938 534">
    <p class='ocr_par' dir='ltr' id='par_1_2' title="bbox 1401 453 2938 534">
     <span class='ocr_line' id='line_1_2' title="bbox 1401 453 2938 534; baseline -0.002 -1"><span class='ocrx_word' id='word_1_2' title='bbox 1401 453 1783 534; x_wconf 66' lang='grc' dir='ltr'>ΗιΝωιιιΑιιι</span> <span class='ocrx_word' id='word_1_3' title='bbox 1831 467 2278 532; x_wconf 80' lang='lat' dir='ltr'>RHEMENSIS</span> <span class='ocrx_word' id='word_1_4' title='bbox 2321 461 2938 531; x_wconf 83' lang='lat' dir='ltr'>ARCHIEPISGOPI.</span> 
     </span>
    </p>
   </div>
   <div class='ocr_carea' id='block_1_3' title="bbox 3735 465 3835 528">
    <p class='ocr_par' dir='ltr' id='par_1_3' title="bbox 3735 465 3835 528">
     <span class='ocr_line' id='line_1_3' title="bbox 3735 465 3835 528; baseline 0 0"><span class='ocrx_word' id='word_1_5' title='bbox 3735 465 3835 528; x_wconf 64' lang='lat'>“0</span> 
     </span>
    </p>
   </div>
   <div class='ocr_carea' id='block_1_4' title="bbox 471 583 3840 679">
    <p class='ocr_par' dir='ltr' id='par_1_4' title="bbox 471 583 3840 679">
     <span class='ocr_line' id='line_1_4' title="bbox 471 583 3840 679; baseline -0.002 -15"><span class='ocrx_word' id='word_1_6' title='bbox 471 596 623 664; x_wconf 68' lang='lat'>875</span> <span class='ocrx_word' id='word_1_7' title='bbox 658 623 762 679; x_wconf 88' lang='lat' dir='ltr'>pro</span> <span class='ocrx_word' id='word_1_8' title='bbox 801 583 908 662; x_wconf 88' lang='lat' dir='ltr'>sua</span> <span class='ocrx_word' id='word_1_9' title='bbox 958 604 1149 678; x_wconf 85' lang='lat' dir='ltr'>gratia</span> <span class='ocrx_word' id='word_1_10' title='bbox 1193 602 1509 660; x_wconf 87' lang='lat' dir='ltr'>relcvasset</span> <span class='ocrx_word' id='word_1_11' title='bbox 1553 604 1871 672; x_wconf 89' lang='lat' dir='ltr'>adventus;</span> <span class='ocrx_word' id='word_1_12' title='bbox 1897 601 1994 676; x_wconf 86' lang='lat' dir='ltr'>qui</span> <span class='ocrx_word' id='word_1_13' title='bbox 2027 617 2128 676; x_wconf 90' lang='lat' dir='ltr'>per</span> <span class='ocrx_word' id='word_1_14' title='bbox 2155 602 2210 669; x_wconf 84' lang='grc' dir='ltr'><strong>Α</strong></span> <span class='ocrx_word' id='word_1_15' title='bbox 2239 600 2418 656; x_wconf 87' lang='lat' dir='ltr'>minis</span> <span class='ocrx_word' id='word_1_16' title='bbox 2450 601 2604 657; x_wconf 87' lang='lat' dir='ltr'>mala</span> <span class='ocrx_word' id='word_1_17' title='bbox 2625 603 2781 658; x_wconf 75' lang='lat'>876</span> <span class='ocrx_word' id='word_1_18' title='bbox 2803 601 3077 675; x_wconf 70' lang='lat' dir='ltr'>cogitatio</span> <span class='ocrx_word' id='word_1_19' title='bbox 3099 614 3216 657; x_wconf 87' lang='lat' dir='ltr'>non</span> <span class='ocrx_word' id='word_1_20' title='bbox 3231 599 3429 674; x_wconf 83' lang='lat' dir='ltr'>potest</span> <span class='ocrx_word' id='word_1_21' title='bbox 3455 599 3513 654; x_wconf 89' lang='lat' dir='ltr'>in</span> <span class='ocrx_word' id='word_1_22' title='bbox 3534 603 3840 672; x_wconf 73' lang='lat' dir='ltr'>perpetem</span> 
     </span>
    </p>
   </div>
   <div class='ocr_carea' id='block_1_5' title="bbox 468 692 2120 768">
    <p class='ocr_par' dir='ltr' id='par_1_5' title="bbox 468 692 2120 768">
     <span class='ocr_line' id='line_1_5' title="bbox 468 692 2120 768; baseline -0.004 -18"><span class='ocrx_word' id='word_1_23' title='bbox 468 713 627 750; x_wconf 71' lang='lat' dir='ltr'>novae</span> <span class='ocrx_word' id='word_1_24' title='bbox 659 692 1114 768; x_wconf 82' lang='lat' dir='ltr'>regenerationis</span> <span class='ocrx_word' id='word_1_25' title='bbox 1162 692 1625 766; x_wconf 91' lang='lat' dir='ltr'>puriﬁcationem</span> <span class='ocrx_word' id='word_1_26' title='bbox 1675 708 1847 747; x_wconf 90' lang='lat' dir='ltr'>omne</span> <span class='ocrx_word' id='word_1_27' title='bbox 1889 697 2120 764; x_wconf 68' lang='lat' dir='ltr'>praeter-</span> 
     </span>
    </p>
   </div>
   <div class='ocr_carea' id='block_1_6' title="bbox 469 779 2126 854">
    <p class='ocr_par' dir='ltr' id='par_1_6' title="bbox 469 779 2126 854">
     <span class='ocr_line' id='line_1_6' title="bbox 469 779 2126 854; baseline -0.004 -14"><span class='ocrx_word' id='word_1_28' title='bbox 469 783 619 840; x_wconf 87' lang='lat' dir='ltr'>itum</span> <span class='ocrx_word' id='word_1_29' title='bbox 633 782 840 839; x_wconf 78' lang='lat' dir='ltr'>vitium</span> <span class='ocrx_word' id='word_1_30' title='bbox 865 783 952 838; x_wconf 91' lang='lat' dir='ltr'>sui</span> <span class='ocrx_word' id='word_1_31' title='bbox 978 781 1349 854; x_wconf 73' lang='lat' dir='ltr'>baptismatis</span> <span class='ocrx_word' id='word_1_32' title='bbox 1371 781 1598 836; x_wconf 84' lang='lat' dir='ltr'>lavacro</span> <span class='ocrx_word' id='word_1_33' title='bbox 1615 779 1898 853; x_wconf 75' lang='lat' dir='ltr'>purgavit,</span> <span class='ocrx_word' id='word_1_34' title='bbox 1921 784 1978 835; x_wconf 89' lang='lat' dir='ltr'>et</span> <span class='ocrx_word' id='word_1_35' title='bbox 1999 781 2126 850; x_wconf 84' lang='lat' dir='ltr'>ejus</span> 
     </span>
    </p>
   </div>
   <div class='ocr_carea' id='block_1_7' title="bbox 473 869 2126 943">
    <p class='ocr_par' dir='ltr' id='par_1_7' title="bbox 473 869 2126 943">
     <span class='ocr_line' id='line_1_7' title="bbox 473 869 2126 943; baseline -0.001 -16"><span class='ocrx_word' id='word_1_36' title='bbox 473 873 719 928; x_wconf 86' lang='lat' dir='ltr'>ﬁrmans</span> <span class='ocrx_word' id='word_1_37' title='bbox 751 874 993 937; x_wconf 87' lang='lat' dir='ltr'>statum,</span> <span class='ocrx_word' id='word_1_38' title='bbox 1027 887 1140 943; x_wconf 89' lang='lat' dir='ltr'>quo</span> <span class='ocrx_word' id='word_1_39' title='bbox 1170 870 1384 925; x_wconf 89' lang='lat' dir='ltr'>rectius</span> <span class='ocrx_word' id='word_1_40' title='bbox 1423 869 1811 942; x_wconf 77' lang='lat' dir='ltr'>stabiliusque</span> <span class='ocrx_word' id='word_1_41' title='bbox 1859 869 2126 942; x_wconf 90' lang='lat' dir='ltr'>procede-</span> 
     </span>
    </p>
   </div>
   <div class='ocr_carea' id='block_1_8' title="bbox 476 957 2124 1032">
    <p class='ocr_par' dir='ltr' id='par_1_8' title="bbox 476 957 2124 1032">
     <span class='ocr_line' id='line_1_8' title="bbox 476 957 2124 1032; baseline -0.001 -16"><span class='ocrx_word' id='word_1_42' title='bbox 476 963 793 1026; x_wconf 84' lang='lat' dir='ltr'>ret,tamen</span> <span class='ocrx_word' id='word_1_43' title='bbox 825 977 994 1016; x_wconf 89' lang='lat' dir='ltr'>suam</span> <span class='ocrx_word' id='word_1_44' title='bbox 1027 957 1274 1032; x_wconf 78' lang='lat' dir='ltr'>gratiam</span> <span class='ocrx_word' id='word_1_45' title='bbox 1299 958 1355 1012; x_wconf 91' lang='lat' dir='ltr'>in</span> <span class='ocrx_word' id='word_1_46' title='bbox 1380 963 1676 1032; x_wconf 91' lang='lat' dir='ltr'>posterum</span> <span class='ocrx_word' id='word_1_47' title='bbox 1719 975 1832 1014; x_wconf 90' lang='lat' dir='ltr'>non</span> <span class='ocrx_word' id='word_1_48' title='bbox 1875 958 2124 1031; x_wconf 83' lang='lat' dir='ltr'>negavit.</span> 
     </span>
    </p>
   </div>
   <div class='ocr_carea' id='block_1_9' title="bbox 477 1045 2128 1122">
    <p class='ocr_par' dir='ltr' id='par_1_9' title="bbox 477 1045 2128 1122">
     <span class='ocr_line' id='line_1_9' title="bbox 477 1045 2128 1122; baseline -0.002 -17"><span class='ocrx_word' id='word_1_49' title='bbox 477 1050 623 1105; x_wconf 90' lang='lat' dir='ltr'>Nam</span> <span class='ocrx_word' id='word_1_50' title='bbox 656 1048 924 1122; x_wconf 82' lang='lat' dir='ltr'>quamvis</span> <span class='ocrx_word' id='word_1_51' title='bbox 955 1048 1252 1103; x_wconf 84' lang='lat' dir='ltr'>hominem</span> <span class='ocrx_word' id='word_1_52' title='bbox 1284 1047 1627 1104; x_wconf 81' lang='lat' dir='ltr'>redemisset</span> <span class='ocrx_word' id='word_1_53' title='bbox 1647 1065 1678 1102; x_wconf 90' lang='lat' dir='ltr'>a</span> <span class='ocrx_word' id='word_1_54' title='bbox 1703 1045 2007 1120; x_wconf 68' lang='lat' dir='ltr'>prieteritis</span> <span class='ocrx_word' id='word_1_55' title='bbox 2029 1047 2128 1102; x_wconf 90' lang='lat' dir='ltr'>ille</span> 
     </span>
    </p>
   </div>
   <div class='ocr_carea' id='block_1_10' title="bbox 479 1135 2127 1211">
    <p class='ocr_par' dir='ltr' id='par_1_10' title="bbox 479 1135 2127 1211">
     <span class='ocr_line' id='line_1_10' title="bbox 479 1135 2127 1211; baseline -0.001 -17"><span class='ocrx_word' id='word_1_56' title='bbox 479 1137 752 1211; x_wconf 81' lang='lat' dir='ltr'>peccatis,</span> <span class='ocrx_word' id='word_1_57' title='bbox 785 1141 982 1192; x_wconf 88' lang='lat' dir='ltr'>tamen</span> <span class='ocrx_word' id='word_1_58' title='bbox 1031 1136 1224 1192; x_wconf 87' lang='lat' dir='ltr'>sciens</span> <span class='ocrx_word' id='word_1_59' title='bbox 1273 1135 1488 1192; x_wconf 85' lang='lat' dir='ltr'>iterum</span> <span class='ocrx_word' id='word_1_60' title='bbox 1542 1151 1714 1208; x_wconf 84' lang='lat' dir='ltr'>posse</span> <span class='ocrx_word' id='word_1_61' title='bbox 1764 1150 2022 1208; x_wconf 85' lang='lat' dir='ltr'>peccare,</span> <span class='ocrx_word' id='word_1_62' title='bbox 2055 1137 2127 1192; x_wconf 89' lang='lat' dir='ltr'>ad</span> 
     </span>
    </p>
   </div>
   <div class='ocr_carea' id='block_1_11' title="bbox 478 1223 2131 1298">
    <p class='ocr_par' dir='ltr' id='par_1_11' title="bbox 478 1223 2131 1298">
     <span class='ocr_line' id='line_1_11' title="bbox 478 1223 2131 1298; baseline -0.001 -16"><span class='ocrx_word' id='word_1_63' title='bbox 478 1225 903 1298; x_wconf 81' lang='lat' dir='ltr'>reparationem</span> <span class='ocrx_word' id='word_1_64' title='bbox 937 1224 1073 1292; x_wconf 89' lang='lat' dir='ltr'>sibi,</span> <span class='ocrx_word' id='word_1_65' title='bbox 1105 1225 1600 1298; x_wconf 87' lang='lat' dir='ltr'>quemadmodum</span> <span class='ocrx_word' id='word_1_66' title='bbox 1635 1229 1833 1296; x_wconf 89' lang='lat' dir='ltr'>posset</span> <span class='ocrx_word' id='word_1_67' title='bbox 1862 1223 2028 1280; x_wconf 89' lang='lat' dir='ltr'>illum</span> <span class='ocrx_word' id='word_1_68' title='bbox 2074 1229 2131 1281; x_wconf 89' lang='lat' dir='ltr'>et</span> 
     </span>
    </p>
   </div>
   <div class='ocr_carea' id='block_1_12' title="bbox 481 1309 2128 1387">
    <p class='ocr_par' dir='ltr' id='par_1_12' title="bbox 481 1309 2128 1387">
     <span class='ocr_line' id='line_1_12' title="bbox 481 1309 2128 1387; baseline 0.001 -18"><span class='ocrx_word' id='word_1_69' title='bbox 481 1318 613 1387; x_wconf 89' lang='lat' dir='ltr'>post</span> <span class='ocrx_word' id='word_1_70' title='bbox 641 1312 756 1369; x_wconf 88' lang='lat' dir='ltr'>ista</span> <span class='ocrx_word' id='word_1_71' title='bbox 781 1313 1088 1386; x_wconf 82' lang='lat' dir='ltr'>corrigere,</span> <span class='ocrx_word' id='word_1_72' title='bbox 1113 1309 1301 1369; x_wconf 90' lang='lat' dir='ltr'>multa</span> <span class='ocrx_word' id='word_1_73' title='bbox 1329 1311 1954 1384; x_wconf 86' lang='lat' dir='ltr'>servavit,quotidiana</span> <span class='ocrx_word' id='word_1_74' title='bbox 1985 1331 2128 1386; x_wconf 68' lang='lat' dir='ltr'>prae-</span> 
     </span>
    </p>
   </div>
   <div class='ocr_carea' id='block_1_13' title="bbox 479 1400 2133 1474">
    <p class='ocr_par' dir='ltr' id='par_1_13' title="bbox 479 1400 2133 1474">
     <span class='ocr_line' id='line_1_13' title="bbox 479 1400 2133 1474; baseline -0.001 -14"><span class='ocrx_word' id='word_1_75' title='bbox 479 1407 643 1460; x_wconf 86' lang='lat' dir='ltr'>stans</span> <span class='ocrx_word' id='word_1_76' title='bbox 673 1401 757 1458; x_wconf 84' lang='lat' dir='ltr'>illi</span> <span class='ocrx_word' id='word_1_77' title='bbox 783 1402 1058 1469; x_wconf 87' lang='lat' dir='ltr'>remedia,</span> <span class='ocrx_word' id='word_1_78' title='bbox 1091 1401 1308 1474; x_wconf 88' lang='lat' dir='ltr'>quibus</span> <span class='ocrx_word' id='word_1_79' title='bbox 1335 1400 1450 1457; x_wconf 90' lang='lat' dir='ltr'>nisi</span> <span class='ocrx_word' id='word_1_80' title='bbox 1482 1401 1609 1457; x_wconf 82' lang='lat' dir='ltr'>freti</span> <span class='ocrx_word' id='word_1_81' title='bbox 1641 1401 1962 1474; x_wconf 84' lang='lat' dir='ltr'>conlisiquc</span> <span class='ocrx_word' id='word_1_82' title='bbox 1989 1402 2133 1459; x_wconf 85' lang='lat' dir='ltr'>nita-</span> 
     </span>
    </p>
   </div>
   <div class='ocr_carea' id='block_1_14' title="bbox 481 1490 2130 1563">
    <p class='ocr_par' dir='ltr' id='par_1_14' title="bbox 481 1490 2130 1563">
     <span class='ocr_line' id='line_1_14' title="bbox 481 1490 2130 1563; baseline 0.001 -17"><span class='ocrx_word' id='word_1_83' title='bbox 481 1490 988 1560; x_wconf 87' lang='lat' dir='ltr'>mur,nullrtenus</span> <span class='ocrx_word' id='word_1_84' title='bbox 1017 1491 1310 1546; x_wconf 89' lang='lat' dir='ltr'>humanos</span> <span class='ocrx_word' id='word_1_85' title='bbox 1336 1491 1565 1546; x_wconf 90' lang='lat' dir='ltr'>vincere</span> <span class='ocrx_word' id='word_1_86' title='bbox 1609 1490 1928 1563; x_wconf 87' lang='lat' dir='ltr'>poterimus</span> <span class='ocrx_word' id='word_1_87' title='bbox 1974 1507 2130 1548; x_wconf 89' lang='lat' dir='ltr'>erro-</span> 
     </span>
    </p>
   </div>
   <div class='ocr_carea' id='block_1_15' title="bbox 482 1577 2130 1651">
    <p class='ocr_par' dir='ltr' id='par_1_15' title="bbox 482 1577 2130 1651">
     <span class='ocr_line' id='line_1_15' title="bbox 482 1577 2130 1651; baseline 0.001 -16"><span class='ocrx_word' id='word_1_88' title='bbox 482 1597 598 1636; x_wconf 88' lang='lat' dir='ltr'>res.</span> <span class='ocrx_word' id='word_1_89' title='bbox 627 1579 872 1636; x_wconf 88' lang='lat' dir='ltr'>Necesse</span> <span class='ocrx_word' id='word_1_90' title='bbox 902 1583 990 1635; x_wconf 91' lang='lat' dir='ltr'>est</span> <span class='ocrx_word' id='word_1_91' title='bbox 1019 1579 1174 1635; x_wconf 91' lang='lat' dir='ltr'>enim</span> <span class='ocrx_word' id='word_1_92' title='bbox 1203 1583 1270 1634; x_wconf 91' lang='lat' dir='ltr'>ut</span> <span class='ocrx_word' id='word_1_93' title='bbox 1311 1595 1426 1651; x_wconf 92' lang='lat' dir='ltr'>quo</span> <span class='ocrx_word' id='word_1_94' title='bbox 1458 1577 1774 1636; x_wconf 85' lang='lat' dir='ltr'>auxiliante</span> <span class='ocrx_word' id='word_1_95' title='bbox 1819 1579 2130 1647; x_wconf 88' lang='lat' dir='ltr'>vincimus,</span> 
     </span>
    </p>
   </div>
   <div class='ocr_carea' id='block_1_16' title="bbox 485 1657 2134 1742">
    <p class='ocr_par' dir='ltr' id='par_1_16' title="bbox 485 1657 2134 1742">
     <span class='ocr_line' id='line_1_16' title="bbox 485 1657 2134 1742; baseline 0 -18"><span class='ocrx_word' id='word_1_96' title='bbox 485 1685 552 1724; x_wconf 90' lang='lat' dir='ltr'>eo</span> <span class='ocrx_word' id='word_1_97' title='bbox 585 1667 797 1724; x_wconf 86' lang='lat' dir='ltr'>iterum</span> <span class='ocrx_word' id='word_1_98' title='bbox 831 1685 948 1724; x_wconf 89' lang='lat' dir='ltr'>non</span> <span class='ocrx_word' id='word_1_99' title='bbox 970 1657 1283 1740; x_wconf 86' lang='lat' dir='ltr'>adjuvante</span> <span class='ocrx_word' id='word_1_100' title='bbox 1309 1667 1928 1724; x_wconf 88' lang='lat' dir='ltr'>vincamus.0mnium</span> <span class='ocrx_word' id='word_1_101' title='bbox 1953 1669 2134 1742; x_wconf 81' lang='lat' dir='ltr'>igitur</span> 
     </span>
    </p>
   </div>
   <div class='ocr_carea' id='block_1_17' title="bbox 481 1757 2136 1829">
    <p class='ocr_par' dir='ltr' id='par_1_17' title="bbox 481 1757 2136 1829">
     <span class='ocr_line' id='line_1_17' title="bbox 481 1757 2136 1829; baseline 0.002 -18"><span class='ocrx_word' id='word_1_102' title='bbox 481 1757 769 1812; x_wconf 88' lang='lat' dir='ltr'>bonorum</span> <span class='ocrx_word' id='word_1_103' title='bbox 800 1757 1112 1812; x_wconf 79' lang='lat' dir='ltr'>alfectuum</span> <span class='ocrx_word' id='word_1_104' title='bbox 1144 1760 1319 1828; x_wconf 76' lang='lat' dir='ltr'>athe</span> <span class='ocrx_word' id='word_1_105' title='bbox 1349 1773 1613 1829; x_wconf 90' lang='lat' dir='ltr'>operum,</span> <span class='ocrx_word' id='word_1_106' title='bbox 1647 1761 1706 1813; x_wconf 91' lang='lat' dir='ltr'>et</span> <span class='ocrx_word' id='word_1_107' title='bbox 1733 1757 1992 1814; x_wconf 89' lang='lat' dir='ltr'>omnium</span> <span class='ocrx_word' id='word_1_108' title='bbox 2017 1763 2136 1815; x_wconf 89' lang='lat' dir='ltr'>stu-</span> 
     </span>
    </p>
   </div>
   <div class='ocr_carea' id='block_1_18' title="bbox 479 1843 2131 1918">
    <p class='ocr_par' dir='ltr' id='par_1_18' title="bbox 479 1843 2131 1918">
     <span class='ocr_line' id='line_1_18' title="bbox 479 1843 2131 1918; baseline 0.001 -18"><span class='ocrx_word' id='word_1_109' title='bbox 479 1843 732 1914; x_wconf 87' lang='lat' dir='ltr'>diorum,</span> <span class='ocrx_word' id='word_1_110' title='bbox 751 1845 1132 1918; x_wconf 90' lang='lat' dir='ltr'>omniumque</span> <span class='ocrx_word' id='word_1_111' title='bbox 1147 1845 1454 1911; x_wconf 88' lang='lat' dir='ltr'>virtutum,</span> <span class='ocrx_word' id='word_1_112' title='bbox 1469 1846 1686 1918; x_wconf 77' lang='lat' dir='ltr'>quibus</span> <span class='ocrx_word' id='word_1_113' title='bbox 1717 1847 1788 1902; x_wconf 89' lang='lat' dir='ltr'>ab</span> <span class='ocrx_word' id='word_1_114' title='bbox 1811 1845 1979 1902; x_wconf 88' lang='lat' dir='ltr'>initio</span> <span class='ocrx_word' id='word_1_115' title='bbox 1998 1847 2131 1904; x_wconf 86' lang='lat' dir='ltr'>ﬁdei</span> 
     </span>
    </p>
   </div>
   <div class='ocr_carea' id='block_1_19' title="bbox 2235 689 3844 764">
    <p class='ocr_par' dir='ltr' id='par_1_19' title="bbox 2235 689 3844 764">
     <span class='ocr_line' id='line_1_19' title="bbox 2235 689 3844 764; baseline -0.001 -18"><span class='ocrx_word' id='word_1_116' title='bbox 2235 690 2614 758; x_wconf 89' lang='lat' dir='ltr'>mutari,nisi</span> <span class='ocrx_word' id='word_1_117' title='bbox 2637 691 2776 763; x_wconf 89' lang='lat' dir='ltr'>quia</span> <span class='ocrx_word' id='word_1_118' title='bbox 2823 707 2927 764; x_wconf 90' lang='lat' dir='ltr'>per</span> <span class='ocrx_word' id='word_1_119' title='bbox 2974 690 3228 763; x_wconf 83' lang='lat' dir='ltr'>scipsam</span> <span class='ocrx_word' id='word_1_120' title='bbox 3276 705 3390 744; x_wconf 91' lang='lat' dir='ltr'>non</span> <span class='ocrx_word' id='word_1_121' title='bbox 3441 692 3646 763; x_wconf 82' lang='lat' dir='ltr'>potest,</span> <span class='ocrx_word' id='word_1_122' title='bbox 3675 689 3762 744; x_wconf 85' lang='lat' dir='ltr'>sed</span> <span class='ocrx_word' id='word_1_123' title='bbox 3803 689 3844 745; x_wconf 81' lang='lat' dir='ltr'>si</span> 
     </span>
    </p>
   </div>
   <div class='ocr_carea' id='block_1_20' title="bbox 2237 777 3844 853">
    <p class='ocr_par' dir='ltr' id='par_1_20' title="bbox 2237 777 3844 853">
     <span class='ocr_line' id='line_1_20' title="bbox 2237 777 3844 853; baseline -0.001 -19"><span class='ocrx_word' id='word_1_124' title='bbox 2237 781 2424 853; x_wconf 88' lang='lat' dir='ltr'>gratia</span> <span class='ocrx_word' id='word_1_125' title='bbox 2455 779 2650 834; x_wconf 86' lang='lat' dir='ltr'>divina</span> <span class='ocrx_word' id='word_1_126' title='bbox 2679 779 3004 848; x_wconf 85' lang='lat' dir='ltr'>subveniat,</span> <span class='ocrx_word' id='word_1_127' title='bbox 3029 796 3146 852; x_wconf 88' lang='lat' dir='ltr'>qua</span> <span class='ocrx_word' id='word_1_128' title='bbox 3175 795 3288 834; x_wconf 92' lang='lat' dir='ltr'>non</span> <span class='ocrx_word' id='word_1_129' title='bbox 3319 777 3707 846; x_wconf 37' lang='lat' dir='ltr'>‘subveniente,</span> <span class='ocrx_word' id='word_1_130' title='bbox 3725 777 3844 849; x_wconf 87' lang='lat' dir='ltr'>quid</span> 
     </span>
    </p>
   </div>
   <div class='ocr_carea' id='block_1_21' title="bbox 2238 867 3846 941">
    <p class='ocr_par' dir='ltr' id='par_1_21' title="bbox 2238 867 3846 941">
     <span class='ocr_line' id='line_1_21' title="bbox 2238 867 3846 941; baseline -0.001 -16"><span class='ocrx_word' id='word_1_131' title='bbox 2238 873 2378 925; x_wconf 89' lang='lat' dir='ltr'>sunt</span> <span class='ocrx_word' id='word_1_132' title='bbox 2407 868 2826 937; x_wconf 89' lang='lat' dir='ltr'>homines,nisi</span> <span class='ocrx_word' id='word_1_133' title='bbox 2860 869 3015 940; x_wconf 89' lang='lat' dir='ltr'>quod</span> <span class='ocrx_word' id='word_1_134' title='bbox 3048 869 3132 924; x_wconf 89' lang='lat' dir='ltr'>ait</span> <span class='ocrx_word' id='word_1_135' title='bbox 3161 867 3462 941; x_wconf 84' lang='lat' dir='ltr'>apostolus</span> <span class='ocrx_word' id='word_1_136' title='bbox 3495 867 3708 934; x_wconf 88' lang='lat' dir='ltr'>Petrus,</span> <span class='ocrx_word' id='word_1_137' title='bbox 3726 867 3846 923; x_wconf 64' lang='lat' dir='ltr'>velut</span> 
     </span>
    </p>
   </div>
   <div class='ocr_carea' id='block_1_22' title="bbox 2233 957 3847 1030">
    <p class='ocr_par' dir='ltr' id='par_1_22' title="bbox 2233 957 3847 1030">
     <span class='ocr_line' id='line_1_22' title="bbox 2233 957 3847 1030; baseline -0.001 -17"><span class='ocrx_word' id='word_1_138' title='bbox 2233 964 2387 1013; x_wconf 82' lang='lat' dir='ltr'>muta</span> <span class='ocrx_word' id='word_1_139' title='bbox 2417 958 2706 1024; x_wconf 78' lang='lat' dir='ltr'>animalia,</span> <span class='ocrx_word' id='word_1_140' title='bbox 2739 965 3020 1030; x_wconf 84' lang='lat' dir='ltr'>procreata</span> <span class='ocrx_word' id='word_1_141' title='bbox 3046 958 3374 1014; x_wconf 78' lang='lat' dir='ltr'>naturaliter</span> <span class='ocrx_word' id='word_1_142' title='bbox 3415 957 3477 1012; x_wconf 84' lang='lat' dir='ltr'>in</span> <span class='ocrx_word' id='word_1_143' title='bbox 3523 957 3847 1028; x_wconf 77' lang='lat' dir='ltr'>captivitatem</span> 
     </span>
    </p>
   </div>
   <div class='ocr_carea' id='block_1_23' title="bbox 2237 1042 3846 1119">
    <p class='ocr_par' dir='ltr' id='par_1_23' title="bbox 2237 1042 3846 1119">
     <span class='ocr_line' id='line_1_23' title="bbox 2237 1042 3846 1119; baseline -0.002 -17"><span class='ocrx_word' id='word_1_144' title='bbox 2237 1055 2290 1102; x_wconf 85' lang='lat' dir='ltr'>et</span> <span class='ocrx_word' id='word_1_145' title='bbox 2311 1048 2632 1102; x_wconf 81' lang='lat' dir='ltr'>interitum?</span> <span class='ocrx_word' id='word_1_146' title='bbox 2660 1047 2732 1118; x_wconf 87' lang='lat' dir='ltr'>(ll</span> <span class='ocrx_word' id='word_1_147' title='bbox 2756 1053 2905 1103; x_wconf 86' lang='lat' dir='ltr'>Petr.</span> <span class='ocrx_word' id='word_1_148' title='bbox 2937 1063 2998 1114; x_wconf 88' lang='grc' dir='ltr'>ιι,</span> <span class='ocrx_word' id='word_1_149' title='bbox 3033 1046 3140 1119; x_wconf 80' lang='grc'>12).</span> <span class='ocrx_word' id='word_1_150' title='bbox 3159 1042 3336 1103; x_wconf 71' lang='grc' dir='ltr'>’[Ῑιιάθ</span> <span class='ocrx_word' id='word_1_151' title='bbox 3365 1053 3482 1101; x_wconf 84' lang='lat' dir='ltr'>uno</span> <span class='ocrx_word' id='word_1_152' title='bbox 3511 1043 3633 1100; x_wconf 92' lang='lat' dir='ltr'>loco</span> <span class='ocrx_word' id='word_1_153' title='bbox 3662 1043 3846 1100; x_wconf 84' lang='lat' dir='ltr'>Paulus</span> 
     </span>
    </p>
   </div>
   <div class='ocr_carea' id='block_1_24' title="bbox 2239 1133 3845 1208">
    <p class='ocr_par' dir='ltr' id='par_1_24' title="bbox 2239 1133 3845 1208">
     <span class='ocr_line' id='line_1_24' title="bbox 2239 1133 3845 1208; baseline -0.002 -17"><span class='ocrx_word' id='word_1_154' title='bbox 2239 1135 2540 1208; x_wconf 86' lang='lat' dir='ltr'>apostolus</span> <span class='ocrx_word' id='word_1_155' title='bbox 2558 1139 2874 1208; x_wconf 89' lang='lat' dir='ltr'>utrumque</span> <span class='ocrx_word' id='word_1_156' title='bbox 2895 1139 3449 1202; x_wconf 86' lang='lat' dir='ltr'>commemorans,et</span> <span class='ocrx_word' id='word_1_157' title='bbox 3465 1133 3613 1188; x_wconf 89' lang='lat' dir='ltr'>iram</span> <span class='ocrx_word' id='word_1_158' title='bbox 3625 1133 3716 1188; x_wconf 86' lang='lat' dir='ltr'>Dei</span> <span class='ocrx_word' id='word_1_159' title='bbox 3734 1150 3845 1189; x_wconf 89' lang='lat' dir='ltr'>cum</span> 
     </span>
    </p>
   </div>
   <div class='ocr_carea' id='block_1_25' title="bbox 2239 1222 3848 1298">
    <p class='ocr_par' dir='ltr' id='par_1_25' title="bbox 2239 1222 3848 1298">
     <span class='ocr_line' id='line_1_25' title="bbox 2239 1222 3848 1298; baseline -0.001 -18"><span class='ocrx_word' id='word_1_160' title='bbox 2239 1238 2356 1296; x_wconf 89' lang='lat' dir='ltr'>qua</span> <span class='ocrx_word' id='word_1_161' title='bbox 2405 1223 2720 1290; x_wconf 88' lang='lat' dir='ltr'>nascimur,</span> <span class='ocrx_word' id='word_1_162' title='bbox 2753 1229 2810 1280; x_wconf 90' lang='lat' dir='ltr'>et</span> <span class='ocrx_word' id='word_1_163' title='bbox 2853 1223 3101 1298; x_wconf 86' lang='lat' dir='ltr'>gratiam</span> <span class='ocrx_word' id='word_1_164' title='bbox 3149 1239 3267 1295; x_wconf 88' lang='lat' dir='ltr'>qua</span> <span class='ocrx_word' id='word_1_165' title='bbox 3292 1222 3730 1279; x_wconf 72' lang='lat' dir='ltr'>liberamurzlil</span> <span class='ocrx_word' id='word_1_166' title='bbox 3767 1237 3848 1278; x_wconf 70' lang='lat' dir='ltr'>nos</span> 
     </span>
    </p>
   </div>
   <div class='ocr_carea' id='block_1_26' title="bbox 2238 1311 3847 1386">
    <p class='ocr_par' dir='ltr' id='par_1_26' title="bbox 2238 1311 3847 1386">
     <span class='ocr_line' id='line_1_26' title="bbox 2238 1311 3847 1386; baseline 0.001 -20"><span class='ocrx_word' id='word_1_167' title='bbox 2238 1328 2452 1380; x_wconf 70' lang='lat' dir='ltr'>omnes,</span> <span class='ocrx_word' id='word_1_168' title='bbox 2483 1312 3041 1386; x_wconf 82' lang='lat' dir='ltr'>inquit,aliquando</span> <span class='ocrx_word' id='word_1_169' title='bbox 3061 1312 3390 1370; x_wconf 70' lang='lat' dir='ltr'>conversari</span> <span class='ocrx_word' id='word_1_170' title='bbox 3416 1314 3612 1368; x_wconf 74' lang='lat' dir='ltr'>sumus</span> <span class='ocrx_word' id='word_1_171' title='bbox 3639 1312 3697 1367; x_wconf 84' lang='lat' dir='ltr'>in</span> <span class='ocrx_word' id='word_1_172' title='bbox 3723 1311 3847 1367; x_wconf 73' lang='lat' dir='ltr'>desi-</span> 
     </span>
    </p>
   </div>
   <div class='ocr_carea' id='block_1_27' title="bbox 2239 1399 3849 1476">
    <p class='ocr_par' dir='ltr' id='par_1_27' title="bbox 2239 1399 3849 1476">
     <span class='ocr_line' id='line_1_27' title="bbox 2239 1399 3849 1476; baseline -0.001 -20"><span class='ocrx_word' id='word_1_173' title='bbox 2239 1401 2424 1457; x_wconf 73' lang='lat' dir='ltr'>deriis</span> <span class='ocrx_word' id='word_1_174' title='bbox 2451 1403 2650 1457; x_wconf 80' lang='lat' dir='ltr'>carnis</span> <span class='ocrx_word' id='word_1_175' title='bbox 2669 1407 2898 1472; x_wconf 68' lang='lat' dir='ltr'>nostrae,</span> <span class='ocrx_word' id='word_1_176' title='bbox 2911 1402 3196 1476; x_wconf 75' lang='lat' dir='ltr'>facientes</span> <span class='ocrx_word' id='word_1_177' title='bbox 3211 1399 3574 1458; x_wconf 82' lang='lat' dir='ltr'>uoluntatem</span> <span class='ocrx_word' id='word_1_178' title='bbox 3601 1401 3780 1457; x_wconf 76' lang='lat' dir='ltr'>carnis</span> <span class='ocrx_word' id='word_1_179' title='bbox 3802 1405 3849 1456; x_wconf 81' lang='lat' dir='ltr'>et</span> 
     </span>
    </p>
   </div>
   <div class='ocr_carea' id='block_1_28' title="bbox 2239 1488 3850 1564">
    <p class='ocr_par' dir='ltr' id='par_1_28' title="bbox 2239 1488 3850 1564">
     <span class='ocr_line' id='line_1_28' title="bbox 2239 1488 3850 1564; baseline 0 -18"><span class='ocrx_word' id='word_1_180' title='bbox 2239 1488 2704 1564; x_wconf 68' lang='lat' dir='ltr'>aﬁ&#39;eetionum,et</span> <span class='ocrx_word' id='word_1_181' title='bbox 2723 1507 2962 1546; x_wconf 81' lang='lat' dir='ltr'>eramus</span> <span class='ocrx_word' id='word_1_182' title='bbox 2978 1497 3202 1548; x_wconf 82' lang='lat' dir='ltr'>natura</span> <span class='ocrx_word' id='word_1_183' title='bbox 3217 1491 3335 1562; x_wconf 78' lang='lat' dir='ltr'>ﬁlii</span> <span class='ocrx_word' id='word_1_184' title='bbox 3349 1491 3615 1548; x_wconf 58' lang='lat' dir='ltr'>irc‘esicut</span> <span class='ocrx_word' id='word_1_185' title='bbox 3631 1495 3682 1544; x_wconf 87' lang='lat' dir='ltr'>et</span> <span class='ocrx_word' id='word_1_186' title='bbox 3705 1498 3850 1547; x_wconf 66' lang='lat' dir='ltr'>caete-</span> 
     </span>
    </p>
   </div>
   <div class='ocr_carea' id='block_1_29' title="bbox 2241 1579 3852 1652">
    <p class='ocr_par' dir='ltr' id='par_1_29' title="bbox 2241 1579 3852 1652">
     <span class='ocr_line' id='line_1_29' title="bbox 2241 1579 3852 1652; baseline -0.001 -18"><span class='ocrx_word' id='word_1_187' title='bbox 2241 1580 2315 1634; x_wconf 86' lang='lat' dir='ltr'>ri.</span> <span class='ocrx_word' id='word_1_188' title='bbox 2338 1583 2488 1636; x_wconf 74' lang='lat' dir='ltr'>Deus</span> <span class='ocrx_word' id='word_1_189' title='bbox 2514 1581 2846 1652; x_wconf 84' lang='lat' dir='ltr'>autem,qui</span> <span class='ocrx_word' id='word_1_190' title='bbox 2865 1581 3024 1637; x_wconf 80' lang='lat' dir='ltr'>dives</span> <span class='ocrx_word' id='word_1_191' title='bbox 3040 1584 3124 1636; x_wconf 79' lang='lat' dir='ltr'>est</span> <span class='ocrx_word' id='word_1_192' title='bbox 3142 1580 3203 1636; x_wconf 83' lang='lat' dir='ltr'>in</span> <span class='ocrx_word' id='word_1_193' title='bbox 3223 1579 3623 1636; x_wconf 71' lang='lat' dir='ltr'>misericordia</span> <span class='ocrx_word' id='word_1_194' title='bbox 3646 1585 3852 1652; x_wconf 72' lang='lat' dir='ltr'>propter</span> 
     </span>
    </p>
   </div>
   <div class='ocr_carea' id='block_1_30' title="bbox 2241 1667 3853 1743">
    <p class='ocr_par' dir='ltr' id='par_1_30' title="bbox 2241 1667 3853 1743">
     <span class='ocr_line' id='line_1_30' title="bbox 2241 1667 3853 1743; baseline 0.001 -20"><span class='ocrx_word' id='word_1_195' title='bbox 2241 1667 2498 1724; x_wconf 79' lang='lat' dir='ltr'>multam</span> <span class='ocrx_word' id='word_1_196' title='bbox 2522 1667 2898 1724; x_wconf 75' lang='lat' dir='ltr'>dilectionem</span> <span class='ocrx_word' id='word_1_197' title='bbox 2928 1685 3046 1743; x_wconf 80' lang='lat' dir='ltr'>qua</span> <span class='ocrx_word' id='word_1_198' title='bbox 3071 1669 3284 1726; x_wconf 70' lang='lat' dir='ltr'>dilexit</span> <span class='ocrx_word' id='word_1_199' title='bbox 3301 1679 3478 1736; x_wconf 64' lang='lat' dir='ltr'>nos,“</span> <span class='ocrx_word' id='word_1_200' title='bbox 3495 1685 3624 1726; x_wconf 85' lang='lat' dir='ltr'>cum</span> <span class='ocrx_word' id='word_1_201' title='bbox 3641 1683 3853 1724; x_wconf 71' lang='lat' dir='ltr'>essemus</span> 
     </span>
    </p>
   </div>
   <div class='ocr_carea' id='block_1_31' title="bbox 2239 1754 3854 1832">
    <p class='ocr_par' dir='ltr' id='par_1_31' title="bbox 2239 1754 3854 1832">
     <span class='ocr_line' id='line_1_31' title="bbox 2239 1754 3854 1832; baseline -0.001 -19"><span class='ocrx_word' id='word_1_202' title='bbox 2239 1759 2461 1814; x_wconf 81' lang='lat' dir='ltr'>mortui</span> <span class='ocrx_word' id='word_1_203' title='bbox 2475 1759 2732 1832; x_wconf 70' lang='lat' dir='ltr'>pecco/is</span> <span class='ocrx_word' id='word_1_204' title='bbox 2748 1754 3176 1830; x_wconf 82' lang='lat' dir='ltr'>eonriviﬁeavil</span> <span class='ocrx_word' id='word_1_205' title='bbox 3191 1774 3294 1816; x_wconf 76' lang='lat' dir='ltr'>nos</span> <span class='ocrx_word' id='word_1_206' title='bbox 3309 1757 3388 1816; x_wconf 79' lang='lat' dir='ltr'>Ob</span> <span class='ocrx_word' id='word_1_207' title='bbox 3397 1758 3728 1829; x_wconf 73' lang='lat' dir='ltr'>risto,enju.s</span> <span class='ocrx_word' id='word_1_208' title='bbox 3741 1771 3854 1830; x_wconf 67' lang='lat' dir='ltr'>gnua</span> 
     </span>
    </p>
   </div>
   <div class='ocr_carea' id='block_1_32' title="bbox 2240 1843 3854 1920">
    <p class='ocr_par' dir='ltr' id='par_1_32' title="bbox 2240 1843 3854 1920">
     <span class='ocr_line' id='line_1_32' title="bbox 2240 1843 3854 1920; baseline -0.001 -18"><span class='ocrx_word' id='word_1_209' title='bbox 2240 1847 2332 1902; x_wconf 82' lang='lat' dir='ltr'>lia</span> <span class='ocrx_word' id='word_1_210' title='bbox 2349 1859 2545 1902; x_wconf 74' lang='lat' dir='ltr'>sumus</span> <span class='ocrx_word' id='word_1_211' title='bbox 2562 1848 2782 1904; x_wconf 68' lang='lat' dir='ltr'>saluati</span> <span class='ocrx_word' id='word_1_212' title='bbox 2803 1843 3034 1920; x_wconf 76' lang='lat' dir='ltr'>(Ephes.</span> <span class='ocrx_word' id='word_1_213' title='bbox 3057 1865 3117 1906; x_wconf 85' lang='grc' dir='ltr'>ιι.</span> <span class='ocrx_word' id='word_1_214' title='bbox 3133 1847 3209 1919; x_wconf 88' lang='lat'>3).</span> <span class='ocrx_word' id='word_1_215' title='bbox 3225 1846 3372 1914; x_wconf 85' lang='lat' dir='ltr'>Quid</span> <span class='ocrx_word' id='word_1_216' title='bbox 3398 1850 3491 1902; x_wconf 85' lang='lat' dir='ltr'>est</span> <span class='ocrx_word' id='word_1_217' title='bbox 3510 1861 3644 1919; x_wconf 82' lang='lat' dir='ltr'>ergo</span> <span class='ocrx_word' id='word_1_218' title='bbox 3664 1843 3854 1902; x_wconf 80' lang='lat' dir='ltr'>malitia</span> 
     </span>
    </p>
   </div>
   <div class='ocr_carea' id='block_1_33' title="bbox 479 1932 3854 2035">
    <p class='ocr_par' dir='ltr' id='par_1_33' title="bbox 479 1932 3854 2035">
     <span class='ocr_line' id='line_1_33' title="bbox 479 1932 3854 2035; baseline 0 -45"><span class='ocrx_word' id='word_1_219' title='bbox 479 1935 552 1990; x_wconf 92' lang='lat' dir='ltr'>ad</span> <span class='ocrx_word' id='word_1_220' title='bbox 584 1934 766 1990; x_wconf 90' lang='lat' dir='ltr'>Deum</span> <span class='ocrx_word' id='word_1_221' title='bbox 797 1935 1080 2003; x_wconf 87' lang='lat' dir='ltr'>tenditur,</span> <span class='ocrx_word' id='word_1_222' title='bbox 1105 1935 1286 1991; x_wconf 90' lang='lat' dir='ltr'>Deum</span> <span class='ocrx_word' id='word_1_223' title='bbox 1321 1936 1702 2007; x_wconf 88' lang='lat' dir='ltr'>proﬁteamur</span> <span class='ocrx_word' id='word_1_224' title='bbox 1731 1940 2049 2003; x_wconf 87' lang='lat' dir='ltr'>auctorem,</span> <span class='ocrx_word' id='word_1_225' title='bbox 2073 1942 2132 1992; x_wconf 88' lang='lat' dir='ltr'>et</span> <span class='ocrx_word' id='word_1_226' title='bbox 2157 1969 2208 2035; x_wconf 76' lang='grc' dir='ltr'><strong>Β</strong></span> <span class='ocrx_word' id='word_1_227' title='bbox 2246 1935 2530 1993; x_wconf 88' lang='lat' dir='ltr'>naturalis</span> <span class='ocrx_word' id='word_1_228' title='bbox 2558 1936 2835 2005; x_wconf 89' lang='lat' dir='ltr'>hominis,</span> <span class='ocrx_word' id='word_1_229' title='bbox 2859 1941 2918 1992; x_wconf 91' lang='lat' dir='ltr'>et</span> <span class='ocrx_word' id='word_1_230' title='bbox 2937 1953 3133 1992; x_wconf 87' lang='lat' dir='ltr'>semen</span> <span class='ocrx_word' id='word_1_231' title='bbox 3166 1935 3547 1991; x_wconf 88' lang='lat' dir='ltr'>maledictum</span> <span class='ocrx_word' id='word_1_232' title='bbox 3577 1935 3648 1991; x_wconf 92' lang='lat' dir='ltr'>ab</span> <span class='ocrx_word' id='word_1_233' title='bbox 3695 1932 3854 2004; x_wconf 86' lang='lat' dir='ltr'>initio,</span> 
     </span>
    </p>
   </div>
   <div class='ocr_carea' id='block_1_34' title="bbox 479 2023 2132 2096">
    <p class='ocr_par' dir='ltr' id='par_1_34' title="bbox 479 2023 2132 2096">
     <span class='ocr_line' id='line_1_34' title="bbox 479 2023 2132 2096; baseline 0.001 -16"><span class='ocrx_word' id='word_1_234' title='bbox 479 2041 598 2080; x_wconf 88' lang='lat' dir='ltr'>non</span> <span class='ocrx_word' id='word_1_235' title='bbox 627 2023 969 2080; x_wconf 90' lang='lat' dir='ltr'>dubitemus</span> <span class='ocrx_word' id='word_1_236' title='bbox 998 2023 1070 2079; x_wconf 90' lang='lat' dir='ltr'>ab</span> <span class='ocrx_word' id='word_1_237' title='bbox 1101 2023 1287 2096; x_wconf 89' lang='lat' dir='ltr'>ipsius</span> <span class='ocrx_word' id='word_1_238' title='bbox 1307 2023 1495 2095; x_wconf 86' lang='lat' dir='ltr'>gratia</span> <span class='ocrx_word' id='word_1_239' title='bbox 1519 2023 1718 2080; x_wconf 88' lang='lat' dir='ltr'>omnia</span> <span class='ocrx_word' id='word_1_240' title='bbox 1736 2024 1995 2080; x_wconf 87' lang='lat' dir='ltr'>hominis</span> <span class='ocrx_word' id='word_1_241' title='bbox 2017 2042 2132 2081; x_wconf 89' lang='lat' dir='ltr'>me-</span> 
     </span>
    </p>
   </div>
   <div class='ocr_carea' id='block_1_35' title="bbox 478 2108 2132 2184">
    <p class='ocr_par' dir='ltr' id='par_1_35' title="bbox 478 2108 2132 2184">
     <span class='ocr_line' id='line_1_35' title="bbox 478 2108 2132 2184; baseline 0.003 -19"><span class='ocrx_word' id='word_1_242' title='bbox 478 2108 594 2166; x_wconf 83' lang='lat' dir='ltr'>rita</span> <span class='ocrx_word' id='word_1_243' title='bbox 620 2109 941 2182; x_wconf 66' lang='lat' dir='ltr'>praeveniri,</span> <span class='ocrx_word' id='word_1_244' title='bbox 963 2127 1066 2183; x_wconf 89' lang='lat' dir='ltr'>per</span> <span class='ocrx_word' id='word_1_245' title='bbox 1084 2127 1256 2184; x_wconf 89' lang='lat' dir='ltr'>quem</span> <span class='ocrx_word' id='word_1_246' title='bbox 1285 2111 1349 2166; x_wconf 89' lang='lat' dir='ltr'>ﬁt</span> <span class='ocrx_word' id='word_1_247' title='bbox 1369 2115 1432 2166; x_wconf 90' lang='lat' dir='ltr'>ut</span> <span class='ocrx_word' id='word_1_248' title='bbox 1469 2111 1689 2184; x_wconf 88' lang='lat' dir='ltr'>aliquid</span> <span class='ocrx_word' id='word_1_249' title='bbox 1737 2111 1872 2169; x_wconf 91' lang='lat' dir='ltr'>boni</span> <span class='ocrx_word' id='word_1_250' title='bbox 1905 2117 1962 2168; x_wconf 89' lang='lat' dir='ltr'>et</span> <span class='ocrx_word' id='word_1_251' title='bbox 1988 2112 2132 2170; x_wconf 87' lang='lat' dir='ltr'>velle</span> 
     </span>
    </p>
   </div>
   <div class='ocr_carea' id='block_1_36' title="bbox 477 2197 2131 2271">
    <p class='ocr_par' dir='ltr' id='par_1_36' title="bbox 477 2197 2131 2271">
     <span class='ocr_line' id='line_1_36' title="bbox 477 2197 2131 2271; baseline 0.004 -19"><span class='ocrx_word' id='word_1_252' title='bbox 477 2197 831 2270; x_wconf 86' lang='lat' dir='ltr'>incipiamus</span> <span class='ocrx_word' id='word_1_253' title='bbox 853 2203 909 2254; x_wconf 87' lang='lat' dir='ltr'>et</span> <span class='ocrx_word' id='word_1_254' title='bbox 939 2199 1145 2254; x_wconf 89' lang='lat' dir='ltr'>facere.</span> <span class='ocrx_word' id='word_1_255' title='bbox 1165 2201 1288 2266; x_wconf 88' lang='lat' dir='ltr'>Quo</span> <span class='ocrx_word' id='word_1_256' title='bbox 1316 2199 1518 2271; x_wconf 87' lang='lat' dir='ltr'>utique</span> <span class='ocrx_word' id='word_1_257' title='bbox 1557 2199 1772 2255; x_wconf 85' lang='lat' dir='ltr'>auxilio</span> <span class='ocrx_word' id='word_1_258' title='bbox 1803 2205 1861 2256; x_wconf 91' lang='lat' dir='ltr'>et</span> <span class='ocrx_word' id='word_1_259' title='bbox 1889 2219 2131 2258; x_wconf 90' lang='lat' dir='ltr'>munere</span> 
     </span>
    </p>
   </div>
   <div class='ocr_carea' id='block_1_37' title="bbox 476 2285 2133 2356">
    <p class='ocr_par' dir='ltr' id='par_1_37' title="bbox 476 2285 2133 2356">
     <span class='ocr_line' id='line_1_37' title="bbox 476 2285 2133 2356; baseline 0.002 -14"><span class='ocrx_word' id='word_1_260' title='bbox 476 2285 582 2342; x_wconf 87' lang='lat' dir='ltr'>Dei</span> <span class='ocrx_word' id='word_1_261' title='bbox 603 2303 715 2341; x_wconf 92' lang='lat' dir='ltr'>non</span> <span class='ocrx_word' id='word_1_262' title='bbox 741 2287 1002 2342; x_wconf 79' lang='lat' dir='ltr'>aufertur</span> <span class='ocrx_word' id='word_1_263' title='bbox 1023 2285 1274 2342; x_wconf 90' lang='lat' dir='ltr'>liberum</span> <span class='ocrx_word' id='word_1_264' title='bbox 1299 2287 1602 2342; x_wconf 88' lang='lat' dir='ltr'>arbitrium</span> <span class='ocrx_word' id='word_1_265' title='bbox 1627 2290 1725 2344; x_wconf 90' lang='lat' dir='ltr'>sed</span> <span class='ocrx_word' id='word_1_266' title='bbox 1751 2288 2050 2356; x_wconf 87' lang='lat' dir='ltr'>liberatur,</span> <span class='ocrx_word' id='word_1_267' title='bbox 2068 2294 2133 2346; x_wconf 90' lang='lat' dir='ltr'>ut</span> 
     </span>
    </p>
   </div>
   <div class='ocr_carea' id='block_1_38' title="bbox 477 2374 2130 2451">
    <p class='ocr_par' dir='ltr' id='par_1_38' title="bbox 477 2374 2130 2451">
     <span class='ocr_line' id='line_1_38' title="bbox 477 2374 2130 2451; baseline 0.002 -20"><span class='ocrx_word' id='word_1_268' title='bbox 477 2375 549 2431; x_wconf 90' lang='lat' dir='ltr'>de</span> <span class='ocrx_word' id='word_1_269' title='bbox 571 2377 876 2432; x_wconf 83' lang='lat' dir='ltr'>tenebroso</span> <span class='ocrx_word' id='word_1_270' title='bbox 908 2374 1192 2447; x_wconf 89' lang='lat' dir='ltr'>lucidum,</span> <span class='ocrx_word' id='word_1_271' title='bbox 1219 2377 1290 2430; x_wconf 92' lang='lat' dir='ltr'>de</span> <span class='ocrx_word' id='word_1_272' title='bbox 1311 2393 1484 2447; x_wconf 87' lang='lat' dir='ltr'>pravo</span> <span class='ocrx_word' id='word_1_273' title='bbox 1511 2378 1831 2443; x_wconf 88' lang='lat' dir='ltr'>rectum,de</span> <span class='ocrx_word' id='word_1_274' title='bbox 1853 2377 2130 2451; x_wconf 87' lang='lat' dir='ltr'>languido</span> 
     </span>
    </p>
   </div>
   <div class='ocr_carea' id='block_1_39' title="bbox 483 2464 2130 2538">
    <p class='ocr_par' dir='ltr' id='par_1_39' title="bbox 483 2464 2130 2538">
     <span class='ocr_line' id='line_1_39' title="bbox 483 2464 2130 2538; baseline 0.004 -20"><span class='ocrx_word' id='word_1_275' title='bbox 483 2481 716 2532; x_wconf 88' lang='lat' dir='ltr'>sanum,</span> <span class='ocrx_word' id='word_1_276' title='bbox 753 2465 820 2520; x_wconf 89' lang='lat' dir='ltr'>de</span> <span class='ocrx_word' id='word_1_277' title='bbox 851 2464 1221 2538; x_wconf 81' lang='lat' dir='ltr'>imprudente</span> <span class='ocrx_word' id='word_1_278' title='bbox 1253 2465 1330 2520; x_wconf 90' lang='lat' dir='ltr'>sit</span> <span class='ocrx_word' id='word_1_279' title='bbox 1361 2467 1688 2538; x_wconf 84' lang='lat' dir='ltr'>providum.</span> <span class='ocrx_word' id='word_1_280' title='bbox 1724 2489 1751 2515; x_wconf 92' lang='grc'><strong>››</strong></span> <span class='ocrx_word' id='word_1_281' title='bbox 1783 2469 1852 2522; x_wconf 87' lang='lat' dir='ltr'>Et</span> <span class='ocrx_word' id='word_1_282' title='bbox 1889 2472 2130 2524; x_wconf 87' lang='lat' dir='ltr'>sanctus</span> 
     </span>
    </p>
   </div>
   <div class='ocr_carea' id='block_1_40' title="bbox 491 2553 2133 2633">
    <p class='ocr_par' dir='ltr' id='par_1_40' title="bbox 491 2553 2133 2633">
     <span class='ocr_line' id='line_1_40' title="bbox 491 2553 2133 2633; baseline 0.002 -25"><span class='ocrx_word' id='word_1_283' title='bbox 491 2553 858 2633; x_wconf 79' lang='lat' dir='ltr'>Augustinus</span> <span class='ocrx_word' id='word_1_284' title='bbox 887 2553 945 2607; x_wconf 91' lang='lat' dir='ltr'>in</span> <span class='ocrx_word' id='word_1_285' title='bbox 979 2553 1344 2610; x_wconf 86' lang='lat' dir='ltr'>absolutione</span> <span class='ocrx_word' id='word_1_286' title='bbox 1375 2553 1711 2626; x_wconf 59' lang='lat' dir='ltr'>quaestionis</span> <span class='ocrx_word' id='word_1_287' title='bbox 1730 2557 1910 2614; x_wconf 66' lang='lat' dir='ltr'>tertiae</span> <span class='ocrx_word' id='word_1_288' title='bbox 1931 2563 2133 2613; x_wconf 86' lang='lat' dir='ltr'>contra</span> 
     </span>
    </p>
   </div>
   <div class='ocr_carea' id='block_1_41' title="bbox 485 2641 2126 2717">
    <p class='ocr_par' dir='ltr' id='par_1_41' title="bbox 485 2641 2126 2717">
     <span class='ocr_line' id='line_1_41' title="bbox 485 2641 2126 2717; baseline 0.004 -21"><span class='ocrx_word' id='word_1_289' title='bbox 485 2641 824 2714; x_wconf 83' lang='lat' dir='ltr'>Pelagianos</span> <span class='ocrx_word' id='word_1_290' title='bbox 845 2647 903 2698; x_wconf 91' lang='lat' dir='ltr'>et</span> <span class='ocrx_word' id='word_1_291' title='bbox 933 2641 1306 2699; x_wconf 86' lang='lat' dir='ltr'>Coclestianos</span> <span class='ocrx_word' id='word_1_292' title='bbox 1331 2645 1816 2716; x_wconf 83' lang='lat' dir='ltr'>llypomnesticon</span> <span class='ocrx_word' id='word_1_293' title='bbox 1837 2645 1986 2702; x_wconf 89' lang='lat' dir='ltr'>libro</span> <span class='ocrx_word' id='word_1_294' title='bbox 2008 2647 2126 2717; x_wconf 80' lang='lat' dir='ltr'>(lib.</span> 
     </span>
    </p>
   </div>
   <div class='ocr_carea' id='block_1_42' title="bbox 489 2731 2130 2804">
    <p class='ocr_par' dir='ltr' id='par_1_42' title="bbox 489 2731 2130 2804">
     <span class='ocr_line' id='line_1_42' title="bbox 489 2731 2130 2804; baseline 0.002 -18"><span class='ocrx_word' id='word_1_295' title='bbox 489 2747 554 2786; x_wconf 92' lang='grc' dir='ltr'>ιιι</span> <span class='ocrx_word' id='word_1_296' title='bbox 582 2731 676 2786; x_wconf 80' lang='lat' dir='ltr'>svb</span> <span class='ocrx_word' id='word_1_297' title='bbox 706 2732 953 2800; x_wconf 79' lang='lat' dir='ltr'>initium)</span> <span class='ocrx_word' id='word_1_298' title='bbox 987 2748 1001 2786; x_wconf 89' lang='lat'><strong>:</strong></span> <span class='ocrx_word' id='word_1_299' title='bbox 1027 2755 1052 2782; x_wconf 87' lang='grc'><strong>‹‹</strong></span> <span class='ocrx_word' id='word_1_300' title='bbox 1080 2731 1264 2804; x_wconf 87' lang='lat' dir='ltr'>Igitur</span> <span class='ocrx_word' id='word_1_301' title='bbox 1282 2731 1528 2788; x_wconf 71' lang='lat' dir='ltr'>liberum</span> <span class='ocrx_word' id='word_1_302' title='bbox 1552 2732 1860 2790; x_wconf 85' lang='lat' dir='ltr'>arbitrium</span> <span class='ocrx_word' id='word_1_303' title='bbox 1883 2734 2130 2790; x_wconf 86' lang='lat' dir='ltr'>homini-</span> 
     </span>
    </p>
   </div>
   <div class='ocr_carea' id='block_1_43' title="bbox 483 2819 2129 2896">
    <p class='ocr_par' dir='ltr' id='par_1_43' title="bbox 483 2819 2129 2896">
     <span class='ocr_line' id='line_1_43' title="bbox 483 2819 2129 2896; baseline 0.003 -22"><span class='ocrx_word' id='word_1_304' title='bbox 483 2819 596 2875; x_wconf 89' lang='lat' dir='ltr'>bus</span> <span class='ocrx_word' id='word_1_305' title='bbox 621 2835 748 2876; x_wconf 91' lang='lat' dir='ltr'>esse</span> <span class='ocrx_word' id='word_1_306' title='bbox 779 2824 936 2876; x_wconf 86' lang='lat' dir='ltr'>certa</span> <span class='ocrx_word' id='word_1_307' title='bbox 959 2821 1070 2876; x_wconf 89' lang='lat' dir='ltr'>ﬁde</span> <span class='ocrx_word' id='word_1_308' title='bbox 1113 2819 1426 2888; x_wconf 89' lang='lat' dir='ltr'>credimus,</span> <span class='ocrx_word' id='word_1_309' title='bbox 1451 2825 1508 2877; x_wconf 86' lang='lat' dir='ltr'>et</span> <span class='ocrx_word' id='word_1_310' title='bbox 1553 2820 1954 2878; x_wconf 82' lang='lat' dir='ltr'>indubitanter</span> <span class='ocrx_word' id='word_1_311' title='bbox 1984 2839 2129 2896; x_wconf 73' lang='lat' dir='ltr'>prae-</span> 
     </span>
    </p>
   </div>
   <div class='ocr_carea' id='block_1_44' title="bbox 482 2906 2131 2985">
    <p class='ocr_par' dir='ltr' id='par_1_44' title="bbox 482 2906 2131 2985">
     <span class='ocr_line' id='line_1_44' title="bbox 482 2906 2131 2985; baseline 0.004 -22"><span class='ocrx_word' id='word_1_312' title='bbox 482 2906 749 2966; x_wconf 85' lang='lat' dir='ltr'>dicamus</span> <span class='ocrx_word' id='word_1_313' title='bbox 783 2925 796 2964; x_wconf 87' lang='lat'><strong>:</strong></span> <span class='ocrx_word' id='word_1_314' title='bbox 821 2913 876 2965; x_wconf 91' lang='lat' dir='ltr'>et</span> <span class='ocrx_word' id='word_1_315' title='bbox 901 2927 1008 2964; x_wconf 90' lang='lat' dir='ltr'>cur</span> <span class='ocrx_word' id='word_1_316' title='bbox 1035 2909 1284 2966; x_wconf 90' lang='lat' dir='ltr'>liberum</span> <span class='ocrx_word' id='word_1_317' title='bbox 1309 2909 1538 2966; x_wconf 89' lang='lat' dir='ltr'>dicatur</span> <span class='ocrx_word' id='word_1_318' title='bbox 1556 2910 1861 2967; x_wconf 89' lang='lat' dir='ltr'>arbitrium</span> <span class='ocrx_word' id='word_1_319' title='bbox 1884 2917 1972 2969; x_wconf 89' lang='lat' dir='ltr'>est</span> <span class='ocrx_word' id='word_1_320' title='bbox 1993 2929 2131 2985; x_wconf 89' lang='lat' dir='ltr'>pau-</span> 
     </span>
    </p>
   </div>
   <div class='ocr_carea' id='block_1_45' title="bbox 481 2995 2128 3059">
    <p class='ocr_par' dir='ltr' id='par_1_45' title="bbox 481 2995 2128 3059">
     <span class='ocr_line' id='line_1_45' title="bbox 481 2995 2128 3059; baseline 0.004 -7"><span class='ocrx_word' id='word_1_321' title='bbox 481 2995 670 3053; x_wconf 90' lang='lat' dir='ltr'>lulum</span> <span class='ocrx_word' id='word_1_322' title='bbox 683 2997 1089 3054; x_wconf 88' lang='lat' dir='ltr'>disserendum</span> <span class='ocrx_word' id='word_1_323' title='bbox 1101 2998 1439 3054; x_wconf 85' lang='lat' dir='ltr'>.Arbitrium</span> <span class='ocrx_word' id='word_1_324' title='bbox 1463 2999 1684 3056; x_wconf 89' lang='lat' dir='ltr'>scilicet</span> <span class='ocrx_word' id='word_1_325' title='bbox 1705 3001 1778 3058; x_wconf 89' lang='lat' dir='ltr'>ab</span> <span class='ocrx_word' id='word_1_326' title='bbox 1791 3001 2128 3059; x_wconf 88' lang='lat' dir='ltr'>arbitrando</span> 
     </span>
    </p>
   </div>
   <div class='ocr_carea' id='block_1_46' title="bbox 480 3085 2130 3163">
    <p class='ocr_par' dir='ltr' id='par_1_46' title="bbox 480 3085 2130 3163">
     <span class='ocr_line' id='line_1_46' title="bbox 480 3085 2130 3163; baseline 0.002 -21"><span class='ocrx_word' id='word_1_327' title='bbox 480 3085 747 3142; x_wconf 87' lang='lat' dir='ltr'>rationali</span> <span class='ocrx_word' id='word_1_328' title='bbox 776 3087 1259 3154; x_wconf 86' lang='lat' dir='ltr'>consideratione,</span> <span class='ocrx_word' id='word_1_329' title='bbox 1277 3087 1366 3143; x_wconf 88' lang='lat' dir='ltr'>vel</span> <span class='ocrx_word' id='word_1_330' title='bbox 1387 3088 1771 3146; x_wconf 90' lang='lat' dir='ltr'>discernendo</span> <span class='ocrx_word' id='word_1_331' title='bbox 1792 3089 1932 3162; x_wconf 86' lang='lat' dir='ltr'>quid</span> <span class='ocrx_word' id='word_1_332' title='bbox 1953 3090 2130 3163; x_wconf 83' lang='lat' dir='ltr'>eligat</span> 
     </span>
    </p>
   </div>
   <div class='ocr_carea' id='block_1_47' title="bbox 477 3174 2125 3250">
    <p class='ocr_par' dir='ltr' id='par_1_47' title="bbox 477 3174 2125 3250">
     <span class='ocr_line' id='line_1_47' title="bbox 477 3174 2125 3250; baseline 0.004 -21"><span class='ocrx_word' id='word_1_333' title='bbox 477 3174 692 3246; x_wconf 87' lang='lat' dir='ltr'>quidve</span> <span class='ocrx_word' id='word_1_334' title='bbox 722 3180 1122 3248; x_wconf 89' lang='lat' dir='ltr'>recuset,puto</span> <span class='ocrx_word' id='word_1_335' title='bbox 1161 3177 1316 3248; x_wconf 87' lang='lat' dir='ltr'>quod</span> <span class='ocrx_word' id='word_1_336' title='bbox 1357 3193 1566 3233; x_wconf 89' lang='lat' dir='ltr'>nomen</span> <span class='ocrx_word' id='word_1_337' title='bbox 1600 3177 1822 3250; x_wconf 87' lang='lat' dir='ltr'>accepit</span> <span class='ocrx_word' id='word_1_338' title='bbox 1843 3194 1857 3235; x_wconf 90' lang='lat'><strong>:</strong></span> <span class='ocrx_word' id='word_1_339' title='bbox 1878 3178 1964 3234; x_wconf 94' lang='lat' dir='ltr'>vel</span> <span class='ocrx_word' id='word_1_340' title='bbox 1997 3179 2125 3236; x_wconf 90' lang='lat' dir='ltr'>ideo</span> 
     </span>
    </p>
   </div>
   <div class='ocr_carea' id='block_1_48' title="bbox 481 3263 2120 3340">
    <p class='ocr_par' dir='ltr' id='par_1_48' title="bbox 481 3263 2120 3340">
     <span class='ocr_line' id='line_1_48' title="bbox 481 3263 2120 3340; baseline 0.003 -22"><span class='ocrx_word' id='word_1_341' title='bbox 481 3263 732 3318; x_wconf 90' lang='lat' dir='ltr'>liberum</span> <span class='ocrx_word' id='word_1_342' title='bbox 759 3263 1006 3330; x_wconf 84' lang='lat' dir='ltr'>dictum,</span> <span class='ocrx_word' id='word_1_343' title='bbox 1027 3265 1180 3337; x_wconf 89' lang='lat' dir='ltr'>quod</span> <span class='ocrx_word' id='word_1_344' title='bbox 1211 3263 1270 3320; x_wconf 91' lang='lat' dir='ltr'>in</span> <span class='ocrx_word' id='word_1_345' title='bbox 1301 3282 1410 3320; x_wconf 91' lang='lat' dir='ltr'>sua</span> <span class='ocrx_word' id='word_1_346' title='bbox 1439 3265 1517 3322; x_wconf 89' lang='lat' dir='ltr'>sit</span> <span class='ocrx_word' id='word_1_347' title='bbox 1538 3266 1794 3338; x_wconf 90' lang='lat' dir='ltr'>positum</span> <span class='ocrx_word' id='word_1_348' title='bbox 1819 3271 2120 3340; x_wconf 86' lang='lat' dir='ltr'>potestate,</span> 
     </span>
    </p>
   </div>
   <div class='ocr_carea' id='block_1_49' title="bbox 477 3349 2128 3428">
    <p class='ocr_par' dir='ltr' id='par_1_49' title="bbox 477 3349 2128 3428">
     <span class='ocr_line' id='line_1_49' title="bbox 477 3349 2128 3428; baseline 0.003 -21"><span class='ocrx_word' id='word_1_349' title='bbox 477 3349 704 3408; x_wconf 85' lang='lat' dir='ltr'>habens</span> <span class='ocrx_word' id='word_1_350' title='bbox 723 3351 932 3424; x_wconf 87' lang='lat' dir='ltr'>agendi</span> <span class='ocrx_word' id='word_1_351' title='bbox 963 3353 1119 3425; x_wconf 88' lang='lat' dir='ltr'>quod</span> <span class='ocrx_word' id='word_1_352' title='bbox 1149 3352 1287 3408; x_wconf 87' lang='lat' dir='ltr'>velit</span> <span class='ocrx_word' id='word_1_353' title='bbox 1333 3353 1800 3426; x_wconf 88' lang='lat' dir='ltr'>possibilitatem,</span> <span class='ocrx_word' id='word_1_354' title='bbox 1835 3357 1986 3428; x_wconf 91' lang='lat' dir='ltr'>quod</span> <span class='ocrx_word' id='word_1_355' title='bbox 2037 3361 2128 3413; x_wconf 91' lang='lat' dir='ltr'>est</span> 
     </span>
    </p>
   </div>
   <div class='ocr_carea' id='block_1_50' title="bbox 475 3437 2124 3516">
    <p class='ocr_par' dir='ltr' id='par_1_50' title="bbox 475 3437 2124 3516">
     <span class='ocr_line' id='line_1_50' title="bbox 475 3437 2124 3516; baseline 0.003 -20"><span class='ocrx_word' id='word_1_356' title='bbox 475 3437 670 3496; x_wconf 85' lang='lat' dir='ltr'>vitalis</span> <span class='ocrx_word' id='word_1_357' title='bbox 699 3444 756 3495; x_wconf 89' lang='lat' dir='ltr'>et</span> <span class='ocrx_word' id='word_1_358' title='bbox 784 3440 1085 3496; x_wconf 87' lang='lat' dir='ltr'>rationalis</span> <span class='ocrx_word' id='word_1_359' title='bbox 1115 3441 1323 3497; x_wconf 66' lang='lat' dir='ltr'>anime:</span> <span class='ocrx_word' id='word_1_360' title='bbox 1354 3447 1568 3498; x_wconf 91' lang='lat' dir='ltr'>motus.</span> <span class='ocrx_word' id='word_1_361' title='bbox 1601 3444 1710 3499; x_wconf 88' lang='lat' dir='ltr'>Sed</span> <span class='ocrx_word' id='word_1_362' title='bbox 1762 3443 2124 3516; x_wconf 88' lang='lat' dir='ltr'>hujusmodi,</span> 
     </span>
    </p>
   </div>
   <div class='ocr_carea' id='block_1_51' title="bbox 477 3529 2124 3604">
    <p class='ocr_par' dir='ltr' id='par_1_51' title="bbox 477 3529 2124 3604">
     <span class='ocr_line' id='line_1_51' title="bbox 477 3529 2124 3604; baseline 0.004 -22"><span class='ocrx_word' id='word_1_363' title='bbox 477 3532 545 3583; x_wconf 90' lang='lat' dir='ltr'>ut</span> <span class='ocrx_word' id='word_1_364' title='bbox 570 3529 842 3600; x_wconf 87' lang='lat' dir='ltr'>antejam</span> <span class='ocrx_word' id='word_1_365' title='bbox 877 3529 1148 3596; x_wconf 82' lang='lat' dir='ltr'>dixi,fuit</span> <span class='ocrx_word' id='word_1_366' title='bbox 1195 3531 1253 3586; x_wconf 91' lang='lat' dir='ltr'>in</span> <span class='ocrx_word' id='word_1_367' title='bbox 1305 3530 1540 3586; x_wconf 88' lang='lat' dir='ltr'>homine</span> <span class='ocrx_word' id='word_1_368' title='bbox 1587 3531 2124 3604; x_wconf 87' lang='lat' dir='ltr'>protoplasto,cum</span> 
     </span>
    </p>
   </div>
   <div class='ocr_carea' id='block_1_52' title="bbox 478 3619 2124 3694">
    <p class='ocr_par' dir='ltr' id='par_1_52' title="bbox 478 3619 2124 3694">
     <span class='ocr_line' id='line_1_52' title="bbox 478 3619 2124 3694; baseline 0.004 -22"><span class='ocrx_word' id='word_1_369' title='bbox 478 3620 613 3672; x_wconf 86' lang='lat' dir='ltr'>ante</span> <span class='ocrx_word' id='word_1_370' title='bbox 633 3621 935 3690; x_wconf 86' lang='lat' dir='ltr'>peccatum</span> <span class='ocrx_word' id='word_1_371' title='bbox 960 3624 1219 3675; x_wconf 86' lang='lat' dir='ltr'>maneret</span> <span class='ocrx_word' id='word_1_372' title='bbox 1242 3619 1618 3676; x_wconf 77' lang='lat' dir='ltr'>illmsus.Non</span> <span class='ocrx_word' id='word_1_373' title='bbox 1649 3621 1804 3676; x_wconf 90' lang='lat' dir='ltr'>enim</span> <span class='ocrx_word' id='word_1_374' title='bbox 1831 3639 1933 3694; x_wconf 89' lang='lat' dir='ltr'>per</span> <span class='ocrx_word' id='word_1_375' title='bbox 1965 3622 2124 3678; x_wconf 91' lang='lat' dir='ltr'>aliud</span> 
     </span>
    </p>
   </div>
   <div class='ocr_carea' id='block_1_53' title="bbox 476 3705 2128 3782">
    <p class='ocr_par' dir='ltr' id='par_1_53' title="bbox 476 3705 2128 3782">
     <span class='ocr_line' id='line_1_53' title="bbox 476 3705 2128 3782; baseline 0.003 -20"><span class='ocrx_word' id='word_1_376' title='bbox 476 3705 766 3762; x_wconf 83' lang='lat' dir='ltr'>contraxit</span> <span class='ocrx_word' id='word_1_377' title='bbox 789 3707 1090 3775; x_wconf 76' lang='lat' dir='ltr'>offensam,</span> <span class='ocrx_word' id='word_1_378' title='bbox 1122 3707 1236 3764; x_wconf 89' lang='lat' dir='ltr'>nisi</span> <span class='ocrx_word' id='word_1_379' title='bbox 1267 3725 1371 3781; x_wconf 90' lang='lat' dir='ltr'>per</span> <span class='ocrx_word' id='word_1_380' title='bbox 1410 3708 1466 3764; x_wconf 92' lang='lat' dir='ltr'>id</span> <span class='ocrx_word' id='word_1_381' title='bbox 1501 3710 1654 3782; x_wconf 88' lang='lat' dir='ltr'>quod</span> <span class='ocrx_word' id='word_1_382' title='bbox 1686 3710 1878 3782; x_wconf 89' lang='lat' dir='ltr'>potuit</span> <span class='ocrx_word' id='word_1_383' title='bbox 1924 3728 1996 3766; x_wconf 89' lang='lat' dir='ltr'>ne</span> <span class='ocrx_word' id='word_1_384' title='bbox 2033 3712 2128 3767; x_wconf 88' lang='lat' dir='ltr'>de-</span> 
     </span>
    </p>
   </div>
   <div class='ocr_carea' id='block_1_54' title="bbox 479 3794 2122 3871">
    <p class='ocr_par' dir='ltr' id='par_1_54' title="bbox 479 3794 2122 3871">
     <span class='ocr_line' id='line_1_54' title="bbox 479 3794 2122 3871; baseline 0.003 -21"><span class='ocrx_word' id='word_1_385' title='bbox 479 3794 772 3868; x_wconf 88' lang='lat' dir='ltr'>linqueret</span> <span class='ocrx_word' id='word_1_386' title='bbox 807 3797 1078 3853; x_wconf 87' lang='lat' dir='ltr'>resistere</span> <span class='ocrx_word' id='word_1_387' title='bbox 1109 3797 1399 3854; x_wconf 87' lang='lat' dir='ltr'>suadenti.</span> <span class='ocrx_word' id='word_1_388' title='bbox 1424 3797 1530 3854; x_wconf 87' lang='lat' dir='ltr'>Per</span> <span class='ocrx_word' id='word_1_389' title='bbox 1557 3797 1702 3854; x_wconf 89' lang='lat' dir='ltr'>velle</span> <span class='ocrx_word' id='word_1_390' title='bbox 1734 3815 1870 3871; x_wconf 88' lang='lat' dir='ltr'>ergo</span> <span class='ocrx_word' id='word_1_391' title='bbox 1902 3799 2122 3855; x_wconf 88' lang='lat' dir='ltr'>malum</span> 
     </span>
    </p>
   </div>
   <div class='ocr_carea' id='block_1_55' title="bbox 477 3885 2123 3960">
    <p class='ocr_par' dir='ltr' id='par_1_55' title="bbox 477 3885 2123 3960">
     <span class='ocr_line' id='line_1_55' title="bbox 477 3885 2123 3960; baseline 0.004 -22"><span class='ocrx_word' id='word_1_392' title='bbox 477 3887 634 3939; x_wconf 89' lang='lat' dir='ltr'>recte</span> <span class='ocrx_word' id='word_1_393' title='bbox 664 3885 917 3956; x_wconf 88' lang='lat' dir='ltr'>perdidit</span> <span class='ocrx_word' id='word_1_394' title='bbox 947 3903 1117 3958; x_wconf 91' lang='lat' dir='ltr'>posse</span> <span class='ocrx_word' id='word_1_395' title='bbox 1147 3886 1389 3951; x_wconf 89' lang='lat' dir='ltr'>bonum,</span> <span class='ocrx_word' id='word_1_396' title='bbox 1423 3886 1523 3958; x_wconf 91' lang='lat' dir='ltr'>qui</span> <span class='ocrx_word' id='word_1_397' title='bbox 1556 3903 1658 3959; x_wconf 89' lang='lat' dir='ltr'>per</span> <span class='ocrx_word' id='word_1_398' title='bbox 1701 3903 1873 3960; x_wconf 89' lang='lat' dir='ltr'>posse</span> <span class='ocrx_word' id='word_1_399' title='bbox 1903 3889 2123 3945; x_wconf 89' lang='lat' dir='ltr'>bonum</span> 
     </span>
    </p>
   </div>
   <div class='ocr_carea' id='block_1_56' title="bbox 473 3970 2122 4049">
    <p class='ocr_par' dir='ltr' id='par_1_56' title="bbox 473 3970 2122 4049">
     <span class='ocr_line' id='line_1_56' title="bbox 473 3970 2122 4049; baseline 0.004 -21"><span class='ocrx_word' id='word_1_400' title='bbox 473 3971 669 4044; x_wconf 86' lang='lat' dir='ltr'>potuit</span> <span class='ocrx_word' id='word_1_401' title='bbox 696 3970 922 4029; x_wconf 86' lang='lat' dir='ltr'>vincere</span> <span class='ocrx_word' id='word_1_402' title='bbox 953 3974 1096 4030; x_wconf 83' lang='lat' dir='ltr'>velle</span> <span class='ocrx_word' id='word_1_403' title='bbox 1126 3975 1369 4030; x_wconf 83' lang='lat' dir='ltr'>malum.</span> <span class='ocrx_word' id='word_1_404' title='bbox 1403 3977 1580 4040; x_wconf 84' lang='lat' dir='ltr'>Quem</span> <span class='ocrx_word' id='word_1_405' title='bbox 1606 3976 1768 4046; x_wconf 89' lang='lat' dir='ltr'>juste</span> <span class='ocrx_word' id='word_1_406' title='bbox 1798 3977 1953 4034; x_wconf 90' lang='lat' dir='ltr'>Deus</span> <span class='ocrx_word' id='word_1_407' title='bbox 1995 3979 2122 4049; x_wconf 89' lang='lat' dir='ltr'>jam</span> 
     </span>
    </p>
   </div>
   <div class='ocr_carea' id='block_1_57' title="bbox 474 4059 2126 4136">
    <p class='ocr_par' dir='ltr' id='par_1_57' title="bbox 474 4059 2126 4136">
     <span class='ocr_line' id='line_1_57' title="bbox 474 4059 2126 4136; baseline 0.004 -20"><span class='ocrx_word' id='word_1_408' title='bbox 474 4059 685 4116; x_wconf 89' lang='lat' dir='ltr'>delicto</span> <span class='ocrx_word' id='word_1_409' title='bbox 735 4061 1025 4134; x_wconf 88' lang='lat' dir='ltr'>captivum</span> <span class='ocrx_word' id='word_1_410' title='bbox 1067 4063 1352 4120; x_wconf 90' lang='lat' dir='ltr'>voluntati</span> <span class='ocrx_word' id='word_1_411' title='bbox 1401 4065 1721 4136; x_wconf 66' lang='lat' dir='ltr'>depravatae</span> <span class='ocrx_word' id='word_1_412' title='bbox 1780 4066 2023 4134; x_wconf 89' lang='lat' dir='ltr'>dimisit,</span> <span class='ocrx_word' id='word_1_413' title='bbox 2059 4070 2126 4122; x_wconf 89' lang='lat' dir='ltr'>ut</span> 
     </span>
    </p>
   </div>
   <div class='ocr_carea' id='block_1_58' title="bbox 475 4147 2120 4226">
    <p class='ocr_par' dir='ltr' id='par_1_58' title="bbox 475 4147 2120 4226">
     <span class='ocr_line' id='line_1_58' title="bbox 475 4147 2120 4226; baseline 0.005 -24"><span class='ocrx_word' id='word_1_414' title='bbox 475 4147 596 4204; x_wconf 58' lang='lat' dir='ltr'>haec</span> <span class='ocrx_word' id='word_1_415' title='bbox 625 4149 812 4204; x_wconf 91' lang='lat' dir='ltr'>eidem</span> <span class='ocrx_word' id='word_1_416' title='bbox 845 4156 998 4206; x_wconf 88' lang='lat' dir='ltr'>esset</span> <span class='ocrx_word' id='word_1_417' title='bbox 1029 4169 1200 4224; x_wconf 58' lang='lat' dir='ltr'>paena</span> <span class='ocrx_word' id='word_1_418' title='bbox 1229 4153 1287 4207; x_wconf 91' lang='lat' dir='ltr'>in</span> <span class='ocrx_word' id='word_1_419' title='bbox 1319 4169 1434 4207; x_wconf 90' lang='lat' dir='ltr'>non</span> <span class='ocrx_word' id='word_1_420' title='bbox 1468 4151 1730 4209; x_wconf 86' lang='lat' dir='ltr'>faciendo</span> <span class='ocrx_word' id='word_1_421' title='bbox 1761 4154 1916 4226; x_wconf 92' lang='lat' dir='ltr'>quod</span> <span class='ocrx_word' id='word_1_422' title='bbox 1963 4153 2120 4221; x_wconf 89' lang='lat' dir='ltr'>velit,</span> 
     </span>
    </p>
   </div>
   <div class='ocr_carea' id='block_1_59' title="bbox 475 4238 2122 4314">
    <p class='ocr_par' dir='ltr' id='par_1_59' title="bbox 475 4238 2122 4314">
     <span class='ocr_line' id='line_1_59' title="bbox 475 4238 2122 4314; baseline 0.005 -24"><span class='ocrx_word' id='word_1_423' title='bbox 475 4251 603 4308; x_wconf 74' lang='lat' dir='ltr'>quae</span> <span class='ocrx_word' id='word_1_424' title='bbox 633 4253 864 4308; x_wconf 87' lang='lat' dir='ltr'>semper</span> <span class='ocrx_word' id='word_1_425' title='bbox 883 4238 930 4293; x_wconf 92' lang='lat' dir='ltr'>si</span> <span class='ocrx_word' id='word_1_426' title='bbox 955 4239 1068 4295; x_wconf 91' lang='lat' dir='ltr'>Deo</span> <span class='ocrx_word' id='word_1_427' title='bbox 1093 4239 1298 4296; x_wconf 79' lang='lat' dir='ltr'>fuisset</span> <span class='ocrx_word' id='word_1_428' title='bbox 1318 4239 1597 4296; x_wconf 89' lang='lat' dir='ltr'>obediens</span> <span class='ocrx_word' id='word_1_429' title='bbox 1619 4243 1888 4298; x_wconf 87' lang='lat' dir='ltr'>sufﬁcere</span> <span class='ocrx_word' id='word_1_430' title='bbox 1906 4243 2122 4314; x_wconf 74' lang='lat' dir='ltr'>potuis~</span> 
     </span>
    </p>
   </div>
   <div class='ocr_carea' id='block_1_60' title="bbox 475 4324 2122 4403">
    <p class='ocr_par' dir='ltr' id='par_1_60' title="bbox 475 4324 2122 4403">
     <span class='ocr_line' id='line_1_60' title="bbox 475 4324 2122 4403; baseline 0.005 -24"><span class='ocrx_word' id='word_1_431' title='bbox 475 4327 564 4380; x_wconf 88' lang='lat' dir='ltr'>set</span> <span class='ocrx_word' id='word_1_432' title='bbox 583 4324 652 4379; x_wconf 90' lang='lat' dir='ltr'>ad</span> <span class='ocrx_word' id='word_1_433' title='bbox 679 4341 848 4381; x_wconf 91' lang='lat' dir='ltr'>omne</span> <span class='ocrx_word' id='word_1_434' title='bbox 879 4326 1100 4382; x_wconf 86' lang='lat' dir='ltr'>bonum</span> <span class='ocrx_word' id='word_1_435' title='bbox 1131 4329 1286 4400; x_wconf 90' lang='lat' dir='ltr'>quod</span> <span class='ocrx_word' id='word_1_436' title='bbox 1339 4328 1634 4385; x_wconf 86' lang='lat' dir='ltr'>voluisset.</span> <span class='ocrx_word' id='word_1_437' title='bbox 1663 4329 1880 4386; x_wconf 91' lang='lat' dir='ltr'>Malum</span> <span class='ocrx_word' id='word_1_438' title='bbox 1926 4331 2122 4403; x_wconf 87' lang='lat' dir='ltr'>itaque</span> 
     </span>
    </p>
   </div>
   <div class='ocr_carea' id='block_1_61' title="bbox 473 4411 2121 4488">
    <p class='ocr_par' dir='ltr' id='par_1_61' title="bbox 473 4411 2121 4488">
     <span class='ocr_line' id='line_1_61' title="bbox 473 4411 2121 4488; baseline 0.006 -22"><span class='ocrx_word' id='word_1_439' title='bbox 473 4411 619 4468; x_wconf 89' lang='lat' dir='ltr'>velle</span> <span class='ocrx_word' id='word_1_440' title='bbox 642 4428 755 4468; x_wconf 92' lang='lat' dir='ltr'>non</span> <span class='ocrx_word' id='word_1_441' title='bbox 787 4431 855 4469; x_wconf 80' lang='lat' dir='ltr'>ex</span> <span class='ocrx_word' id='word_1_442' title='bbox 886 4420 1105 4472; x_wconf 69' lang='lat' dir='ltr'>natura:</span> <span class='ocrx_word' id='word_1_443' title='bbox 1148 4435 1268 4473; x_wconf 75' lang='lat' dir='ltr'>suze</span> <span class='ocrx_word' id='word_1_444' title='bbox 1315 4417 1646 4473; x_wconf 89' lang='lat' dir='ltr'>conditione</span> <span class='ocrx_word' id='word_1_445' title='bbox 1694 4420 1847 4474; x_wconf 88' lang='lat' dir='ltr'>bona</span> <span class='ocrx_word' id='word_1_446' title='bbox 1895 4419 2121 4488; x_wconf 85' lang='lat' dir='ltr'>habuit,</span> 
     </span>
    </p>
   </div>
   <div class='ocr_carea' id='block_1_62' title="bbox 473 4504 2118 4576">
    <p class='ocr_par' dir='ltr' id='par_1_62' title="bbox 473 4504 2118 4576">
     <span class='ocr_line' id='line_1_62' title="bbox 473 4504 2118 4576; baseline 0.006 -21"><span class='ocrx_word' id='word_1_447' title='bbox 473 4504 754 4567; x_wconf 82' lang='lat' dir='ltr'>tanquam</span> <span class='ocrx_word' id='word_1_448' title='bbox 785 4519 852 4557; x_wconf 85' lang='lat' dir='ltr'>ex</span> <span class='ocrx_word' id='word_1_449' title='bbox 883 4507 1186 4575; x_wconf 79' lang='lat' dir='ltr'>congenito</span> <span class='ocrx_word' id='word_1_450' title='bbox 1217 4505 1392 4574; x_wconf 89' lang='lat' dir='ltr'>malo,</span> <span class='ocrx_word' id='word_1_451' title='bbox 1419 4512 1483 4563; x_wconf 88' lang='lat' dir='ltr'>ut</span> <span class='ocrx_word' id='word_1_452' title='bbox 1515 4507 1875 4565; x_wconf 74' lang='lat' dir='ltr'>Manichzeus</span> <span class='ocrx_word' id='word_1_453' title='bbox 1913 4509 2118 4576; x_wconf 89' lang='lat' dir='ltr'>credit,</span> 
     </span>
    </p>
   </div>
   <div class='ocr_carea' id='block_1_63' title="bbox 474 4587 2122 4670">
    <p class='ocr_par' dir='ltr' id='par_1_63' title="bbox 474 4587 2122 4670">
     <span class='ocr_line' id='line_1_63' title="bbox 474 4587 2122 4670; baseline 0.007 -27"><span class='ocrx_word' id='word_1_454' title='bbox 474 4587 576 4644; x_wconf 84' lang='lat' dir='ltr'>sed</span> <span class='ocrx_word' id='word_1_455' title='bbox 597 4604 666 4644; x_wconf 80' lang='lat' dir='ltr'>ex</span> <span class='ocrx_word' id='word_1_456' title='bbox 693 4591 974 4646; x_wconf 84' lang='lat' dir='ltr'>accidenti</span> <span class='ocrx_word' id='word_1_457' title='bbox 1005 4593 1294 4650; x_wconf 88' lang='lat' dir='ltr'>desiderio</span> <span class='ocrx_word' id='word_1_458' title='bbox 1325 4613 1498 4667; x_wconf 88' lang='lat' dir='ltr'>pravo</span> <span class='ocrx_word' id='word_1_459' title='bbox 1528 4597 1814 4670; x_wconf 89' lang='lat' dir='ltr'>concepit.</span> <span class='ocrx_word' id='word_1_460' title='bbox 1850 4619 1878 4647; x_wconf 69' lang='grc' dir='ltr'><strong>η</strong></span> <span class='ocrx_word' id='word_1_461' title='bbox 1909 4599 2122 4655; x_wconf 86' lang='lat' dir='ltr'>Contra</span> 
     </span>
    </p>
   </div>
   <div class='ocr_carea' id='block_1_64' title="bbox 2239 2023 3852 2098">
    <p class='ocr_par' dir='ltr' id='par_1_64' title="bbox 2239 2023 3852 2098">
     <span class='ocr_line' id='line_1_64' title="bbox 2239 2023 3852 2098; baseline -0.002 -17"><span class='ocrx_word' id='word_1_462' title='bbox 2239 2030 2299 2082; x_wconf 89' lang='lat' dir='ltr'>et</span> <span class='ocrx_word' id='word_1_463' title='bbox 2317 2025 2598 2098; x_wconf 88' lang='lat' dir='ltr'>procreati</span> <span class='ocrx_word' id='word_1_464' title='bbox 2622 2024 2970 2081; x_wconf 89' lang='lat' dir='ltr'>naturaliter</span> <span class='ocrx_word' id='word_1_465' title='bbox 2989 2025 3046 2080; x_wconf 91' lang='lat' dir='ltr'>in</span> <span class='ocrx_word' id='word_1_466' title='bbox 3070 2023 3463 2096; x_wconf 82' lang='lat' dir='ltr'>captivitatem</span> <span class='ocrx_word' id='word_1_467' title='bbox 3490 2028 3546 2081; x_wconf 89' lang='lat' dir='ltr'>et</span> <span class='ocrx_word' id='word_1_468' title='bbox 3567 2023 3852 2090; x_wconf 80' lang='lat' dir='ltr'>interitum,</span> 
     </span>
    </p>
   </div>
   <div class='ocr_carea' id='block_1_65' title="bbox 2239 2110 3857 2186">
    <p class='ocr_par' dir='ltr' id='par_1_65' title="bbox 2239 2110 3857 2186">
     <span class='ocr_line' id='line_1_65' title="bbox 2239 2110 3857 2186; baseline -0.001 -17"><span class='ocrx_word' id='word_1_469' title='bbox 2239 2117 2298 2170; x_wconf 92' lang='lat' dir='ltr'>et</span> <span class='ocrx_word' id='word_1_470' title='bbox 2328 2117 2534 2169; x_wconf 89' lang='lat' dir='ltr'>natura</span> <span class='ocrx_word' id='word_1_471' title='bbox 2565 2113 2666 2168; x_wconf 90' lang='lat' dir='ltr'>ﬁlii</span> <span class='ocrx_word' id='word_1_472' title='bbox 2693 2113 2828 2168; x_wconf 67' lang='lat' dir='ltr'>iris?</span> <span class='ocrx_word' id='word_1_473' title='bbox 2846 2113 3118 2186; x_wconf 88' lang='lat' dir='ltr'>Nunquid</span> <span class='ocrx_word' id='word_1_474' title='bbox 3143 2112 3201 2168; x_wconf 93' lang='lat' dir='ltr'>in</span> <span class='ocrx_word' id='word_1_475' title='bbox 3218 2113 3403 2168; x_wconf 84' lang='lat' dir='ltr'>Adam</span> <span class='ocrx_word' id='word_1_476' title='bbox 3427 2117 3640 2169; x_wconf 88' lang='lat' dir='ltr'>natura</span> <span class='ocrx_word' id='word_1_477' title='bbox 3659 2111 3763 2169; x_wconf 87' lang='lat' dir='ltr'>ista</span> <span class='ocrx_word' id='word_1_478' title='bbox 3789 2110 3857 2167; x_wconf 82' lang='lat' dir='ltr'>sic</span> 
     </span>
    </p>
   </div>
   <div class='ocr_carea' id='block_1_66' title="bbox 2239 2199 3858 2274">
    <p class='ocr_par' dir='ltr' id='par_1_66' title="bbox 2239 2199 3858 2274">
     <span class='ocr_line' id='line_1_66' title="bbox 2239 2199 3858 2274; baseline -0.002 -17"><span class='ocrx_word' id='word_1_479' title='bbox 2239 2201 2476 2257; x_wconf 88' lang='lat' dir='ltr'>condita</span> <span class='ocrx_word' id='word_1_480' title='bbox 2503 2201 2630 2258; x_wconf 87' lang='lat' dir='ltr'>est?</span> <span class='ocrx_word' id='word_1_481' title='bbox 2661 2202 2832 2257; x_wconf 89' lang='lat' dir='ltr'>absit.</span> <span class='ocrx_word' id='word_1_482' title='bbox 2860 2201 2978 2258; x_wconf 85' lang='lat' dir='ltr'>Sed</span> <span class='ocrx_word' id='word_1_483' title='bbox 3009 2201 3150 2274; x_wconf 85' lang='lat' dir='ltr'>quia</span> <span class='ocrx_word' id='word_1_484' title='bbox 3179 2201 3238 2256; x_wconf 90' lang='lat' dir='ltr'>in</span> <span class='ocrx_word' id='word_1_485' title='bbox 3268 2199 3367 2256; x_wconf 91' lang='lat' dir='ltr'>illo</span> <span class='ocrx_word' id='word_1_486' title='bbox 3413 2200 3632 2268; x_wconf 82' lang='lat' dir='ltr'>vitiata,</span> <span class='ocrx_word' id='word_1_487' title='bbox 3656 2199 3734 2258; x_wconf 86' lang='lat' dir='ltr'>sic</span> <span class='ocrx_word' id='word_1_488' title='bbox 3774 2205 3858 2272; x_wconf 73' lang='lat' dir='ltr'>per</span> 
     </span>
    </p>
   </div>
   <div class='ocr_carea' id='block_1_67' title="bbox 2239 2287 3858 2361">
    <p class='ocr_par' dir='ltr' id='par_1_67' title="bbox 2239 2287 3858 2361">
     <span class='ocr_line' id='line_1_67' title="bbox 2239 2287 3858 2361; baseline -0.002 -16"><span class='ocrx_word' id='word_1_489' title='bbox 2239 2306 2444 2346; x_wconf 85' lang='lat' dir='ltr'>omnes</span> <span class='ocrx_word' id='word_1_490' title='bbox 2465 2289 2590 2361; x_wconf 89' lang='lat' dir='ltr'>jam</span> <span class='ocrx_word' id='word_1_491' title='bbox 2622 2289 2968 2346; x_wconf 85' lang='lat' dir='ltr'>naturaliter</span> <span class='ocrx_word' id='word_1_492' title='bbox 2996 2288 3255 2346; x_wconf 89' lang='lat' dir='ltr'>cucurrit</span> <span class='ocrx_word' id='word_1_493' title='bbox 3283 2292 3344 2345; x_wconf 84' lang='lat' dir='ltr'>et</span> <span class='ocrx_word' id='word_1_494' title='bbox 3369 2288 3576 2358; x_wconf 89' lang='lat' dir='ltr'>currit,</span> <span class='ocrx_word' id='word_1_495' title='bbox 3593 2292 3650 2345; x_wconf 88' lang='lat' dir='ltr'>et</span> <span class='ocrx_word' id='word_1_496' title='bbox 3676 2288 3742 2343; x_wconf 90' lang='lat' dir='ltr'>ab</span> <span class='ocrx_word' id='word_1_497' title='bbox 3768 2287 3858 2342; x_wconf 81' lang='lat' dir='ltr'>hac</span> 
     </span>
    </p>
   </div>
   <div class='ocr_carea' id='block_1_68' title="bbox 2241 2377 3855 2452">
    <p class='ocr_par' dir='ltr' id='par_1_68' title="bbox 2241 2377 3855 2452">
     <span class='ocr_line' id='line_1_68' title="bbox 2241 2377 3855 2452; baseline -0.002 -18"><span class='ocrx_word' id='word_1_498' title='bbox 2241 2378 2563 2452; x_wconf 90' lang='lat' dir='ltr'>perditione</span> <span class='ocrx_word' id='word_1_499' title='bbox 2617 2395 2730 2434; x_wconf 89' lang='lat' dir='ltr'>non</span> <span class='ocrx_word' id='word_1_500' title='bbox 2773 2377 2979 2435; x_wconf 87' lang='lat' dir='ltr'>liberet</span> <span class='ocrx_word' id='word_1_501' title='bbox 3025 2377 3139 2434; x_wconf 89' lang='lat' dir='ltr'>nisi</span> <span class='ocrx_word' id='word_1_502' title='bbox 3183 2377 3374 2450; x_wconf 84' lang='lat' dir='ltr'>gratia</span> <span class='ocrx_word' id='word_1_503' title='bbox 3413 2377 3517 2434; x_wconf 87' lang='lat' dir='ltr'>Dei</span> <span class='ocrx_word' id='word_1_504' title='bbox 3558 2393 3660 2450; x_wconf 88' lang='lat' dir='ltr'>per</span> <span class='ocrx_word' id='word_1_505' title='bbox 3684 2377 3855 2432; x_wconf 79' lang='lat' dir='ltr'>Jesum</span> 
     </span>
    </p>
   </div>
   <div class='ocr_carea' id='block_1_69' title="bbox 2239 2465 3859 2537">
    <p class='ocr_par' dir='ltr' id='par_1_69' title="bbox 2239 2465 3859 2537">
     <span class='ocr_line' id='line_1_69' title="bbox 2239 2465 3859 2537; baseline -0.001 -14"><span class='ocrx_word' id='word_1_506' title='bbox 2239 2467 2534 2523; x_wconf 87' lang='lat' dir='ltr'>Christum</span> <span class='ocrx_word' id='word_1_507' title='bbox 2566 2468 2880 2523; x_wconf 91' lang='lat' dir='ltr'>Dominum</span> <span class='ocrx_word' id='word_1_508' title='bbox 2909 2472 3237 2524; x_wconf 83' lang='lat' dir='ltr'>nostrum.»</span> <span class='ocrx_word' id='word_1_509' title='bbox 3259 2467 3330 2523; x_wconf 89' lang='lat' dir='ltr'>Et</span> <span class='ocrx_word' id='word_1_510' title='bbox 3357 2465 3498 2522; x_wconf 86' lang='lat' dir='ltr'>item</span> <span class='ocrx_word' id='word_1_511' title='bbox 3521 2467 3582 2523; x_wconf 91' lang='lat' dir='ltr'>in</span> <span class='ocrx_word' id='word_1_512' title='bbox 3612 2465 3752 2522; x_wconf 85' lang='lat' dir='ltr'>libro</span> <span class='ocrx_word' id='word_1_513' title='bbox 3770 2465 3859 2537; x_wconf 78' lang='lat' dir='ltr'>ily-</span> 
     </span>
    </p>
   </div>
   <div class='ocr_carea' id='block_1_70' title="bbox 2239 2555 3856 2630">
    <p class='ocr_par' dir='ltr' id='par_1_70' title="bbox 2239 2555 3856 2630">
     <span class='ocr_line' id='line_1_70' title="bbox 2239 2555 3856 2630; baseline -0.002 -18"><span class='ocrx_word' id='word_1_514' title='bbox 2239 2555 2640 2630; x_wconf 88' lang='lat' dir='ltr'>pomnesticon</span> <span class='ocrx_word' id='word_1_515' title='bbox 2673 2557 2870 2629; x_wconf 84' lang='lat' dir='ltr'>(lib.m</span> <span class='ocrx_word' id='word_1_516' title='bbox 2899 2557 3018 2612; x_wconf 75' lang='lat' dir='ltr'>sub.</span> <span class='ocrx_word' id='word_1_517' title='bbox 3040 2555 3208 2627; x_wconf 80' lang='lat' dir='ltr'>nwd.)</span> <span class='ocrx_word' id='word_1_518' title='bbox 3233 2571 3246 2612; x_wconf 89' lang='lat'><strong>:</strong></span> <span class='ocrx_word' id='word_1_519' title='bbox 3269 2579 3296 2608; x_wconf 86' lang='grc'>‹‹</span> <span class='ocrx_word' id='word_1_520' title='bbox 3321 2555 3856 2629; x_wconf 86' lang='lat' dir='ltr'>Estigiturliberum</span> 
     </span>
    </p>
   </div>
   <div class='ocr_carea' id='block_1_71' title="bbox 2239 2641 3860 2718">
    <p class='ocr_par' dir='ltr' id='par_1_71' title="bbox 2239 2641 3860 2718">
     <span class='ocr_line' id='line_1_71' title="bbox 2239 2641 3860 2718; baseline -0.002 -17"><span class='ocrx_word' id='word_1_521' title='bbox 2239 2645 2568 2713; x_wconf 87' lang='lat' dir='ltr'>arbitrium,</span> <span class='ocrx_word' id='word_1_522' title='bbox 2603 2646 2760 2718; x_wconf 91' lang='lat' dir='ltr'>quod</span> <span class='ocrx_word' id='word_1_523' title='bbox 2791 2645 3043 2718; x_wconf 89' lang='lat' dir='ltr'>quisque</span> <span class='ocrx_word' id='word_1_524' title='bbox 3073 2661 3200 2701; x_wconf 89' lang='lat' dir='ltr'>esse</span> <span class='ocrx_word' id='word_1_525' title='bbox 3240 2643 3542 2716; x_wconf 86' lang='lat' dir='ltr'>negaverit</span> <span class='ocrx_word' id='word_1_526' title='bbox 3570 2641 3860 2700; x_wconf 84' lang='lat' dir='ltr'>catholicus</span> 
     </span>
    </p>
   </div>
   <div class='ocr_carea' id='block_1_72' title="bbox 2239 2732 3858 2806">
    <p class='ocr_par' dir='ltr' id='par_1_72' title="bbox 2239 2732 3858 2806">
     <span class='ocr_line' id='line_1_72' title="bbox 2239 2732 3858 2806; baseline -0.001 -18"><span class='ocrx_word' id='word_1_527' title='bbox 2239 2750 2353 2789; x_wconf 91' lang='lat' dir='ltr'>non</span> <span class='ocrx_word' id='word_1_528' title='bbox 2385 2738 2492 2800; x_wconf 88' lang='lat' dir='ltr'>est,</span> <span class='ocrx_word' id='word_1_529' title='bbox 2507 2737 2564 2789; x_wconf 91' lang='lat' dir='ltr'>et</span> <span class='ocrx_word' id='word_1_530' title='bbox 2593 2733 2842 2806; x_wconf 89' lang='lat' dir='ltr'>quisque</span> <span class='ocrx_word' id='word_1_531' title='bbox 2869 2732 2952 2790; x_wconf 89' lang='lat' dir='ltr'>sic</span> <span class='ocrx_word' id='word_1_532' title='bbox 2995 2749 3123 2789; x_wconf 91' lang='lat' dir='ltr'>esse</span> <span class='ocrx_word' id='word_1_533' title='bbox 3166 2733 3394 2800; x_wconf 83' lang='lat' dir='ltr'>dixerit,</span> <span class='ocrx_word' id='word_1_534' title='bbox 3419 2733 3578 2805; x_wconf 88' lang='lat' dir='ltr'>quod</span> <span class='ocrx_word' id='word_1_535' title='bbox 3621 2732 3743 2788; x_wconf 88' lang='lat' dir='ltr'>sine</span> <span class='ocrx_word' id='word_1_536' title='bbox 3769 2735 3858 2786; x_wconf 80' lang='lat' dir='ltr'>Deo</span> 
     </span>
    </p>
   </div>
   <div class='ocr_carea' id='block_1_73' title="bbox 2237 2816 3862 2896">
    <p class='ocr_par' dir='ltr' id='par_1_73' title="bbox 2237 2816 3862 2896">
     <span class='ocr_line' id='line_1_73' title="bbox 2237 2816 3862 2896; baseline -0.003 -18"><span class='ocrx_word' id='word_1_537' title='bbox 2237 2821 2459 2878; x_wconf 89' lang='lat' dir='ltr'>bonum</span> <span class='ocrx_word' id='word_1_538' title='bbox 2481 2840 2649 2894; x_wconf 91' lang='lat' dir='ltr'>opus.</span> <span class='ocrx_word' id='word_1_539' title='bbox 2683 2822 2739 2878; x_wconf 90' lang='lat' dir='ltr'>id</span> <span class='ocrx_word' id='word_1_540' title='bbox 2763 2826 2854 2878; x_wconf 89' lang='lat' dir='ltr'>est</span> <span class='ocrx_word' id='word_1_541' title='bbox 2883 2823 3038 2896; x_wconf 89' lang='lat' dir='ltr'>quod</span> <span class='ocrx_word' id='word_1_542' title='bbox 3070 2822 3142 2878; x_wconf 88' lang='lat' dir='ltr'>ad</span> <span class='ocrx_word' id='word_1_543' title='bbox 3174 2822 3302 2894; x_wconf 86' lang='lat' dir='ltr'>ejus</span> <span class='ocrx_word' id='word_1_544' title='bbox 3330 2826 3604 2878; x_wconf 87' lang='lat' dir='ltr'>sanctum</span> <span class='ocrx_word' id='word_1_545' title='bbox 3635 2816 3862 2894; x_wconf 84' lang='lat' dir='ltr'>proposi-</span> 
     </span>
    </p>
   </div>
   <div class='ocr_carea' id='block_1_74' title="bbox 2238 2908 3859 2984">
    <p class='ocr_par' dir='ltr' id='par_1_74' title="bbox 2238 2908 3859 2984">
     <span class='ocr_line' id='line_1_74' title="bbox 2238 2908 3859 2984; baseline -0.002 -18"><span class='ocrx_word' id='word_1_546' title='bbox 2238 2914 2363 2966; x_wconf 89' lang='lat' dir='ltr'>tum</span> <span class='ocrx_word' id='word_1_547' title='bbox 2396 2911 2665 2983; x_wconf 89' lang='lat' dir='ltr'>pertinet,</span> <span class='ocrx_word' id='word_1_548' title='bbox 2681 2928 2788 2966; x_wconf 91' lang='lat' dir='ltr'>nec</span> <span class='ocrx_word' id='word_1_549' title='bbox 2826 2910 3080 2984; x_wconf 87' lang='lat' dir='ltr'>incipere</span> <span class='ocrx_word' id='word_1_550' title='bbox 3117 2919 3223 2966; x_wconf 85' lang='lat' dir='ltr'>nec</span> <span class='ocrx_word' id='word_1_551' title='bbox 3247 2911 3527 2983; x_wconf 85' lang='lat' dir='ltr'>perﬁcere</span> <span class='ocrx_word' id='word_1_552' title='bbox 3560 2908 3755 2983; x_wconf 88' lang='lat' dir='ltr'>possit,</span> <span class='ocrx_word' id='word_1_553' title='bbox 3779 2922 3859 2963; x_wconf 83' lang='lat' dir='ltr'>ca-</span> 
     </span>
    </p>
   </div>
   <div class='ocr_carea' id='block_1_75' title="bbox 2234 2997 3862 3068">
    <p class='ocr_par' dir='ltr' id='par_1_75' title="bbox 2234 2997 3862 3068">
     <span class='ocr_line' id='line_1_75' title="bbox 2234 2997 3862 3068; baseline -0.003 -14"><span class='ocrx_word' id='word_1_554' title='bbox 2234 2997 2490 3055; x_wconf 89' lang='lat' dir='ltr'>tholicus</span> <span class='ocrx_word' id='word_1_555' title='bbox 2537 3004 2646 3056; x_wconf 88' lang='lat' dir='ltr'>est.</span> <span class='ocrx_word' id='word_1_556' title='bbox 2685 3021 2713 3048; x_wconf 82' lang='lat'><strong>»</strong></span> <span class='ocrx_word' id='word_1_557' title='bbox 2745 3000 2813 3054; x_wconf 91' lang='lat' dir='ltr'>Et</span> <span class='ocrx_word' id='word_1_558' title='bbox 2859 2998 2998 3056; x_wconf 86' lang='lat' dir='ltr'>item</span> <span class='ocrx_word' id='word_1_559' title='bbox 3029 3016 3042 3055; x_wconf 89' lang='lat'><strong>:</strong></span> <span class='ocrx_word' id='word_1_560' title='bbox 3073 2999 3245 3068; x_wconf 77' lang='lat' dir='ltr'>Audi,</span> <span class='ocrx_word' id='word_1_561' title='bbox 3281 2997 3574 3065; x_wconf 76' lang='lat' dir='ltr'>hiereticc,</span> <span class='ocrx_word' id='word_1_562' title='bbox 3609 2997 3777 3054; x_wconf 87' lang='lat' dir='ltr'>stulte</span> <span class='ocrx_word' id='word_1_563' title='bbox 3814 2997 3862 3050; x_wconf 84' lang='lat' dir='ltr'>et</span> 
     </span>
    </p>
   </div>
   <div class='ocr_carea' id='block_1_76' title="bbox 2234 3085 3858 3160">
    <p class='ocr_par' dir='ltr' id='par_1_76' title="bbox 2234 3085 3858 3160">
     <span class='ocr_line' id='line_1_76' title="bbox 2234 3085 3858 3160; baseline -0.001 -18"><span class='ocrx_word' id='word_1_564' title='bbox 2234 3087 2470 3144; x_wconf 90' lang='lat' dir='ltr'>inimice</span> <span class='ocrx_word' id='word_1_565' title='bbox 2501 3087 2635 3144; x_wconf 87' lang='lat' dir='ltr'>ﬁdei</span> <span class='ocrx_word' id='word_1_566' title='bbox 2668 3087 2962 3144; x_wconf 88' lang='lat' dir='ltr'>veritatis:</span> <span class='ocrx_word' id='word_1_567' title='bbox 2992 3108 3021 3139; x_wconf 74' lang='grc' dir='ltr'>α</span> <span class='ocrx_word' id='word_1_568' title='bbox 3050 3087 3238 3160; x_wconf 81' lang='lat' dir='ltr'>Opera</span> <span class='ocrx_word' id='word_1_569' title='bbox 3266 3086 3430 3143; x_wconf 87' lang='lat' dir='ltr'>liberi</span> <span class='ocrx_word' id='word_1_570' title='bbox 3463 3086 3688 3144; x_wconf 85' lang='lat' dir='ltr'>arbitrii</span> <span class='ocrx_word' id='word_1_571' title='bbox 3711 3085 3858 3151; x_wconf 83' lang='lat' dir='ltr'>bona,</span> 
     </span>
    </p>
   </div>
   <div class='ocr_carea' id='block_1_77' title="bbox 2235 3174 3860 3250">
    <p class='ocr_par' dir='ltr' id='par_1_77' title="bbox 2235 3174 3860 3250">
     <span class='ocr_line' id='line_1_77' title="bbox 2235 3174 3860 3250; baseline -0.002 -18"><span class='ocrx_word' id='word_1_572' title='bbox 2235 3193 2364 3249; x_wconf 67' lang='lat' dir='ltr'>qua:</span> <span class='ocrx_word' id='word_1_573' title='bbox 2394 3180 2460 3231; x_wconf 90' lang='lat' dir='ltr'>ut</span> <span class='ocrx_word' id='word_1_574' title='bbox 2489 3177 2635 3233; x_wconf 89' lang='lat' dir='ltr'>ﬁant</span> <span class='ocrx_word' id='word_1_575' title='bbox 2676 3180 3076 3250; x_wconf 69' lang='lat' dir='ltr'>praeparantur</span> <span class='ocrx_word' id='word_1_576' title='bbox 3117 3193 3220 3248; x_wconf 91' lang='lat' dir='ltr'>per</span> <span class='ocrx_word' id='word_1_577' title='bbox 3261 3174 3460 3249; x_wconf 69' lang='lat' dir='ltr'>gratiae</span> <span class='ocrx_word' id='word_1_578' title='bbox 3507 3178 3860 3248; x_wconf 58' lang='lat' dir='ltr'>praeventum,</span> 
     </span>
    </p>
   </div>
   <div class='ocr_carea' id='block_1_78' title="bbox 2239 3263 3862 3338">
    <p class='ocr_par' dir='ltr' id='par_1_78' title="bbox 2239 3263 3862 3338">
     <span class='ocr_line' id='line_1_78' title="bbox 2239 3263 3862 3338; baseline 0.001 -18"><span class='ocrx_word' id='word_1_579' title='bbox 2239 3265 2419 3321; x_wconf 88' lang='lat' dir='ltr'>nullis</span> <span class='ocrx_word' id='word_1_580' title='bbox 2447 3264 2614 3322; x_wconf 90' lang='lat' dir='ltr'>liberi</span> <span class='ocrx_word' id='word_1_581' title='bbox 2645 3265 2870 3321; x_wconf 87' lang='lat' dir='ltr'>arbitrii</span> <span class='ocrx_word' id='word_1_582' title='bbox 2895 3264 3140 3332; x_wconf 90' lang='lat' dir='ltr'>meritis,</span> <span class='ocrx_word' id='word_1_583' title='bbox 3174 3266 3275 3322; x_wconf 89' lang='lat' dir='ltr'>sed</span> <span class='ocrx_word' id='word_1_584' title='bbox 3309 3265 3438 3338; x_wconf 84' lang='lat' dir='ltr'>ipsa</span> <span class='ocrx_word' id='word_1_585' title='bbox 3480 3263 3743 3330; x_wconf 77' lang='lat' dir='ltr'>faciente,</span> <span class='ocrx_word' id='word_1_586' title='bbox 3772 3278 3862 3335; x_wconf 82' lang='lat' dir='ltr'>gu-</span> 
     </span>
    </p>
   </div>
   <div class='ocr_carea' id='block_1_79' title="bbox 2237 3348 3862 3426">
    <p class='ocr_par' dir='ltr' id='par_1_79' title="bbox 2237 3348 3862 3426">
     <span class='ocr_line' id='line_1_79' title="bbox 2237 3348 3862 3426; baseline -0.004 -16"><span class='ocrx_word' id='word_1_587' title='bbox 2237 3351 2991 3426; x_wconf 86' lang='lat' dir='ltr'>bernante,proﬁciente,‘ut</span> <span class='ocrx_word' id='word_1_588' title='bbox 3021 3353 3322 3410; x_wconf 85' lang='lat' dir='ltr'>abundent</span> <span class='ocrx_word' id='word_1_589' title='bbox 3358 3351 3417 3408; x_wconf 87' lang='lat' dir='ltr'>in</span> <span class='ocrx_word' id='word_1_590' title='bbox 3443 3353 3630 3410; x_wconf 86' lang='lat' dir='ltr'>libero</span> <span class='ocrx_word' id='word_1_591' title='bbox 3649 3348 3862 3408; x_wconf 83' lang='lat' dir='ltr'>arbitrio</span> 
     </span>
    </p>
   </div>
   <div class='ocr_carea' id='block_1_80' title="bbox 2235 3440 3863 3515">
    <p class='ocr_par' dir='ltr' id='par_1_80' title="bbox 2235 3440 3863 3515">
     <span class='ocr_line' id='line_1_80' title="bbox 2235 3440 3863 3515; baseline -0.003 -17"><span class='ocrx_word' id='word_1_592' title='bbox 2235 3461 2350 3499; x_wconf 88' lang='lat' dir='ltr'>non</span> <span class='ocrx_word' id='word_1_593' title='bbox 2376 3441 2904 3515; x_wconf 88' lang='lat' dir='ltr'>damnamus,quia</span> <span class='ocrx_word' id='word_1_594' title='bbox 2931 3459 3000 3498; x_wconf 89' lang='lat' dir='ltr'>ex</span> <span class='ocrx_word' id='word_1_595' title='bbox 3020 3441 3115 3498; x_wconf 89' lang='lat' dir='ltr'>his</span> <span class='ocrx_word' id='word_1_596' title='bbox 3141 3441 3234 3498; x_wconf 89' lang='lat' dir='ltr'>vel</span> <span class='ocrx_word' id='word_1_597' title='bbox 3253 3441 3600 3514; x_wconf 83' lang='lat' dir='ltr'>hujusmodi</span> <span class='ocrx_word' id='word_1_598' title='bbox 3621 3440 3863 3498; x_wconf 82' lang='lat' dir='ltr'>homines</span> 
     </span>
    </p>
   </div>
   <div class='ocr_carea' id='block_1_81' title="bbox 2235 3527 3863 3604">
    <p class='ocr_par' dir='ltr' id='par_1_81' title="bbox 2235 3527 3863 3604">
     <span class='ocr_line' id='line_1_81' title="bbox 2235 3527 3863 3604; baseline -0.004 -16"><span class='ocrx_word' id='word_1_599' title='bbox 2235 3533 2334 3589; x_wconf 90' lang='lat' dir='ltr'>Dei</span> <span class='ocrx_word' id='word_1_600' title='bbox 2360 3533 2665 3604; x_wconf 85' lang='lat' dir='ltr'>justiﬁcati</span> <span class='ocrx_word' id='word_1_601' title='bbox 2700 3537 2860 3602; x_wconf 87' lang='lat' dir='ltr'>sunt,</span> <span class='ocrx_word' id='word_1_602' title='bbox 2873 3531 3292 3604; x_wconf 87' lang='lat' dir='ltr'>justiﬁcantur,</span> <span class='ocrx_word' id='word_1_603' title='bbox 3309 3530 3794 3604; x_wconf 86' lang='lat' dir='ltr'>justiﬁcabuntur</span> <span class='ocrx_word' id='word_1_604' title='bbox 3813 3527 3863 3582; x_wconf 88' lang='lat' dir='ltr'>in</span> 
     </span>
    </p>
   </div>
   <div class='ocr_carea' id='block_1_82' title="bbox 2233 3619 3865 3691">
    <p class='ocr_par' dir='ltr' id='par_1_82' title="bbox 2233 3619 3865 3691">
     <span class='ocr_line' id='line_1_82' title="bbox 2233 3619 3865 3691; baseline -0.003 -14"><span class='ocrx_word' id='word_1_605' title='bbox 2233 3620 2481 3678; x_wconf 89' lang='lat' dir='ltr'>Christo.</span> <span class='ocrx_word' id='word_1_606' title='bbox 2517 3621 2879 3676; x_wconf 87' lang='lat' dir='ltr'>Damnamus</span> <span class='ocrx_word' id='word_1_607' title='bbox 2905 3637 3038 3677; x_wconf 89' lang='lat' dir='ltr'>vero</span> <span class='ocrx_word' id='word_1_608' title='bbox 3077 3619 3419 3677; x_wconf 70' lang='lat' dir='ltr'>auctoritate</span> <span class='ocrx_word' id='word_1_609' title='bbox 3465 3619 3667 3676; x_wconf 83' lang='lat' dir='ltr'>divina</span> <span class='ocrx_word' id='word_1_610' title='bbox 3712 3631 3865 3691; x_wconf 84' lang='lat' dir='ltr'>opera</span> 
     </span>
    </p>
   </div>
   <div class='ocr_carea' id='block_1_83' title="bbox 2235 3705 3866 3783">
    <p class='ocr_par' dir='ltr' id='par_1_83' title="bbox 2235 3705 3866 3783">
     <span class='ocr_line' id='line_1_83' title="bbox 2235 3705 3866 3783; baseline -0.004 -17"><span class='ocrx_word' id='word_1_611' title='bbox 2235 3709 2399 3766; x_wconf 90' lang='lat' dir='ltr'>liberi</span> <span class='ocrx_word' id='word_1_612' title='bbox 2425 3709 2674 3776; x_wconf 85' lang='lat' dir='ltr'>arbitrii,</span> <span class='ocrx_word' id='word_1_613' title='bbox 2695 3728 2822 3782; x_wconf 68' lang='lat' dir='ltr'>qua:</span> <span class='ocrx_word' id='word_1_614' title='bbox 2855 3709 3052 3783; x_wconf 66' lang='lat' dir='ltr'>gratia:</span> <span class='ocrx_word' id='word_1_615' title='bbox 3100 3713 3545 3782; x_wconf 63' lang='lat' dir='ltr'>praeponuntur,</span> <span class='ocrx_word' id='word_1_616' title='bbox 3579 3705 3640 3766; x_wconf 84' lang='lat' dir='ltr'>et</span> <span class='ocrx_word' id='word_1_617' title='bbox 3683 3725 3748 3764; x_wconf 81' lang='lat' dir='ltr'>ex</span> <span class='ocrx_word' id='word_1_618' title='bbox 3786 3705 3866 3761; x_wconf 85' lang='lat' dir='ltr'>his</span> 
     </span>
    </p>
   </div>
   <div class='ocr_carea' id='block_1_84' title="bbox 2234 3797 3864 3872">
    <p class='ocr_par' dir='ltr' id='par_1_84' title="bbox 2234 3797 3864 3872">
     <span class='ocr_line' id='line_1_84' title="bbox 2234 3797 3864 3872; baseline -0.003 -17"><span class='ocrx_word' id='word_1_619' title='bbox 2234 3803 2515 3872; x_wconf 87' lang='lat' dir='ltr'>tanquam</span> <span class='ocrx_word' id='word_1_620' title='bbox 2545 3799 2770 3854; x_wconf 89' lang='lat' dir='ltr'>meritis</span> <span class='ocrx_word' id='word_1_621' title='bbox 2793 3799 2850 3854; x_wconf 90' lang='lat' dir='ltr'>in</span> <span class='ocrx_word' id='word_1_622' title='bbox 2874 3797 3104 3854; x_wconf 83' lang='lat' dir='ltr'>Christo</span> <span class='ocrx_word' id='word_1_623' title='bbox 3115 3797 3430 3869; x_wconf 89' lang='lat' dir='ltr'>justiﬁcari</span> <span class='ocrx_word' id='word_1_624' title='bbox 3458 3797 3864 3854; x_wconf 78' lang='lat' dir='ltr'>extolluntur.»</span> 
     </span>
    </p>
   </div>
   <div class='ocr_carea' id='block_1_85' title="bbox 2233 3885 3862 3957">
    <p class='ocr_par' dir='ltr' id='par_1_85' title="bbox 2233 3885 3862 3957">
     <span class='ocr_line' id='line_1_85' title="bbox 2233 3885 3862 3957; baseline -0.005 -13"><span class='ocrx_word' id='word_1_625' title='bbox 2233 3889 2304 3944; x_wconf 88' lang='lat' dir='ltr'>Et</span> <span class='ocrx_word' id='word_1_626' title='bbox 2333 3888 2474 3943; x_wconf 90' lang='lat' dir='ltr'>item</span> <span class='ocrx_word' id='word_1_627' title='bbox 2507 3886 2564 3942; x_wconf 92' lang='lat' dir='ltr'>in</span> <span class='ocrx_word' id='word_1_628' title='bbox 2597 3887 2746 3943; x_wconf 91' lang='lat' dir='ltr'>libro</span> <span class='ocrx_word' id='word_1_629' title='bbox 2770 3887 2842 3942; x_wconf 92' lang='lat' dir='ltr'>de</span> <span class='ocrx_word' id='word_1_630' title='bbox 2869 3887 3069 3944; x_wconf 89' lang='lat' dir='ltr'>Gratia</span> <span class='ocrx_word' id='word_1_631' title='bbox 3112 3890 3171 3943; x_wconf 89' lang='lat' dir='ltr'>et</span> <span class='ocrx_word' id='word_1_632' title='bbox 3217 3885 3398 3942; x_wconf 88' lang='lat' dir='ltr'>libero</span> <span class='ocrx_word' id='word_1_633' title='bbox 3441 3886 3704 3942; x_wconf 84' lang='lat' dir='ltr'>Arbitrio</span> <span class='ocrx_word' id='word_1_634' title='bbox 3743 3888 3862 3957; x_wconf 75' lang='lat' dir='ltr'>(mp.</span> 
     </span>
    </p>
   </div>
   <div class='ocr_carea' id='block_1_86' title="bbox 2221 3973 3864 4048">
    <p class='ocr_par' dir='ltr' id='par_1_86' title="bbox 2221 3973 3864 4048">
     <span class='ocr_line' id='line_1_86' title="bbox 2221 3973 3864 4048; baseline -0.003 -16"><span class='ocrx_word' id='word_1_635' title='bbox 2221 3977 2324 4046; x_wconf 60' lang='lat'>‘15)</span> <span class='ocrx_word' id='word_1_636' title='bbox 2357 3993 2372 4032; x_wconf 88' lang='lat'><strong>:</strong></span> <span class='ocrx_word' id='word_1_637' title='bbox 2406 3999 2435 4027; x_wconf 77' lang='grc' dir='ltr'>ι(</span> <span class='ocrx_word' id='word_1_638' title='bbox 2468 3977 2709 4048; x_wconf 85' lang='lat' dir='ltr'>Semper</span> <span class='ocrx_word' id='word_1_639' title='bbox 2736 3980 2824 4031; x_wconf 87' lang='lat' dir='ltr'>est</span> <span class='ocrx_word' id='word_1_640' title='bbox 2851 3979 3047 4031; x_wconf 88' lang='lat' dir='ltr'>autem</span> <span class='ocrx_word' id='word_1_641' title='bbox 3077 3974 3137 4030; x_wconf 92' lang='lat' dir='ltr'>in</span> <span class='ocrx_word' id='word_1_642' title='bbox 3169 3974 3338 4032; x_wconf 88' lang='lat' dir='ltr'>nobis</span> <span class='ocrx_word' id='word_1_643' title='bbox 3367 3974 3642 4031; x_wconf 86' lang='lat' dir='ltr'>voluntas</span> <span class='ocrx_word' id='word_1_644' title='bbox 3683 3973 3864 4039; x_wconf 82' lang='lat' dir='ltr'>libera,</span> 
     </span>
    </p>
   </div>
   <div class='ocr_carea' id='block_1_87' title="bbox 2233 4061 3868 4136">
    <p class='ocr_par' dir='ltr' id='par_1_87' title="bbox 2233 4061 3868 4136">
     <span class='ocr_line' id='line_1_87' title="bbox 2233 4061 3868 4136; baseline -0.003 -16"><span class='ocrx_word' id='word_1_645' title='bbox 2233 4065 2332 4120; x_wconf 82' lang='lat' dir='ltr'>sed</span> <span class='ocrx_word' id='word_1_646' title='bbox 2367 4082 2482 4121; x_wconf 88' lang='lat' dir='ltr'>non</span> <span class='ocrx_word' id='word_1_647' title='bbox 2503 4081 2736 4136; x_wconf 89' lang='lat' dir='ltr'>semper</span> <span class='ocrx_word' id='word_1_648' title='bbox 2755 4069 2845 4120; x_wconf 90' lang='lat' dir='ltr'>est</span> <span class='ocrx_word' id='word_1_649' title='bbox 2868 4063 3040 4119; x_wconf 90' lang='lat' dir='ltr'>bona.</span> <span class='ocrx_word' id='word_1_650' title='bbox 3055 4064 3168 4118; x_wconf 82' lang='lat' dir='ltr'>Aut</span> <span class='ocrx_word' id='word_1_651' title='bbox 3196 4062 3352 4118; x_wconf 88' lang='lat' dir='ltr'>enim</span> <span class='ocrx_word' id='word_1_652' title='bbox 3390 4063 3678 4134; x_wconf 88' lang='lat' dir='ltr'>ajustitia</span> <span class='ocrx_word' id='word_1_653' title='bbox 3703 4061 3868 4118; x_wconf 83' lang='lat' dir='ltr'>libera</span> 
     </span>
    </p>
   </div>
   <div class='ocr_carea' id='block_1_88' title="bbox 2232 4150 3869 4226">
    <p class='ocr_par' dir='ltr' id='par_1_88' title="bbox 2232 4150 3869 4226">
     <span class='ocr_line' id='line_1_88' title="bbox 2232 4150 3869 4226; baseline -0.005 -16"><span class='ocrx_word' id='word_1_654' title='bbox 2232 4157 2322 4210; x_wconf 90' lang='lat' dir='ltr'>est</span> <span class='ocrx_word' id='word_1_655' title='bbox 2353 4153 2586 4226; x_wconf 89' lang='lat' dir='ltr'>quando</span> <span class='ocrx_word' id='word_1_656' title='bbox 2617 4153 2793 4208; x_wconf 76' lang='lat' dir='ltr'>servit</span> <span class='ocrx_word' id='word_1_657' title='bbox 2824 4155 3076 4226; x_wconf 84' lang='lat' dir='ltr'>peccato,</span> <span class='ocrx_word' id='word_1_658' title='bbox 3111 4157 3168 4208; x_wconf 91' lang='lat' dir='ltr'>et</span> <span class='ocrx_word' id='word_1_659' title='bbox 3195 4155 3339 4207; x_wconf 88' lang='lat' dir='ltr'>tunc</span> <span class='ocrx_word' id='word_1_660' title='bbox 3380 4154 3470 4208; x_wconf 86' lang='lat' dir='ltr'>est</span> <span class='ocrx_word' id='word_1_661' title='bbox 3501 4150 3689 4220; x_wconf 90' lang='lat' dir='ltr'>mala;</span> <span class='ocrx_word' id='word_1_662' title='bbox 3721 4153 3816 4206; x_wconf 87' lang='lat' dir='ltr'>aut</span> <span class='ocrx_word' id='word_1_663' title='bbox 3839 4161 3869 4202; x_wconf 83' lang='lat' dir='ltr'>a</span> 
     </span>
    </p>
   </div>
   <div class='ocr_carea' id='block_1_89' title="bbox 2232 4239 3868 4316">
    <p class='ocr_par' dir='ltr' id='par_1_89' title="bbox 2232 4239 3868 4316">
     <span class='ocr_line' id='line_1_89' title="bbox 2232 4239 3868 4316; baseline -0.003 -18"><span class='ocrx_word' id='word_1_664' title='bbox 2232 4247 2467 4316; x_wconf 89' lang='lat' dir='ltr'>peccato</span> <span class='ocrx_word' id='word_1_665' title='bbox 2489 4239 2674 4298; x_wconf 84' lang='lat' dir='ltr'>libera</span> <span class='ocrx_word' id='word_1_666' title='bbox 2687 4246 2776 4298; x_wconf 89' lang='lat' dir='ltr'>est</span> <span class='ocrx_word' id='word_1_667' title='bbox 2796 4242 3032 4314; x_wconf 91' lang='lat' dir='ltr'>quando</span> <span class='ocrx_word' id='word_1_668' title='bbox 3057 4239 3233 4297; x_wconf 87' lang='lat' dir='ltr'>servit</span> <span class='ocrx_word' id='word_1_669' title='bbox 3266 4239 3532 4312; x_wconf 76' lang='lat' dir='ltr'>justitiae,</span> <span class='ocrx_word' id='word_1_670' title='bbox 3547 4245 3606 4297; x_wconf 89' lang='lat' dir='ltr'>et</span> <span class='ocrx_word' id='word_1_671' title='bbox 3627 4246 3765 4297; x_wconf 90' lang='lat' dir='ltr'>tunc</span> <span class='ocrx_word' id='word_1_672' title='bbox 3789 4240 3868 4294; x_wconf 84' lang='lat' dir='ltr'>est</span> 
     </span>
    </p>
   </div>
   <div class='ocr_carea' id='block_1_90' title="bbox 2231 4327 3870 4403">
    <p class='ocr_par' dir='ltr' id='par_1_90' title="bbox 2231 4327 3870 4403">
     <span class='ocr_line' id='line_1_90' title="bbox 2231 4327 3870 4403; baseline -0.004 -15"><span class='ocrx_word' id='word_1_673' title='bbox 2231 4332 2403 4388; x_wconf 86' lang='lat' dir='ltr'>bona.</span> <span class='ocrx_word' id='word_1_674' title='bbox 2428 4331 2627 4388; x_wconf 88' lang='lat' dir='ltr'>Gratia</span> <span class='ocrx_word' id='word_1_675' title='bbox 2656 4347 2788 4385; x_wconf 90' lang='lat' dir='ltr'>vero</span> <span class='ocrx_word' id='word_1_676' title='bbox 2819 4329 2922 4386; x_wconf 93' lang='lat' dir='ltr'>Dei</span> <span class='ocrx_word' id='word_1_677' title='bbox 2954 4346 3188 4402; x_wconf 88' lang='lat' dir='ltr'>semper</span> <span class='ocrx_word' id='word_1_678' title='bbox 3209 4333 3298 4386; x_wconf 89' lang='lat' dir='ltr'>est</span> <span class='ocrx_word' id='word_1_679' title='bbox 3326 4330 3501 4395; x_wconf 89' lang='lat' dir='ltr'>bona,</span> <span class='ocrx_word' id='word_1_680' title='bbox 3521 4333 3583 4386; x_wconf 89' lang='lat' dir='ltr'>et</span> <span class='ocrx_word' id='word_1_681' title='bbox 3612 4346 3715 4403; x_wconf 90' lang='lat' dir='ltr'>per</span> <span class='ocrx_word' id='word_1_682' title='bbox 3733 4327 3870 4384; x_wconf 82' lang='lat' dir='ltr'>hanc</span> 
     </span>
    </p>
   </div>
   <div class='ocr_carea' id='block_1_91' title="bbox 2233 4417 3868 4490">
    <p class='ocr_par' dir='ltr' id='par_1_91' title="bbox 2233 4417 3868 4490">
     <span class='ocr_line' id='line_1_91' title="bbox 2233 4417 3868 4490; baseline -0.002 -16"><span class='ocrx_word' id='word_1_683' title='bbox 2233 4421 2300 4474; x_wconf 85' lang='lat' dir='ltr'>lit</span> <span class='ocrx_word' id='word_1_684' title='bbox 2328 4423 2392 4474; x_wconf 88' lang='lat' dir='ltr'>ut</span> <span class='ocrx_word' id='word_1_685' title='bbox 2421 4419 2501 4474; x_wconf 88' lang='lat' dir='ltr'>sit</span> <span class='ocrx_word' id='word_1_686' title='bbox 2528 4419 2702 4474; x_wconf 88' lang='lat' dir='ltr'>homo</span> <span class='ocrx_word' id='word_1_687' title='bbox 2721 4417 3038 4475; x_wconf 88' lang='lat' dir='ltr'>voluntatis</span> <span class='ocrx_word' id='word_1_688' title='bbox 3067 4417 3250 4485; x_wconf 66' lang='lat' dir='ltr'>bonae,</span> <span class='ocrx_word' id='word_1_689' title='bbox 3284 4418 3386 4490; x_wconf 90' lang='lat' dir='ltr'>qui</span> <span class='ocrx_word' id='word_1_690' title='bbox 3419 4417 3587 4490; x_wconf 88' lang='lat' dir='ltr'>prius</span> <span class='ocrx_word' id='word_1_691' title='bbox 3637 4419 3748 4474; x_wconf 87' lang='lat' dir='ltr'>fuit</span> <span class='ocrx_word' id='word_1_692' title='bbox 3781 4431 3868 4471; x_wconf 86' lang='lat' dir='ltr'>vo-</span> 
     </span>
    </p>
   </div>
   <div class='ocr_carea' id='block_1_92' title="bbox 2230 4506 3868 4580">
    <p class='ocr_par' dir='ltr' id='par_1_92' title="bbox 2230 4506 3868 4580">
     <span class='ocr_line' id='line_1_92' title="bbox 2230 4506 3868 4580; baseline -0.002 -16"><span class='ocrx_word' id='word_1_693' title='bbox 2230 4507 2473 4564; x_wconf 88' lang='lat' dir='ltr'>luntatis</span> <span class='ocrx_word' id='word_1_694' title='bbox 2504 4507 2669 4563; x_wconf 62' lang='lat' dir='ltr'>male;</span> <span class='ocrx_word' id='word_1_695' title='bbox 2695 4525 2707 4563; x_wconf 91' lang='lat'><strong>:</strong></span> <span class='ocrx_word' id='word_1_696' title='bbox 2733 4524 2836 4580; x_wconf 90' lang='lat' dir='ltr'>per</span> <span class='ocrx_word' id='word_1_697' title='bbox 2863 4506 3015 4563; x_wconf 88' lang='lat' dir='ltr'>hanc</span> <span class='ocrx_word' id='word_1_698' title='bbox 3045 4506 3221 4563; x_wconf 87' lang='lat' dir='ltr'>etiam</span> <span class='ocrx_word' id='word_1_699' title='bbox 3254 4508 3321 4562; x_wconf 89' lang='lat' dir='ltr'>ﬁt</span> <span class='ocrx_word' id='word_1_700' title='bbox 3347 4512 3414 4562; x_wconf 88' lang='lat' dir='ltr'>ut</span> <span class='ocrx_word' id='word_1_701' title='bbox 3443 4507 3575 4578; x_wconf 90' lang='lat' dir='ltr'>ipsa</span> <span class='ocrx_word' id='word_1_702' title='bbox 3605 4507 3757 4564; x_wconf 90' lang='lat' dir='ltr'>bona</span> <span class='ocrx_word' id='word_1_703' title='bbox 3782 4520 3868 4560; x_wconf 89' lang='lat' dir='ltr'>vo-</span> 
     </span>
    </p>
   </div>
   <div class='ocr_carea' id='block_1_93' title="bbox 2233 4593 3872 4668">
    <p class='ocr_par' dir='ltr' id='par_1_93' title="bbox 2233 4593 3872 4668">
     <span class='ocr_line' id='line_1_93' title="bbox 2233 4593 3872 4668; baseline -0.003 -18"><span class='ocrx_word' id='word_1_704' title='bbox 2233 4594 2428 4651; x_wconf 91' lang='lat' dir='ltr'>luntas</span> <span class='ocrx_word' id='word_1_705' title='bbox 2448 4611 2575 4668; x_wconf 68' lang='lat' dir='ltr'>quae</span> <span class='ocrx_word' id='word_1_706' title='bbox 2598 4595 2724 4666; x_wconf 89' lang='lat' dir='ltr'>jam</span> <span class='ocrx_word' id='word_1_707' title='bbox 2755 4610 2884 4650; x_wconf 90' lang='lat' dir='ltr'>esse</span> <span class='ocrx_word' id='word_1_708' title='bbox 2914 4593 3087 4666; x_wconf 71' lang='lat' dir='ltr'>cmpit</span> <span class='ocrx_word' id='word_1_709' title='bbox 3116 4599 3420 4667; x_wconf 89' lang='lat' dir='ltr'>augeatur,</span> <span class='ocrx_word' id='word_1_710' title='bbox 3438 4599 3497 4650; x_wconf 89' lang='lat' dir='ltr'>et</span> <span class='ocrx_word' id='word_1_711' title='bbox 3523 4599 3650 4650; x_wconf 86' lang='lat' dir='ltr'>tam</span> <span class='ocrx_word' id='word_1_712' title='bbox 3673 4607 3872 4667; x_wconf 81' lang='lat' dir='ltr'>magna</span> 
     </span>
    </p>
   </div>
   <div class='ocr_carea' id='block_1_94' title="bbox 473 4678 3867 4760">
    <p class='ocr_par' dir='ltr' id='par_1_94' title="bbox 473 4678 3867 4760">
     <span class='ocr_line' id='line_1_94' title="bbox 473 4678 3867 4760; baseline 0.001 -29"><span class='ocrx_word' id='word_1_713' title='bbox 473 4692 648 4748; x_wconf 90' lang='lat' dir='ltr'>quem</span> <span class='ocrx_word' id='word_1_714' title='bbox 705 4678 844 4734; x_wconf 88' lang='lat' dir='ltr'>facit</span> <span class='ocrx_word' id='word_1_715' title='bbox 888 4680 1199 4753; x_wconf 74' lang='lat' dir='ltr'>Scriptura:</span> <span class='ocrx_word' id='word_1_716' title='bbox 1241 4684 1540 4740; x_wconf 74' lang='lat' dir='ltr'>sentcntiae</span> <span class='ocrx_word' id='word_1_717' title='bbox 1588 4685 1890 4758; x_wconf 85' lang='lat' dir='ltr'>expositio,</span> <span class='ocrx_word' id='word_1_718' title='bbox 1942 4704 2118 4760; x_wconf 90' lang='lat' dir='ltr'>quam</span> <span class='ocrx_word' id='word_1_719' title='bbox 2153 4692 2197 4756; x_wconf 75' lang='grc' dir='ltr'>ι)</span> <span class='ocrx_word' id='word_1_720' title='bbox 2232 4685 2434 4753; x_wconf 88' lang='lat' dir='ltr'>ﬁat,ut</span> <span class='ocrx_word' id='word_1_721' title='bbox 2463 4683 2648 4755; x_wconf 89' lang='lat' dir='ltr'>possit</span> <span class='ocrx_word' id='word_1_722' title='bbox 2677 4681 2917 4754; x_wconf 84' lang='lat' dir='ltr'>implere</span> <span class='ocrx_word' id='word_1_723' title='bbox 2946 4681 3145 4738; x_wconf 89' lang='lat' dir='ltr'>divina</span> <span class='ocrx_word' id='word_1_724' title='bbox 3167 4682 3446 4738; x_wconf 84' lang='lat' dir='ltr'>mandata</span> <span class='ocrx_word' id='word_1_725' title='bbox 3463 4699 3596 4755; x_wconf 75' lang='lat' dir='ltr'>quea</span> <span class='ocrx_word' id='word_1_726' title='bbox 3616 4679 3867 4746; x_wconf 85' lang='lat' dir='ltr'>voluerit,</span> 
     </span>
    </p>
   </div>
   <div class='ocr_carea' id='block_1_95' title="bbox 471 4765 2118 4846">
    <p class='ocr_par' dir='ltr' id='par_1_95' title="bbox 471 4765 2118 4846">
     <span class='ocr_line' id='line_1_95' title="bbox 471 4765 2118 4846; baseline 0.005 -24"><span class='ocrx_word' id='word_1_727' title='bbox 471 4765 660 4822; x_wconf 88' lang='lat' dir='ltr'>isdem</span> <span class='ocrx_word' id='word_1_728' title='bbox 691 4767 894 4822; x_wconf 88' lang='lat' dir='ltr'>doctor</span> <span class='ocrx_word' id='word_1_729' title='bbox 913 4769 969 4824; x_wconf 90' lang='lat' dir='ltr'>in</span> <span class='ocrx_word' id='word_1_730' title='bbox 996 4787 1032 4824; x_wconf 88' lang='grc' dir='ltr'>ιι</span> <span class='ocrx_word' id='word_1_731' title='bbox 1056 4769 1201 4826; x_wconf 89' lang='lat' dir='ltr'>libro</span> <span class='ocrx_word' id='word_1_732' title='bbox 1219 4772 1290 4826; x_wconf 91' lang='lat' dir='ltr'>de</span> <span class='ocrx_word' id='word_1_733' title='bbox 1311 4772 1542 4845; x_wconf 89' lang='lat' dir='ltr'>Nuptiis</span> <span class='ocrx_word' id='word_1_734' title='bbox 1562 4778 1616 4829; x_wconf 88' lang='lat' dir='ltr'>ct</span> <span class='ocrx_word' id='word_1_735' title='bbox 1635 4774 2118 4846; x_wconf 86' lang='lat' dir='ltr'>Concupiscentia</span> 
     </span>
    </p>
   </div>
   <div class='ocr_carea' id='block_1_96' title="bbox 471 4853 2122 4934">
    <p class='ocr_par' dir='ltr' id='par_1_96' title="bbox 471 4853 2122 4934">
     <span class='ocr_line' id='line_1_96' title="bbox 471 4853 2122 4934; baseline 0.004 -22"><span class='ocrx_word' id='word_1_736' title='bbox 471 4853 800 4927; x_wconf 84' lang='lat' dir='ltr'>explanavit</span> <span class='ocrx_word' id='word_1_737' title='bbox 829 4858 948 4926; x_wconf 84' lang='lat' dir='ltr'>(lib.</span> <span class='ocrx_word' id='word_1_738' title='bbox 986 4875 1042 4925; x_wconf 89' lang='grc' dir='ltr'>ιι,</span> <span class='ocrx_word' id='word_1_739' title='bbox 1075 4876 1224 4932; x_wconf 75' lang='lat' dir='ltr'>razp.</span> <span class='ocrx_word' id='word_1_740' title='bbox 1259 4861 1343 4932; x_wconf 90' lang='grc'>13)</span> <span class='ocrx_word' id='word_1_741' title='bbox 1378 4877 1391 4916; x_wconf 93' lang='lat'>:</span> <span class='ocrx_word' id='word_1_742' title='bbox 1427 4864 1707 4934; x_wconf 76' lang='lat' dir='ltr'>Quoniam</span> <span class='ocrx_word' id='word_1_743' title='bbox 1751 4880 1985 4934; x_wconf 83' lang='lat' dir='ltr'>nequam</span> <span class='ocrx_word' id='word_1_744' title='bbox 2042 4871 2122 4920; x_wconf 75' lang='lat' dir='ltr'>est</span> 
     </span>
    </p>
   </div>
   <div class='ocr_carea' id='block_1_97' title="bbox 469 4945 2121 5023">
    <p class='ocr_par' dir='ltr' id='par_1_97' title="bbox 469 4945 2121 5023">
     <span class='ocr_line' id='line_1_97' title="bbox 469 4945 2121 5023; baseline 0.004 -22"><span class='ocrx_word' id='word_1_745' title='bbox 469 4946 621 5002; x_wconf 66' lang='lat' dir='ltr'>natae</span> <span class='ocrx_word' id='word_1_746' title='bbox 645 4945 869 5002; x_wconf 85' lang='lat' dir='ltr'>illorum</span> <span class='ocrx_word' id='word_1_747' title='bbox 894 4955 947 5003; x_wconf 84' lang='lat' dir='ltr'>et</span> <span class='ocrx_word' id='word_1_748' title='bbox 962 4949 1235 5004; x_wconf 76' lang='lat' dir='ltr'>naturalis</span> <span class='ocrx_word' id='word_1_749' title='bbox 1262 4951 1469 5006; x_wconf 81' lang='lat' dir='ltr'>militia</span> <span class='ocrx_word' id='word_1_750' title='bbox 1507 4952 1834 5021; x_wconf 77' lang='lat' dir='ltr'>ipsorum,et</span> <span class='ocrx_word' id='word_1_751' title='bbox 1861 4955 2121 5023; x_wconf 78' lang='lat' dir='ltr'>quoniam</span> 
     </span>
    </p>
   </div>
   <div class='ocr_carea' id='block_1_98' title="bbox 467 5037 2115 5111">
    <p class='ocr_par' dir='ltr' id='par_1_98' title="bbox 467 5037 2115 5111">
     <span class='ocr_line' id='line_1_98' title="bbox 467 5037 2115 5111; baseline 0.004 -22"><span class='ocrx_word' id='word_1_752' title='bbox 467 5049 583 5090; x_wconf 80' lang='lat' dir='ltr'>non</span> <span class='ocrx_word' id='word_1_753' title='bbox 607 5037 804 5105; x_wconf 82' lang='lat' dir='ltr'>poterit</span> <span class='ocrx_word' id='word_1_754' title='bbox 848 5039 1056 5092; x_wconf 77' lang='lat' dir='ltr'>mutari</span> <span class='ocrx_word' id='word_1_755' title='bbox 1101 5039 1352 5108; x_wconf 75' lang='lat' dir='ltr'>cogitatio</span> <span class='ocrx_word' id='word_1_756' title='bbox 1397 5040 1623 5094; x_wconf 81' lang='lat' dir='ltr'>iltorum</span> <span class='ocrx_word' id='word_1_757' title='bbox 1669 5041 1730 5095; x_wconf 84' lang='lat' dir='ltr'>in</span> <span class='ocrx_word' id='word_1_758' title='bbox 1775 5049 2115 5111; x_wconf 82' lang='lat' dir='ltr'>perpetuum.</span> 
     </span>
    </p>
   </div>
   <div class='ocr_carea' id='block_1_99' title="bbox 471 5123 2114 5201">
    <p class='ocr_par' dir='ltr' id='par_1_99' title="bbox 471 5123 2114 5201">
     <span class='ocr_line' id='line_1_99' title="bbox 471 5123 2114 5201; baseline 0.004 -23"><span class='ocrx_word' id='word_1_759' title='bbox 471 5123 666 5178; x_wconf 80' lang='lat' dir='ltr'>Semen</span> <span class='ocrx_word' id='word_1_760' title='bbox 691 5127 842 5180; x_wconf 80' lang='lat' dir='ltr'>enim</span> <span class='ocrx_word' id='word_1_761' title='bbox 869 5135 987 5180; x_wconf 81' lang='lat' dir='ltr'>erat</span> <span class='ocrx_word' id='word_1_762' title='bbox 1015 5126 1364 5182; x_wconf 80' lang='lat' dir='ltr'>maledictum</span> <span class='ocrx_word' id='word_1_763' title='bbox 1391 5129 1458 5183; x_wconf 88' lang='lat' dir='ltr'>ab</span> <span class='ocrx_word' id='word_1_764' title='bbox 1493 5130 1652 5184; x_wconf 82' lang='lat' dir='ltr'>initio</span> <span class='ocrx_word' id='word_1_765' title='bbox 1699 5129 1848 5200; x_wconf 66' lang='grc' dir='ltr'><strong>(δρψ.</strong></span> <span class='ocrx_word' id='word_1_766' title='bbox 1872 5147 1970 5193; x_wconf 77' lang='lat' dir='ltr'>xu,</span> <span class='ocrx_word' id='word_1_767' title='bbox 2007 5131 2114 5201; x_wconf 83' lang='lat' dir='ltr'>lO).</span> 
     </span>
    </p>
   </div>
   <div class='ocr_carea' id='block_1_100' title="bbox 473 5211 2119 5290">
    <p class='ocr_par' dir='ltr' id='par_1_100' title="bbox 473 5211 2119 5290">
     <span class='ocr_line' id='line_1_100' title="bbox 473 5211 2119 5290; baseline 0.006 -27"><span class='ocrx_word' id='word_1_768' title='bbox 473 5232 502 5260; x_wconf 87' lang='lat'><strong><em>«</em></strong></span> <span class='ocrx_word' id='word_1_769' title='bbox 537 5211 774 5284; x_wconf 88' lang='lat' dir='ltr'>Nempe,</span> <span class='ocrx_word' id='word_1_770' title='bbox 806 5213 1100 5286; x_wconf 86' lang='lat' dir='ltr'>inquiens,</span> <span class='ocrx_word' id='word_1_771' title='bbox 1133 5216 1204 5270; x_wconf 89' lang='lat' dir='ltr'>de</span> <span class='ocrx_word' id='word_1_772' title='bbox 1233 5216 1682 5290; x_wconf 87' lang='lat' dir='ltr'>quibuscunque</span> <span class='ocrx_word' id='word_1_773' title='bbox 1707 5217 1860 5272; x_wconf 90' lang='lat' dir='ltr'>dicat</span> <span class='ocrx_word' id='word_1_774' title='bbox 1893 5218 2022 5282; x_wconf 86' lang='lat' dir='ltr'>ista,</span> <span class='ocrx_word' id='word_1_775' title='bbox 2048 5218 2119 5274; x_wconf 90' lang='lat' dir='ltr'>de</span> 
     </span>
    </p>
   </div>
   <div class='ocr_carea' id='block_1_101' title="bbox 471 5296 2116 5380">
    <p class='ocr_par' dir='ltr' id='par_1_101' title="bbox 471 5296 2116 5380">
     <span class='ocr_line' id='line_1_101' title="bbox 471 5296 2116 5380; baseline 0.005 -28"><span class='ocrx_word' id='word_1_776' title='bbox 471 5296 812 5357; x_wconf 89' lang='lat' dir='ltr'>hominibus</span> <span class='ocrx_word' id='word_1_777' title='bbox 840 5303 998 5359; x_wconf 89' lang='lat' dir='ltr'>dicit.</span> <span class='ocrx_word' id='word_1_778' title='bbox 1016 5306 1314 5370; x_wconf 87' lang='lat' dir='ltr'>Quomodo</span> <span class='ocrx_word' id='word_1_779' title='bbox 1335 5311 1423 5361; x_wconf 90' lang='lat' dir='ltr'>est</span> <span class='ocrx_word' id='word_1_780' title='bbox 1443 5323 1578 5380; x_wconf 88' lang='lat' dir='ltr'>ergo</span> <span class='ocrx_word' id='word_1_781' title='bbox 1600 5305 1912 5377; x_wconf 83' lang='lat' dir='ltr'>cujuslibet</span> <span class='ocrx_word' id='word_1_782' title='bbox 1930 5306 2116 5361; x_wconf 91' lang='lat' dir='ltr'>homi-</span> 
     </span>
    </p>
   </div>
   <div class='ocr_carea' id='block_1_102' title="bbox 471 5384 2116 5459">
    <p class='ocr_par' dir='ltr' id='par_1_102' title="bbox 471 5384 2116 5459">
     <span class='ocr_line' id='line_1_102' title="bbox 471 5384 2116 5459; baseline 0.005 -19"><span class='ocrx_word' id='word_1_783' title='bbox 471 5384 564 5440; x_wconf 90' lang='lat' dir='ltr'>nis</span> <span class='ocrx_word' id='word_1_784' title='bbox 595 5388 818 5444; x_wconf 88' lang='lat' dir='ltr'>malitia</span> <span class='ocrx_word' id='word_1_785' title='bbox 839 5392 1142 5459; x_wconf 87' lang='lat' dir='ltr'>naturalis,</span> <span class='ocrx_word' id='word_1_786' title='bbox 1167 5399 1222 5448; x_wconf 88' lang='lat' dir='ltr'>et</span> <span class='ocrx_word' id='word_1_787' title='bbox 1253 5410 1451 5450; x_wconf 88' lang='lat' dir='ltr'>semen</span> <span class='ocrx_word' id='word_1_788' title='bbox 1485 5394 1862 5450; x_wconf 90' lang='lat' dir='ltr'>maledictum</span> <span class='ocrx_word' id='word_1_789' title='bbox 1903 5395 1974 5450; x_wconf 88' lang='lat' dir='ltr'>ab</span> <span class='ocrx_word' id='word_1_790' title='bbox 2006 5395 2116 5449; x_wconf 92' lang='lat' dir='ltr'>ini-</span> 
     </span>
    </p>
   </div>
   <div class='ocr_carea' id='block_1_103' title="bbox 468 5472 2114 5556">
    <p class='ocr_par' dir='ltr' id='par_1_103' title="bbox 468 5472 2114 5556">
     <span class='ocr_line' id='line_1_103' title="bbox 468 5472 2114 5556; baseline 0.007 -28"><span class='ocrx_word' id='word_1_791' title='bbox 468 5472 572 5539; x_wconf 86' lang='lat' dir='ltr'>tio,</span> <span class='ocrx_word' id='word_1_792' title='bbox 605 5475 717 5530; x_wconf 91' lang='lat' dir='ltr'>nisi</span> <span class='ocrx_word' id='word_1_793' title='bbox 749 5479 819 5533; x_wconf 84' lang='lat' dir='ltr'>ad</span> <span class='ocrx_word' id='word_1_794' title='bbox 852 5480 994 5535; x_wconf 87' lang='lat' dir='ltr'>illud</span> <span class='ocrx_word' id='word_1_795' title='bbox 1029 5483 1290 5554; x_wconf 80' lang='lat' dir='ltr'>respiciat</span> <span class='ocrx_word' id='word_1_796' title='bbox 1305 5502 1389 5545; x_wconf 86' lang='lat' dir='ltr'>ur,</span> <span class='ocrx_word' id='word_1_797' title='bbox 1410 5485 1565 5556; x_wconf 88' lang='lat' dir='ltr'>quod</span> <span class='ocrx_word' id='word_1_798' title='bbox 1594 5502 1692 5556; x_wconf 81' lang='lat' dir='ltr'>per</span> <span class='ocrx_word' id='word_1_799' title='bbox 1719 5501 1891 5538; x_wconf 85' lang='lat' dir='ltr'>unum</span> <span class='ocrx_word' id='word_1_800' title='bbox 1941 5485 2114 5540; x_wconf 83' lang='lat' dir='ltr'>homi-</span> 
     </span>
    </p>
   </div>
   <div class='ocr_carea' id='block_1_104' title="bbox 465 5570 2118 5642">
    <p class='ocr_par' dir='ltr' id='par_1_104' title="bbox 465 5570 2118 5642">
     <span class='ocr_line' id='line_1_104' title="bbox 465 5570 2118 5642; baseline 0.007 -25"><span class='ocrx_word' id='word_1_801' title='bbox 465 5577 593 5618; x_wconf 77' lang='lat' dir='ltr'>nem</span> <span class='ocrx_word' id='word_1_802' title='bbox 623 5572 898 5634; x_wconf 81' lang='lat' dir='ltr'>peceatum</span> <span class='ocrx_word' id='word_1_803' title='bbox 948 5570 1176 5626; x_wconf 83' lang='lat' dir='ltr'>intravit</span> <span class='ocrx_word' id='word_1_804' title='bbox 1212 5573 1272 5626; x_wconf 84' lang='lat' dir='ltr'>in</span> <span class='ocrx_word' id='word_1_805' title='bbox 1315 5572 1603 5637; x_wconf 70' lang='lat' dir='ltr'>mundum,</span> <span class='ocrx_word' id='word_1_806' title='bbox 1631 5579 1681 5626; x_wconf 87' lang='lat' dir='ltr'>et</span> <span class='ocrx_word' id='word_1_807' title='bbox 1715 5587 1814 5642; x_wconf 83' lang='lat' dir='ltr'>per</span> <span class='ocrx_word' id='word_1_808' title='bbox 1843 5580 2118 5642; x_wconf 71' lang='lat' dir='ltr'>peccatum</span> 
     </span>
    </p>
   </div>
   <div class='ocr_carea' id='block_1_105' title="bbox 465 5656 2116 5734">
    <p class='ocr_par' dir='ltr' id='par_1_105' title="bbox 465 5656 2116 5734">
     <span class='ocr_line' id='line_1_105' title="bbox 465 5656 2116 5734; baseline 0.007 -28"><span class='ocrx_word' id='word_1_809' title='bbox 465 5667 634 5718; x_wconf 70' lang='lat' dir='ltr'>mors,</span> <span class='ocrx_word' id='word_1_810' title='bbox 659 5663 711 5710; x_wconf 85' lang='lat' dir='ltr'>et</span> <span class='ocrx_word' id='word_1_811' title='bbox 764 5656 840 5710; x_wconf 81' lang='lat' dir='ltr'>ita</span> <span class='ocrx_word' id='word_1_812' title='bbox 882 5657 941 5711; x_wconf 86' lang='lat' dir='ltr'>in</span> <span class='ocrx_word' id='word_1_813' title='bbox 982 5673 1166 5714; x_wconf 77' lang='lat' dir='ltr'>omnes</span> <span class='ocrx_word' id='word_1_814' title='bbox 1214 5661 1458 5717; x_wconf 77' lang='lat' dir='ltr'>homines</span> <span class='ocrx_word' id='word_1_815' title='bbox 1507 5663 1864 5733; x_wconf 63' lang='lat' dir='ltr'>pertransivit</span> <span class='ocrx_word' id='word_1_816' title='bbox 1907 5663 1966 5716; x_wconf 79' lang='lat' dir='ltr'>in</span> <span class='ocrx_word' id='word_1_817' title='bbox 2013 5678 2116 5734; x_wconf 84' lang='lat' dir='ltr'>quo</span> 
     </span>
    </p>
   </div>
   <div class='ocr_carea' id='block_1_106' title="bbox 467 5749 2113 5818">
    <p class='ocr_par' dir='ltr' id='par_1_106' title="bbox 467 5749 2113 5818">
     <span class='ocr_line' id='line_1_106' title="bbox 467 5749 2113 5818; baseline 0.006 -23"><span class='ocrx_word' id='word_1_818' title='bbox 467 5753 651 5797; x_wconf 64' lang='lat' dir='ltr'>om:</span> <span class='ocrx_word' id='word_1_819' title='bbox 677 5753 1030 5815; x_wconf 76' lang='lat' dir='ltr'>peccaverunt</span> <span class='ocrx_word' id='word_1_820' title='bbox 1053 5749 1074 5800; x_wconf 71' lang='grc' dir='ltr'><strong><em>Ρ</em></strong></span> <span class='ocrx_word' id='word_1_821' title='bbox 1099 5749 1272 5815; x_wconf 79' lang='lat' dir='ltr'>(Rom.</span> <span class='ocrx_word' id='word_1_822' title='bbox 1301 5766 1356 5815; x_wconf 91' lang='lat' dir='ltr'>v,</span> <span class='ocrx_word' id='word_1_823' title='bbox 1405 5751 1512 5812; x_wconf 84' lang='grc'>12).</span> <span class='ocrx_word' id='word_1_824' title='bbox 1547 5749 1725 5818; x_wconf 87' lang='lat' dir='ltr'>Cujus</span> <span class='ocrx_word' id='word_1_825' title='bbox 1777 5755 1971 5805; x_wconf 87' lang='lat' dir='ltr'>autem</span> <span class='ocrx_word' id='word_1_826' title='bbox 2013 5751 2113 5806; x_wconf 91' lang='lat' dir='ltr'>ho-</span> 
     </span>
    </p>
   </div>
   <div class='ocr_carea' id='block_1_107' title="bbox 2226 4769 3871 4845">
    <p class='ocr_par' dir='ltr' id='par_1_107' title="bbox 2226 4769 3871 4845">
     <span class='ocr_line' id='line_1_107' title="bbox 2226 4769 3871 4845; baseline -0.003 -17"><span class='ocrx_word' id='word_1_827' title='bbox 2226 4789 2360 4828; x_wconf 87' lang='lat' dir='ltr'>cum</span> <span class='ocrx_word' id='word_1_828' title='bbox 2388 4773 2554 4827; x_wconf 88' lang='lat' dir='ltr'>valde</span> <span class='ocrx_word' id='word_1_829' title='bbox 2581 4773 2946 4845; x_wconf 82' lang='lat' dir='ltr'>perfectoque</span> <span class='ocrx_word' id='word_1_830' title='bbox 2983 4771 3347 4828; x_wconf 83' lang='lat' dir='ltr'>voluerit.Ad</span> <span class='ocrx_word' id='word_1_831' title='bbox 3389 4771 3498 4827; x_wconf 88' lang='lat' dir='ltr'>hoc</span> <span class='ocrx_word' id='word_1_832' title='bbox 3537 4772 3698 4827; x_wconf 89' lang='lat' dir='ltr'>enim</span> <span class='ocrx_word' id='word_1_833' title='bbox 3735 4769 3871 4824; x_wconf 82' lang='lat' dir='ltr'>valet</span> 
     </span>
    </p>
   </div>
   <div class='ocr_carea' id='block_1_108' title="bbox 2227 4859 3868 4935">
    <p class='ocr_par' dir='ltr' id='par_1_108' title="bbox 2227 4859 3868 4935">
     <span class='ocr_line' id='line_1_108' title="bbox 2227 4859 3868 4935; baseline -0.002 -19"><span class='ocrx_word' id='word_1_834' title='bbox 2227 4862 2382 4935; x_wconf 91' lang='lat' dir='ltr'>quod</span> <span class='ocrx_word' id='word_1_835' title='bbox 2415 4859 2695 4932; x_wconf 90' lang='lat' dir='ltr'>scriptum</span> <span class='ocrx_word' id='word_1_836' title='bbox 2728 4866 2836 4928; x_wconf 90' lang='lat' dir='ltr'>est,</span> <span class='ocrx_word' id='word_1_837' title='bbox 2859 4862 2912 4916; x_wconf 76' lang='lat' dir='ltr'>si</span> <span class='ocrx_word' id='word_1_838' title='bbox 2940 4862 3178 4917; x_wconf 76' lang='lat' dir='ltr'>volueris</span> <span class='ocrx_word' id='word_1_839' title='bbox 3205 4862 3545 4918; x_wconf 75' lang='lat' dir='ltr'>conservabi:</span> <span class='ocrx_word' id='word_1_840' title='bbox 3574 4860 3828 4916; x_wconf 80' lang='lat' dir='ltr'>mandata</span> <span class='ocrx_word' id='word_1_841' title='bbox 3855 4871 3868 4911; x_wconf 89' lang='lat'>:</span> 
     </span>
    </p>
   </div>
   <div class='ocr_carea' id='block_1_109' title="bbox 2228 4947 3871 5022">
    <p class='ocr_par' dir='ltr' id='par_1_109' title="bbox 2228 4947 3871 5022">
     <span class='ocr_line' id='line_1_109' title="bbox 2228 4947 3871 5022; baseline -0.002 -17"><span class='ocrx_word' id='word_1_842' title='bbox 2228 4955 2293 5005; x_wconf 89' lang='lat' dir='ltr'>ut</span> <span class='ocrx_word' id='word_1_843' title='bbox 2322 4950 2498 5005; x_wconf 90' lang='lat' dir='ltr'>homo</span> <span class='ocrx_word' id='word_1_844' title='bbox 2529 4949 2630 5020; x_wconf 90' lang='lat' dir='ltr'>qui</span> <span class='ocrx_word' id='word_1_845' title='bbox 2658 4949 2906 5005; x_wconf 84' lang='lat' dir='ltr'>voluerit</span> <span class='ocrx_word' id='word_1_846' title='bbox 2952 4953 3010 5006; x_wconf 91' lang='lat' dir='ltr'>et</span> <span class='ocrx_word' id='word_1_847' title='bbox 3053 4965 3170 5005; x_wconf 91' lang='lat' dir='ltr'>non</span> <span class='ocrx_word' id='word_1_848' title='bbox 3222 4947 3493 5022; x_wconf 89' lang='lat' dir='ltr'>potuerit,</span> <span class='ocrx_word' id='word_1_849' title='bbox 3526 4950 3789 5004; x_wconf 89' lang='lat' dir='ltr'>nondum</span> <span class='ocrx_word' id='word_1_850' title='bbox 3816 4959 3871 5000; x_wconf 81' lang='lat' dir='ltr'>se</span> 
     </span>
    </p>
   </div>
   <div class='ocr_carea' id='block_1_110' title="bbox 2228 5037 3872 5110">
    <p class='ocr_par' dir='ltr' id='par_1_110' title="bbox 2228 5037 3872 5110">
     <span class='ocr_line' id='line_1_110' title="bbox 2228 5037 3872 5110; baseline -0.002 -18"><span class='ocrx_word' id='word_1_851' title='bbox 2228 5038 2396 5110; x_wconf 89' lang='lat' dir='ltr'>plene</span> <span class='ocrx_word' id='word_1_852' title='bbox 2425 5037 2568 5094; x_wconf 90' lang='lat' dir='ltr'>velle</span> <span class='ocrx_word' id='word_1_853' title='bbox 2601 5043 2932 5110; x_wconf 85' lang='lat' dir='ltr'>cognoscat,</span> <span class='ocrx_word' id='word_1_854' title='bbox 2966 5043 3024 5094; x_wconf 88' lang='lat' dir='ltr'>et</span> <span class='ocrx_word' id='word_1_855' title='bbox 3053 5042 3180 5094; x_wconf 90' lang='lat' dir='ltr'>oret</span> <span class='ocrx_word' id='word_1_856' title='bbox 3209 5043 3275 5094; x_wconf 90' lang='lat' dir='ltr'>ut</span> <span class='ocrx_word' id='word_1_857' title='bbox 3303 5037 3516 5094; x_wconf 86' lang='lat' dir='ltr'>habeat</span> <span class='ocrx_word' id='word_1_858' title='bbox 3545 5041 3776 5093; x_wconf 89' lang='lat' dir='ltr'>tantam</span> <span class='ocrx_word' id='word_1_859' title='bbox 3789 5049 3872 5088; x_wconf 88' lang='lat' dir='ltr'>vo-</span> 
     </span>
    </p>
   </div>
   <div class='ocr_carea' id='block_1_111' title="bbox 2227 5121 3871 5200">
    <p class='ocr_par' dir='ltr' id='par_1_111' title="bbox 2227 5121 3871 5200">
     <span class='ocr_line' id='line_1_111' title="bbox 2227 5121 3871 5200; baseline -0.003 -18"><span class='ocrx_word' id='word_1_860' title='bbox 2227 5126 2511 5182; x_wconf 87' lang='lat' dir='ltr'>luntatem</span> <span class='ocrx_word' id='word_1_861' title='bbox 2545 5132 2765 5198; x_wconf 83' lang='lat' dir='ltr'>quanta</span> <span class='ocrx_word' id='word_1_862' title='bbox 2793 5126 3014 5182; x_wconf 89' lang='lat' dir='ltr'>sufﬁcit</span> <span class='ocrx_word' id='word_1_863' title='bbox 3043 5127 3116 5182; x_wconf 87' lang='lat' dir='ltr'>ad</span> <span class='ocrx_word' id='word_1_864' title='bbox 3143 5125 3446 5200; x_wconf 89' lang='lat' dir='ltr'>implenda</span> <span class='ocrx_word' id='word_1_865' title='bbox 3475 5126 3773 5180; x_wconf 85' lang='lat' dir='ltr'>mandata.</span> <span class='ocrx_word' id='word_1_866' title='bbox 3787 5121 3871 5179; x_wconf 85' lang='lat' dir='ltr'>Sic</span> 
     </span>
    </p>
   </div>
   <div class='ocr_carea' id='block_1_112' title="bbox 2227 5209 3869 5288">
    <p class='ocr_par' dir='ltr' id='par_1_112' title="bbox 2227 5209 3869 5288">
     <span class='ocr_line' id='line_1_112' title="bbox 2227 5209 3869 5288; baseline -0.005 -17"><span class='ocrx_word' id='word_1_867' title='bbox 2227 5215 2444 5288; x_wconf 88' lang='lat' dir='ltr'>quippe</span> <span class='ocrx_word' id='word_1_868' title='bbox 2477 5216 2787 5287; x_wconf 75' lang='lat' dir='ltr'>adjuvetur</span> <span class='ocrx_word' id='word_1_869' title='bbox 2807 5221 2872 5271; x_wconf 91' lang='lat' dir='ltr'>ut</span> <span class='ocrx_word' id='word_1_870' title='bbox 2896 5216 3068 5272; x_wconf 89' lang='lat' dir='ltr'>faciat</span> <span class='ocrx_word' id='word_1_871' title='bbox 3089 5216 3242 5288; x_wconf 88' lang='lat' dir='ltr'>quod</span> <span class='ocrx_word' id='word_1_872' title='bbox 3261 5216 3524 5287; x_wconf 89' lang='lat' dir='ltr'>jubetur.</span> <span class='ocrx_word' id='word_1_873' title='bbox 3539 5215 3705 5270; x_wconf 89' lang='lat' dir='ltr'>Tunc</span> <span class='ocrx_word' id='word_1_874' title='bbox 3727 5209 3869 5268; x_wconf 89' lang='lat' dir='ltr'>enim</span> 
     </span>
    </p>
   </div>
   <div class='ocr_carea' id='block_1_113' title="bbox 2228 5302 3872 5376">
    <p class='ocr_par' dir='ltr' id='par_1_113' title="bbox 2228 5302 3872 5376">
     <span class='ocr_line' id='line_1_113' title="bbox 2228 5302 3872 5376; baseline -0.004 -16"><span class='ocrx_word' id='word_1_875' title='bbox 2228 5304 2368 5360; x_wconf 78' lang='lat' dir='ltr'>utile</span> <span class='ocrx_word' id='word_1_876' title='bbox 2399 5309 2489 5360; x_wconf 89' lang='lat' dir='ltr'>est</span> <span class='ocrx_word' id='word_1_877' title='bbox 2516 5304 2662 5361; x_wconf 89' lang='lat' dir='ltr'>velle</span> <span class='ocrx_word' id='word_1_878' title='bbox 2683 5322 2818 5360; x_wconf 90' lang='lat' dir='ltr'>cum</span> <span class='ocrx_word' id='word_1_879' title='bbox 2843 5313 3182 5376; x_wconf 88' lang='lat' dir='ltr'>possumus,</span> <span class='ocrx_word' id='word_1_880' title='bbox 3197 5309 3255 5360; x_wconf 91' lang='lat' dir='ltr'>et</span> <span class='ocrx_word' id='word_1_881' title='bbox 3273 5309 3415 5360; x_wconf 89' lang='lat' dir='ltr'>tunc</span> <span class='ocrx_word' id='word_1_882' title='bbox 3437 5302 3580 5359; x_wconf 87' lang='lat' dir='ltr'>utile</span> <span class='ocrx_word' id='word_1_883' title='bbox 3600 5307 3694 5359; x_wconf 86' lang='lat' dir='ltr'>est</span> <span class='ocrx_word' id='word_1_884' title='bbox 3715 5313 3872 5375; x_wconf 83' lang='lat' dir='ltr'>posse</span> 
     </span>
    </p>
   </div>
   <div class='ocr_carea' id='block_1_114' title="bbox 2230 5390 3870 5466">
    <p class='ocr_par' dir='ltr' id='par_1_114' title="bbox 2230 5390 3870 5466">
     <span class='ocr_line' id='line_1_114' title="bbox 2230 5390 3870 5466; baseline -0.002 -18"><span class='ocrx_word' id='word_1_885' title='bbox 2230 5409 2364 5449; x_wconf 90' lang='lat' dir='ltr'>cum</span> <span class='ocrx_word' id='word_1_886' title='bbox 2394 5393 2684 5449; x_wconf 91' lang='lat' dir='ltr'>volumus.</span> <span class='ocrx_word' id='word_1_887' title='bbox 2712 5416 2738 5443; x_wconf 85' lang='grc'><strong>››</strong></span> <span class='ocrx_word' id='word_1_888' title='bbox 2771 5395 2842 5448; x_wconf 79' lang='lat' dir='ltr'>Et.</span> <span class='ocrx_word' id='word_1_889' title='bbox 2871 5399 3112 5450; x_wconf 87' lang='lat' dir='ltr'>sanctus</span> <span class='ocrx_word' id='word_1_890' title='bbox 3143 5393 3456 5466; x_wconf 84' lang='lat' dir='ltr'>Gregorius</span> <span class='ocrx_word' id='word_1_891' title='bbox 3485 5393 3542 5448; x_wconf 92' lang='lat' dir='ltr'>in</span> <span class='ocrx_word' id='word_1_892' title='bbox 3577 5391 3726 5448; x_wconf 92' lang='lat' dir='ltr'>libro</span> <span class='ocrx_word' id='word_1_893' title='bbox 3758 5390 3870 5445; x_wconf 62' lang='lat' dir='ltr'>Isio-</span> 
     </span>
    </p>
   </div>
   <div class='ocr_carea' id='block_1_115' title="bbox 2227 5482 3872 5556">
    <p class='ocr_par' dir='ltr' id='par_1_115' title="bbox 2227 5482 3872 5556">
     <span class='ocr_line' id='line_1_115' title="bbox 2227 5482 3872 5556; baseline -0.002 -20"><span class='ocrx_word' id='word_1_894' title='bbox 2227 5482 2439 5537; x_wconf 88' lang='lat' dir='ltr'>ralium</span> <span class='ocrx_word' id='word_1_895' title='bbox 2468 5483 2749 5556; x_wconf 85' lang='lat' dir='ltr'>vigesimo</span> <span class='ocrx_word' id='word_1_896' title='bbox 2787 5487 2994 5556; x_wconf 89' lang='lat' dir='ltr'>quarto</span> <span class='ocrx_word' id='word_1_897' title='bbox 3026 5500 3039 5539; x_wconf 92' lang='lat'>:</span> <span class='ocrx_word' id='word_1_898' title='bbox 3076 5507 3104 5533; x_wconf 86' lang='grc'>‹‹</span> <span class='ocrx_word' id='word_1_899' title='bbox 3141 5483 3410 5539; x_wconf 84' lang='lat' dir='ltr'>Liberavit</span> <span class='ocrx_word' id='word_1_900' title='bbox 3451 5484 3600 5538; x_wconf 82' lang='lat' dir='ltr'>enim</span> <span class='ocrx_word' id='word_1_901' title='bbox 3637 5483 3872 5538; x_wconf 82' lang='lat' dir='ltr'>animam</span> 
     </span>
    </p>
   </div>
   <div class='ocr_carea' id='block_1_116' title="bbox 2223 5569 3870 5644">
    <p class='ocr_par' dir='ltr' id='par_1_116' title="bbox 2223 5569 3870 5644">
     <span class='ocr_line' id='line_1_116' title="bbox 2223 5569 3870 5644; baseline -0.004 -17"><span class='ocrx_word' id='word_1_902' title='bbox 2223 5589 2379 5627; x_wconf 78' lang='lat' dir='ltr'>suam</span> <span class='ocrx_word' id='word_1_903' title='bbox 2433 5589 2503 5628; x_wconf 85' lang='lat' dir='ltr'>ne</span> <span class='ocrx_word' id='word_1_904' title='bbox 2553 5580 2797 5644; x_wconf 84' lang='lat' dir='ltr'>pergeret</span> <span class='ocrx_word' id='word_1_905' title='bbox 2851 5575 2915 5629; x_wconf 83' lang='lat' dir='ltr'>in-</span> <span class='ocrx_word' id='word_1_906' title='bbox 2967 5575 3269 5630; x_wconf 81' lang='lat' dir='ltr'>interitum.</span> <span class='ocrx_word' id='word_1_907' title='bbox 3321 5571 3469 5639; x_wconf 88' lang='lat' dir='ltr'>Quia</span> <span class='ocrx_word' id='word_1_908' title='bbox 3515 5569 3870 5644; x_wconf 81' lang='lat' dir='ltr'>preveniente</span> 
     </span>
    </p>
   </div>
   <div class='ocr_carea' id='block_1_117' title="bbox 2224 5658 3869 5734">
    <p class='ocr_par' dir='ltr' id='par_1_117' title="bbox 2224 5658 3869 5734">
     <span class='ocr_line' id='line_1_117' title="bbox 2224 5658 3869 5734; baseline -0.004 -18"><span class='ocrx_word' id='word_1_909' title='bbox 2224 5661 2418 5717; x_wconf 87' lang='lat' dir='ltr'>divina</span> <span class='ocrx_word' id='word_1_910' title='bbox 2450 5661 2636 5734; x_wconf 85' lang='lat' dir='ltr'>gratia</span> <span class='ocrx_word' id='word_1_911' title='bbox 2666 5661 2724 5717; x_wconf 90' lang='lat' dir='ltr'>in</span> <span class='ocrx_word' id='word_1_912' title='bbox 2756 5662 3086 5733; x_wconf 86' lang='lat' dir='ltr'>operatione</span> <span class='ocrx_word' id='word_1_913' title='bbox 3117 5661 3271 5718; x_wconf 91' lang='lat' dir='ltr'>bona</span> <span class='ocrx_word' id='word_1_914' title='bbox 3324 5666 3590 5718; x_wconf 88' lang='lat' dir='ltr'>nostrum</span> <span class='ocrx_word' id='word_1_915' title='bbox 3631 5658 3869 5715; x_wconf 84' lang='lat' dir='ltr'>liberum</span> 
     </span>
    </p>
   </div>
   <div class='ocr_carea' id='block_1_118' title="bbox 2224 5747 3865 5822">
    <p class='ocr_par' dir='ltr' id='par_1_118' title="bbox 2224 5747 3865 5822">
     <span class='ocr_line' id='line_1_118' title="bbox 2224 5747 3865 5822; baseline -0.004 -18"><span class='ocrx_word' id='word_1_916' title='bbox 2224 5749 2532 5805; x_wconf 86' lang='lat' dir='ltr'>arbitrium</span> <span class='ocrx_word' id='word_1_917' title='bbox 2555 5749 2717 5822; x_wconf 89' lang='lat' dir='ltr'>sequi</span> <span class='ocrx_word' id='word_1_918' title='bbox 2727 5749 3320 5822; x_wconf 89' lang='lat' dir='ltr'>tur,nosmetipsinon</span> <span class='ocrx_word' id='word_1_919' title='bbox 3343 5747 3865 5806; x_wconf 87' lang='lat' dir='ltr'>liberaredicimur,</span> 
     </span>
    </p>
   </div>
  </div>
