4018 6454
195 478 292 543 Mi

197 613 320 688 quia
345 611 608 668 liberanti
643 627 752 667 nos
773 610 1020 668 Domino
1040 610 1466 668 consentimus.
1489 609 1653 666 Unde
1674 609 1815 666 Pau-
1844 609 1894 675 Α

197 703 281 759 lus
325 717 452 758 cum
501 699 736 764 diceret,
778 699 1155 757 Abundantius
1204 701 1322 756 illis
1369 701 1622 758 omnibus
1669 699 1816 755 tabo-

195 793 320 860 ravi,
341 791 480 847 871
519 806 591 845 ne
622 788 850 846 labores
882 806 1022 846 suos
1051 789 1164 846 sibi
1194 789 1471 845 tribuisse
1500 789 1814 854 videretur,

179 878 439 951 'adjunxit
470 895 484 934 :
514 879 634 935 Non
679 887 860 935 autem
897 895 1010 951 ego,
1043 879 1136 936 sed
1163 881 1341 951 gratia
1387 881 1488 935 Dei
1533 895 1745 934 mecum
1774 878 1822 940 (Ι

191 967 300 1025 Cor.
318 985 409 1034 xv,
433 968 542 1036 10).
567 967 714 1034 Quia
756 967 913 1023 enim
945 967 1389 1040 praevenientem
1421 966 1522 1024 Dei
1568 966 1815 1040 gratiam

179 1057 302 1130 ipse
330 1054 501 1113 etiam
551 1055 734 1112 libero
771 1057 1012 1114 arbitrio
1045 1057 1233 1113 fuerat
1277 1057 1655 1127 subsecutus,
1686 1058 1818 1128 apte

182 1145 472 1217 subjunxit
511 1159 724 1202 mecum
755 1165 773 1201 :
805 1151 870 1201 ut
898 1150 955 1202 et
985 1145 1178 1202 divino
1227 1145 1457 1201 muneri
1498 1163 1614 1202 non
1662 1148 1819 1201 esset

190 1232 458 1308 ingratus,
493 1238 552 1290 et
579 1237 776 1291 tamen
807 1252 843 1290 a
873 1235 1080 1291 merito
1120 1233 1286 1290 liberi
1327 1235 1552 1291 arbitrii
1582 1251 1698 1290 non
1729 1251 1817 1290 re-

192 1327 436 1381 maneret
464 1327 796 1380 extraneus.
823 1345 851 1375 ››
872 1325 942 1380 Et
960 1324 1098 1380 item
1129 1323 1190 1379 in
1218 1324 1367 1380 libro
1393 1323 1693 1396 trigesimo
1713 1328 1822 1380 ter-

189 1412 260 1468 tio
279 1413 409 1484 (cap.
425 1414 521 1481 20)
540 1429 590 1468 :«
617 1414 751 1482 Quis
781 1421 916 1475 ante.
929 1412 1078 1470 dedit
1103 1413 1266 1480 mihi,
1289 1421 1350 1469 ut
1376 1413 1599 1470 reddam
1621 1413 1712 1469 ei?
1739 1414 1819 1468 Ac

187 1501 230 1557 si
259 1499 444 1574 aperte
493 1501 820 1560 diceretur:
853 1505 936 1559 Ad
970 1504 1295 1575 parendum
1349 1502 1611 1576 reprobis
1657 1502 1820 1558 nulla

185 1591 394 1647 ratione
422 1591 759 1664 compellor,
793 1592 934 1664 quia
961 1592 1047 1648 eis
1083 1593 1314 1649 debitor
1343 1609 1412 1648 ex
1449 1609 1558 1650 sua
1593 1593 1818 1648 actione

181 1695 285 1736 non
315 1683 534 1736 teneor.
569 1680 788 1738 Idcirco
827 1681 986 1737 enim
1028 1698 1399 1754 nequaquam
1434 1681 1686 1738 caelestis
1716 1698 1818 1754 pa-

181 1769 297 1824 tria;
324 1768 566 1840 praemia
605 1774 819 1826 aeterna
851 1769 1204 1843 percipiunt,
1223 1771 1362 1842 quia
1389 1787 1458 1826 ea
1489 1787 1645 1826 nunc
1674 1771 1818 1826 dum

185 1857 483 1928 promereri
515 1863 785 1930 poterant
827 1875 897 1916 ex
937 1859 1120 1916 libero
1160 1859 1399 1916 arbitrio
1449 1865 1816 1932 contempse-

182 1951 326 2042 runt.
341 1947 514 2042 Quod
525 1946 796 2004 videlicet
818 1947 1068 2004 liberum
1089 1949 1401 2004 arbitrium
1422 1947 1483 2003 in
1507 1951 1655 2004 bono
1677 1965 1809 2042 opc-
1841 1977 1886 2042 B

178 2037 325 2089 ratur
349 2034 572 2102 electis,
597 2053 732 2091 cum
760 2053 963 2093 eorum
995 2054 1162 2093 mens
1183 2055 1219 2094 a
1239 2038 1485 2095 terrenis
1506 2037 1812 2094 desideriis

177 2123 348 2195 gratia
373 2124 676 2197 aspirante
717 2127 1119 2198 suspenditur.
1153 2127 1377 2183 Bonum
1409 2127 1625 2200 quippe
1656 2128 1810 2200 quod

177 2209 410 2282 agimus,
432 2217 492 2268 et
522 2213 624 2268 Dei
655 2217 763 2281 est,
787 2218 846 2270 et
877 2219 1167 2272 nostrum.
1192 2216 1292 2271 Dei
1321 2233 1423 2288 per
1451 2217 1810 2288 praevenien-

177 2303 280 2354 tem
301 2301 576 2374 gratiam,
595 2306 862 2360 nostrum
885 2320 988 2376 per
1005 2305 1424 2377 obsequentem
1445 2305 1690 2373 liberam
1712 2322 1808 2361 vo-

177 2386 470 2446 luntatem.
495 2391 560 2447 Si
584 2390 741 2447 enim
763 2393 863 2448 Dei
893 2409 1010 2448 non
1041 2403 1147 2462 est,
1172 2396 1326 2450 unde
1351 2394 1404 2450 ei
1437 2393 1494 2450 in
1527 2399 1808 2450 aeternum

174 2475 378 2548 gratias
407 2479 688 2552 agimus?
717 2498 953 2538 rursum
985 2481 1036 2538 si
1075 2487 1341 2538 nostrum
1372 2501 1484 2538 non
1518 2488 1626 2552 est,
1656 2485 1811 2540 unde

161 2565 330 2622 nobis
349 2567 596 2624 retribui
620 2570 859 2641 prmmia
878 2572 1224 2642 speramus?
1244 2572 1390 2638 Quia
1408 2590 1545 2644 ergo
1568 2591 1682 2628 non
1707 2573 1810 2628 im-

175 2656 365 2712 merito
393 2657 621 2730 gratias
664 2659 917 2732 agimus,
949 2659 1172 2716 scimus
1202 2661 1359 2732 quod
1399 2662 1528 2732 ejus
1570 2678 1811 2716 munere

159 2745 555 2813 .przsvenimur
585 2763 598 2803 :
632 2751 691 2804 et
721 2765 979 2816 rursum,
1014 2749 1153 2822 quia
1179 2766 1297 2805 non
1324 2749 1622 2810 immerito
1653 2749 1814 2805 retri-

174 2829 458 2890 butionem
490 2835 834 2908 quaerimus,
860 2837 1082 2894 scimus
1119 2839 1274 2910 quod
1315 2839 1710 2911 subsequente
1739 2839 1809 2894 li-

174 2917 297 2976 bero
325 2921 574 2978 arbitrio
603 2923 759 2979 bona
785 2922 1070 2998 elegimus
1091 2942 1218 2998 quae
1241 2941 1606 2998 ageremus.»
1627 2927 1696 2980 Et
1725 2943 1814 2980 ve-

173 3011 454 3067 nerandus
480 3011 770 3068 Alcuinus
817 3011 878 3068 in
927 3015 1208 3086 opusculo
1239 3015 1628 3086 quaestionum
1675 3015 1810 3070 libri

173 3096 466 3168 Geneseos,
495 3101 581 3156 ad
627 3101 921 3174 Sigulfum
961 3103 1386 3177 presbyterum,
1418 3103 1810 3176 interrogatus

171 3189 266 3242 cur
282 3186 456 3244 homo
477 3189 677 3246 factus
699 3195 789 3246 est
810 3190 974 3248 liberi
999 3191 1244 3261 arbitrii,
1269 3193 1572 3266 respondit
1595 3210 1642 3248 :«
1667 3193 1812 3258 Quia

171 3274 344 3332 noluit
371 3277 616 3334 Greater
657 3279 956 3336 hominem
985 3280 1303 3351 cujuslibet
1331 3299 1526 3338 creare
1555 3299 1808 3349 servum,

171 3381 329 3436 quem
357 3367 431 3423 ad
461 3367 790 3441 imaginem
823 3385 992 3425 suam
1025 3369 1177 3436 fecit,
1201 3373 1490 3442 quatenus
1519 3387 1587 3426 ex
1615 3370 1812 3428 volun-
1842 3347 1884 3414 Π

169 3453 304 3510 tario
333 3455 488 3512 bono
531 3455 854 3514 laudabilis
893 3463 1216 3530 appareret,
1248 3458 1337 3514 vel
1368 3460 1630 3532 appetitu
1661 3459 1815 3516 male

167 3541 530 3602 damnabilis.
553 3545 626 3600 Et
658 3545 1054 3620 interrogatus
1083 3564 1188 3602 cur
1215 3547 1427 3603 tentari
1450 3549 1604 3604 Deus
1635 3547 1819 3604 homi-

167 3645 288 3686 nem
318 3633 614 3703 permisit,
630 3650 804 3706 quem
836 3635 1182 3690 consentire
1198 3637 1557 3707 praesciebat,
1584 3654 1817 3710 respon-

167 3717 243 3774 dit
271 3736 284 3774 :
317 3721 464 3787 Quia
505 3739 736 3796 magna:
786 3722 981 3780 laudis
1013 3741 1126 3779 non
1157 3729 1333 3794 esset,
1367 3726 1415 3782 si
1465 3726 1592 3781 ideo
1642 3726 1816 3781 homo

168 3824 272 3864 non
304 3811 787 3884 peccasset,quia
807 3813 960 3869 male
982 3813 1170 3869 facere
1192 3831 1308 3869 non
1343 3813 1644 3886 potuisset.
1669 3815 1815 3870 Nam

166 3899 218 3950 et
243 3897 410 3954 hodie
442 3899 582 3956 sine
628 3899 1065 3958 intermissione
1097 3919 1201 3974 per
1243 3903 1582 3959 universum
1631 3921 1818 3977 genus

165 3982 482 4044 humanum
505 4005 580 4045 ex
606 3989 842 4046 insidiis
863 3989 1078 4046 diaboli
1107 3991 1375 4048 homines
1402 3997 1724 4066 tentantur,
1749 3990 1820 4051 ut

165 4089 227 4130 ex
253 4093 318 4133 eo
344 4078 560 4134 tentati
584 4078 774 4134 virtus
806 4079 1105 4152 probetur,
1131 4085 1188 4136 et
1215 4081 1412 4154 palma
1441 4099 1557 4138 non
1581 4100 1819 4140 consen-

165 4161 348 4223 tientis
378 4166 701 4240 gloriosior
727 4173 1028 4240 appareat.
1061 4169 1133 4225 Et
1179 4170 1250 4226 de
1299 4171 1637 4243 quaestione,
1671 4191 1816 4246 quo-

165 4255 324 4311 modo
353 4255 814 4329 intelligendum
845 4256 943 4324 sit,
966 4257 1077 4313 Sub
1109 4265 1158 4314 te
1177 4261 1284 4314 erit
1310 4261 1580 4331 appetitus
1602 4264 1742 4334 ejus,
1767 4257 1822 4320 et

163 4341 603 4402 tudominaberis
625 4346 808 4412 illius,
831 4346 1134 4416 respondit
1157 4363 1170 4401 :
1196 4347 1343 4414 Quia
1363 4352 1426 4404 tu
1445 4349 1612 4406 liberi
1637 4369 1700 4407 es
1731 4370 1818 4408 ar-

164 4429 330 4501 bitrii,
351 4451 472 4490 non
504 4434 692 4490 habet
716 4437 1024 4506 peccatum
1045 4452 1222 4507 super
1250 4441 1306 4492 te
1336 4438 1686 4510 dominium,
1712 4443 1814 4497 sed

162 4521 218 4576 tu
247 4538 424 4595 super
453 4522 629 4588 illud,
665 4527 722 4578 et
752 4521 813 4577 in
846 4526 949 4578 tua
978 4527 1265 4596 potestate
1287 4529 1396 4592 est,
1416 4525 1534 4582 sive
1557 4545 1690 4584 cum
1711 4530 1814 4586 Dei

163 4609 338 4679 gratia
365 4627 766 4684 compescere,
801 4610 921 4668 sive
961 4611 1222 4684 appetitu
1264 4618 1364 4670 tuo
1403 4617 1815 4689 concupiscere

875 479 977 540 DE
1016 475 1780 541 PRJEDESTINATIONE
1813 473 2348 542 ’DISSERTATIO
2389 469 2856 534 POSTERIOR.

3449 462 3570 529 ω

2023 607 2168 658 Sicut
2197 605 2340 656 enim
2359 605 2572 669 palmes
2599 603 2776 654 nullos
2801 602 2943 669 valet
2969 599 3124 669 edere
3151 598 3356 669 fructus

1930 671 2065 718 818
2085 670 2201 718 Non
2233 669 2288 718 in
2316 661 2421 718 vite
2452 680 2692 730 manens,
2721 678 2840 730 qua:
2870 665 2935 714 de
2963 663 3137 713 radice
3172 661 3413 730 ministra

2020 733 2243 782 Succum
2275 735 2396 794 agat
2423 731 2479 794 in
2509 725 2756 788 frondes,’
2773 731 2826 794 et
2851 730 3028 776 musto
3056 725 3316 794 compleat
3337 736 3501 773 uvas:

2019 794 2104 844 Sic
2133 790 2404 843 infecundi
2433 793 2690 842 virtutum
2716 795 2769 840 et
2795 790 2946 849 fruge
2975 791 3235 840 carentes.

2021 857 2270 918 Perpetui
2299 857 2448 918 cibus
2476 855 2614 918 ignis
2639 856 2796 902 erunt
2826 866 2838 900 :
2872 851 2980 915 qui,
3013 849 3122 898 vite
3151 849 3350 908 relicta,

2019 917 2230 968 Audeat
2259 917 2426 968 effusa
2453 917 2518 966 de
2548 917 2790 966 libertate
2819 925 3092 964 comarum

2017 983 2218 1039 Fidere,
2251 994 2320 1030 ne
2349 980 2538 1031 Christi
2567 980 2674 1028 sint
2701 977 2944 1027 ubertate
2970 975 3195 1039 feraces.

2018 1044 2082 1093 Et
2110 1037 2260 1107 mage
2290 1058 2346 1092 se
2376 1039 2859 1107 ereduntprepriis
2883 1037 3142 1107 excellere
3169 1042 3348 1107 posse,

2019 1099 2262 1164 Quam'si
2291 1107 2549 1156 virtutum
2579 1099 2890 1168 placiturum
2921 1099 2990 1149 sit
3015 1100 3155 1149 Deus
3184 1101 3386 1148 auctor.

1925 1197 1994 1252 Et
2024 1195 2196 1268 paulo
2225 1198 2356 1268 post
2382 1211 2395 1249 :

2021 1292 2170 1351 Quod
2201 1305 2311 1342 non
2341 1295 2420 1342 est
2449 1291 2551 1340 nisi
2579 1292 2887 1354 peccatum,_
2904 1301 3010 1352 quo
3039 1283 3386 1354 discrucietur

2019 1347 2273 1420 Eibertas,
2301 1355 2372 1420 ad
2401 1367 2562 1416 quam
2582 1347 2757 1420 'solam
2787 1347 3103 1420 male'gesta
3128 1347 3429 1420 recurrunt2

2018 1418 2081 1466 Et
2102 1409 2274 1467 tamen
2298 1418 2356 1466 in
2379 1409 2589 1465 sanctos
2608 1416 2846 1464 animum
2867 1409 2986 1463 cum
3008 1409 3336 1462 intendimus
3357 1409 3520 1467 actus,

2019 1480 2146 1529 Cum
2179 1479 2456 1528 desideriis
2484 1478 2657 1528 carnis
2682 1491 2832 1526 mens
2861 1479 3007 1526 casta
3035 1474 3320 1536 repuguat,

2019 1543 2146 1592 Cum
2178 1541 2427 1591 tentatori
2458 1554 2566 1590 non
2597 1539 2854 1598 cedimus,
2888 1541 2941 1587 et
2965 1549 3059 1600 per
3087 1534 3304 1585 acerbas

2018 1605 2201 1654 Vexati
2229 1617 2435 1666 poenas,
2467 1602 2822 1666 illaasoicprde
2851 1611 3150 1666 manemus,

2018 1659 2280 1718 Libertate
2309 1659 2534 1728 agimus,
2566 1665 2658 1714 sed
2693 1663 2933 1714 libertate
2962 1659 3254 1724 redempta,

2018 1729 2110 1778 Cui
2139 1730 2280 1778 Deus
2309 1732 2388 1778 est
2414 1733 2604 1778 rector.
2867 1763 2874 1769 .

1923 1817 1995 1872 Et
2021 1815 2161 1873 item
2193 1817 2252 1872 in
2283 1816 2485 1872 eodem
2516 1818 2657 1888 (cap.
2694 1815 2782 1883 15)
2814 1829 2828 1868 :

2018 1913 2081 1976 Et
2106 1927 2203 1962 nos
2231 1913 2332 1962 ista
2357 1913 2531 1976 inquit
2559 1911 2818 1976 sentimus
2845 1909 2912 1960 de
2941 1907 3180 1976 bonitate
3319 1960 3326 1970 I

2009 1975 2082 2025 Ac
2109 1977 2304 2024 virtute
2335 1973 2450 2032 Dei;
2477 1988 2584 2038 quo
2612 1975 2668 2023 ni
2693 1975 2982 2036 foveatque
3011 1973 3268 2082 regatq’ue
3368 2029 3383 2040 .

2011 2037 2156 2082 Onos
2183 2042 2355 2082 vocat.
2388 2041 2442 2082 et
2468 2039 2611 2082 tutos
2640 2039 2860 2082 neccato
2898 2036 3114 2082 praestet
3141 2045 3174 2080 a
3238 2043 3383 2080 0mm

2011 2037 2156 2095 Quos
2183 2042 2355 2096 vocat,
2388 2041 2442 2086 et
2468 2036 2611 2086 tutos
2640 2039 2860 2099 peccato
2898 2036 3208 2099 praestetub
3238 2036 3408 2088 omni,

2012 2093 2133 2163 Non,
2158 2115 2256 2149 sua
2284 2093 2516 2163 servabit
2547 2093 2869 2163 queinquam
2898 2093 3206 2163 prudentia,
3235 2105 3338 2142 nec
3365 2104 3422 2140 se

2013 2161 2254 2212 Perﬁciet
2279 2161 2406 2210 solis
2435 2158 2640 2211 naturae
2662 2158 2868 2209 viribus
2895 2158 3055 2208 ullus.

2013 2225 2266 2296 Sedquia
2289 2224 2400 2286 jam
2429 2223 2482 2296 in
2506 2223 2663 2272 nobis
2679 2227 2731 2296 et
2748 2221 2884 2296 velle
2908 2223 2960 2296 et
2979 2217 3375 2296 pellegereatum
3401 2216 3502 2274 est,

2011 2282 2333 2350 Arbit'riiqu'e
2361 2287 2444 2350 sui
2473 2300 2580 2348 quo
2608 2285 2726 2334 vult
2753 2282 3030 2350 intendere
3059 2283 3238 2330 motus

2012 2345 2262 2414 Libertas
2278 2349 2443 2414 accita
2470 2345 2660 2410 potest,
2693 2345 2970 2414 patuitque
3003 2357 3101 2406 per
3129 2354 3312 2414 aurem

2007 2411 2216 2461 Judieio
2247 2411 2441 2474 cordis,
2471 2407 2579 2474 quo
2608 2407 3269 2474 mu’ndum’prppesuisset

2009 2474 2239 2524 Consilio
2269 2467 2471 2522 salvere
2489 2467 2656 2530 'Deus,
2684 2485 2834 2520 mens
2863 2467 3033 2518 eicite
3063 2467 3281 2528 longum

2011 2536 2250 2585 Excutiat
2277 2529 2740 2598 somuum,seque
2770 2533 2853 2598 illi
2877 2530 3074 2598 subdat
3101 2532 3154 2578 et
3181 2529 3346 2598 aptet,

2011 2599 2108 2657 Qui
2139 2597 2383 2660 cupidam
2415 2601 2468 2646 et
2496 2589 2667 2646 ﬁdam'
2685 2595 2946 2658 promissa
2971 2593 3026 2642 in
3056 2589 3254 2656 gaudia
3281 2589 3459 2638 ducat.

1917 2688 1986 2742 Et
2015 2685 2074 2741 in
2103 2687 2254 2742 libro
2284 2686 2355 2742 de
2385 2684 2752 2743 Providentia
2781 2683 2978 2739 divina
3009 2698 3024 2737 :

2355 2821 2368 2832 .
2439 2818 2450 2831 .
2521 2817 2534 2830 .
2602 2817 2615 2830 .
2687 2817 2699 2830 .
2767 2780 2920 2830 Dedit
2947 2779 3178 2842 optimus
3208 2777 3395 2842 auctor

2012 2847 2122 2896 Hoc
2151 2845 2354 2908 homini
2385 2844 2610 2908 speciale
2628 2843 2820 2908 decus.
2841 2836 3079 2908 Cumque
3110 2839 3294 2908 omnia
3321 2836 3486 2886 verbo

2009 2900 2467 2975 penderem-hunc
2496 2907 2760 2965 manibus,
2792 2900 3092 2975 substantia
3119 2900 3319 2975 duplex

2008 2971 2033 3036 .l
2042 2971 2276 3036 ungitur,
2307 2971 2470 3036 inque
2502 2971 2888 3036 linameoeunt
2911 2966 3176 3036 contraria
3204 2966 3385 3036 vitam.

2011 3027 2246 3094 Nauique
2266 3027 2453 3097 'anima
2481 3046 2542 3081 ex
2570 3030 2736 3097 nullis
2754 3033 2824 3097 _ut
2852 3027 3324 3097 caeteragignitur,
3348 3035 3537 3097 capere

2011 3089 2278 3162 interitus,
2312 3095 2413 3144 nisi
2442 3094 2585 3162 quod
2616 3093 2842 3143 Domino
2873 3089 3174 3162 cruciabilis
3205 3089 3297 3136 uni
3325 3089 3423 3162 est,

2011 3159 2074 3207 Et
2103 3172 2192 3206 rea
2223 3158 2356 3207 ferre
2385 3151 2561 3220 potest
2589 3168 2804 3220 pugnam
2835 3155 2935 3220 sub
2962 3151 3180 3220 nomine
3209 3151 3411 3206 mortis,

2010 3214 2402 3283 Terrenamqué
2431 3214 2622 3283 illapsu
2648 3217 2883 3283 domum,
2906 3215 3000 3283 dat
3025 3214 3204 3283 vivere
3233 3221 3413 3262 secum

2011 3277 2338 3338 Consortem’,
2374 3285 2429 3331 et
2454 3277 2656 3344 pariter
2683 3280 2925 3330 divinum
2955 3277 3168 3344 haurire
3195 3283 3471 3344 vaporem.

2013 3347 2118 3395 Nec
2148 3345 2275 3408 quia
2302 3338 2575 3408 dissimilis
2603 3356 2778 3392 rerum
2811 3345 3003 3408 natura
3029 3339 3258 3408 duarum
3285 3338 3382 3393 est,

2019 3403 2202 3470 Dispa'r
2231 3406 2466 3470 conditio
2497 3409 2592 3470 est.
2608 3408 2804 3470 gmanet
2832 3404 3005 3470 exitus
3032 3415 3175 3470 unus
3204 3403 3514 3461 utrumque,

2017 3463 2124 3518 Sed
2151 3469 2329 3532 potior
2350 3468 2459 3532 juri
2487 3463 3100 3532 subdaturgposterioris,

1926 3533 2062 3579 879
2093 3528 2280 3594 sense
2301 3528 2516 3594 majoris
2542 3531 2726 3594 virtuti
2745 3528 3008 3594 inﬁrmior
3029 3528 3221 3594 usquet.

2017 3595 2108 3642 Est
2135 3593 2274 3642 enim
2311 3591 2588 3643 ambarum
2617 3592 2779 3649 vinci,
2807 3595 2887 3640 est
2915 3593 2970 3640 et
2995 3591 3208 3639 vincere
3234 3596 3410 3650 posse,

2023 3657 2280 3722 Rrolicere
2311 3661 2363 3722 et
2390 3657 2578 3722 minui,
2607 3667 2832 3722 regnare
2861 3657 2915 3702 et
2945 3653 3164 3722 perdere
3187 3659 3432 3722 regnum.

2019 3720 2135 3767 Non
2165 3719 2292 3781 quia
2313 3719 2434 3780 plus
2449 3713 2718 3781 cuiquam,
2740 3717 2920 3781 minus
2948 3713 3043 3764 aut
3069 3713 3126 3762 in
3154 3713 3362 3781 origine
3393 3718 3566 3758 causae

2017 3777 2276 3828 Nascendi
2307 3777 2600 3836 attulerint,
2634 3785 2727 3827 aut
2758 3777 2863 3826 ulla
2891 3781 3114 3826 externa
3142 3777 3349 3822 creatos

2019 3843 2113 3906 Vis
2136 3845 2359 3906 premat,
2389 3843 2709 3906 ignarosque
2739 3842 2858 3906 agat
2887 3839 2940 3887 in
2971 3837 3279 3906 discrimina
3307 3843 3518 3906 morum
3551 3843 3565 3878 :

2019 3905 2120 3953 Sed
2141 3899 2273 3967 'quia
2303 3899 2437 3952 liber
2462 3899 2637 3967 homo'
2653 3907 2705 3951 et
2733 3899 2942 3967 sapiens
2969 3900 3270 3967 discernere
3299 3899 3458 3946 rectis

2019 3961 2183 4016 Prava
2212 3969 2400 4028 potest,
2424 3966 2475 4014 in
2508 3980 2562 4015 se
2581 3965 2724 4014 intus
2745 3961 2948 4012 habens
2967 3961 3270 4028 discrimina
3288 3973 3489 4015 rerum,

2017 4022 2228 4092 Jusque'
2247 4029 2536 4078 voluntatis
2563 4041 2670 4091 quo
2700 4027 2960 4089 temperat
2987 4022 3263 4073 arbitrium
3293 4036 3462 4072 mens.

2483 4132 2704 4190 ErILocI
2741 4149 2924 4189 CAPUT
2957 4148 3013 4188 v.

1926 4221 2072 4285 Quod
2118 4223 2250 4271 Deus
2289 4237 2462 4273 omnes
2506 4223 2733 4272 homines
2777 4219 2887 4272 vult
2930 4219 3098 4270 salvos
3135 4219 3273 4284 ﬁeri,
3309 4217 3425 4270 licet
3466 4233 3572 4270 non

1987 4308 2161 4342 omnes
2188 4293 2452 4342 solventur
2478 4309 2496 4342 :
2526 4292 2665 4356 quod
2697 4294 2867 4342 autem
2905 4290 3116 4354 quidam
3157 4290 3445 4352 salvantur,
3467 4291 3570 4342 sal-

1987 4366 2156 4413 vanh‘s
2182 4366 2250 4413 sit
2275 4364 2484 4424 donum,
2517 4367 2564 4412 et
2593 4364 2733 4428 quod
2757 4363 2967 4428 quidam
2999 4364 3236 4427 pereunt,
3263 4363 3332 4413 sit
3353 4377 3572 4428 pereun-

1987 4437 2115 4484 tium
2141 4437 2398 4486 meritum.

1995 4535 2244 4590 Sanctus
2274 4533 2622 4590 leestinus
2651 4534 2724 4589 ad
2753 4533 3060 4589 Venerium
3093 4537 3150 4588 et
3175 4535 3412 4588 caeteros
3443 4531 3574 4590 Gal-

1924 4622 2146 4679 licanos
2201 4622 2504 4694 episcopos
2533 4626 2675 4696 (post
2718 4624 2874 4694 epist.
2905 4625 3000 4690 8):
3025 4645 3052 4673 ‹‹
3088 4621 3571 4678 Obsecrationum

162 4694 315 4754 illud.
332 4700 404 4756 Et
431 4699 836 4773 interrogatus
867 4717 994 4772 quae
1025 4705 1116 4757 est
1133 4717 1268 4757 vera
1294 4701 1814 4778 libertas,.respon-
1844 4718 1888 4781 Ι)
1919 4711 2367 4767 sacerdotalium
2396 4694 2765 4769 sacramenta
2785 4710 3325 4784 respiciamus,qum
3345 4709 3419 4764 ab
3439 4725 3574 4782 apo-

163 4785 240 4842 dit
269 4805 282 4843 :
315 4788 580 4845 Maxima
609 4789 731 4844 haec
779 4788 1021 4845 libertas
1054 4795 1161 4856 est,
1195 4791 1412 4847 servire
1455 4793 1723 4864 justitim,
1755 4801 1815 4852 et

161 4881 382 4944 peccato
430 4877 692 4934 liberum
735 4895 884 4935 esse.
909 4901 938 4928 ››
969 4880 1040 4934 Et
1069 4879 1315 4952 Prosper
1362 4887 1565 4938 contra
1613 4883 1807 4940 Gallos

160 4965 312 5038 (resp.
336 4968 394 5035 6)
419 4984 472 5024 εκ
511 4966 790 5024 Liberum
840 4967 1150 5023 arbitrium
1200 4968 1346 5024 nihil
1395 4987 1542 5039 esse,
1571 4971 1660 5028 vel
1690 4990 1806 5028 non

160 5065 298 5120 esse,
327 5071 644 5128 perperam
685 5056 902 5112 dicitur
932 5075 945 5112 :
981 5057 1083 5112 sed
1134 5062 1268 5113 ante
1313 5057 1804 5117 illuminationem

163 5139 286 5197 ﬁdei
316 5143 374 5200 in
405 5144 693 5214 tenebris,
718 5145 774 5200 id
796 5149 888 5202 est
915 5143 974 5200 in
1007 5145 1217 5202 umbra
1237 5148 1444 5204 mortis
1474 5166 1664 5221 agerc,
1691 5167 1805 5205 non

163 5234 304 5286 recte
331 5237 626 5306 negatur:
659 5233 940 5305 quoniam
971 5234 1318 5306 priusquam
1347 5253 1380 5292 a
1411 5237 1808 5295 dominatione

163 5316 362 5378 diaboli
392 5339 500 5394 per
531 5323 637 5380 Dei
668 5323 920 5396 gratiam
959 5324 1258 5392 liberetur,
1283 5325 1344 5380 in
1383 5325 1482 5380 illo
1522 5328 1810 5398 profundo

158 5405 320 5478 jacet,
351 5411 412 5466 in
443 5412 608 5484 quod
639 5429 703 5468 se
732 5429 842 5468 sua
870 5411 1138 5469 libertate
1165 5414 1460 5470 demersit.
1487 5415 1809 5471 Arbitrium

163 5495 306 5554 enim
337 5499 603 5556 hominis
632 5501 819 5572 gratia
847 5501 951 5556 Dei
993 5520 1108 5557 non
1142 5502 1352 5573 abolet,
1386 5505 1483 5559 sed
1519 5504 1730 5570 adolet,
1754 5509 1812 5560 et

164 5583 230 5639 ab
255 5603 447 5646 errore
468 5589 534 5644 in
554 5589 711 5646 viam
739 5595 970 5646 revocat
991 5608 1058 5646 ac
1089 5593 1332 5662 reducit,
1357 5596 1420 5647 ut
1442 5593 1595 5664 quod
1621 5611 1729 5649 sua
1747 5593 1812 5649 1i-

166 5670 373 5734 bertate
392 5682 524 5735 erat
548 5695 815 5750 pravum,
841 5679 1054 5752 spiritu
1075 5679 1178 5735 Dei
1199 5684 1403 5752 agente
1425 5679 1499 5736 sit
1523 5685 1808 5738 rectum.»

167 5759 238 5816 Et
254 5763 390 5822 item
416 5766 480 5824 in
517 5767 668 5824 libro
699 5769 774 5826 de
803 5769 1054 5842 lngratis
1080 5774 1282 5826 contra
1314 5769 1650 5842 Pelagianos
1684 5789 1697 5826 :

1923 4799 2091 4856 stolis
2113 4801 2347 4865 tradita,
2367 4801 2426 4855 in
2449 4805 2570 4856 toto
2593 4801 2813 4856 mundo
2833 4804 3008 4872 atque
3031 4799 3091 4854 in
3108 4799 3265 4854 omni
3285 4797 3571 4854 catholica

1915 4887 2176 4944 Ecclesia
2197 4889 2571 4945 uniformiter
2595 4889 3068 4954 celebrantur,ut
3087 4887 3272 4960 legem
3296 4885 3569 4942 credendi

1916 4977 2008 5033 lex
2038 4981 2260 5033 statuat
2289 4977 2682 5050 supplicandi.
2707 4977 2852 5032 Cum
2883 4977 3038 5032 enim
3075 4979 3414 5032 sanctarum
3443 4973 3566 5047 ple-

1916 5066 2080 5121 bium
2113 5066 2392 5137 praesules
2425 5067 2702 5122 mandata
2739 5065 2852 5120 sibi
2891 5065 3180 5137 legatione
3219 5064 3567 5136 funguntur,

1917 5156 2072 5226 apud
2107 5154 2365 5209 divinam
2417 5153 2788 5209 clementiam
2833 5151 3076 5208 humani
3107 5150 3338 5224 generis
3385 5156 3570 5226 agunt

1916 5259 2179 5306 causam,
2205 5247 2264 5297 et
2294 5247 2418 5298 tota
2442 5259 2644 5298 secum
2673 5241 2928 5297 Ecclesia
2957 5239 3445 5312 congemiscente,
3470 5255 3569 5314 po-

1919 5331 2141 5387 stulant
2163 5335 2222 5385 et
2253 5337 2566 5402 precantur
2595 5335 2660 5385 ut
2693 5329 3027 5385 inﬁdelibus
3049 5330 3297 5384 donetur
3311 5329 3478 5400 ﬁdes,
3501 5335 3571 5388 ut

1919 5418 2235 5476 idololatrae
2267 5421 2338 5474 ab
2379 5418 2698 5491 impietatis
2739 5436 2858 5474 suae
2896 5417 3218 5473 liberentur
3249 5419 3564 5488 erroribus,

1918 5511 1984 5562 ut
2011 5507 2230 5562 Judaeis
2263 5507 2492 5562 sublato
2525 5508 2716 5561 cordis
2735 5505 3020 5562 velamine
3050 5505 3150 5562 lux
3173 5507 3434 5565 veritatis
3464 5523 3566 5581 ap-

1917 5600 2140 5668 pareat,
2163 5601 2228 5650 ut
2248 5594 2502 5650 haeretici
2520 5595 2816 5650 catholicae
2836 5595 2969 5651 ﬁdei
2992 5595 3346 5669 perceptioni
3373 5595 3568 5669 resipio

1917 5689 2104 5751 scant,
2133 5689 2195 5740 ut
2233 5683 2596 5739 schismatici
2630 5683 2904 5756 spiritum
2953 5685 3216 5742 redivivas
3267 5685 3567 5742 charitatis

1917 5773 2224 5844 accipiant,
2241 5776 2306 5828 ut
2327 5771 2509 5844 lapsis
2532 5773 2883 5844 poenitentiae
2898 5773 3153 5831 remedia
3169 5775 3560 5842 conferantur,
