4018 6462
168 473 272 538 M5

849 471 952 535 DE
995 471 1765 536 PREDESTINATIONE
1808 471 2324 537 DISSEllTATIO
2367 472 2829 537 POSTERIOR.

3418 467 3538 534 446

165 609 217 666 in
237 605 496 665 omnibus
513 603 787 663 Ecclesiis
807 605 1073 680 piissime
1094 606 1440 674 custoditur,
1456 610 1521 663 ut
1537 606 1654 663 Deo
1675 623 1780 680 pro
1813 607 1860 674 Α
1963 606 2036 662 Et
2065 611 2304 664 sanctus
2336 608 2448 664 Leo
2477 606 2538 662 in
2569 610 2728 663 torno
2758 605 2831 662 ad
2877 602 3215 663 Flavianum
3237 607 3413 679 (epist.
3446 605 3538 674 10,

165 696 418 756 omnibus
453 695 794 751 hominibus
834 694 1216 768 supplicetur.
1251 696 1332 750 Ex
1371 695 1587 768 quibus
1628 695 1786 768 quod

165 784 318 844 multi
346 788 605 858 pereunt,
628 783 999 856 pereuntium
1023 787 1112 840 cst
1133 785 1592 857 meritum,quod
1615 784 1783 840 multi

164 873 456 940 salvantur,
480 872 759 929 salvantis
779 877 869 929 est
897 874 1138 929 donum.
1162 873 1236 929 Ut
1265 873 1422 928 enim
1453 891 1590 929 reus
1617 874 1782 928 dam-

162 959 726 1033 netur,inculpahilis
752 967 840 1017 est
878 961 980 1018 Dei
1004 961 1278 1034 justitia:
1313 965 1380 1016 ut
1419 965 1614 1018 autem
1651 979 1784 1019 reus

153 1049 504 1124 justificetur,
529 1049 841 1106 inclfabilis
871 1050 972 1106 Dei
1016 1049 1205 1123 gratia
1241 1055 1348 1106 est.
1376 1072 1403 1099 n
1435 1052 1504 1106 Et
1551 1049 1688 1106 item
1722 1051 1781 1106 in

160 1138 293 1196 libro
320 1137 388 1194 de
418 1136 614 1194 divina
643 1137 1008 1194 Providentia
1038 1154 1052 1194 :

238 1261 420 1326 Yerum
449 1274 517 1312 ne
543 1261 707 1326 longe
735 1276 1284 1326 sermonemoremur
1317 1263 1371 1312 in
1401 1263 1532 1326 istis,

237 1323 357 1388 Quae
384 1325 610 1388 sparsim
635 1323 889 1388 varieque
919 1325 1030 1374 suis
1060 1329 1187 1375 sunt
1214 1325 1357 1375 edita
1385 1325 1576 1382 saeclis,

235 1387 371 1452 εἰθγο
399 1386 542 1452 quod
574 1387 626 1436 in
650 1386 818 1452 parte
837 1390 937 1452 est,
959 1388 1012 1452 i_n
1046 1391 1155 1438 toto
1185 1389 1305 1452 quis
1335 1391 1492 1450 neget
1520 1401 1652 1446 esse,

237 1449 362 1514 Dum
391 1449 632 1514 sclidam
648 1449 861 1514 Domini
888 1450 1060 1498 divisa
1087 1449 1513 1514 negotiacuram

235 1510 426 1576 yelant,
448 1515 501 1561 et
525 1511 667 1562 nulla
699 1511 956 1576 accipitur
979 1526 1099 1576 quas
1127 1510 1249 1576 rara
1276 1512 1506 1561 videtur.

233 1573 388 1638 Dicite
407 1586 568 1638 quem
595 1573 857 1638 populum
879 1573 1198 1638 qua—mundi
1229 1575 1280 1638 in
1313 1578 1463 1638 parte
1489 1575 1772 1638 remotum,

230 1634 440 1700 Quosve
461 1634 914 1700 homine'stcujus
937 1637 1175 1700 generis,
1197 1637 1280 1686 vel
1309 1634 1651 1696 conditionis,

231 1696 460 1756 Neglexit
487 1698 694 1748 salvere
725 1696 895 1748 Deus?
924 1696 1026 1756 vir,
1055 1699 1270 1755 femina.
1303 1713 1508 1757 servus,

230 1759 392 1826 Liber,
409 1760 646 1826 Judeus.
665 1762 894 1820 Gnaeus,
914 1761 1128 1826 Scytha,
1149 1761 1424 1820 barbarus,
1446 1774 1633 1811 omnes

232 1822 284 1870 In
311 1822 514 1872 Christo
546 1837 732 1872 sumus
759 1837 948 1873 unum.

153 1882 270 1932 88.
298 1884 405 1934 Hoc
432 1885 632 1935 etenim
661 1885 766 1944 lex,
788 1885 890 1936 hoc
913 1885 1220 1935 veneranda
1238 1885 1513 1935 volumina
1538 1888 1741 1945 vatum,

232 1946 332 2011 [loc
358 1947 778 2011 patriarcharum
809 1961 932 2011 spes
959 1961 1069 1997 non
1097 1947 1302 1997 incerta
1329 1947 1544 1997 tenebat
1573 1962 1586 1996 :

230 2008 410 2073 Ultima
434 2024 558 2058 cum
588 2009 777 2059 mundi
807 2008 966 2060 ﬁnem
995 2023 1163 2073 prOpe
1188 2014 1426 2059 curreret
1451 2013 1600 2064 aetas.

231 2071 518 2136 Yentnrum
553 2073 620 2136 ad
653 2077 866 2136 terrena
893 2071 1079 2136 Deum,
1100 2071 1211 2136 qui,
1234 2075 1404 2136 morte
1426 2075 1719 2136 perempta,

229 2133 456 2198 §olveret
485 2134 682 2198 inferni
711 2135 872 2198 leges,
903 2133 1227 2198 longamque
1256 2133 1466 2184 ruinam

229 2195 450 2246 Humani
479 2196 705 2261 generis
725 2195 943 2247 m'eliore
973 2195 1240 2246 attolleret
1265 2201 1402 2246 ortu.

152 2290 212 2348 Et
237 2291 289 2348 in
317 2291 464 2350 libro
494 2297 704 2350 contra
732 2293 1051 2367 Eutychem
1082 2295 1184 2363 (De
1216 2293 1639 2361 Providentia):

229 2390 394 2464 thue
418 2391 540 2464 illos
569 2395 811 2464 veterum
841 2391 1116 2464 complexa
1137 2395 1218 2442 est
1243 2392 1410 2456 gratia
1438 2392 1596 2464 solos,

227 2453 320 2510 Qui
343 2453 615 2504 Christum
643 2455 824 2504 videre
855 2453 977 2511 ﬁde,
999 2455 1074 2503 sic
1103 2453 1343 2516 tempore
1372 2458 1560 2504 nostro

225 2517 584 2590 ljonfenovat
599 2529 922 2590 quamquam
934 2517 1191 2590 Christus,
1209 2517 1307 2590 nisi
1324 2517 1487 2590 corde
1511 2520 1776 2590 receptus.

227 2577 316 2643 ξι),
338 2577 516 2638 homo,
541 2577 744 2643 quanta
764 2577 859 2643 tibi
889 2583 968 2629 est
991 2580 1154 2643 gratis
1183 2579 1373 2628 collata
1400 2577 1658 2642 potestas,

226 2639 378 2688 Filius
406 2655 522 2690 esse
559 2639 652 2690 Dei
682 2642 725 2690 si
755 2642 834 2691 vis
863 2639 1032 2705 potes,

153 2734 212 2791 Et
241 2735 294 2791 in
324 2736 471 2794 libro
500 2742 708 2794 contra
739 2739 1070 2795 Nestorium
1104 2755 1118 2794 :

225 2833 400 2900 {amne
430 2836 522 2885 Dei
558 2841 861 2898 compertus
891 2850 1061 2900 amor,
1082 2835 1375 2900 diffusaque
1406 2837 1459 2900 in
1491 2850 1678 2886 omnes

225 2897 351 2960 Cura
376 2901 545 2960 patet,
579 2897 768 2960 notum
799 2902 852 2948 et
881 2899 1085 2949 cunctis
1115 2897 1326 2948 adstare
1355 2899 1576 2948 salutem
1597 2900 1623 2946 Ἰ

227 2957 648 3026 §t_l._amen,heu_!
671 2975 884 3026 rursum
905 2961 1164 3026 querulis,
1177 2961 1339 3026 homo
1360 2961 1779 3026 garrula,verbis

227 3020 355 3070 Bella
382 3036 591 3087 moves,
607 3023 907 3087 jaculisque
925 3020 1042 3074 'tuis
1067 3020 1159 3087 tua
1181 3020 1387 3087 viscera
1417 3023 1577 3087 ﬁgis:

147 3079 236 3132 Cur
259 3097 363 3133 non
391 3099 512 3134 sum
541 3079 756 3136 bonus?
780 3079 882 3135 hoc
909 3100 1020 3136 non
1052 3086 1148 3135 vis.
1169 3085 1274 3136 Cur
1297 3101 1414 3134 sum
1443 3079 1780 3158 malus‘thoc

1431 3187 1442 3193 -
1615 3162 1714 3196 νιε.

224 3205 320 3274 Cur
346 3208 468 3260 volo
498 3223 626 3274 quas
646 3210 788 3260 mala
815 3213 958 3269 sunt,
980 3215 1033 3259 et
1053 3224 1285 3274 curque:
1303 3213 1430 3260 sunt
1447 3210 1586 3260 bona
1620 3211 1778 3274 nolo?

229 3269 471 3336 liberes,
499 3269 558 3336 et
587 3286 708 3336 cum
739 3277 881 3322 recta
912 3269 1408 3336 queas'dis'cernere
1438 3277 1492 3322 et
1522 3273 1715 3336 pravis,

229 3331 497 3384 Deteriora
523 3335 682 3399 legis.

148 3425 206 3483 Et
230 3427 283 3484 in
313 3429 462 3488 libro
492 3434 705 3488 contra
734 3429 1175 3488 Mathematicos
1207 3449 1220 3488 :

224 3525 324 3600 [ipe
350 3527 948 3600 operis-sectareIhoni,
968 3528 1072 3577 hoc
1100 3529 1224 3600 fuge
1256 3533 1444 3600 cautus
1473 3530 1664 3594 iniqui.

224 3587 336 3654 Yita
359 3587 518 3654 beata
542 3591 652 3640 isto
681 3590 902 3654 paritur,
927 3605 1069 3640 mors
1097 3587 1272 3640 editur
1300 3591 1406 3640 illo.

221 3650 399 3717 Coram
426 3653 635 3717 adsunt
661 3650 802 3717 aqua
829 3654 1108 3712 servatrix,
1138 3654 1420 3716 populator
1449 3657 1504 3704 et
1536 3654 1690 3717 ignis.

222 3712 294 3763 Ad
321 3715 554 3778 quodvis
587 3712 814 3764 extende
844 3729 1082 3775 manum,
1115 3712 1262 3778 patet
1292 3729 1446 3780 aequa
1476 3712 1713 3766 facultas.

149 3795 204 3852 Et
231 3799 394 3872 paulo
425 3807 565 3874 post
599 3818 612 3858 :

220 3896 326 3964 ljop
354 3899 534 3964 superi
571 3899 1109 3964 pariunt_ignes,nec
1138 3901 1206 3964 ab
1235 3901 1432 3951 aethere
1463 3905 1662 3960 manat,

221 3958 314 4026 _Sc_d
343 3958 543 4011 nostris
572 3958 748 4010 oritur
776 3958 1143 4026 devcordibus.
1173 3963 1390 4026 ipsaque
1431 3964 1651 4014 bellum.

223 4021 444 4087 libertas
473 4027 679 4087 movet,
711 4027 766 4073 et
803 4025 1076 4087 quatimur
1105 4021 1345 4074 civilibus
1377 4027 1556 4075 armis.

222 4083 330 4150 Qtia
355 4100 476 4150 cum
509 4086 684 4150 mollis
712 4083 988 4150 complexa
1017 4087 1205 4150 ignava
1231 4087 1480 4137 voluntas

223 4144 419 4196 Difﬁcili
449 4153 617 4212 negat
647 4148 722 4198 ire
751 4144 854 4198 via'.

145 4239 201 4294 Et
223 4239 279 4297 in
307 4241 454 4301 libro
487 4249 699 4301 contra
733 4245 1050 4318 Epicureos
1083 4263 1097 4302 :

222 4348 369 4416 Quos
383 4351 426 4400 si
457 4351 631 4402 multa
659 4352 1038 4416 intermorum
1056 4351 1258 4416 delicta
1286 4353 1528 4416 priorum

224 4410 485 4478 Plectisset
511 4429 741 4478 propere.
772 4415 916 4476 rigor
942 4410 1303 4478 implacabilis
1323 4415 1432 4474 irae,

220 4472 733 4540 intercepta'forent
754 4472 989 4527 Inelioris
1019 4472 1258 4540 tempora
1285 4472 1429 4538 vitm,

223 4535 322 4602 ﬂeo
343 4535 520 4602 stahdi
550 4539 696 4602 vires
722 4539 959 4589 licuisset
985 4535 1192 4590 sume-re
1221 4539 1401 4602 lapsis.

222 4597 434 4665 Mortem
463 4601 646 4665 inquit
666 4602 921 4651 Dominus
935 4602 1220 4665 peccantis
1241 4597 1382 4662 nblo,
1407 4616 1504 4651 nec
1524 4603 1684 4652 ullum

224 4659 289 4728 De
309 4659 568 4728 pereunte
589 4664 796 4728 lucrum
821 4679 832 4714 :
856 4659 1039 4728 redeat
1059 4665 1245 4728 magis,
1267 4659 1430 4728 inque
1452 4665 1696 4715 relictum

223 4721 446 4774 Mutatus
474 4725 742 4776 referatur
768 4727 888 4782 iter,
918 4727 1132 4782 vitaque
1146 4721 1386 4777 “fruatur.

222 4783 280 4849 Et
302 4787 428 4849 quia
455 4788 718 4838 virtutum
747 4789 949 4838 similes
978 4783 1095 4838 vult
1123 4803 1236 4838 esse
1265 4803 1502 4848 suarum,

222 4846 594 4912 Quosgenuit,
616 4849 905 4912 vindictam
939 4851 1112 4912 inquit
1140 4851 1268 4900 mihi
1294 4846 1742 4912 cedite.'reddam,

222 4907 418 4980 iudicio
447 4907 770 4980 quasqdigna
797 4927 918 4980 mep
949 4907 1153 4980 :rdetur
1181 4914 1331 4963 locus
1357 4915 1468 4980 ine.

223 4969 302 5039 1ﬁie
327 4969 782 5039 dum'mnltorum
813 4975 1055 5039 diﬂertur
1082 4989 1243 5039 paena
1270 4976 1547 5039 malorum,

224 5031 465 5101 ljonnulli
495 5037 1039 5101 plerumqueprohos
1069 5031 1390 5101 revocantur
1412 5038 1466 5086 in
1499 5031 1668 5094 actus,

149 5088 265 5164 ἐξ
292 5097 362 5164 Ac
387 5097 446 5164 ﬂ_t
473 5088 706 5164 quisque
724 5088 1046 5164 'sihi'judex,
1082 5100 1324 5164 ultorque
1354 5115 1592 5158 severus,

224 5154 366 5227 Quod
385 5154 578 5227 fuerat
606 5154 755 5225 prius
783 5154 1388 5227 interimens,_aliiisque
1419 5154 1718 5227 resurgens.

223 5217 398 5296 qni
423 5217 732 5296 persistunt
750 5225 913 5296 errori
946 5217 1252 5296 incumbere
1281 5217 1461 5288 longo,

225 5279 466 5345 Quamvis
495 5287 553 5334 in
585 5286 762 5336 multis
788 5287 932 5336 vitiis
956 5287 1177 5345 impune
1205 5279 1504 5345 senescant,

224 5341 281 5408 in
307 5358 505 5396 saevum
539 5347 698 5399 ﬁdem
727 5350 964 5408 venient,
998 5341 1088 5400 ubi
1121 5363 1229 5399 non
1259 5349 1361 5399 erit
1388 5349 1495 5399 ulla

223 5403 344 5468 Spes
369 5409 564 5460 venias.

147 5493 207 5552 Et
229 5508 353 5574 post
382 5505 693 5580 aliquanta
726 5526 739 5564 :

226 5597 344 5672 ἔξω
375 5606 432 5672 ut
461 5617 627 5653 nemo
655 5605 1184 5672 invitussomnoque
1214 5607 1429 5670 quietus
1457 5607 1510 5654 in
1536 5606 1649 5672 ,³1ιο

229 5659 305 5744 Eii
327 5663 526 5744 {alter
560 5679 662 5744 98,9
688 5669 751 5744 νί.
771 5669 971 5744 Petitur
996 5659 1311 5744 ssi‘srelile
1355 5669 1574 5744 accessit
1605 5683 1616 5716 =

230 5721 308 5792 §ic
334 5721 542 5792 pulsata
573 5721 1136 5792 patent-redeuntibus
1153 5721 1296 5782 ‘atria
1321 5731 1460 5789 vitm,

229 5782 286 5835 Et
311 5782 493 5853 recipit
521 5782 643 5841 cdzli
671 5797 911 5844 servatos
944 5795 1092 5846 curia
1120 5795 1281 5845 cives.

1894 712 1944 750 c.
1977 697 2033 764 3)
2057 713 2070 752 ε
2095 719 2123 746 ‹‹
2157 697 2315 769 Opus
2347 695 2457 752 fuit
2495 695 2701 752 secreti
2735 694 3168 768 dispensatione
3198 693 3447 764 consilii,
3471 697 3540 750 ut

1893 783 2391 841 incommutabilis
2412 786 2586 853 Deus,
2604 785 2773 857 cujus
2791 783 3062 839 voluntas
3083 800 3197 838 non
3221 787 3411 855 potest
3431 799 3540 839 sua

1893 873 2251 947 benignitate
2280 874 2512 948 privari,
2545 875 2796 946 primam
2835 890 2970 946 ergo
3009 889 3116 929 nos
3154 871 3387 946 pietatis
3417 889 3536 928 sum

1892 963 2334 1035 dispositionem
2379 966 2744 1019 sacramento
2783 960 3096 1018 occultiore
3133 959 3452 1032 compleret
3481 962 3540 1016 et

1891 1051 2392 1120 homo,diabolicee
2409 1051 2736 1125 iniquitatis
2748 1051 3004 1108 versutia
3019 1055 3185 1106 actus
3201 1048 3258 1104 in
3277 1048 3537 1122 culpam,

1890 1146 2093 1198 contra
2120 1142 2218 1197 Dei
2251 1141 2612 1214 propositum
2637 1158 2752 1196 non
2784 1141 3018 1213 periret.
3042 1137 3374 1212 Ingreditur
3400 1153 3538 1211 ergo

1889 1231 2011 1286 hzec
2033 1231 2236 1285 mundi
2260 1230 2465 1286 inﬁma
2486 1229 2668 1286 Filius
2697 1229 2820 1284 Dei.
2845 1251 2874 1279 »
2899 1228 3042 1283 Item
3075 1231 3132 1282 et
3162 1229 3403 1283 sanctus
3423 1227 3537 1282 Leo

1889 1337 2042 1392 papa
2072 1319 2128 1374 in
2161 1317 2409 1390 epistola
2429 1318 2502 1374 ad
2525 1319 2776 1374 Leonem
2797 1319 3128 1390 Augustum
3161 1331 3210 1370 :«
3237 1315 3310 1370 Ut
3337 1318 3537 1372 autem

1888 1413 2183 1482 repararet
2203 1407 2468 1463 omnium
2486 1405 2686 1472 vitam,
2701 1406 2917 1478 recepit
2933 1405 3197 1461 omnium
3211 1407 3540 1470 causam,et

1885 1497 2002 1552 vim
2024 1497 2235 1553 veteris
2255 1496 2650 1570 chirographi,
2664 1495 2818 1568 quod
2839 1495 3001 1552 solus
3022 1493 3176 1550 inter
3195 1509 3399 1548 omnes
3420 1509 3536 1549 non

1885 1585 2107 1652 debuit,
2145 1570 2246 1658 pro
2277 1585 2552 1641 omnibus
2582 1584 2856 1641 solvendo
2887 1581 3128 1639 vacavit.
3153 1604 3180 1633 »
3209 1583 3280 1637 Et
3311 1582 3370 1638 S.
3394 1583 3540 1638 Gre-

1883 1673 2084 1748 gorius
2115 1675 2172 1729 in
2206 1674 2355 1730 libro
2384 1692 2483 1730 vm
2513 1673 2816 1730 Moralium
2851 1673 2990 1745 (cap.
3011 1670 3102 1744 20)
3130 1687 3144 1725 :
3169 1669 3337 1726 «Cur
3365 1668 3538 1743 quasi

1883 1762 2241 1820 contrarium
2273 1763 2378 1819 tibi
2411 1763 2712 1819 hominem
2757 1761 3032 1834 despicis,
3058 1759 3159 1832 qui
3191 1763 3384 1815 certus
3414 1757 3536 1815 scio

1881 1849 2020 1922 quia
2050 1849 2238 1923 perire
2266 1850 2352 1906 vel
2385 1850 2581 1924 ipsum
2613 1867 2786 1924 quem
2809 1848 3105 1921 despicere
3137 1845 3387 1903 crederis
3417 1863 3534 1902 non

1803 1979 1851 2044 Β
1879 1938 1966 1994 vis
1987 1939 2015 1994 ?
2039 1939 2159 2038 »ιη
2205 1938 2452 2044 item‘in
2484 1939 2632 2040 libro
2660 1956 2792 1994 xxxx
2829 1941 2970 2010 (cap.
3006 1938 3130 2038 l4):
3158 1959 3186 1987 «
3219 1934 3372 1992 Justi
3421 1933 3532 1990 viri

1887 2027 2173 2085 securitas
2190 2033 2340 2084 recte
2361 2027 2513 2084 leoni
2534 2025 3072 2100 comparatur,quia
3093 2029 3296 2082 contra
3315 2040 3377 2080 se
3397 2039 3534 2080 cum

1888 2121 2180 2194 quoslibet
2209 2119 2511 2191 insurgere
2539 2115 2845 2189 conspicit.
2869 2116 2941 2172 ad
2973 2114 3187 2170 mentis
3217 2130 3335 2168 sua:
3361 2111 3536 2168 confi-

1889 2210 2148 2266 dentiam
2181 2209 2426 2274 redit,et
2455 2207 2564 2262 scit
2587 2205 2725 2278 quia
2755 2210 2999 2260 cunctos
3027 2205 3402 2259 adversantes
3435 2217 3534 2257 su-

1889 2303 2071 2372 pcrat,
2095 2299 2235 2370 quia
2262 2297 2430 2352 illum
2462 2295 2652 2352 solum
2683 2293 2892 2367 diligit,
2922 2310 3098 2366 quem
3127 2291 3346 2347 invitus
3375 2287 3535 2346 nullo

1889 2389 2060 2445 modo
2091 2388 2344 2443 amittat.
2373 2384 2651 2458 Quisquis
2681 2383 2839 2440 enim
2878 2381 3163 2439 exteriora
3191 2398 3316 2452 quae
3347 2382 3404 2436 et
3432 2395 3534 2434 no-

1889 2477 2030 2534 lenti
2063 2477 2491 2533 subtrahuntur
2519 2473 2758 2546 appetit,
2782 2491 2888 2528 sua
2921 2489 2981 2527 sc
3013 2473 3238 2543 sponte,
3263 2471 3534 2524 extraneo

1887 2566 2082 2621 timori
2141 2563 2482 2622 substernit.
2513 2586 2540 2612 »
2569 2565 2640 2620 Et
2689 2563 2946 2618 Joannes
2975 2559 3428 2632 Chrysostomus
3474 2555 3535 2610 in

1887 2655 2196 2729 Evangelio
2228 2654 2482 2710 Matthcei
2516 2652 2757 2708 homilia
2783 2649 3064 2723 vigesima
3089 2648 3297 2722 quinta
3319 2662 3370 2701 :«
3394 2647 3538 2702 Prte-

1888 2744 2198 2810 dicabitur,
2223 2743 2354 2811 hoc,
2370 2742 2579 2816 inquit,
2595 2739 2974 2813 Evangelium
2998 2739 3058 2793 in
3079 2737 3348 2793 universo
3370 2751 3538 2790 mun-

1888 2835 1980 2900 do,
2010 2834 2068 2888 in
2086 2832 2488 2889 testimonium
2507 2831 2784 2886 omnibus
2801 2827 3168 2901 gentibus,ct
3186 2829 3325 2880 tunc
3346 2823 3538 2880 veniet

1887 2921 2337 2978 consummatio.
2373 2921 2596 2988 Quibus
2640 2915 2952 2992 gentibus?
2981 2933 3097 2971 non
3129 2911 3533 2970 obcdientibus

1889 3011 2129 3082 scilicet,
2155 3027 2340 3082 neque
2370 3007 2678 3081 Evangelio
2713 3003 3232 3063 consentientibus.
3265 3002 3348 3057 Ne
3374 2999 3532 3055 enim

1884 3081 2102 3173 aliquis
2135 3081 2386 3155 diceret:
2412 3099 2593 3170 Cujus
2623 3095 2704 3152 rei
2735 3095 2924 3169 gratia
2952 3092 3228 3148 omnibus
3255 3089 3532 3162 praedica-

1887 3194 2003 3256 tur,
2019 3189 2065 3245 si
2089 3205 2292 3244 omnes
2315 3185 2590 3243 credituri
2613 3203 2727 3240 non
2751 3183 2930 3240 sunt?
2952 3181 3042 3248 Ut,
3063 3179 3276 3254 inquit,
3295 3176 3530 3245 clareat,

1889 3295 1982 3334 me
2012 3296 2080 3334 ea
2109 3296 2233 3351 quae
2265 3277 2438 3333 debui
2471 3277 2657 3332 facere
2682 3277 2894 3331 cuncta
2914 3271 3140 3341 fecisse,
3163 3273 3220 3324 et
3249 3271 3384 3340 post
3411 3265 3534 3321 haec

1886 3385 2058 3424 nemo
2090 3367 2325 3440 culpare
2356 3382 2446 3421 me
2478 3364 2682 3438 possit.
2708 3385 2736 3414 η
2761 3361 2906 3418 Hinc
2935 3365 2993 3417 et
3023 3360 3268 3431 Prosper
3297 3356 3356 3412 in
3384 3355 3533 3412 libro

1887 3457 2392 3530 Epigrammatum
2439 3471 2505 3508 ια
2549 3454 2766 3520 Potest,
2813 3450 3030 3523 inquit,
3081 3449 3256 3504 homo
3313 3443 3534 3518 invitus

1887 3545 2155 3601 amittere
2186 3541 2532 3616 temporalia
2574 3541 2748 3608 bona,
2783 3555 3089 3612 nunquam
3128 3552 3260 3592 vero
3292 3532 3405 3590 nisi
3433 3548 3533 3589 vo-

1817 3667 1830 3683 -
1887 3635 2014 3690 lens
2045 3635 2236 3707 perdit
2258 3639 2491 3688 mterna.

1947 3744 2114 3790 ()mne
2145 3741 2345 3789 bonum
2383 3737 2586 3788 mundo
2615 3739 2922 3786 concretum
2953 3738 3004 3783 et
3030 3737 3268 3796 tempore
3299 3733 3533 3794 partum,

2011 3805 2338 3864 Quacunque
2369 3800 2539 3864 amitti
2570 3798 2875 3864 conditione
2904 3798 3095 3860 potest.

1949 3867 2015 3916 Ut
2029 3857 2284 3928 'quamvi's
2313 3863 2522 3912 damnis
2549 3861 2840 3928 vigilanter
2849 3857 2988 3928 cura
3008 3857 3243 3928 resistat,

2011 3919 2162 3990 Sz'epc
2193 3933 2368 3975 tamen
2399 3919 2631 3990 propriis
2655 3919 3190 3990 desp_olietur_homo.

1945 3991 2011 4040 At
2042 3981 2178 4038 bona
2207 4003 2325 4051 qum
2355 3981 2476 4036 vere
2499 3981 2819 4051 hona‘sunt,
2849 3981 3078 4051 nec_ﬁne
3108 3981 3377 4051 tenentur,

2009 4041 2237 4114 Semper
2258 4051 2421 4098 habet
2448 4047 2930 4114 quisquistsemper
2960 4043 3152 4114 habere
3178 4041 3342 4114 cupit.

1887 4118 2023 4166 384
2051 4104 2157 4164 Nec
2180 4115 2284 4162 vim
2313 4115 2452 4162 ferre
2465 4104 2658 4173 'potést
2676 4104 3140 4173 Christosubnixa
3166 4104 3436 4162 voluntas,

2009 4179 2066 4227 In
2097 4190 2204 4240 quo
2233 4171 2523 4244 persistens
2552 4171 2733 4221 omnia
2761 4171 2928 4219 vineit
2954 4182 3119 4218 amor.
3146 4186 3171 4212 η

1955 4268 2026 4324 Et
2052 4263 2399 4323 venerabilis
2421 4263 2574 4318 Beda
2595 4261 2896 4334 presbyter
2922 4257 2982 4314 in
3007 4259 3258 4312 tractatu
3278 4256 3531 4310 Actuum

1885 4355 2330 4430 apostolorum:
2365 4353 2548 4424 «Ipse
2606 4350 2810 4405 Petrus
2859 4348 2945 4403 sic
3001 4343 3281 4400 intellexit
3327 4359 3533 4399 omnes

1884 4429 2154 4504 homines
2175 4441 2566 4515 mqualiterpd
2581 4437 2796 4494 Christi
2810 4434 3186 4508 Evangelium
3210 4429 3530 4506 provocari,

1886 4535 2232 4605 nullumque
2263 4530 2587 4586 secundum
2619 4531 2890 4582 naturam
2935 4539 3064 4580 esse
3103 4521 3414 4595 pollutum.
3438 4519 3532 4576 Sic

1883 4623 2058 4681 etiam
2082 4619 2367 4678 Dominus
2393 4635 2494 4690 per
2525 4615 2894 4688 prophetam,
2912 4616 2970 4667 et
2988 4611 3048 4666 in
3069 4609 3380 4683 Evangelio
3403 4625 3534 4666 om-

1810 4717 1852 4781 D
1884 4713 2060 4769 nibus
2089 4709 2303 4766 clamat
2333 4707 2534 4762 dicens
2570 4723 2584 4759 :
2621 4705 2751 4774 Quis
2780 4710 2860 4759 est
2885 4702 3042 4758 homo
3073 4701 3169 4773 qui
3198 4699 3314 4756 vult
3340 4700 3530 4768 vitam,

1882 4803 2067 4873 diligit
2093 4800 2208 4856 dies
2239 4798 2420 4854 videre
2451 4795 2650 4854 bonos?
2677 4795 2917 4850 Dirertat
2942 4808 2977 4846 a
2994 4791 3140 4847 malo
3163 4798 3216 4846 et
3241 4789 3411 4861 faciat
3439 4787 3530 4844 bo-

1883 4907 2048 4958 num;
2073 4889 2320 4961 inquirat
2334 4903 2522 4958 pacem
2539 4892 2590 4941 et
2613 4888 2970 4956 persequatur
2997 4896 3120 4935 eam
3141 4878 3308 4950 (Psat.
3331 4891 3529 4943 XXXIII,

1886 4981 1971 5047 13)
1998 4996 2010 5034 :
2044 4983 2103 5034 et
2131 4977 2372 5033 Accedite
2395 4975 2464 5030 ad
2488 4991 2614 5030 eum
2649 4980 2701 5028 et
2742 4969 3176 5034 itiuminamini;
3207 4963 3306 5039 qui
3337 4963 3481 5019 dicit
3512 4979 3525 5018 :

1885 5069 2085 5136 Venite,
2126 5067 2257 5139 ﬁlii,
2299 5064 2482 5120 audite
2523 5078 2610 5118 me
2653 5061 2813 5130 (ibid.
2836 5077 2914 5126 vx,
2941 5061 3050 5126 12).
3083 5057 3197 5111 Et:
3236 5053 3414 5109 Venite
3458 5051 3529 5106 ad

1881 5174 1985 5224 me,
2009 5173 2192 5213 omnes
2221 5156 2317 5228 qui
2345 5153 2604 5209 laboratis
2626 5158 2677 5206 et
2695 5149 2906 5205 onerati
2923 5147 3070 5213 estis,
3093 5151 3144 5200 et
3169 5159 3264 5215 ego
3289 5141 3532 5213 reﬁciam

1882 5263 1972 5302 vos
2017 5244 2235 5318 (Matth.
2266 5260 2326 5309 II,
2357 5244 2470 5308 28).
2502 5239 2738 5294 Certum
2785 5250 3040 5307 namque
3088 5236 3199 5298 est,
3248 5229 3527 5304 quoniam

1883 5335 1983 5408 qui
2016 5351 2221 5391 omnes
2251 5337 2308 5388 et
2337 5331 2396 5386 in
2427 5327 2618 5385 Veteri
2649 5331 2705 5382 et
2735 5327 2795 5382 in
2826 5325 2982 5381 Novo
3031 5323 3406 5379 Testamento
3455 5319 3528 5376 ad

1883 5425 2134 5481 salutem
2165 5425 2348 5488 vocat,
2383 5436 2586 5475 omnes
2617 5415 2810 5472 salvos
2853 5411 2977 5470 ﬁeri
3008 5411 3182 5468 volet.
3213 5410 3340 5466 Non
3369 5409 3527 5466 enim

1883 5514 2132 5569 mendax
2153 5516 2241 5568 est
2263 5528 2332 5566 au
2346 5513 2365 5563 t
2379 5506 2716 5577 dolosus,de
2739 5521 2854 5576 quo
2871 5503 3173 5574 Scriptura
3193 5499 3366 5556 dicit:
3391 5501 3530 5556 Deus

1883 5620 2051 5659 verax
2070 5604 2242 5674 (Rom.
2269 5617 2351 5666 ιιι,
2377 5600 2460 5668 4);
2493 5601 2550 5652 et
2581 5613 2594 5650 :
2629 5597 2744 5650 Non
2773 5603 2852 5650 est
2881 5596 3130 5649 inventus
3159 5590 3321 5646 dotus
3350 5591 3410 5646 iu
3439 5604 3531 5646 ore

1883 5695 1998 5764 eius
2029 5692 2074 5764 (I
2107 5695 2249 5746 Petr.
2273 5705 2334 5753 ιι,
2357 5690 2469 5754 22),
2506 5689 2570 5738 ut
2595 5701 2694 5739 eos
2732 5683 2802 5738 ad
2844 5681 3096 5739 salutem
3136 5680 3357 5747 invitet,
3381 5694 3530 5750 quos

1885 5781 2075 5837 salvos
2108 5779 2228 5835 ﬁeri
2281 5775 2442 5832 nolit.
2469 5777 2830 5846 Quapropter
2859 5773 2930 5829 de
2969 5771 3186 5828 vocatis
3229 5768 3526 5832 omnibus,
