4018 6444
476 435 598 510 im

1420 447 1800 510 lllNCMARl
1848 433 2296 508 RHEMENSIS
2339 445 2936 512 ARGHIEPISCOPI

3738 453 3835 515 448

475 579 812 655 quicunque
835 565 1162 639 secundum
1185 599 1352 640 suam
1367 583 1698 656 jussionem
1721 583 1794 640 ad
1816 600 1951 640 eum
1974 599 2126 638 acce-
2153 567 2212 647 Α
2239 579 2402 638 durat
2428 581 2600 656 (Rom.
2631 582 2732 656 1x),
2764 581 2826 639 in
2869 600 2936 640 eo
2983 599 3158 656 quem
3208 581 3406 640 seduci
3455 583 3726 657 permittit
3765 585 3836 644 vel

476 663 982 739 dit,illuminatur
1017 671 1274 744 profecto
1315 677 1489 745 atque
1531 673 1948 746 reﬁciturzqui
1997 690 2126 728 vero

479 759 763 816 invitatus
785 761 857 816 ad
890 761 1040 816 hanc
1061 777 1286 817 ccenam
1309 761 1695 830 Dominicam,
1714 761 1772 817 id
1795 767 1882 819 est
1903 765 2127 816 mternae

477 847 694 905 salutis
715 847 1110 918 refectionem,
1133 849 1193 904 in
1217 867 1332 923 qua
1359 849 1456 906 ille
1477 849 1698 908 vitulus
1732 851 2036 924 saginatus
2055 851 2128 906 ad

480 937 752 994 omnium
784 936 1112 1006 hominum,
1141 939 1266 995 sine
1297 939 1418 996 ulla
1436 941 1792 1014 exceptione,
1815 945 2043 997 tantum
2065 944 2132 996 ut

481 1026 545 1081 in
567 1042 702 1081 eum
729 1025 975 1082 ﬁdeliter
993 1031 1049 1083 et
1070 1027 1316 1084 firmiter
1331 1030 1590 1098 credant,
1619 1029 2020 1102 plenissimam
2045 1047 2132 1086 sa-

483 1113 630 1170 lutis
661 1114 1034 1172 refectionem
1066 1117 1385 1184 sufficiens,
1419 1123 1478 1174 ct
1519 1118 1836 1192 singularis
1867 1136 1932 1174 ac
1960 1135 2132 1174 verus

483 1203 698 1260 iisdem
721 1221 930 1279 agnus,
947 1205 1045 1278 qui
1061 1205 1213 1262 tollit
1235 1213 1468 1280 peccata
1489 1207 1716 1270 mundi.
1731 1213 1978 1264 cunctus
1999 1226 2135 1281 epu-

485 1292 595 1349 lari
615 1293 942 1350 volentibus
965 1299 1053 1351 est
1073 1295 1322 1367 occisus,
1341 1300 1442 1352 aut
1463 1315 1573 1353 sua
1591 1297 1886 1354 voluntate
1909 1315 2022 1353 non
2044 1314 2134 1354 ve-

490 1381 599 1452 nit,
619 1382 778 1438 velut
809 1383 1006 1439 senior
1031 1384 1189 1440 filius
1212 1386 1284 1441 de
1305 1403 1443 1460 agro
1473 1387 1703 1444 rediens
1733 1387 1914 1460 patris
1940 1387 2131 1442 convi-

487 1470 668 1539 ivium,
694 1474 758 1527 ut
777 1489 911 1527 cum
937 1471 1170 1542 juniore
1192 1477 1247 1530 et
1269 1475 1509 1548 prodigo
1533 1475 1708 1532 fratre
1740 1493 1966 1532 reverso
1987 1493 2132 1549 epu-

482 1558 728 1626 laretur,
749 1561 922 1616 etiam
947 1567 1183 1635 rogatus
1209 1580 1242 1619 a
1273 1568 1453 1636 patre,
1479 1567 1543 1619 ut
1563 1568 1620 1620 et
1647 1564 1753 1634 illi,
1779 1565 1879 1638 qui
1911 1565 2134 1621 invitati

484 1648 562 1704 ad
594 1648 703 1705 hoc
735 1649 1009 1722 idemque
1034 1652 1346 1725 prandium
1370 1653 1648 1710 nolebant
1669 1655 1884 1723 venire,
1910 1655 2136 1728 ingredi

485 1752 802 1810 personam
833 1741 1331 1797 contemnentium
1353 1741 1684 1815 exprimens
1705 1743 2012 1811 recusavit,
2035 1747 2138 1800 aut

488 1827 748 1904 veniens,
764 1830 1079 1901 antequam
1104 1829 1273 1902 pleno
1291 1831 1620 1888 refectionis
1635 1833 1849 1906 gaudio
1871 1833 2133 1902 satietur,

2237 670 2532 741 obdurari,
2566 672 2723 728 mala
2751 673 2880 745 ejus
2908 672 3137 742 merita,
3162 671 3223 729 in
3252 690 3319 730 eo
3349 689 3480 730 vero
3509 674 3671 746 cujus
3699 675 3840 733 mise-

2237 764 2415 829 retur,
2447 761 2697 834 gratiam
2729 761 2830 818 Dei
2863 779 2978 819 non
3029 762 3329 819 reddentis
3369 762 3522 819 mala
3551 780 3649 836 pro
3676 764 3839 834 malis,

2236 850 2338 905 ‘sed
2373 850 2525 906 bona
2553 867 2656 922 pro
2687 851 2882 918 malis,
2910 850 3161 907 ﬁdeliter
3187 855 3246 908 et
3275 851 3668 908 indubitanter
3691 870 3842 926 agno-

2239 937 2401 995 scite.
2426 939 2540 994 Nec
2576 941 2704 996 ideo
2745 940 3020 997 auferetis
3051 959 3085 996 a
3115 941 3411 998 Pharaone
3442 939 3684 997 liberum
3712 942 3843 998 arbi-

2238 1025 2440 1099 trium,
2469 1026 2609 1100 quia
2655 1027 2858 1084 multis
2909 1027 3052 1085 locis
3084 1028 3226 1085 dicit
3274 1029 3580 1102 Deus,Ego
3623 1029 3847 1088 induravi

2238 1117 2602 1185 Pharaonem,
2616 1117 2704 1174 vel
2727 1111 3006 1184 induravi,
3031 1122 3134 1174 aut
3163 1117 3432 1175 indurabo
3446 1133 3539 1176 cor
3553 1119 3844 1176 Pharaonis.

2241 1205 2365 1262 Non
2396 1205 2552 1262 enim
2584 1211 2891 1280 propterea
2918 1207 3042 1279 ipse
3072 1207 3294 1264 Pharao
3322 1224 3435 1264 non
3467 1206 3746 1263 induravit
3769 1223 3848 1263 cor

2241 1312 2437 1363 suum,
2463 1312 2598 1350 nam
2620 1299 2676 1351 et
2704 1295 2814 1351 hoc
2837 1296 2910 1352 de
2937 1295 3036 1352 illo
3067 1295 3300 1370 legitur,
3325 1294 3560 1368 quando
3586 1293 3764 1352 ablata
3780 1300 3851 1352 est

2243 1384 2315 1440 ab
2348 1384 2625 1458 [Egyptiis
2655 1383 2944 1458 cynomia,
2966 1383 3196 1440 dicente
3227 1383 3530 1458 Scriptura
3559 1400 3573 1439 :
3602 1385 3666 1440 Et
3688 1400 3849 1455 aggra-

2241 1475 2389 1531 vavit
2415 1474 2633 1530 Pharao
2665 1489 2756 1530 cor
2799 1490 2984 1541 suum,
3012 1481 3066 1530 et
3095 1475 3154 1529 in
3184 1475 3284 1530 isto
3332 1481 3588 1546 tempore,
3618 1479 3666 1529 et
3705 1473 3854 1528 noluit

2242 1561 2514 1618 dimittere
2554 1563 2820 1635 populum
2847 1561 3037 1636 (Exod.
3060 1565 3207 1631 vm).
3237 1563 3316 1618 Ac
3348 1579 3453 1634 per
3483 1561 3592 1618 hoc
3635 1565 3690 1618 et
3728 1561 3854 1617 Deus

2243 1651 2538 1708 induravit
2569 1669 2671 1724 per
2691 1653 2924 1723 justum
2949 1651 3263 1722 judicium,
3296 1655 3354 1708 et
3383 1651 3512 1724 ipse
3541 1649 3750 1706 Pharao
3775 1667 3856 1723 per

2244 1741 2494 1797 liberum
2517 1739 2881 1797 arbitrium.»
2901 1739 2972 1796 Et
2993 1739 3050 1795 in
3073 1740 3302 1812 psalmo
3322 1740 3626 1814 trigesimo
3647 1739 3853 1812 quinto:

2245 1853 2274 1881 ‹‹
2306 1830 2463 1887 Dedit
2493 1831 2616 1887 illos
2655 1831 2793 1886 Deus
2835 1830 2896 1886 in
2940 1830 3400 1902 concupiscentia
3437 1828 3618 1886 cordis
3648 1827 3856 1892 illorum,

485 1916 564 1972 ab
615 1916 726 1973 hac
779 1935 890 1974 sua
929 1917 1229 1976 voluntate
1284 1921 1520 1988 recedit,
1553 1939 1587 1978 a
1615 1939 1734 1994 qua
1790 1922 1838 1978 si
1895 1922 2140 1978 viriliter
2167 1951 2216 2018 Β
2244 1921 2424 2018 facere
2456 1935 2581 1993 quae
2611 1935 2725 1976 non
2753 1920 3083 1976 conveniunt
3107 1918 3278 2018 (Rom.
3307 1935 3348 1988 1,
3370 1919 3484 1991 28).
3605 1915 3860 2018 Deus-hoc

487 2007 738 2077 agendo,
763 2011 822 2062 et
844 2007 1160 2063 Dominum
1184 2009 1550 2080 sustinendo,
1569 2017 1702 2067 ante
1725 2012 2138 2084 perfectionem
2167 2005 2214 2018 “’
2249 2007 2388 2064 facit
2408 2015 2472 2065 ut
2493 2008 2708 2065 faciant
2730 2025 2856 2081 qua;
2885 2026 3002 2066 non
3024 2007 3410 2076 conveniunt;
3431 2005 3578 2080 quid
3608 2006 3716 2080 ipsi
3743 2006 3861 2062 fece-

486 2094 826 2151 refectionis
839 2101 898 2151 et
913 2097 1111 2170 gaudii
1135 2114 1249 2154 non
1269 2100 1578 2167 recederet,
1595 2117 1966 2173 nequaquam
1991 2099 2144 2156 ultra

489 2184 764 2240 recedere
791 2183 980 2253 vellet,
1007 2185 1124 2242 imo
1154 2204 1258 2243 nec
1288 2193 1521 2260 posset:
1555 2189 1708 2245 sicut
1737 2207 1852 2246 non
1883 2190 2005 2258 Dei,
2040 2191 2142 2247 sed

494 2289 608 2328 sua
636 2271 886 2346 quisque
905 2273 1202 2332 voluntate
1233 2294 1347 2333 non
1369 2278 1544 2342 venit,
1568 2282 1624 2334 et
1649 2297 1757 2335 sua
1785 2297 1900 2336 non
1934 2281 2035 2336 Dei
2053 2297 2146 2336 vo-

491 2359 724 2416 luntate
753 2363 987 2432 recedit,
1011 2363 1094 2420 ita
1122 2383 1236 2420 non
1269 2366 1366 2424 Dei
1391 2367 1712 2439 voluntate,
1735 2369 1836 2424 sed
1869 2387 1976 2426 suo
2001 2387 2144 2425 con-

497 2451 728 2521 tempta
759 2451 1024 2524 quilibet,
1049 2457 1105 2510 et
1134 2471 1242 2510 sua
1262 2455 1624 2524 infidelitate,
1646 2457 1734 2513 vel
1764 2457 2033 2532 originali
2055 2458 2144 2514 vel

501 2537 713 2594 actuali
773 2542 1163 2612 perseveranti
1221 2541 1532 2616 iniquitate
1588 2546 1958 2620 peritzquia
2013 2547 2144 2604 nolo

489 2632 750 2684 mortem
773 2628 1097 2699 morientis,
1111 2632 1213 2688 sed
1237 2637 1301 2688 ut
1321 2638 1642 2690 revertatur
1658 2639 1715 2690 et
1732 2635 2146 2706 vivat,Veritas

499 2716 784 2774 veraciter
800 2717 929 2790 ipsa
943 2719 1103 2776 dicit.
1117 2720 1388 2795 Alioquin
1411 2722 1668 2796 injustus
1684 2725 1838 2781 Deus
1855 2725 1954 2798 qui
1974 2725 2150 2782 infert

503 2805 673 2875 iram,
697 2809 948 2882 puniens
969 2825 1068 2866 eos
1093 2810 1193 2883 qui
1227 2811 1441 2868 idcirco
1473 2812 1682 2870 salvari
1714 2832 1828 2870 non
1857 2818 2144 2888 poterant,

502 2896 779 2968 quoniam
798 2913 897 2955 eos
914 2897 1106 2955 salvos
1127 2899 1249 2955 ﬁeri
1273 2899 1459 2957 noluit
1477 2903 1648 2975 cujus
1665 2920 1834 2959 nemo
1858 2907 2047 2976 potest
2067 2921 2148 2960 re-

2251 2099 2425 2154 runt?
2445 2099 2592 2172 Ergo
2613 2097 2722 2154 fuit
2741 2097 3237 2171 concupiscentia,
3255 2114 3434 2169 quam
3453 2095 3682 2152 vincere
3702 2093 3867 2152 nolue-

2251 2191 2407 2259 runt,
2431 2205 2544 2244 non
2568 2187 2662 2244 cui
2689 2187 3058 2243 traderentur
3078 2185 3303 2257 judicio
3324 2185 3448 2253 Dei,
3473 2186 3578 2241 sed
3603 2199 3715 2258 qua
3731 2182 3865 2256 digni

2250 2277 2606 2334 haberentur
2637 2277 2738 2350 qui
2769 2276 3190 2333 traderentur.»
3218 2277 3288 2332 Et
3316 2275 3376 2330 in
3406 2273 3639 2348 psalmo
3659 2272 3867 2346 quinto:

2257 2389 2277 2417 ι
2306 2367 2452 2424 Cum
2483 2365 2655 2440 punit
2679 2367 2834 2423 Deus
2855 2369 3210 2438 peccatores,
3233 2381 3349 2420 non
3371 2361 3602 2420 malum
3624 2378 3786 2419 suum
3803 2359 3869 2416 eis

2253 2457 2449 2525 infert,
2483 2457 2582 2512 sed
2619 2455 2791 2512 malis
2820 2471 3024 2511 eorum
3053 2471 3152 2510 eos
3178 2452 3445 2509 dimittit.
3475 2475 3496 2503 ι

2325 2545 2419 2602 Sic
2450 2545 2751 2618 quoniam,
2803 2548 2871 2600 ut
2913 2543 3069 2599 idem
3117 2541 3398 2599 colendus
3444 2539 3802 2614 Augustinus
3825 2538 3872 2592 in

2253 2635 2400 2692 libro
2423 2635 2492 2691 de
2515 2635 2670 2690 Bono
2692 2631 3134 2706 perseverantiae
3156 2631 3316 2703 dicit,
3340 2629 3488 2687 nihil
3519 2631 3592 2686 ﬁt
3619 2629 3724 2686 nisi
3745 2626 3874 2701 quod

2255 2729 2358 2782 aut
2385 2725 2540 2781 Deus
2569 2724 2726 2792 facit,
2749 2726 2850 2778 aut
2879 2721 3002 2778 fleri
3035 2721 3160 2794 ipse
3190 2718 3496 2793 permittit,
3518 2724 3584 2776 et
3603 2716 3874 2776 Cassiodo-

2255 2831 2356 2871 rus
2387 2813 2446 2869 in
2478 2811 2704 2886 psalmo
2727 2811 3046 2868 centesimo
3069 2809 3238 2867 tertio
3261 2824 3315 2866 ει(
3335 2807 3490 2864 Nihil
3513 2807 3676 2864 enim
3705 2824 3737 2863 a
3763 2821 3877 2878 quo-

2255 2919 2434 2976 quam
2462 2900 2586 2958 {ieri
2606 2905 2818 2974 potest,
2837 2899 2952 2957 nisi
2971 2899 3126 2973 quod
3155 2899 3301 2972 ipse,
3317 2897 3462 2971 quin
3483 2897 3664 2965 Deus,
3685 2897 3876 2953 secreto

503 2985 708 3043 sistere
724 2986 1146 3045 voluntati.Sed
1164 2989 1345 3046 absit:
1361 2990 1638 3063 quoniam
1652 2993 1880 3048 cunctis
1898 2992 2148 3049 salutem
2249 2992 2474 3066 judicio
2496 2994 2596 3048 aut
2615 2991 2687 3047 ad
2711 2990 3243 3064 probationem,aut
3261 2988 3332 3044 ad
3353 2985 3678 3043 vindictam
3699 2983 3880 3040 facien-

501 3075 862 3148 pmpositam
893 3081 951 3134 ct
981 3082 1244 3150 paratam
1274 3078 1519 3136 humilis
1543 3079 1849 3136 humiliter
1869 3081 2147 3155 suscepit,

503 3180 684 3237 quam
714 3164 797 3220 illi
825 3166 980 3223 Deus
1004 3167 1171 3224 Pater
1196 3185 1304 3225 sua
1332 3168 1520 3243 gratia
1547 3168 1836 3236 revelavit,
1861 3170 2151 3243 superbus

507 3255 731 3308 eterna;
759 3255 888 3310 vita:
915 3256 1220 3330 indignum
1255 3275 1317 3314 se
1339 3258 1614 3330 judicans
1635 3259 1884 3331 superbe
1914 3259 2147 3332 repulit,

2259 3081 2400 3137 dum
2449 3097 2578 3136 esse
2625 3077 2976 3152 permiserit.
3010 3077 3104 3135 Sic
3133 3081 3191 3134 et
3221 3077 3320 3133 alii
3351 3075 3596 3150 quidem
3644 3077 3879 3168 auctores

2258 3169 2464 3226 dicunt
2492 3168 2601 3225 hoc
2633 3169 2806 3224 modo
2834 3165 3166 3236 locutionis,
3191 3183 3224 3222 a
3251 3165 3368 3222 Deo
3398 3164 3613 3222 merito
3639 3164 3881 3220 excaecari

2261 3259 2358 3332 qui
2391 3257 2579 3332 gratia
2604 3275 2719 3315 non
2743 3256 3173 3326 illuminantur,
3195 3254 3348 3310 tradi
3369 3253 3470 3327 qui
3494 3253 3665 3326 justo
3687 3249 3884 3326 judicio

507 3357 684 3412 quam
717 3341 769 3399 ei
798 3343 994 3400 divina
1014 3321 1250 3417 justitia
1282 3321 1500 3420 peccati
1527 3321 1733 3404 merito
1755 3353 1811 3403 et
1831 3321 2043 3419 judicii
2075 3321 2156 3403 di-
2185 3321 2230 3389 c
2262 3321 2632 3416 deseruntur,
2666 3345 2829 3403 allidi
2861 3347 2962 3420 qui
3013 3363 3128 3402 non
3157 3321 3551 3413 statuuntur;
3576 3364 3605 3397 ι
3641 3321 3707 3399 et
3742 3340 3887 3414 plura

509 3429 808 3488 strictione
830 3433 1254 3506 abscondit,cui
1277 3437 1464 3509 gratia
1485 3453 1599 3493 non
1621 3437 1898 3505 ostendit,
1920 3436 2073 3492 sicut
2093 3436 2153 3491 in

499 3517 831 3591 Seripturis
852 3520 1151 3579 multotics
1170 3523 1485 3580 invenitur.
1500 3525 1662 3580 Lnde
1679 3525 1788 3580 sub
1807 3523 2156 3582 struthionis

511 3607 748 3665 nomine
778 3609 848 3666 de
880 3609 1180 3685 hypocrita
1230 3614 1514 3686 scriptum
1563 3618 1653 3669 est
1686 3630 1700 3668 :
1741 3615 1989 3670 Privavit
2032 3629 2157 3670 eum

510 3697 651 3753 Deus
676 3701 965 3772 sapientia,
983 3718 1082 3758 uec
1100 3701 1248 3758 dedit
1271 3703 1360 3758 illi
1390 3704 1809 3774 intelligentiam
1830 3703 1942 3774 (Job
1963 3720 2154 3775 xxx1x,

513 3787 622 3856 17).
653 3810 680 3838 »
713 3787 857 3846 Hinc
903 3795 1143 3848 sanctus
1183 3791 1497 3864 Gregorius
1546 3792 1604 3848 in
1660 3791 1810 3847 libro
1856 3791 2156 3866 trigesimo

511 3878 765 3933 secundo
814 3879 1122 3935 Moralium
1155 3881 1293 3954 (cap.
1325 3882 1380 3952 9)
1421 3879 1562 3936 dicit
1592 3899 1605 3936 :
1637 3905 1657 3930 ι
1694 3881 1969 3948 Quamvis
2003 3881 2155 3938 385

512 3965 671 4022 aliud
703 3967 782 4023 sit
813 3969 1056 4041 privare,
1082 3969 1242 4026 aliud
1282 3988 1397 4026 non
1438 3971 1597 4038 dare,
1627 3970 1737 4026 hoc
1769 3975 1962 4027 tamen
1995 3988 2157 4043 repe-

480 4113 482 4116 ,
513 4055 627 4122 tiit,
653 4055 957 4112 subdendo
1005 4074 1121 4114 non
1151 4058 1332 4128 dedit,
1359 4059 1512 4131 quod
1561 4058 1845 4131 praemisit
1892 4059 2156 4131 privavit.

513 4143 594 4198 Ac
623 4141 670 4197 si
703 4142 954 4200 diceret:
979 4146 1134 4217 quod
1167 4146 1313 4202 dixit
1351 4147 1614 4218 privavit,
1646 4165 1761 4204 non
1803 4147 2022 4220 injuste
2061 4165 2160 4204 sa-

517 4229 798 4304 pientiam
847 4231 1108 4304 abstulit,
1161 4235 1262 4292 sed
1313 4236 1479 4307 juste
1536 4253 1651 4292 non
1699 4236 1879 4292 dedit.
1917 4237 2077 4293 Unde
2106 4243 2164 4294 ct

518 4319 838 4377 Pharaonis
867 4337 967 4378 cor
995 4323 1280 4380 Dominus
1301 4324 1621 4382 obdurasse
1650 4327 2020 4394 describitur,
2045 4345 2160 4384 non

518 4409 673 4482 quod
717 4409 841 4482 ipse
874 4411 1152 4468 duritiam
1185 4413 1450 4482 contulit,
1483 4415 1584 4471 sed
1613 4415 1768 4488 quod
1797 4415 2164 4488 exigentibus

519 4499 648 4571 ejus
681 4501 906 4558 meritis
929 4502 1090 4560 nulla
1121 4503 1260 4562 illud
1287 4505 1538 4578 desuper
1568 4505 1746 4563 infusi
1777 4506 2007 4564 timoris
2039 4525 2166 4564 sen-

520 4587 800 4645 sibilitate
830 4590 1094 4648 mollivit.
1119 4616 1146 4644 »
1171 4595 1240 4649 Et
1262 4598 1500 4650 sanctus
1529 4596 1894 4669 Augustinus
1925 4595 1984 4652 in
2016 4595 2164 4654 libro

2263 3437 2396 3506 alia,
2421 3455 2550 3510 qua:
2589 3436 2775 3492 sancti
2807 3435 3143 3510 Gregorius,
3171 3433 3519 3490 Ambrosius
3550 3437 3611 3490 et
3643 3433 3888 3502 llierony-

2264 3543 2399 3582 mus
2419 3526 2479 3580 in
2501 3524 2666 3582 libris
2686 3523 2944 3596 illorum,
2967 3529 3025 3580 et
3045 3524 3255 3580 beatus
3271 3521 3645 3596 Augustinus
3677 3521 3734 3576 in
3763 3535 3892 3593 pras-

2265 3617 2382 3672 fato
2413 3614 2655 3686 libroAde
2681 3613 2878 3670 Gratia
2897 3617 2955 3669 et
2985 3612 3166 3669 libero
3197 3605 3470 3679 Arbitrio,
3495 3616 3554 3667 et
3587 3611 3647 3668 in
3680 3610 3819 3666 libro
3837 3607 3894 3662 de

2265 3703 2782 3761 Praedestinatione
2812 3701 3032 3776 gratiae,
3067 3706 3124 3757 et
3153 3700 3212 3756 in
3242 3700 3409 3757 libris
3439 3701 3511 3756 de
3543 3697 3895 3756 Praedestina-

2265 3793 2420 3850 tione
2451 3795 2790 3848 sanctorum
2821 3807 2888 3845 ac
2922 3790 3077 3845 Bono
3110 3787 3573 3862 perseverantiae,
3612 3792 3672 3843 et
3702 3785 3759 3842 in
3787 3781 3896 3856 epi-

2267 3881 2418 3938 stola
2435 3879 2506 3936 ad
2521 3879 2752 3936 Sixtum
2770 3876 3037 3934 Ecclesia:
3057 3877 3331 3933 Romanas
3349 3874 3899 3949 presbyterum,post

2268 3976 2464 4028 autem
2497 3968 2684 4042 ipsius
2733 3971 2946 4025 sanctae
2997 3966 3152 4024 sedis
3189 3965 3548 4038 eoiscopum,
3574 3965 3732 4021 sicut
3765 3960 3900 4018 880

2268 4077 2449 4134 supra
2492 4057 2878 4124 ostendimus,
2910 4073 3045 4112 cum
3075 4056 3146 4111 de
3187 4054 3343 4111 vasis
3394 4053 3493 4110 ire:
3542 4051 3814 4127 perfectis
3841 4048 3900 4104 ad

2269 4149 2572 4205 interitum
2591 4145 3118 4219 loqueremur,qua°.
3135 4161 3251 4200 non
3269 4142 3370 4199 Dei
3389 4140 3903 4216 preadestinatione,

2269 4239 2371 4296 sed
2404 4241 2648 4311 paterna
2665 4234 2754 4290 vel
2786 4234 3022 4307 propria
3050 4232 3544 4306 praevaricatione,
3571 4248 3716 4288 vasa
3743 4229 3834 4284 ira:
3859 4231 3907 4282 et

2271 4330 2468 4401 aptata
2497 4330 2636 4382 sunt
2658 4325 2730 4381 ad
2757 4323 3082 4379 interitum.
3107 4321 3272 4378 Unde
3293 4321 3479 4378 isdem
3500 4320 3717 4377 beatus
3737 4319 3908 4390 Augu-

2272 4415 2463 4474 stinus
2481 4414 2542 4470 in
2563 4412 2712 4470 libro
2730 4409 3336 4482 dePrazdestinatione
3351 4413 3697 4466 sanctorum
3715 4412 3847 4479 (cap.
3863 4404 3908 4472 8)

2272 4505 2414 4563 dicit
2445 4521 2494 4560 :«
2529 4503 2664 4575 Cur,
2696 4501 2990 4574 inquiens,
3025 4516 3162 4556 nom
3201 4515 3406 4556 omnes
3435 4499 3668 4565 doceat,
3701 4492 3912 4571 aperuit

2271 4591 2584 4668 Apostolus
2605 4595 2893 4664 quantum
2915 4588 3294 4662 aperiendum
3319 4585 3632 4660 judicavit,
3659 4586 3798 4655 Quia
3829 4599 3912 4639 vo-

521 4677 593 4732 de
624 4677 825 4734 Gratia
871 4683 927 4734 et
971 4678 1154 4737 libero
1204 4681 1455 4738 Arbitrio
1485 4683 1624 4757 (cap.
1656 4685 1747 4752 21)
1780 4685 1852 4740 ad
1901 4684 2163 4740 Valcnti-
2197 4693 2244 4758 D
2275 4685 2391 4740 lens
2420 4682 2696 4740 ostendere
2728 4682 2890 4746 iram,
2921 4687 2972 4735 et
3007 4677 3375 4734 demonstrare
3400 4677 3704 4749 potentiam
3748 4689 3912 4736 suam,

521 4784 664 4822 num
711 4772 769 4824 et
815 4785 949 4824 cum
983 4786 1048 4825 eo
1090 4770 1408 4827 monachos
1441 4790 1454 4827 :
1486 4796 1505 4820 ι
1544 4772 1746 4828 Fixum
1797 4772 1952 4828 enim
1997 4774 2168 4830 debet

521 4873 650 4913 esse
681 4862 738 4914 et
770 4857 1070 4914 immobile
1101 4859 1160 4914 in
1192 4861 1364 4916 corde
1394 4866 1604 4931 vestro,
1629 4859 1770 4934 quia
1799 4879 1914 4917 non
1945 4867 2034 4918 est
2065 4863 2169 4918 ini-

523 4947 719 5019 quitas
748 4947 902 5020 apud
946 4948 1128 5003 Deum
1165 4965 1177 5004 :
1213 4965 1277 5004 ac
1319 4967 1421 5021 per
1457 4949 1566 5006 hoc
1608 4951 1841 5023 quando
1881 4951 2076 5025 legitis
2107 4953 2168 5009 in

522 5035 732 5092 litteris
755 5037 1038 5104 veritatis,
1055 5055 1088 5093 a
1114 5038 1229 5094 Deo
1251 5038 1450 5094 seduci
1472 5039 1758 5107 homines,
1775 5044 1878 5096 aut
1899 5041 2166 5112 obtundi,

524 5125 610 5180 vel
643 5126 914 5182 obdurari
949 5127 1125 5182 corda
1163 5145 1386 5196 eorum,
1411 5127 1588 5184 nolite
1618 5127 1888 5184 dubitare
1918 5146 2166 5201 praeces-

525 5213 672 5270 sisse
704 5216 858 5272 mala
886 5215 1093 5272 merita
1125 5233 1347 5285 eorum,
1383 5222 1448 5272 ut
1481 5217 1632 5288 iuste
1663 5217 1776 5273 ista
1808 5223 2164 5290 paterentur,

527 5320 599 5357 ne
628 5302 942 5360 incurratis
975 5306 1034 5361 in
1066 5305 1208 5361 illud
1243 5304 1610 5378 proverbium
1644 5306 2008 5364 Salomonis:
2037 5309 2175 5365 Insi-

524 5391 735 5463 pientia
763 5396 876 5450 viri
903 5397 1070 5452 violat
1097 5397 1214 5451 vias
1243 5397 1378 5468 ejus,
1412 5397 1579 5451 Deum
1607 5404 1788 5451 autem
1827 5405 2085 5453 causatur
2113 5400 2173 5454 in

527 5481 685 5536 corde
713 5499 829 5538 suo.
861 5507 879 5530 »
909 5486 978 5538 Et
1015 5484 1073 5540 in
1107 5485 1308 5540 eodem
1361 5490 1492 5557 post
1539 5484 1840 5556 aliquanta
1870 5490 2007 5558 (cap.
2038 5488 2168 5556 23):

533 5592 560 5621 «
583 5571 823 5636 Quando
846 5589 981 5644 ergo
1012 5574 1232 5630 auditis
1251 5573 1542 5628 dicentem
1566 5572 1905 5640 Dominum,
1935 5575 2040 5645 Ego
2070 5577 2172 5633 Do-

528 5660 715 5714 minus
751 5659 949 5716 seduxi
990 5662 1307 5735 prophetam
1355 5663 1512 5716 illum
1536 5661 1746 5733 (Enech.
1770 5665 1906 5730 xxv),
1933 5669 1987 5719 et
2018 5667 2173 5738 quod

531 5749 614 5805 ait
639 5749 974 5824 Apostolus,
999 5753 1152 5825 cujus
1182 5753 1296 5809 vult
1334 5753 1640 5818 miseretur,
1672 5757 1725 5806 et
1752 5767 1909 5823 quem
1937 5754 2052 5811 uult
2083 5757 2174 5812 in-

2274 4773 2458 4830 attulit
2485 4773 2543 4826 in
2572 4770 2746 4826 multa
2769 4770 3038 4841 patientia
3067 4783 3195 4824 vasa
3225 4768 3331 4824 ira:
3371 4780 3498 4838 quae
3531 4767 3775 4837 perfecta
3801 4767 3918 4819 sunt

2275 4861 2345 4918 ad
2371 4860 2752 4934 perditionem,
2772 4866 2824 4915 et
2851 4865 2911 4914 ut
2937 4864 3090 4914 notas
3119 4859 3320 4928 faceret
3343 4854 3567 4911 divitias
3585 4855 3784 4926 glorize
3808 4864 3915 4907 sua?

2277 4952 2338 5007 in
2377 4966 2505 5006 vasa
2557 4947 2971 5014 misericordiw,
3017 4961 3140 5018 qum
3181 4946 3521 5018 prazpararit
3576 4945 3635 5000 in
3691 4943 3916 5016 gloriam

2277 5041 2449 5112 (Rom.
2474 5055 2549 5105 Ix,
2571 5038 2681 5109 22).
2708 5036 2853 5092 Hinc
2883 5039 2971 5091 est
2999 5034 3155 5107 quod
3185 5035 3426 5090 verbum
3459 5031 3654 5089 crucis
3681 5045 3914 5104 pereun-

2278 5129 2437 5184 tibus
2456 5125 2704 5184 stultitia
2719 5131 2826 5194 est,
2841 5125 2936 5180 bis
2953 5129 3147 5180 autem
3171 5123 3270 5196 qui
3297 5122 3440 5180 salvi
3457 5124 3609 5178 fiunt
3623 5121 3814 5178 virtus
3828 5115 3918 5175 Dei

2279 5222 2420 5274 est.»
2441 5218 2510 5273 Et
2530 5220 2661 5289 post
2679 5215 2981 5288 aliquanta
2999 5216 3139 5286 (cap.
3157 5213 3214 5284 9)
3233 5230 3281 5268 εει
3308 5213 3424 5269 Cur
3443 5217 3642 5268 autem
3669 5228 3790 5268 non
3811 5223 3919 5264 om-

2281 5307 2456 5364 nibus
2477 5307 2664 5374 detur,
2685 5305 2916 5360 fidclem
2938 5321 3167 5360 movere
3189 5319 3303 5358 non
3327 5302 3516 5370 debet,
3533 5300 3630 5375 qui
3655 5297 3842 5357 credit
3860 5314 3920 5352 ex

2281 5413 2397 5452 uno
2429 5411 2633 5452 omnes
2664 5395 2778 5450 isse
2808 5392 2868 5449 in
2897 5393 3440 5449 condemnationem
3471 5389 3598 5447 sine
3618 5390 3804 5446 dubio
3829 5390 3920 5460 ju-

2281 5487 2626 5552 stissimam,
2654 5485 2735 5539 ita
2757 5486 2820 5538 ut
2848 5482 3011 5538 nulla
3031 5488 3185 5538 esset
3215 5480 3311 5536 Dei
3334 5482 3500 5552 justa
3529 5479 3917 5552 reprehensio,

2281 5575 2513 5633 etiamsi
2551 5572 2750 5630 nullus
2787 5572 2923 5627 inde
2959 5571 3324 5640 liberaretur,
3352 5570 3508 5626 unde
3537 5573 3770 5626 constat
3807 5583 3918 5622 ma-

2280 5683 2459 5740 gnam
2481 5680 2608 5720 esse
2638 5661 2888 5735 gratiam
2911 5663 3064 5734 quod
3097 5659 3336 5735 plurimi
3368 5658 3753 5715 liberantur.»
3770 5657 3837 5713 Et
3865 5654 3918 5710 in

2282 5753 2527 5828 epistola
2539 5753 2608 5808 ad
2624 5752 2928 5823 priefatum
2941 5752 3168 5810 Sixtum
3183 5746 3918 5826 presbyterum(epist.105):
