4018 6448
485 443 598 503 451

1419 425 1798 500 annonam
1847 418 2290 498 ltllEMENSlS
2335 437 2948 500 ARCHIEPISCOPI.

3748 443 3844 505 452

483 581 739 644 ceperunt
766 581 827 629 ut
853 573 994 628 salvi
1044 572 1254 642 ﬁerent,
1294 571 1546 626 immittet
1589 571 1707 625 illis
1754 570 1894 625 Deus
1945 585 2132 642 apera-
2162 569 2217 636 Α,
2247 567 2378 636 lexi,
2411 568 2680 626 voluntas
2711 570 3052 626 convenitur
3079 571 3358 639 humana,
3395 571 3492 628 ubi
3524 572 3846 630 dicituero-

483 666 686 720 tionem
731 662 937 718 erroris
986 668 1046 715 ut
1091 659 1313 714 credant
1365 657 1666 724 mendacio,
1724 665 1784 712 ut
1819 657 2141 731 judicentur
2247 659 2344 716 lite
2368 674 2482 715 esse
2520 661 2662 715 sicut
2707 676 2874 731 equus
2921 668 2972 715 et
3015 661 3218 728 mulus,
3253 661 3448 733 quibus
3478 677 3586 717 non
3610 671 3685 718 est
3709 663 3846 719 intel-

483 767 668 808 omnes
699 751 797 822 qui
825 766 934 806 non
963 747 1313 804 crediderunt
1357 748 1592 812 veritati,
1623 747 1716 802 sed
1751 751 2139 803 consenserunt
2245 747 2412 804 lectus
2439 749 2770 817 (Psal.xxx1)
2805 765 2817 804 :
2853 748 3122 821 quamvis
3152 751 3315 822 pejor
3339 756 3615 824 appareat
3647 751 3712 808 de
3753 769 3850 825 quo

481 839 770 914 iniquitati
795 838 870 906 (ll
906 837 1094 893 Thess.
1129 853 1190 902 ιι,
1226 837 1333 902 10).
1367 836 1435 890 Et
1465 835 1536 890 de
1577 835 1992 907 recipienbitus
2038 852 2132 890 ve-

483 929 716 985 ritatem
747 925 1012 982 scribens
1041 923 1202 992 dicit,
1237 923 1449 980 Gratias
1480 925 1696 994 agimus
1746 925 1849 978 Deo
1893 924 2014 978 sine
2043 925 2131 978 in-

483 1016 844 1080 termissione,
875 1012 1016 1085 quod
1042 1029 1167 1068 cum
1193 1012 1482 1068 audissetis
1512 1030 1547 1067 a
1574 1013 1734 1069 nobis
1775 1012 1994 1067 verbum
2030 1030 2128 1068 au-

483 1105 630 1162 ditus
659 1105 779 1171 Dei,
809 1103 1140 1173 suscepistis,
1187 1117 1299 1157 non
1346 1108 1408 1156 ut
1452 1101 1676 1157 verbum
1705 1102 2008 1168 hominum,
2039 1101 2132 1156 sed

481 1196 626 1251 sicut
650 1200 737 1249 est-
759 1208 879 1247 rere
903 1191 1127 1246 verbum
1171 1191 1289 1257 Dei,
1323 1189 1464 1262 quod
1507 1197 1558 1245 et
1603 1197 1858 1260 operatur
1887 1191 1948 1244 in
1981 1189 2132 1245 vobis

483 1284 582 1356 qui
609 1280 920 1337 credidistis
967 1279 1016 1348 (ι
1065 1277 1242 1334 Thess.
1276 1295 1338 1342 ιι,
1390 1279 1498 1350 13).
1541 1278 1609 1332 Et
1657 1277 2038 1333 Cassiodorus
2069 1277 2130 1332 in

482 1370 711 1446 psalmo
739 1367 1172 1442 septuagesimo
1203 1365 1452 1439 septimo
1487 1382 1500 1420 :
1525 1388 1552 1416 ‹‹
1582 1365 1742 1420 Misit
1772 1366 1830 1420 in
1861 1383 1961 1422 eos
1983 1366 2128 1422 iram

481 1458 904 1532 indignationis
937 1473 1076 1523 suae,
1107 1455 1593 1528 indignationem,
1625 1459 1683 1509 et
1713 1455 1880 1521 iram,
1915 1457 1972 1510 et
2019 1455 2128 1510 tri-

483 1549 862 1615 bulationem,
897 1543 1323 1601 immissionem
1357 1561 1459 1616 per
1485 1543 1724 1617 angelos
1754 1543 2128 1600 malos.0rdo

479 1637 749 1695 vindictae
768 1634 1076 1690 verissima
1091 1632 1478 1704 descriptione
1491 1631 1955 1688 narratur.Prius
1970 1631 2126 1687 enim

480 1727 766 1786 Dominus
804 1723 1056 1795 peccatis
1103 1721 1320 1776 nostris
1364 1721 1639 1776 irascitur
1683 1720 1917 1792 quando
1969 1719 2130 1775 nulla

479 1832 604 1874 com
615 1813 930 1888 punctione
959 1810 1372 1878 convertimur,
1397 1828 1463 1865 ac
1494 1809 1704 1864 deinde
1725 1808 2006 1864 malitiam
2031 1809 2129 1864 ho-

479 1904 658 1961 minis
689 1903 747 1958 in
777 1918 886 1956 sua
914 1898 1278 1971 indignitate,
1310 1903 1368 1953 et
1407 1898 1513 1964 ira,
1549 1897 1925 1954 tribulatione
1958 1899 2125 1953 dere-

478 1991 714 2065 linquit.
748 1995 812 2046 ut
843 1988 1094 2062 propriis
1127 1987 1606 2059 perversitatibus
1644 1987 1982 2059 afﬂigantur
2028 1981 2131 2058 qui

479 2081 694 2138 divinis
719 2077 1092 2150 jussionibus
1120 2076 1357 2132 obedire
1387 2079 1790 2130 contemnunt.
1828 2098 1855 2124 »
1905 2075 1974 2130 Et
2015 2079 2130 2131 Au-

480 2170 759 2245 gustinus
777 2169 834 2222 in
853 2167 1002 2222 libro
1019 2167 1090 2221 de
1103 2165 1304 2221 Gratia
1319 2169 1375 2220 et
1395 2164 1576 2219 libero
1597 2153 1848 2219 Arbitrio
1880 2165 2080 2236 (cap.3)
2112 2182 2125 2220 :

483 2282 512 2313 α
545 2258 650 2326 Qui
683 2273 818 2328 ergo
854 2259 1136 2310 noverunt
1181 2253 1379 2308 divina
1420 2253 1716 2319 mandata,
1753 2255 2017 2308 aufertur
2045 2254 2129 2310 eis

478 2345 798 2408 excusatio,
833 2360 1010 2416 quam
1061 2341 1251 2398 solent
1296 2341 1509 2397 habere
1562 2341 1830 2397 homines
1861 2343 1931 2396 de
1963 2342 2126 2414 igno-

481 2437 691 2494 rantia.
711 2435 820 2490 Sed
859 2449 962 2488 nec
993 2431 1107 2504 ipsi
1139 2432 1264 2487 sine
1295 2447 1466 2502 pcena
1494 2432 1783 2502 erantqui
1815 2431 2000 2503 legem
2025 2433 2124 2487 Dei

479 2525 772 2582 nesciunt.
811 2523 916 2590 Qui
942 2523 1091 2576 enim
1135 2522 1256 2576 sine
1303 2521 1416 2591 lege
1457 2528 1828 2592 peccaverunt,
1861 2521 1982 2576 sine
2015 2521 2126 2591 lege

474 2615 733 2688 peribunt
761 2629 775 2668 :
805 2612 902 2684 qui
929 2619 1110 2666 autem
1157 2612 1218 2665 in
1265 2611 1376 2681 lege
1420 2617 1790 2682 peccaverunt,
1823 2625 1920 2680 per
1951 2611 2125 2680 legem

467 2703 868 2779 judicabuntur
895 2701 1065 2772 (Rom.
1099 2716 1162 2768 Il,
1198 2701 1308 2765 12).
1343 2699 1504 2764 Quod
1555 2697 1698 2752 mihi
1751 2715 1862 2752 non
1893 2698 2124 2752 videtur

475 2791 788 2865 Apostolus
811 2790 891 2844 ita
911 2788 1432 2858 dixisse,tanquam
1458 2787 1625 2858 pejus
1647 2787 1867 2858 aliquid
1901 2787 2121 2858 signiﬁ-

476 2880 691 2938 caverit
721 2895 850 2936 esse
881 2892 1159 2950 passuros
1171 2877 1270 2947 qui
1287 2875 1473 2948 legem
1498 2876 1767 2930 nesciunt
1787 2877 1844 2931 in
1865 2877 2119 2947 peccatis

475 2970 812 3042 suis,quam
841 2967 972 3022 illos
1001 2965 1103 3038 qui
1135 2965 1348 3020 sciunt.
1371 2965 1542 3036 Pejus
1564 2965 1718 3019 enim
1743 2964 1970 3020 videtur
1989 2983 2118 3021 esse

474 3057 871 3134 perire,quam
898 3053 1178 3126 judicari.
1212 3053 1323 3108 Sed
1355 3070 1487 3108 cum
1521 3053 1627 3108 hoc
1661 3055 1730 3107 de
1759 3053 2032 3125 gentibus
2062 3059 2118 3109 et

2243 836 2465 892 dictum
2495 842 2584 893 est
2617 853 2632 892 :
2668 837 2852 894 Verbis
2896 854 3009 894 non
3053 839 3429 894 emendabitur
3473 855 3655 896 servus
3681 840 3847 896 durus.

2241 925 2304 982 Si
2330 929 2479 982 enim
2501 935 2553 982 et
2580 921 2932 994 intellexerit,
2960 943 3076 984 non.
3095 927 3405 984 obaudiet.»
3453 929 3524 984 Et
3568 927 3728 1001 plura
3759 928 3851 984 hu-

2233 1015 2497 1086 jusmodi
2526 1014 2904 1070 inveniuntur
2923 1013 2982 1070 in
3004 1013 3216 1071 litteris
3244 1015 3528 1074 divinitus
3559 1016 3849 1089 inspiratis,

2241 1103 2405 1158 Sicut
2425 1102 2582 1158 enim
2605 1103 2930 1158 secundum
2953 1102 3531 1176 Scripturam,omnia
3551 1120 3855 1180 quacunque

2238 1193 2413 1247 voluit
2439 1192 2702 1247 Dominus
2746 1193 2876 1263 fecit
2905 1193 3077 1260 (Psal.
3109 1201 3265 1260 cxm,
3296 1194 3374 1260 3),
3405 1193 3490 1250 ita
3515 1193 3668 1250 sicut
3699 1193 3854 1250 voluit

2239 1279 2438 1337 omnia
2466 1280 2620 1336 bona
2649 1279 2785 1336 fecit
2817 1297 2831 1335 :
2865 1281 3006 1352 quia
3029 1297 3144 1336 non
3173 1298 3243 1337 ex
3271 1280 3594 1350 accidente,
3610 1287 3670 1340 et
3691 1299 3856 1342 essen-

2237 1369 2457 1426 tialiter
2485 1369 2674 1426 bonus
2703 1373 2760 1426 et
2788 1369 3190 1442 Omnipotens,
3225 1369 3324 1442 qui
3365 1370 3628 1443 seipsum
3673 1387 3858 1448 negaro

2236 1477 2352 1515 non
2388 1463 2600 1531 potest,
2633 1456 2803 1514 aliter
2832 1475 2938 1514 nec
2966 1456 3112 1514 velle
3139 1458 3330 1531 potuit
3361 1475 3467 1515 nec
3489 1476 3662 1533 posse
3679 1459 3854 1528 voluit,

2237 1552 2304 1604 ut
2332 1548 2540 1604 beatus
2567 1547 2936 1619 Augustinus
2982 1547 3042 1602 in
3091 1563 3360 1604 sermone
3389 1547 3461 1604 de
3491 1547 3759 1622 Symbolo
3797 1549 3854 1606 ad

2237 1637 2560 1710 neophytos
2589 1636 2729 1693 dicit
2759 1653 2774 1692 :
2812 1659 2834 1688 ι
2871 1636 2930 1692 Si
2961 1636 3138 1704 enim,
3173 1637 3602 1710 inquiens,quaa
3632 1639 3689 1693 in
3717 1637 3854 1712 prin-

2236 1725 2386 1799 cipio
2418 1726 2572 1782 Deus
2602 1725 2757 1792 fecit,
2788 1741 2855 1781 ex
2886 1725 3070 1781 nihilo
3102 1725 3305 1798 utique
3333 1725 3678 1795 fecit,etiam
3698 1743 3762 1782 ex
3782 1726 3856 1781 his

2236 1831 2363 1886 quae
2386 1815 2522 1870 fecit
2549 1813 2833 1887 quidquid
2863 1813 3112 1869 voluerit
3140 1814 3328 1870 facere
3357 1819 3567 1886 potens
3608 1819 3715 1881 est,
3742 1813 3857 1887 quia

2236 1903 2608 1976 omnipotens
2638 1909 2748 1969 est,
2780 1919 2885 1958 nec
2913 1903 3042 1959 ideo
3070 1903 3310 1958 credant
3339 1903 3528 1976 iniqui
3561 1903 3738 1960 Deum
3762 1920 3854 1960 non

2241 2008 2368 2048 esse
2393 1991 2871 2064 omnipotentem,
2893 1991 3032 2063 quia
3062 1990 3248 2046 multa
3277 1996 3481 2046 contra
3508 1992 3642 2062 ejus
3667 1991 3859 2047 faciunt

2239 2080 2744 2150 voluntatem,sivc
2776 2080 2950 2135 homo
2981 2079 3066 2136 vel
3091 2081 3253 2152 justo
3284 2081 3622 2148 damnetur,
3639 2080 3750 2138 sive
3767 2079 3858 2136 mi-

2238 2169 2606 2225 sericorditer
2634 2167 3204 2236 liberetur,voluntas
3223 2168 3658 2241 Omnipotentis
3677 2167 3860 2242 imple-

2237 2257 2520 2324 tur.Quod
2543 2274 2678 2329 ergo
2711 2273 2824 2312 non
2857 2255 2981 2312 vult
3009 2257 3531 2330 Omnipotens,hoc
3554 2257 3742 2315 solum
3762 2274 3859 2314 non

2235 2345 2646 2420 potest.Utitur
2673 2362 2809 2418 ergo
2842 2345 3157 2413 malis,non
3180 2347 3504 2402 secundum
3531 2363 3732 2403 eorum
3755 2362 3860 2419 pra-

2234 2451 2387 2503 vam,
2421 2434 2522 2490 sed
2551 2435 2881 2490 secundum
2913 2451 3082 2491 suam
3115 2439 3332 2490 rectam
3361 2434 3742 2492 voluntatem.
3766 2459 3791 2485 »
3806 2436 3862 2492 Et

2232 2528 2366 2596 post
2395 2540 2581 2594 pauca
2613 2539 2626 2577 :
2663 2523 2777 2578 «Ne
2799 2525 2934 2594 quis
2967 2541 3059 2578 me
3089 2529 3307 2579 temere
3329 2524 3550 2580 dixisse
3571 2523 3863 2580 arbitretur

2231 2611 2453 2686 aliquid
2475 2612 2946 2685 Omnipotentem
2971 2629 3086 2667 non
3111 2611 3418 2684 posse,hoc
3439 2617 3498 2669 et
3521 2614 3864 2686 beatusApo-

2231 2700 2418 2758 stolus
2448 2701 2594 2756 dixit
2626 2719 2640 2756 :
2671 2702 2732 2757 Si
2758 2718 2870 2756 non
2897 2700 3355 2769 credidi-mus,ille
3372 2701 3556 2774 ﬁdelis
3584 2709 3859 2775 permanet,

2226 2807 2426 2861 negare
2451 2793 2690 2863 seipsum
2727 2807 2835 2844 non
2882 2798 3053 2862 potest
3081 2790 3129 2857 (1
3163 2791 3298 2845 Tim.
3333 2807 3394 2858 ιι,
3432 2791 3543 2861 13).
3579 2791 3690 2847 Sed
3737 2790 3858 2862 quia

2230 2897 2343 2935 non
2375 2879 2498 2936 vult
2528 2897 2642 2935 non
2677 2883 2884 2951 potest,
2917 2879 3057 2951 quia
3085 2883 3143 2934 et
3167 2878 3313 2934 velle
3343 2896 3459 2934 non
3504 2883 3720 2952 potest.
3751 2879 3858 2936 Non

2225 2968 2380 3022 enim
2409 2972 2599 3040 potest
2611 2966 2847 3038 justitia
2869 2965 3013 3022 velle
3037 2966 3223 3022 facere
3245 2968 3400 3039 quod
3433 2967 3728 3040 injustam
3756 2971 3852 3036 est,

2177 3106 2200 3127 ,
2225 3061 2326 3112 aut
2355 3056 2642 3128 sapientia
2671 3055 2813 3110 velle
2861 3056 3016 3128 quod
3067 3055 3316 3110 stultum
3365 3060 3476 3121 est,
3509 3062 3618 3112 aut
3663 3057 3857 3114 veritas

473 3148 546 3203 de
575 3146 793 3202 Judazis
826 3144 1178 3215 loqueretur,
1213 3143 1351 3214 quia
1384 3141 1463 3196 illi
1496 3143 1622 3198 sine
1662 3141 1786 3213 lege
1825 3147 1983 3210 sunt,
2016 3143 2114 3198 isti
2221 3143 2366 3199 velle
2397 3143 2551 3215 quod
2581 3142 2795 3198 falsum
2827 3141 3104 3198 cst.Unde
3133 3141 3520 3198 admonemur
3549 3143 3734 3200 Deum
3755 3161 3857 3199 om-

473 3240 668 3292 autem
701 3233 888 3305 legem
912 3232 1426 3304 acceperunt,quis
1449 3232 1661 3287 audeat
1681 3230 2116 3288 dicereJudanos
2158 3303 2174 3306 _
2224 3234 2726 3306 nipotentem.non
2757 3231 2867 3286 hoc
2897 3231 3088 3286 solum
3119 3231 3273 3302 quod
3305 3230 3386 3286 ait
3413 3233 3853 3304 Apostolus,ne-

473 3323 572 3396 qui
604 3321 664 3378 in
695 3303 820 3393 lege
846 3303 1088 3392 peccant
1113 3337 1230 3375 non
1251 3303 1379 3375 esea
1411 3319 1696 3392 perituros
1719 3337 1855 3374 cum
1876 3321 1934 3374 in
1957 3319 2116 3374 Chri-
2144 3303 2188 3370 (ἶ
2221 3303 2353 3394 gare
2378 3322 2617 3390 seipsum
2644 3335 2755 3375 non
2780 3319 3075 3392 potest,sed
3108 3317 3297 3374 multa
3341 3303 3478 3374 non,
3507 3337 3704 3392 posse.
3737 3321 3862 3376 Ecce

474 3418 566 3468 sto
596 3427 711 3466 non
743 3409 1152 3465 crediderunt?
1181 3407 1656 3481 quandoquidem
1674 3407 1874 3464 deillis
1894 3407 2118 3464 dictum

474 3506 584 3566 est,
606 3515 704 3572 per
733 3499 900 3570 legem
917 3497 1353 3571 judicabuntur?
1382 3497 1518 3553 Sine
1550 3497 1663 3552 fide
1709 3496 1863 3552 enim
1903 3496 2117 3552 Christi

474 3605 646 3646 nemo
678 3586 910 3644 liberari
943 3590 1226 3659 potest,ac
1249 3603 1351 3658 per
1379 3585 1586 3641 hocita
1605 3585 2034 3656 judicabantur
2054 3590 2119 3642 ut

474 3677 886 3752 pereant.Nam
910 3676 958 3732 si
979 3677 1239 3748 pejorest
1251 3674 1508 3730 conditio
1531 3673 1913 3730 nescientium
1939 3691 2117 3747 quam

472 3767 786 3825 scientium
821 3765 1008 3837 legem
1041 3763 1462 3835 Dei,quomodo
1491 3779 1689 3818 verum
1722 3763 1832 3818 erit
1861 3765 2014 3836 quod
2058 3763 2114 3819 in

471 3855 779 3929 Evangelio
826 3853 1112 3911 Dominus
1155 3851 1235 3907 ait
1267 3869 1282 3908 :
1314 3852 1512 3907 Servus
1541 3853 1638 3924 qui
1664 3853 1836 3908 nescit
1871 3853 2117 3909 volunta-

470 3953 577 4003 tem
628 3945 841 4002 domini
892 3945 985 3998 sui
1039 3949 1092 3998 et
1141 3943 1276 4012 facit
1347 3941 1519 4011 digna
1575 3941 1783 4014 plagis,
1841 3941 2122 4013 vapulabit

467 4050 674 4107 pauca,-
702 4049 890 4088 seruus
920 4039 1100 4086 autem
1130 4032 1228 4102 qui
1254 4032 1357 4086 scit
1398 4031 1726 4086 voluntatem
1770 4030 1982 4086 domini
2029 4033 2121 4086 sui

470 4129 522 4178 et
573 4137 684 4176 non
739 4122 873 4190 facit
927 4118 1116 4189 digna,
1175 4120 1354 4190 plagis
1402 4119 1682 4192 vapulabit
1735 4120 1907 4174 multa
1964 4119 2114 4190 (Luc.

469 4227 571 4276 xu,
623 4209 734 4277 47).
785 4209 930 4263 Ecce
978 4207 1078 4262 ubi
1128 4207 1385 4262 ostendit
1432 4207 1665 4279 gravius
1717 4207 1956 4278 pecca’re
2014 4206 2116 4262 ho-

471 4298 693 4354 minem
741 4295 1042 4362 scientem,
1093 4313 1270 4368 quam
1329 4295 1703 4352 nescientem.
1756 4296 1870 4351 Nec
1920 4301 2116 4351 tamen

471 4388 600 4444 ideo
629 4385 1087 4457 confugiendum
1119 4389 1207 4440 est
1246 4385 1318 4440 ad
1357 4384 1698 4457 ignorantiae
1728 4385 2019 4450 tenebras,
2051 4389 2118 4441 ut

469 4477 530 4534 in
582 4475 667 4533 eis
714 4475 967 4548 quisque
1011 4474 1272 4546 requirat
1321 4474 1776 4529 excusationem.
1806 4472 1979 4528 Aliud
2027 4477 2118 4530 est

469 4565 626 4624 enim
658 4562 1100 4630 nescisse,aliud
1133 4564 1281 4619 scire
1303 4562 1872 4619 noluisse.Voluntas
1899 4562 2114 4635 quippe

2225 3417 2282 3468 et
2311 3427 2416 3483 ego
2448 3409 2597 3476 dico,
2629 3411 2686 3464 et
2714 3409 2842 3479 ejus
2869 3407 3107 3463 veritate
3137 3405 3329 3464 dicere
3359 3408 3548 3464 audeo
3581 3409 3735 3482 quod
3775 3423 3861 3464 ne-

2225 3517 2363 3574 gare
2396 3516 2510 3554 non
2540 3497 2908 3566 audeo,Deus
2929 3495 3299 3569 omnipotens
3329 3514 3444 3553 non
3473 3503 3670 3570 potest
3709 3497 3863 3564 mori,

2227 3605 2341 3645 non
2376 3591 2564 3661 potest
2593 3585 2828 3654 mutari,
2844 3603 2959 3641 non
2982 3588 3174 3659 potest
3195 3584 3458 3651 falli,non
3481 3591 3681 3660 potest
3705 3586 3866 3642 miser

2227 3678 2374 3744 ﬁeri,
2409 3693 2524 3733 non
2557 3679 2746 3748 potest
2772 3673 2946 3730 vinci.
2982 3675 3108 3730 llaec
3139 3677 3316 3746 atque
3347 3673 3697 3746 huiusmodi
3728 3673 3865 3731 absit

2228 3772 2291 3824 ut
2323 3766 2508 3838 possit
2539 3764 3033 3836 Omnipotenszac
3065 3779 3167 3835 per
3198 3762 3307 3818 hoc
3331 3780 3444 3819 non
3464 3762 3664 3820 solum
3688 3769 3864 3822 osten-

2226 3856 2314 3912 dit
2349 3855 2571 3910 Verilas
2603 3851 3060 3924 omnipotentem
3091 3852 3404 3924 esse,quod
3435 3850 3553 3908 ista
3584 3871 3704 3910 non
3744 3869 3864 3926 pos-

2227 3945 2337 4001 sit:
2358 3944 2458 4000 sed
2489 3943 2664 3999 etiam
2687 3941 2842 4014 cogit
2868 3940 3096 3996 Veritas
3125 3940 3588 4013 omnipotentem
3615 3960 3731 4000 non
3752 3957 3868 3998 esse

2226 4033 2326 4106 qui
2356 4033 2478 4089 haec
2509 4029 2714 4104 possit.
2746 4029 2960 4086 Volens
3000 4030 3157 4086 enim
3209 4034 3298 4086 est
3347 4030 3502 4086 Deus
3554 4033 3716 4104 quod
3765 4035 3865 4087 est.

2226 4125 2498 4179 .IEternus
2525 4136 2662 4192 ergo
2692 4123 2750 4176 et
2776 4118 3299 4188 incommutabilis,
3333 4124 3392 4175 et
3419 4137 3595 4176 verax
3643 4125 3704 4176 et
3751 4121 3870 4176 bea-

2225 4217 2344 4278 tus,
2377 4216 2435 4267 et
2464 4208 2880 4282 insuperabilis
2909 4207 3108 4264 volens
3139 4213 3245 4264 est.
3279 4207 3339 4264 Si
3371 4225 3507 4282 ergo
3537 4213 3737 4282 potest
3755 4224 3871 4265 esse

2227 4299 2381 4373 quod
2415 4315 2529 4354 non
2559 4296 3080 4368 vull,omnipotens
3110 4314 3225 4352 non
3259 4301 3366 4354 est.
3399 4298 3500 4353 Est
3532 4304 3736 4354 autem
3763 4313 3874 4353 om-

2227 4389 2498 4462 nipotens
2533 4403 2547 4442 :
2581 4403 2716 4459 ergo
2748 4384 3034 4458 quidquid
3063 4385 3187 4441 vult
3215 4390 3425 4458 potest.
3457 4385 3526 4441 Et
3567 4387 3702 4443 idco
3726 4385 3871 4459 quod

2224 4495 2341 4534 non
2373 4475 2496 4532 vult
2525 4493 2653 4531 esse
2679 4491 2796 4530 non
2827 4474 3150 4546 potest,qui
3181 4479 3486 4547 propterea
3514 4475 3742 4532 dicitur
3756 4490 3871 4530 om-

2227 4565 2804 4640 nipotens,quoniam
2837 4563 2939 4636 qui
2971 4564 3258 4636 quidquid
3287 4562 3410 4619 vult
3431 4567 3644 4637 potest.
3661 4565 3744 4622 De
3765 4578 3872 4638 quo

468 4655 623 4714 889
651 4653 920 4727 arguitur
949 4651 1008 4707 in
1037 4669 1104 4708 eo
1133 4652 1204 4708 de
1235 4669 1351 4724 quo
1381 4652 1596 4708 dicitur
1627 4669 1640 4706 :
1674 4653 1859 4708 Noluit
1907 4654 2111 4708 intelli-
2142 4679 2189 4745 Ι)
2221 4663 2277 4714 et
2308 4654 2573 4729 psalmus
2603 4653 2743 4708 dicit
2775 4669 2788 4707 :
2823 4653 2884 4708 ln
2913 4654 3042 4709 aeto
3070 4661 3121 4709 et
3151 4655 3209 4709 in
3239 4661 3384 4709 terra
3406 4655 3592 4709 omnia
3625 4669 3876 4727 quem".

467 4761 594 4816 gere
621 4750 684 4800 ut
729 4743 862 4799 bene
890 4751 1071 4813 ageret
1095 4743 1264 4811 (Psal.
1311 4759 1441 4809 xxv,
1477 4743 1550 4810 4).
1584 4742 1695 4796 Sed
1727 4746 1783 4796 et
1813 4741 1916 4797 illa
1944 4740 2113 4814 igno-

467 4831 680 4900 rantia,
711 4848 840 4905 quae
871 4847 986 4886 non
1035 4835 1125 4886 est
1174 4848 1374 4886 eorum
1429 4831 1528 4902 qui
1562 4830 1708 4886 scire
1743 4829 1968 4897 nolunt,
2011 4831 2113 4886 sed

465 4939 668 4982 eorum
690 4921 790 4994 qui
823 4925 1104 4992 tanquam
1133 4919 1477 4992 simpliciter
1505 4920 1796 4990 nesciunt,
1820 4919 2114 4976 neminem

465 5011 551 5069 sic
579 5014 818 5069 excusat
847 5013 915 5065 ut
940 5009 1296 5081 sempiterno
1327 5010 1460 5081 igne
1507 5026 1622 5064 non
1675 5008 1958 5076 ardeat,si
1991 5026 2117 5080 pro-

466 5105 663 5174 pterea
694 5117 811 5156 non
842 5099 1088 5155 credidit
1115 5098 1254 5169 quia
1283 5117 1399 5154 non
1431 5098 1655 5154 audivit
1701 5097 1940 5152 omnino
1972 5096 2113 5168 quid

466 5191 726 5245 crederet
758 5206 771 5245 :
806 5189 904 5245 sed
941 5189 1185 5244 lortasse
1217 5192 1282 5242 ut
1314 5187 1516 5243 mitius
1548 5187 1768 5242 ardeat.
1801 5187 1924 5241 Non
1956 5186 2114 5242 enim

467 5278 593 5333 sine
621 5294 800 5333 causa
830 5278 1050 5334 dictum
1083 5282 1208 5332 est:
1241 5277 1465 5349 Effunde
1496 5278 1639 5331 iram
1667 5283 1818 5330 tuam
1848 5277 1912 5331 in
1930 5283 2116 5348 gentes

465 5381 590 5438 qua?
639 5374 688 5422 te
743 5383 854 5422 non
907 5376 1177 5424 noverunt
1232 5367 1402 5439 (Psal.
1464 5382 1692 5431 LXXVIII,
1725 5365 1804 5431 ὃ).
1854 5365 1922 5418 Et
1970 5363 2113 5419 illud

467 5455 622 5528 quod
654 5455 737 5510 ait
766 5456 1078 5528 Apostolus
1129 5474 1142 5512 :
1194 5461 1332 5514 Cum
1362 5456 1569 5511 venerit
1607 5456 1666 5508 in
1711 5454 1935 5522 ﬂamma
1970 5456 2115 5525 ignis

465 5543 596 5600 dare
623 5543 919 5600 vindictam
961 5548 1018 5600 in
1047 5562 1133 5602 eos
1162 5547 1260 5618 qui
1287 5549 1542 5617 ignorant
1586 5543 1758 5598 Deum
1806 5543 1881 5614 (II
1933 5543 2110 5600 Thess.

465 5632 1019 5703 1,8).Verumtamen
1043 5640 1110 5690 ut
1134 5634 1455 5690 habeamus
1474 5637 1531 5688 et
1559 5633 1749 5704 ipsam
1775 5631 2110 5703 scientiam,

465 5739 540 5791 ne
566 5723 724 5784 dicat
746 5722 1154 5804 unusquisque
1173 5741 1188 5782 :
1204 5723 1573 5796 Nescivi,non
1588 5720 1928 5801 audivi,non
1949 5721 2114 5786 intel-

2225 4763 2327 4819 que
2359 4744 2528 4799 voluit
2553 4744 2682 4813 fecit
2707 4741 2879 4810 (Psal.
2913 4759 3048 4813 cxu,
3077 4742 3156 4812 3).
3185 4763 3213 4792 ››
3246 4742 3402 4798 890
3431 4742 3500 4798 Et
3529 4744 3590 4797 in
3623 4741 3779 4799 libro
3808 4741 3874 4796 de

2224 4835 2447 4891 Natura
2476 4836 2533 4887 et
2561 4830 2761 4886 Gratia
2789 4830 3032 4904 (cap.49)
3057 4847 3106 4886 :«
3140 4830 3308 4886 Absit
3337 4848 3372 4886 a
3402 4829 3575 4887 nobis
3605 4836 3673 4887 ut
3693 4833 3872 4888 Deum

2223 4937 2398 4995 posse
2430 4936 2668 4992 peccare
2697 4919 3118 4976 dicamus.Non
3149 4919 3328 4986 enim,
3351 4924 3417 4976 ut
3445 4920 3611 4977 stulti
3644 4925 3871 4996 putant,

2223 5012 2354 5066 ideo
2386 5027 2501 5064 non
2531 5009 2642 5064 erit
2671 5009 3062 5081 omnipotens,
3098 5009 3236 5082 quia
3266 5025 3372 5066 nec
3402 5010 3548 5067 mori
3581 5015 3801 5084 potest,
3822 5013 3875 5065 et

2225 5115 2438 5170 negare
2469 5097 2729 5170 seipsum
2764 5116 2879 5154 non
2911 5102 3122 5170 potest.
3158 5121 3186 5150 ››

2294 5187 2542 5243 Videant
2571 5186 2840 5242 catholici
2872 5203 3050 5260 quam
3083 5188 3233 5244 male
3265 5189 3512 5244 tradunt
3552 5189 3817 5246 haeretici
3857 5204 3870 5242 :

2231 5299 2257 5328 ‹‹
2290 5275 2500 5332 Omnia
2529 5292 2891 5348 quaecunque
2918 5275 3102 5331 voluit
3133 5275 3417 5331 Dominus
3447 5275 3604 5348 fecit,
3623 5298 3653 5325 »
3678 5277 3874 5332 dicen-

2225 5371 2314 5422 tcs
2345 5383 2358 5421 :
2383 5364 2490 5431 Qui
2518 5382 2632 5420 non
2655 5363 2956 5420 salvantur
2985 5381 3099 5420 non
3131 5369 3220 5422 est
3245 5364 3562 5421 voluntatis
3591 5365 3698 5420 Dei
3723 5363 3876 5439 peni-

2227 5460 2323 5511 tus
2354 5459 2418 5510 ut
2447 5453 2745 5511 salvantur
2767 5471 2780 5508 :
2801 5468 2935 5508 cum
2970 5458 3162 5509 ratum
3193 5453 3361 5524 sit,ut
3389 5453 3492 5526 qui
3522 5456 3594 5510 ad
3615 5454 3872 5510 salutem

2223 5562 2338 5601 non
2373 5547 2704 5616 sequuntur
2731 5541 3088 5598 voluntatem
3115 5542 3341 5598 Domini
3365 5543 3876 5616 invitantem,quo—

2224 5634 2384 5690 niam
2432 5635 2616 5706 justus
2672 5632 2934 5687 Dominus
2979 5634 3226 5705 justitias
3275 5631 3493 5706 dilexit,
3548 5636 3874 5706 aequitatem

2219 5723 2360 5789 vidit
2378 5723 2560 5781 vultus
2587 5722 2704 5802 ejus
2735 5721 2964 5802 (Psal.x,
2996 5722 3072 5801 8),
3102 5722 3360 5783 sentiant
3386 5738 3456 5786 ex
3485 5723 3872 5785 retributione
