4018 6456
174 415 274 476 453

171 641 294 694 tem.
324 633 383 688 Et
429 629 567 686 vidit
609 630 770 698 Deus,
821 629 1018 702 inquit
1061 629 1381 702 Scriptura,
1429 636 1621 686 cuncta
1667 645 1792 702 quae

169 724 300 798 fecit,
330 727 379 778 et
402 727 557 776 erant
600 719 758 777 valde
807 711 964 774 bon’a.
997 720 1068 774 Et
1099 735 1112 774 :
1146 721 1290 775 Fecit
1331 719 1472 774 Deus
1519 719 1795 775 hominem

171 812 231 869 ad
259 811 541 880 imaginem
569 815 622 864 et
647 807 1072 864 similitudinem
1095 825 1256 881 suam
1287 807 1436 880 (Gen.
1471 825 1510 878 ι,
1543 807 1630 875 31,
1663 809 1790 876 26):

173 902 244 958 Ad
271 897 575 972 imaginem
602 895 818 969 quippe
847 900 904 952 et
924 895 1374 952 similitudinem
1397 895 1498 952 Dei
1520 913 1647 952 esse
1671 912 1796 968 pro-

169 988 253 1047 cul
282 987 454 1043 dubio
482 987 702 1041 bonum
731 989 842 1041 est.
865 987 935 1041 Et
964 985 1176 1041 iterum
1199 984 1483 1057 scriptum
1505 989 1594 1040 est
1619 1001 1630 1040 :
1657 986 1796 1040 Deus

169 1079 229 1136 ab
257 1077 408 1134 initio
429 1075 708 1132 constituit
735 1076 1029 1144 hominem,
1053 1083 1104 1130 et
1122 1075 1347 1148 reliquit
1367 1074 1527 1130 illum
1549 1075 1604 1130 in
1628 1091 1800 1130 manu

167 1166 372 1224 consilii
421 1165 514 1220 sui
555 1164 744 1234 (Eccli.
775 1181 868 1232 xv,
904 1163 1101 1234 110.18
1145 1167 1340 1219 autem
1389 1180 1504 1236 quo
1552 1162 1796 1219 consilio

169 1272 299 1312 usus
327 1253 639 1327 potiusque
660 1253 886 1308 abusus
906 1251 1103 1322 fuerit,
1129 1268 1376 1324 quemve
1396 1250 1798 1308 consiliarium

165 1341 496 1411 obaudierit,
547 1341 608 1398 in
660 1359 769 1398 sua
814 1345 979 1416 paret
1024 1341 1362 1416 propagine,
1393 1339 1798 1397 conclamante

164 1431 430 1507 propheta
452 1447 466 1486 :
491 1429 687 1488 Omnes
704 1432 1032 1499 erravimus,
1051 1432 1112 1486 in
1132 1430 1518 1503 iniquitatibus
1538 1430 1796 1502 concepti,

160 1530 209 1578 et
249 1522 304 1577 in
345 1521 580 1593 peccatis
610 1521 802 1592 geniti,
837 1520 916 1576 ita
960 1527 1022 1576 ut
1058 1518 1299 1576 mundus
1345 1519 1535 1574 nullus
1578 1519 1669 1586 sit,
1703 1534 1802 1574 nec

161 1612 304 1670 cuius
332 1611 444 1666 vita
472 1617 554 1664 est
579 1609 750 1664 unius
793 1609 906 1665 diei
944 1625 1110 1681 super
1135 1616 1360 1677 terram,
1393 1611 1526 1665 ante
1571 1623 1705 1663 eum
1738 1606 1799 1661 in

162 1699 320 1771 cujus
335 1701 654 1770 conspectu
672 1714 842 1754 nemo
851 1697 1216 1770 justiﬁcatur
1225 1697 1442 1766 vivens,
1459 1697 1611 1770 apud
1625 1712 1800 1769 quem

163 1805 256 1860 per
282 1804 342 1843 se
373 1785 576 1842 nullus
607 1791 696 1842 est
727 1787 1030 1853 innocens,
1062 1787 1201 1859 quia
1239 1803 1353 1842 non
1398 1789 1490 1842 est
1534 1785 1710 1842 homo
1741 1785 1801 1840 in

163 1882 306 1932 terra
343 1875 442 1948 qui
489 1873 669 1932 faciat
714 1875 936 1930 bonum
965 1877 1022 1930 et
1051 1891 1168 1931 non
1217 1879 1436 1948 peccet,
1467 1878 1525 1931 et
1571 1891 1648 1936 ex
1685 1890 1802 1929 uno

163 1981 353 2021 omnes
381 1963 503 2020 isse
543 1963 604 2018 in
635 1963 1183 2020 condemnationem
1213 1963 1367 2019 idem
1409 1963 1641 2020 divinus
1670 1980 1802 2036 pro-
1831 1963 1872 2004 “-

163 2059 402 2111 testatur
451 2053 794 2126 Apostolus,
825 2053 962 2126 quia
1013 2054 1186 2126 periit
1226 2054 1411 2109 Adam
1461 2053 1688 2126 primus
1735 2053 1806 2108 de

160 2149 306 2200 terra
331 2146 628 2211 terrenus,
661 2147 721 2198 et
749 2141 810 2198 in
843 2142 970 2215 ipso
1000 2159 1204 2198 omnes
1234 2142 1572 2215 perivimus,
1599 2159 1804 2198 secun-

162 2233 264 2288 dus
289 2233 478 2288 Adam
533 2233 605 2288 de
648 2230 790 2288 cmlo
848 2231 1122 2300 caelestis,
1154 2249 1270 2287 non
1329 2231 1606 2288 amittens
1651 2231 1808 2304 quod

159 2325 291 2390 erat,
321 2322 426 2378 sed
455 2337 775 2378 assumens
805 2321 962 2393 quod
1003 2337 1119 2377 non
1159 2325 1303 2387 erat,
1334 2320 1393 2376 in
1426 2319 1650 2376 unitate
1681 2337 1810 2393 per-

160 2427 304 2466 sonae
333 2427 480 2477 suae,
511 2426 631 2466 non
661 2409 722 2464 in
752 2409 973 2466 unitate
1002 2410 1367 2482 substantiae,
1392 2397 1626 2482 propter
1653 2409 1810 2481 quod

158 2499 289 2555 item
321 2499 556 2554 dictum
587 2502 677 2554 est
707 2514 720 2554 :
752 2499 916 2555 Nemo
963 2498 1205 2554 ascendit
1235 2501 1294 2554 in
1331 2500 1544 2568 malum,
1573 2501 1689 2554 nisi
1719 2499 1814 2570 qui

158 2587 425 2644 descendit
469 2588 542 2644 de
589 2588 736 2656 oazlo,
794 2588 970 2644 Filius
1022 2587 1280 2654 hominis,
1315 2589 1410 2660 qui
1455 2601 1535 2644 est
1578 2589 1638 2642 in
1685 2589 1815 2642 cazlo

157 2677 365 2750 (Ephes.
391 2695 474 2744 IV,
498 2675 580 2748 9),
605 2677 763 2732 venit
803 2693 1060 2749 querere
1089 2681 1145 2732 et
1180 2675 1402 2732 salvare
1439 2677 1592 2748 quod
1626 2675 1815 2749 perie-

161 2771 259 2822 rat.
297 2767 525 2822 Omnes
549 2765 886 2838 perivimus,
912 2783 1116 2822 omnes
1144 2766 1301 2822 venit
1330 2783 1587 2838 quaerere
1616 2770 1672 2822 et
1701 2765 1816 2820 sal-

157 2873 303 2912 vare.
327 2857 501 2923 Quod
562 2860 758 2911 autem
791 2855 1033 2928 quidam
1081 2855 1400 2924 salvantur,
1425 2857 1496 2911 de
1535 2853 1818 2911 salvantis

101 2969 112 2976 -
161 2949 242 2999 est
259 2945 416 3001 dono
443 2962 458 3002 :
485 2943 650 3018 quod
672 2944 914 3016 quidam
937 2948 1200 3017 pereunt,
1222 2945 1293 3000 de
1312 2943 1681 3017 pereuntium
1704 2960 1820 2998 me-

160 3032 283 3100 rito,
309 3051 426 3090 non
462 3035 545 3090 de
577 3031 895 3090 Salvatoris
927 3039 1017 3089 est
1053 3037 1204 3102 voto,
1235 3033 1335 3106 qui
1372 3032 1529 3088 venit
1565 3048 1820 3104 quaerere

159 3127 210 3176 et
233 3122 464 3179 salvare
489 3123 654 3196 quod
687 3121 958 3194 perierat.
982 3121 1062 3178 De
1083 3139 1201 3194 qua
1219 3120 1472 3194 generali
1498 3121 1821 3193 perditione

158 3210 202 3266 si
234 3211 442 3268 nullus
474 3210 852 3278 liberaretur,
879 3209 1388 3284 irreprehensibile
1421 3210 1576 3267 esset
1595 3210 1694 3266 Dei
1718 3211 1820 3281 ju-

855 409 958 470 DE
1000 408 1760 470 PRJEDESTINATIONE
1803 407 2318 470 DISSERTATIO
2362 410 2822 472 POSTERIOR.

163 543 384 621 justitiaa
411 538 769 596 voluntatem
799 539 1031 596 Domini
1073 541 1131 609 in
1173 539 1460 614 supplicio
1489 539 1787 597 vindican-
1817 543 1874 610 Α

3420 412 3541 475 454

2446 558 2667 598 EPIDOGI
2703 559 2886 599 CAPUT
2920 559 2997 600 VI.

1899 628 2047 690 Quod
2077 628 2311 678 Christus
2352 645 2446 694 pro
2491 629 2728 680 omnibus
2775 630 3054 681 hominibus
3097 648 3276 696 passus
3312 637 3398 697 sit,
3426 635 3542 687 licet

1961 714 2062 748 non
2091 715 2264 751 omnes
2303 701 2561 765 passionis
2597 702 2708 766 ejus
2749 703 2992 765 mysterio
3035 705 3107 752 ad
3149 708 3364 759 salutem
3405 709 3543 759 redi-

1961 773 2173 845 mantur
2214 774 2458 845 aeternam
2485 788 2504 822 :
2533 775 2580 821 et
2622 771 2744 835 quia
2771 787 2873 845 non
2919 788 3094 824 omnes
3135 779 3387 839 passionis
3431 781 3544 845 ejus

1961 843 2204 906 mysterio
2230 842 2563 893 redimuntur
2593 858 2692 892 non
2729 843 2803 892 ad
2833 848 3146 896 sacramenti
3170 849 3431 910 virtutem,
3450 842 3548 902 sed

1964 912 2038 961 ad
2072 911 2357 975 inﬁdelium
2403 913 2607 977 reapieit
2647 915 2847 978 partem
2880 929 2893 963 :
2924 930 3037 964 cum
3081 921 3290 982 sanguis
3334 921 3547 973 Domini

2170 983 2290 1032 Jesu
2321 983 2516 1058 Christi
2556 986 2778 1058 pretium
2823 987 2902 1058 sit
2937 988 3094 1058 totius
3137 991 3339 1052 mundi,
3375 1007 3406 1042 a
3447 1009 3546 1058 quo

1961 1055 2128 1116 pretio
2154 1055 2391 1126 extranei
2434 1059 2572 1116 sunt,
2597 1057 2688 1120 qui
2727 1059 2818 1105 aut
2864 1056 3104 1110 delectati
3145 1055 3547 1126 captivitate—re-

1964 1126 2095 1174 dimi
2137 1125 2428 1184 noluerunt,
2471 1130 2560 1176 aut
2601 1130 2716 1190 post
2756 1127 3152 1192 redemptionem
3201 1125 3272 1181 ad
3314 1135 3548 1186 eamdem

1891 1207 1904 1216 '
1963 1199 2083 1246 sunt
2109 1197 2403 1270 servitutem
2441 1200 2791 1262 perseveranti
2817 1200 3124 1263 inﬁdelitate
3164 1203 3248 1252 vel
3277 1204 3551 1270 iniquitate

1966 1280 2174 1315 reversi.

1977 1345 2226 1418 Magnus
2267 1346 2378 1402 Leo
2426 1347 2724 1404 catholica:
2772 1354 2829 1406 et
2875 1351 3203 1424 apostolicae
3258 1355 3548 1428 Ecclesiae,

1906 1437 2121 1491 sancte
2141 1433 2409 1490 videlicet
2438 1435 2596 1493 sedis
2621 1437 2893 1494 Romana:
2919 1441 3199 1512 pontifex,
3221 1443 3280 1499 in
3309 1445 3554 1518 epistola

1907 1523 1979 1580 ad
2009 1523 2349 1580 Juvenalem
2379 1524 2559 1597 (epist.
2587 1526 2677 1598 78)
2709 1526 3298 1602 Hierosolymitanum
3327 1535 3551 1607 episco-

1908 1629 2050 1684 pum
2083 1611 2224 1668 dicit
2254 1628 2319 1669 :«
2354 1612 2564 1670 Veram
2625 1613 2804 1687 igitur
2849 1617 3062 1674 Christi
3118 1622 3551 1692 generationem

1908 1717 2052 1756 crux
2077 1717 2212 1756 vera
2241 1701 2578 1770 conﬁrmat;
2610 1703 2888 1775 quoniam
2917 1706 3042 1778 ipse
3071 1707 3131 1764 in
3161 1715 3361 1767 nostra
3380 1728 3554 1770 carne

1909 1789 2297 1862 nascitur,qui
2317 1789 2377 1846 in
2403 1795 2605 1847 nostra
2625 1809 2797 1848 carne
2821 1795 3184 1868 crucifigitur
3205 1815 3220 1854 :
3244 1815 3369 1871 quae
3391 1801 3552 1858 nullo

1909 1878 2327 1934 interveniente
2341 1883 2598 1951 peccato,
2615 1880 2727 1936 nisi
2744 1880 2950 1939 fuisset
2965 1885 3147 1940 nostri
3167 1889 3417 1958 generis,
3437 1907 3553 1946 non

1912 1967 2201 2040 potuisset
2218 1983 2346 2024 esse
2369 1968 2650 2025 mortalis.
2666 1970 2739 2026 Ut
2759 1975 2954 2028 autem
2976 1981 3270 2046 repararet
3289 1979 3554 2036 omnium

1910 2056 2113 2125 vitam,
2147 2055 2362 2129 recepit
2390 2058 2654 2115 omnium
2684 2077 2944 2128 causam,
2977 2066 3032 2118 et
3060 2061 3176 2120 vim
3203 2065 3413 2123 veteris
3441 2067 3558 2124 chi-

1913 2145 2208 2218 rographi,
2243 2147 2394 2218 quod
2430 2146 2591 2202 solus
2634 2148 2787 2204 inter
2823 2165 3026 2206 omnes
3056 2169 3172 2208 non
3199 2153 3422 2223 debuit,
3453 2173 3558 2228 pro

1917 2233 2192 2290 omnibus
2235 2233 2508 2290 solvendo
2556 2236 2864 2293 vacuavit:
2916 2242 2981 2294 ut
3029 2239 3184 2296 sicut
3232 2259 3336 2314 per
3383 2245 3560 2302 unius

1918 2327 2144 2378 reatum
2164 2339 2368 2378 omnes
2388 2323 2524 2378 facti
2543 2323 2773 2381 fuerant
2793 2331 3146 2398 peccatores,
3167 2329 3250 2385 ita
3267 2348 3370 2403 per
3385 2333 3560 2390 unius

1919 2409 2313 2465 innocentiam
2345 2427 2548 2467 omnes
2578 2413 2781 2469 fierent
2819 2413 3180 2485 innocentes,
3201 2418 3338 2476 inde
3367 2420 3427 2476 in
3457 2422 3560 2478 ho-

1920 2499 2110 2555 mines
2142 2504 2416 2555 manante
2452 2501 2704 2571 justitia,
2740 2503 2837 2558 ubi
2869 2509 2958 2559 est
2995 2505 3255 2562 humana
3290 2515 3564 2583 suscepta

1921 2592 2186 2643 natura.»
2210 2590 2280 2643 Et
2309 2588 2449 2644 item
2480 2589 2539 2644 in
2571 2589 2818 2662 epistola
2846 2593 2917 2648 ad
2953 2593 3202 2652 Leonem
3230 2597 3562 2670 Augustum

1921 2678 2099 2748 (epist.
2131 2676 2219 2742 97,
2246 2693 2363 2748 cap.
2386 2678 2440 2749 2)
2467 2695 2514 2732 :u
2552 2679 2767 2735 Etiusio
2797 2681 2953 2736 enim
2979 2683 3126 2752 justi
3175 2702 3280 2757 pro
3325 2686 3564 2759 injustis

1923 2764 2228 2836 sanguinis
2261 2765 2494 2833 Christi,
2521 2772 2639 2822 tam
2681 2769 2790 2822 fuit
2828 2769 2987 2826 dives
3018 2773 3090 2826 ad
3121 2775 3394 2844 pretium,
3421 2782 3484 2832 ut
3514 2778 3564 2833 si

1925 2853 2274 2910 universitas
2304 2855 2662 2927 captivorum
2697 2857 2755 2912 in
2788 2859 3214 2931 redemptorem
3245 2880 3419 2919 suum
3451 2883 3568 2922 cre-

1925 2943 2108 3008 deret,
2132 2941 2358 2998 nullum
2391 2942 2604 3000 diaboli
2636 2945 2867 3002 vincula
2896 2947 3230 3005 retinerent.
3257 2953 3564 3024 Quoniam,

1926 3031 2081 3087 sicut
2111 3031 2193 3086 ait
2220 3031 2532 3102 Apostolus
2565 3049 2578 3088 :
2616 3033 2716 3090 Ubi
2739 3043 2920 3090 autem
2947 3037 3248 3095 abundavit
3271 3050 3568 3112 peccatum,

1925 3121 2387 3194 superabundavit
2431 3131 2483 3178 et
2521 3126 2700 3195 gratia
2747 3125 2920 3198 (Rom.
2948 3144 3002 3194 v,
3041 3129 3148 3197 10).
3180 3129 3410 3188 Etcum
3458 3133 3568 3190 sub

1927 3211 2148 3284 peccati
2179 3211 2514 3284 przejudicio
2559 3214 2679 3270 nati
2729 3217 3074 3286 potestatem
3121 3220 3451 3292 acceperint
3497 3223 3570 3278 ad

158 3300 376 3358 dicium
412 3318 427 3358 :
466 3301 620 3375 quia
648 3316 780 3356 vero
812 3299 984 3356 multi
1019 3299 1364 3369 liberantur,
1398 3299 1706 3356 ineffabilia
1737 3303 1825 3355 est
1853 3281 1895 3348 (ἶ
1921 3281 2215 3372 justitiam
2257 3281 2619 3368 renascendi,
2652 3281 2902 3360 validius
2951 3303 3170 3362 factum
3217 3281 3308 3364 est
3352 3309 3572 3368 donum

155 3391 352 3462 gratiae
382 3392 524 3464 ejus
576 3391 820 3458 donum,
843 3388 945 3461 qui
975 3405 1179 3445 omnes
1229 3387 1418 3446 salvos
1448 3388 1572 3444 ﬁeri
1600 3387 1822 3458 volens,

154 3480 434 3537 omnibus
467 3479 629 3536 dixit
652 3496 664 3536 :
694 3478 757 3536 Si
783 3478 1072 3535 audieritis
1099 3495 1204 3547 me,
1241 3479 1378 3536 bona
1403 3485 1580 3545 terrae,
1604 3477 1825 3534 scilicet

153 3570 314 3625 terra;
363 3569 728 3636 viventium,
765 3567 1050 3624 comedetis
1090 3568 1222 3641 (Isa.
1247 3585 1286 3636 1,
1315 3568 1400 3636 19,
1430 3568 1542 3640 20).
1574 3567 1636 3623 In
1684 3583 1820 3639 qua,

151 3655 203 3712 id
235 3663 327 3714 est
354 3659 418 3715 in
454 3674 650 3732 regno
681 3657 804 3728 Dei,
839 3657 1047 3713 beatus
1077 3657 1176 3729 qui
1208 3657 1585 3712 manducabit
1613 3671 1824 3729 panem

151 3744 272 3801 vitae
303 3753 578 3816 aeternae,
613 3751 672 3802 et
710 3745 923 3802 biberit
951 3750 1154 3818 potum
1186 3745 1396 3801 salutis
1426 3749 1735 3817 perpetua,
1768 3749 1826 3801 et

151 3852 260 3891 non
293 3837 463 3893 sitiet
496 3837 723 3892 iterum
746 3835 930 3901 aliud,
955 3835 1066 3890 nisi
1089 3836 1242 3907 quod
1266 3834 1515 3891 satiatus
1536 3835 1828 3890 incessan-

151 3928 235 3978 ter
261 3930 322 3981 et
354 3924 732 3982 mternaliter
773 3923 1003 3980 biberit.
1035 3923 1098 3980 Si
1145 3931 1327 3979 autem
1365 3941 1452 3979 me
1483 3939 1594 3979 non
1631 3923 1826 3979 audie-

147 4015 289 4084 ritis,
323 4019 384 4072 et
417 4016 499 4072 ad
546 4013 920 4070 iracundiam
969 4029 1061 4068 me
1112 4013 1580 4086 provocaveritis,
1610 4012 1828 4085 gladius

151 4101 432 4162 devorabit
476 4121 606 4160 vos.
641 4103 760 4158 Hoc
805 4101 1002 4175 gladio
1051 4101 1429 4158 abscidentur
1474 4119 1508 4158 a
1554 4101 1829 4158 societate

142 4191 450 4263 justorum
467 4193 823 4267 quicunque
841 4191 1133 4247 audierint
1147 4208 1250 4263 pro
1266 4189 1570 4246 sterilitate
1587 4207 1827 4264 operum

151 4281 448 4340 bonorum
469 4287 535 4339 et
560 4279 946 4338 retributione
962 4283 1333 4352 peccatorum
1355 4297 1368 4336 :
1386 4279 1652 4336 Discedite
1669 4297 1704 4336 a
1723 4297 1826 4350 me,

146 4371 456 4441 maledicti,
484 4373 556 4428 in
591 4372 776 4443 ignem
809 4378 1090 4436 teternum,
1118 4371 1214 4441 qui
1236 4376 1464 4442 paratus
1499 4377 1578 4426 est
1616 4369 1830 4427 diabolo

148 4466 197 4514 et
222 4462 449 4533 angelis
479 4463 612 4534 ejus
643 4458 847 4533 (Matth.
871 4475 999 4526 xxv,
1034 4459 1142 4527 11).
1163 4459 1285 4524 Quo
1317 4457 1508 4530 gladio
1547 4458 1832 4531 separatis

147 4549 321 4610 malis
353 4551 432 4608 de
467 4549 680 4606 medio
701 4549 1022 4620 justorum,
1053 4547 1447 4619 perducentur
1465 4547 1616 4619 justi
1642 4549 1713 4605 ad
1747 4565 1834 4604 so-

1932 3388 2236 3457 libertatis,
2270 3406 2448 3460 quam
2497 3390 2761 3446 debitum
2810 3392 3128 3451 servitutis.
3160 3417 3189 3446 »
3218 3397 3288 3452 Et
3337 3404 3575 3456 sanctus

1930 3477 2296 3551 Augustinus
2325 3477 2384 3532 in
2430 3477 2579 3534 libro
2607 3479 2679 3535 de
2709 3480 3082 3553 Correptione
3109 3488 3168 3539 et
3197 3484 3396 3543 Gratia
3424 3486 3572 3560 (cap.

1934 3568 2030 3636 16;
2070 3567 2136 3622 de
2189 3566 2346 3623 Civit.
2378 3568 2496 3635 Dei,
2546 3567 2648 3623 lib.
2678 3586 2770 3638 xx,
2805 3585 2930 3642 cap.
2964 3571 3039 3644 6).
3064 3572 3205 3639 Quis
3253 3574 3442 3648 magis
3489 3577 3575 3632 di-

1932 3655 2073 3711 lexit
2102 3655 2387 3724 inﬁrmos,
2412 3673 2589 3728 quam
2616 3656 2712 3712 ille
2733 3659 2833 3730 qui
2856 3675 2960 3732 pro
2981 3661 3257 3717 omnibus
3277 3669 3367 3719 est
3386 3664 3576 3722 factus

1933 3744 2224 3811 inﬁrmus,
2250 3749 2307 3800 et
2337 3761 2440 3817 pro
2463 3745 2740 3802 omnibus
2769 3753 3040 3804 mortuus
3061 3753 3172 3816 est,
3198 3755 3263 3806 ut
3287 3756 3345 3808 et
3376 3753 3476 3824 qui
3499 3751 3578 3808 vi-

1933 3838 2078 3888 vunt
2098 3834 2226 3904 jam
2256 3851 2371 3889 non
2403 3832 2514 3889 sibi
2533 3834 2748 3902 vivant,
2775 3835 2875 3891 sed
2906 3835 2954 3891 ei
2989 3837 3089 3909 qui
3119 3855 3222 3910 pro
3253 3838 3400 3912 ipsis
3431 3858 3579 3897 mor-

1935 3927 2074 3978 tuus
2095 3927 2202 3988 est,
2221 3927 2278 3976 et
2299 3923 2651 3978 resurrexit?
2672 3922 2887 3979 Omnes
2909 3924 3106 3997 itaque
3125 3927 3341 3983 mortui
3359 3933 3498 3984 sunt
3518 3929 3578 3986 in

1936 4011 2456 4085 peccatis,nemine
2492 4028 2731 4084 prorsus
2764 4015 3154 4084 excepto,sive
3171 4015 3577 4088 originalibus,

1937 4100 2056 4158 sive
2077 4099 2250 4157 etiam
2276 4100 2569 4156 voluntate
2591 4101 2920 4173 additis,vel
2943 4102 3378 4176 ignorando,vel
3401 4107 3581 4164 scien-

1935 4191 2030 4258 do,
2051 4207 2155 4246 nec
2181 4189 2443 4245 faciendo
2460 4190 2614 4262 quod
2629 4191 2860 4261 justum
2881 4197 3000 4248 est:
3021 4197 3078 4248 et
3099 4195 3252 4252 392
3274 4211 3378 4267 pro
3399 4196 3584 4252 omni-

1916 4279 2050 4336 'bus
2083 4278 2332 4336 mortuis
2353 4278 2518 4334 vivus
2545 4283 2812 4334 mortuus
2839 4284 2928 4336 est
2955 4298 3132 4347 unus,
3153 4281 3211 4338 id
3233 4287 3322 4340 est
3349 4283 3580 4340 nullum

1938 4369 2160 4426 habens
2189 4368 2426 4424 omnino
2457 4373 2782 4439 peccatum,
2815 4375 2880 4424 ut
2910 4370 3010 4442 qui
3051 4388 3154 4444 per
3178 4371 3583 4430 remissionem

1939 4461 2308 4531 peccatorum
2341 4455 2560 4524 vivunt,
2578 4458 2704 4528 jam
2737 4475 2850 4513 non
2883 4458 2991 4514 sibi
3022 4459 3236 4530 vivant,
3269 4463 3369 4518 sed
3400 4462 3452 4518 ei
3483 4461 3586 4536 qui

1938 4565 2042 4621 pro
2073 4546 2348 4602 omnibus
2398 4550 2666 4602 mortuus
2695 4551 2784 4602 est
2812 4551 3051 4620 propter
3095 4553 3332 4622 peccata
3361 4556 3583 4620 nostra,

148 4637 425 4697 cietatem
460 4643 527 4697 et
559 4636 851 4712 gaudium
882 4635 1244 4710 angelorum,
1269 4635 1368 4692 ubi
1401 4635 1832 4694 misericordias
1861 4649 1910 4717 Β
1938 4641 1997 4694 et
2026 4634 2340 4692 resurrexit
2369 4638 2604 4706 propter
2625 4635 3108 4707 justiﬁcationem
3141 4643 3424 4695 nostram.
3449 4662 3478 4689 »

145 4725 385 4786 Domini
409 4729 477 4786 in
498 4733 797 4785 aeternum
817 4725 1140 4781 cantabunt
1159 4742 1172 4782 :
1193 4725 1363 4797 cujus
1377 4724 1566 4798 gratia
1584 4724 1643 4781 in
1666 4725 1833 4783 illum

147 4819 411 4887 credere,
441 4833 600 4876 eum
630 4815 823 4888 sequi,
845 4817 902 4870 et
937 4831 1066 4888 qua)
1101 4815 1364 4886 jusserat
1401 4821 1836 4887 perseveranter

147 4908 379 4980 operari
434 4909 848 4966 meruerunt:
883 4921 1060 4976 quem
1107 4904 1394 4960 credendo
1443 4903 1630 4977 sequi,
1671 4909 1728 4961 et
1771 4905 1834 4962 in

149 5012 262 5068 quo
296 4999 460 5056 891
504 5010 862 5070 permanere
892 4994 1007 5050 ﬁde
1052 4996 1212 5050 recta
1254 4997 1312 5049 et
1360 4993 1531 5050 bonis
1561 4995 1835 5067 operibus

151 5083 316 5160 impii
369 5087 907 5157 contempserunt;
960 5083 1061 5156 qui
1129 5083 1455 5138 secundum
1509 5083 1834 5140 doctrinam

149 5176 588 5248 apostolorum
638 5173 789 5230 Petri
821 5177 877 5230 et
906 5171 1069 5229 Pauli
1119 5176 1295 5246 atque
1323 5171 1568 5228 Joannis
1590 5189 1606 5228 :
1631 5173 1694 5228 In
1739 5173 1838 5230 hoc

148 5269 422 5339 apparuit
450 5265 650 5321 Filius
679 5264 810 5332 Dei,‘
827 5270 890 5319 ut
921 5262 1180 5318 dissolvat
1217 5262 1380 5335 opera
1407 5261 1633 5330 diaboli,
1668 5263 1838 5334 cujus

150 5354 542 5429 suggestioni
567 5352 948 5409 consentiens
967 5351 1194 5424 primus
1211 5351 1384 5408 homo
1403 5351 1840 5424 perierat.Unde

149 5441 343 5516 ipsius
377 5441 669 5500 hominis
699 5445 996 5510 naturam,
1031 5458 1146 5497 non
1177 5440 1433 5512 culpam,
1466 5439 1840 5516 idem‘Filius

150 5511 273 5602 Dei,
309 5540 382 5591 ut
410 5532 720 5600 diximus,
743 5548 850 5604 pro
870 5529 1178 5586 hominum
1211 5511 1610 5602 redemptione
1631 5511 1730 5584 'est
1759 5529 1844 5585 di-

149 5627 372 5696 gnatus
427 5636 774 5690 assumere,
798 5619 898 5694 qui
929 5635 1136 5676 omnes
1184 5617 1451 5676 homines
1479 5616 1604 5674 vult
1649 5617 1840 5676 salvos

150 5711 299 5784 ﬁeri,
331 5717 396 5772 et
428 5709 754 5772 neminem
784 5707 910 5768 vult
937 5707 1147 5786 perire.

2013 4725 2082 4780 Et
2110 4722 2386 4797 quoniam
2425 4723 2920 4780 Praedestinatiani
2960 4725 3184 4782 noviter
3221 4727 3466 4784 reexorti
3497 4728 3585 4784 ni-

1941 4814 2127 4872 mium
2158 4814 2506 4888 profitentur
2543 4831 2820 4884 errorem,
2851 4815 2900 4870 si
2948 4833 3162 4888 passus
3211 4818 3485 4874 credatur
3530 4823 3588 4875 et

1943 4901 2451 4961 dicaturChristus
2468 4920 2570 4976 pro
2587 4903 3232 4975 omnibus,devocantes
3250 4906 3307 4960 in
3326 4905 3586 4963 medium

1943 4995 2015 5051 ad
2056 5011 2225 5050 suam
2271 4993 2740 5048 confirmandum
2790 4993 3160 5061 sententiam,
3194 4993 3406 5066 impios
3453 5000 3588 5051 ante

1941 5085 2277 5158 passionem
2316 5082 2702 5149 Dominicam,
2737 5083 2912 5138 etiam
2941 5082 3098 5138 etab
3147 5083 3335 5154 ipsius
3383 5085 3589 5141 mundi

1943 5172 2196 5240 exordio,
2222 5189 2325 5244 pro
2347 5171 2471 5228 suis
2503 5169 2822 5226 sceleribus
2853 5170 3062 5226 inferni
3093 5171 3282 5242 poenis
3311 5172 3592 5229 aeternali-

1946 5267 2033 5320 ter
2053 5262 2490 5328 condemnatos,
2507 5264 2565 5316 et
2584 5263 2716 5332 post
2735 5259 3100 5331 triumphum
3123 5260 3315 5317 crucis
3331 5260 3589 5334 viviﬁcaa,

1947 5351 2370 5408 Antichristum
2401 5365 2468 5404 ac
2497 5353 2732 5404 caeteros
2763 5347 3107 5420 perditionis
3138 5348 3310 5419 ﬁlios,
3336 5367 3440 5424 pro
3461 5351 3592 5425 qui-

1947 5442 2060 5497 bus
2091 5457 2206 5496 non
2231 5440 2438 5496 debeat
2461 5437 2613 5493 credi
2646 5454 2880 5508 passus,
2902 5437 3169 5510 quaedam
3191 5439 3262 5495 de
3285 5440 3597 5514 superiori-

1949 5530 2061 5586 bus
2073 5525 2655 5601 repetentcs,brevius
2671 5527 3072 5584 demonstrare
3081 5529 3597 5599 censuimus.Quia

1951 5637 2070 5676 una
2099 5619 2242 5674 ﬁdes
2273 5617 2594 5688 eademque
2617 5631 2753 5688 spes
2773 5613 2982 5673 salutis
3010 5618 3186 5674 fuerit
3216 5623 3352 5676 ante
3381 5619 3598 5692 passio-

1949 5726 2084 5770 nem
2116 5706 2368 5780 Domini,
2404 5711 2460 5767 ct
2486 5709 2620 5784 post
2655 5705 2991 5782 passionem
3028 5707 3188 5771 illius
3217 5708 3294 5770 sit
3321 5709 3598 5772 omnibus
