4018 6500
180 473 281 565 tsi

847 499 951 561 nn
993 472 1756 564 patEnn‘si‘rNA'rioivn
1797 483 2318 566 mssnmm‘o
2361 493 2823 567 posrnmoa.

3424 477 3545 570 45‘s

179 639 362 692 terram
389 631 617 686 bonam.
641 629 788 697 Quia
807 632 963 704 quod
987 649 1103 688 non
1127 633 1250 689 sine
1277 651 1522 692 maerore
1543 634 1777 704 dicitur,
1810 639 1865 704 Α
1897 636 2108 691 facient
2130 653 2315 710 usque
2331 637 2400 692 ad
2424 635 2570 692 illud
2591 641 2844 712 tempus,
2859 641 3093 711 quando
3115 640 3338 698 sedebit
3359 640 3542 698 Filius

179 721 324 780 multi
351 723 480 776 sunt
507 719 607 792 qui
635 720 707 775 ad
738 719 940 778 J'csum
961 721 1223 791 veniunt,
1247 722 1414 778 illum
1437 723 1784 781 verboteuus

176 812 497 876 canﬁtentes,
521 808 690 866 factis
715 813 914 866 autem
947 816 1249 884 negantes,
1275 817 1332 867 et
1352 813 1523 868 corde
1545 813 1790 868 redeunt

177 902 226 958 in
251 899 559 973 .Egyptum,
587 895 731 971 quin
777 900 972 972 potius
1003 907 1138 956 cum
1169 901 1352 957 Cedar
1379 901 1787 958 habitantibus

179 991 559 1046 conversantur
581 1003 594 1042 :
619 986 790 1062 pauci
815 1005 969 1057 vero,
993 989 1376 1062 pereuntibus
1405 989 1700 1064 plurimis,
1726 989 1787 1044 iri

173 1074 360 1134 diluvio
374 1075 752 1148 iniquitatum
769 1076 1092 1134 multarum
1107 1077 1264 1136 intra
1279 1095 1472 1134 arcam
1487 1096 1632 1136 vera:
1653 1075 1787 1134 ﬁdei

173 1170 574 1225 conservantur.
607 1166 772 1222 Sicut
801 1167 942 1224 Abel
967 1169 1190 1241 justus,
1225 1169 1324 1242 qui
1357 1169 1646 1242 sapientia
1674 1168 1787 1225 sub

170 1256 275 1330 lege
302 1259 511 1312 naturae
542 1271 578 1310 a
606 1253 860 1328 peccatis
891 1256 1200 1326 abstinuit,
1227 1255 1391 1330 regni
1421 1256 1675 1314 caelestis
1706 1257 1790 1312 i'n-

169 1345 380 1400 troitum
409 1360 510 1416 per
527 1359 663 1400 eum
685 1343 798 1400 sibi
828 1345 1172 1424 praestolans
1198 1345 1428 1418 aperiri,
1449 1362 1621 1419 quem
1643 1347 1786 1401 dum

167 1431 217 1489 in
243 1448 380 1506 agno
425 1431 676 1500 olferret,
710 1432 847 1489 ﬁdei
887 1433 1074 1490 oculis
1122 1438 1317 1490 mente
1369 1435 1784 1508 conspiciebat;

165 1521 324 1578 Adam
343 1524 398 1576 et
414 1520 530 1576 Eva
549 1525 857 1592 peccatum
878 1537 982 1594 per
1003 1523 1407 1596 paenitentiam
1431 1523 1785 1580 deleverunt.

165 1609 298 1666 sicut
321 1609 378 1664 S.
408 1609 777 1682 Augustinus
808 1609 881 1666 ad
926 1610 1328 1667 Marcellinum
1368 1611 1428 1666 in
1465 1610 1615 1667 libro
1646 1628 1686 1667 ιι
1717 1612 1788 1668 de

165 1697 433 1772 Baptismo
451 1697 831 1770 parvulorum
851 1702 992 1772 (cap.
1015 1699 1105 1772 34)
1133 1700 1525 1768 demonstrat,
1549 1699 1784 1758 dicens:

161 1810 185 1838 ι(
202 1787 350 1846 Sicut
365 1801 498 1860 ergo
516 1785 608 1842 illi
627 1787 801 1862 primi
823 1786 1091 1845 homines
1113 1792 1310 1862 postea
1325 1789 1488 1862 juste
1503 1789 1746 1846 vivendo
1767 1805 1785 1846 :

163 1876 296 1932 unde
325 1875 530 1932 merito
563 1876 883 1936 creduntur
921 1889 1025 1954 per
1061 1877 1294 1934 Domini
1331 1877 1682 1952 sanguinem
1714 1871 1789 1933 ab

160 1969 390 2021 extremo
431 1962 725 2039 supplicio
766 1963 1020 2035 liberati,
1053 1984 1169 2024 non
1199 1971 1398 2022 tamen
1437 1966 1496 2022 in
1543 1964 1644 2022 illa
1671 1965 1790 2023 vita

160 2057 476 2110 meruerunt
505 2054 581 2110 ad
612 2055 953 2127 paradisum
978 2055 1287 2112 revocari.»
1313 2055 1384 2112 Et
1409 2055 1792 2112 Cassiodorus

161 2141 210 2198 in
231 2141 446 2216 psalmo
465 2143 789 2201 centesimo
819 2145 1076 2201 secundo
1094 2144 1264 2218 (Psal.
1284 2161 1380 2214 cn,
1408 2144 1493 2217 17)
1513 2161 1562 2198 ;‹‹
1587 2143 1793 2200 Miseri-

158 2231 318 2286 cordia
344 2239 527 2288 autem
567 2232 793 2288 Domini
815 2249 852 2288 α
879 2233 1076 2290 saeculo
1098 2239 1150 2290 et
1178 2250 1350 2306 usque
1398 2235 1460 2290 in
1504 2233 1788 2296 saeculum,

157 2317 317 2388 Unde,
337 2319 556 2395 inquit,
583 2319 730 2377 mihi
752 2321 982 2379 videtur
1010 2321 1105 2378 hic
1135 2322 1544 2378 convenienter
1569 2315 1790 2377 adverti

153 2412 201 2463 et
220 2408 416 2482 Adam,
447 2409 608 2466 sicut
637 2408 810 2466 multi
844 2409 1082 2467 Patrum
1113 2411 1406 2480 dixerunt,
1439 2412 1512 2468 ad
1555 2409 1789 2468 Domini

150 2495 376 2571 gratiam
406 2498 599 2556 fuisse
638 2503 994 2566 revocatum,
1025 2499 1263 2572 quando
1300 2499 1426 2573 ipse
1469 2499 1700 2575 primus
1728 2497 1789 2555 in

153 2585 340 2643 seculo
386 2586 520 2643 fuit.
560 2585 747 2644 Sicuti
795 2587 971 2646 etiam
1019 2589 1181 2656 Abel,
1213 2589 1354 2655 Noe,
1385 2588 1704 2656 Abraham,
1735 2591 1794 2645 et

153 2675 320 2732 ceteri
339 2675 674 2751 Patres,qui
696 2681 898 2734 tamen
927 2677 988 2734 in
1017 2678 1232 2736 saeculo
1253 2679 1412 2736 sed'a
1434 2678 1644 2736 sazculo
1675 2695 1790 2735 non

154 2763 390 2821 fuerunt.
423 2765 572 2823 Cain
604 2783 741 2824 vero
781 2766 1122 2825 inﬁdelitate
1152 2771 1209 2824 et
1245 2767 1552 2840 iniquitate
1583 2785 1691 2824 sua
1719 2767 1792 2824 ab

149 2849 240 2908 hac
263 2854 535 2924 Ecclesia,
573 2855 635 2912 in
666 2873 782 2930 qua
809 2856 1086 2913 omnibus
1140 2861 1231 2914 est
1274 2857 1436 2913 salus
1468 2857 1789 2930 proposita,

146 2943 368 3000 extorris
392 2949 451 3002 et
481 2943 742 3018 alienus,
766 2962 872 3002 nec
902 2963 1006 3020 per
1034 2946 1382 3020 sapientiam
1417 2963 1656 3019 peccare
1686 2947 1792 3002 ab-

149 3031 349 3102 stinuit,
375 3050 481 3090 nec
503 3049 616 3108 per
635 3035 1044 3109 pmnitenti'am
1071 3038 1376 3110 peccatum
1400 3033 1593 3092 delere
1612 3035 1793 3091 etiam

145 3118 461 3180 admonitus
494 3124 860 3197 procuravit.
884 3124 1006 3181 Sub
1036 3123 1162 3199 lege
1185 3123 1498 3180 Zacharias
1529 3128 1587 3181 et
1615 3123 1794 3180 Elizal

151 3206 292 3278 beth,
313 3211 383 3268 de
413 3213 642 3286 quibus
665 3213 954 3288 scriptum
984 3217 1110 3270 est:
1137 3214 1304 3270 Erant
1323 3214 1465 3288 justi
1493 3213 1650 3270 ambo
1670 3209 1796 3270 ante

142 3293 291 3356 Denm
319 3301 634 3360 incedentes
665 3303 727 3362 in
745 3303 1000 3360 omnibus
1019 3302 1296 3359 mandatis
1315 3311 1367 3360 et
1383 3303 1798 3376 justiﬁcationi-

146 3351 153 3352 ,
320 3351 631 3360 ,,-----,----
745 3351 923 3360 -,,-,-,-
938 3351 997 3359 π-
1315 3351 1364 3360 -
1383 3351 1772 3376 ,η---,-----,-.-,

146 3385 228 3442 bus
246 3391 462 3448 Domini
486 3393 620 3448 sine
643 3391 865 3466 querela
887 3409 901 3448 :
927 3397 980 3449 et
1002 3392 1223 3449 Simeon
1239 3393 1448 3465 justus,
1470 3394 1636 3466 quiet
1677 3394 1790 3465 ipse
1817 3351 1864 3441 d

141 3479 457 3550 exspectabat
511 3480 946 3556 redemptionem
999 3481 1170 3537 Israel
1216 3483 1366 3552 (Luc.
1399 3499 1439 3548 ι,
1471 3483 1548 3555 6),
1591 3481 1648 3537 id
1698 3484 1788 3537 est

143 3563 374 3624 salutare
403 3569 511 3626 Dei
542 3573 824 3644 paratum
851 3573 985 3626 ante
1016 3569 1225 3626 faciem
1257 3569 1522 3626 omnium
1549 3568 1788 3644 populo-

142 3659 455 3715 rum.Anna
475 3674 722 3732 quoque
748 3675 866 3714 non
899 3657 1238 3715 discedebat
1269 3659 1340 3715 de
1370 3657 1788 3732 templo,jeju-

142 3742 240 3800 niis
254 3750 310 3802 et
328 3747 710 3804 orationibus
730 3748 988 3805 serviens
1005 3747 1253 3806 Domino
1277 3753 1444 3804 nocte
1465 3765 1532 3804 ac
1553 3747 1666 3817 die,
1687 3765 1790 3822 per

140 3833 472 3906 sapientiam
507 3856 544 3895 ιι
575 3836 836 3912 peccatis
864 3837 1299 3894 abstinuerunt.
1333 3835 1513 3893 David
1545 3854 1648 3911 per
1675 3853 1790 3909 pa:-

139 3920 424 3982 nitentiam
455 3931 710 4000 peccata
743 3923 974 3996 delevit,
1005 3929 1358 4000 exspectans
1387 3943 1567 4000 super
1596 3925 1786 3981 nivem

141 4008 378 4070 dealbar'i
426 4032 539 4090 per
591 4015 992 4089 aspersionem
1025 4011 1241 4072 Christi
1299 4013 1627 4088 sanguinis,
1659 4031 1786 4088 quae

136 4096 392 4177 byssopo,
417 4105 480 4160 id
523 4107 624 4162 est
669 4103 1014 4160 humilitate
1061 4103 1482 4160 incarnationis
1529 4105 1660 4176 ejus
1709 4103 1787 4159 si-

139 4193 353 4258 gnatur.
405 4191 555 4249 Saul
608 4191 990 4266 impmni‘tens
1045 4209 1151 4249 nec
1206 4190 1480 4266 lacrymis
1539 4191 1788 4247 Samue-

137 4271 202 4330 lis
245 4279 393 4338 ωδ
441 4280 768 4338 abluitur:
811 4279 922 4356 qui
968 4298 1074 4355 pro
1131 4283 1346 4356 magno
1401 4280 1609 4337 merito
1669 4297 1786 4336 sua:

139 4367 516 4426 exauditionis
532 4387 677 4427 cum
695 4367 892 4445 Moyse
908 4369 1078 4443 quasi
1095 4369 1472 4443 singulariter
1491 4387 1526 4426 a
1540 4369 1788 4426 Domino

138 4449 188 4508 in
215 4457 555 4532 exemplum
577 4457 932 4516 ostenditur.
961 4459 1072 4516 Sed
1093 4461 1227 4532 post
1255 4457 1442 4514 multa
1465 4475 1592 4530 qua;
1614 4475 1648 4514 a
1671 4457 1788 4514 Deo

138 4551 478 4620 perceperat,
515 4547 681 4605 sicut
709 4549 820 4622 per
840 4546 1269 4622 ventriloquam
1299 4547 1583 4616 audierat,
1607 4551 1787 4624 quam

135 4628 186 4688 in
214 4635 492 4710 angustia
533 4655 652 4696 sua
689 4636 1006 4694 Dominum
1045 4636 1345 4712 negligens
1375 4637 1610 4710 expetit,
1635 4635 1788 4692 indi;

1895 724 2153 781 hominis
2185 725 2242 780 in
2265 727 2401 782 sede
2435 727 2762 799 majestatis
2792 745 2930 796 suas,
2955 732 3012 782 et
3032 731 3544 802 congregabuntur

1896 817 2029 870 ante
2059 830 2194 870 eum
2233 831 2438 871 omnes
2476 820 2700 889 gentes,
2737 821 2794 871 et
2843 817 3310 890 segregabuntur
3339 817 3478 876 mali
3509 837 3544 874 a

1897 900 2088 969 bonis,
2120 902 2273 958 sicut
2301 909 2568 978 segregat
2598 908 2798 976 pastor
2827 921 2962 960 oves
2992 905 3063 961 ab
3095 903 3298 976 haedis,
3333 910 3390 962 et
3419 895 3545 963 sta;

1894 992 2020 1046 luet
2056 1001 2190 1046 oves
2219 989 2456 1064 quidem
2510 1009 2545 1048 a
2592 993 2833 1062 dextris,
2865 993 3064 1050 hmdos
3115 997 3310 1052 autem
3341 1012 3375 1050 a
3403 995 3545 1050 sini-

1895 1078 2057 1147 stris,
2089 1083 2146 1136 et
2174 1081 2375 1136 reddet
2405 1076 2724 1158 unicuique
2765 1082 3092 1138 secundum
3124 1099 3300 1156 opera
3327 1101 3454 1138 sua.
3483 1106 3511 1132 »

1966 1167 2097 1224 Haec
2114 1184 2347 1244 quoque
2367 1173 2572 1225 sancta
2591 1169 2847 1227 Ecclesia
2867 1169 3072 1227 habuit
3095 1188 3328 1246 semper
3351 1169 3408 1226 in
3433 1171 3547 1226 ﬁde

1896 1255 2104 1312 salutis
2153 1274 2290 1326 una,
2323 1274 2426 1331 pro
2464 1262 2798 1332 temporum
2847 1260 3126 1317 varietate
3176 1263 3549 1318 sacramenta

1897 1345 2477 1418 disparia.Videli'cet
2509 1347 2646 1420 quia
2675 1365 2710 1404 a
2739 1348 2946 1404 mundi
2992 1349 3227 1405 exordio
3257 1365 3445 1421 usque
3475 1347 3548 1405 ad

1896 1437 2163 1507 tempora
2193 1435 2340 1492 datae
2384 1435 2870 1504 circumcisionis,
2903 1436 2991 1493 vel
3031 1436 3356 1493 hostiarum
3389 1437 3545 1493 obla-

1897 1521 2270 1590 tionibus,vel
2293 1528 2447 1580 certe
2469 1523 2592 1579 sola
2613 1523 2746 1580 ﬁdei
2770 1525 3001 1594 virtute,
3026 1542 3166 1582 suas
3191 1543 3549 1598 suorumque

1897 1611 2126 1667 animas
2174 1613 2419 1668 creatori
2469 1613 2970 1682 commendantes,
3023 1632 3058 1668 ιι
3114 1615 3288 1686 primi
3352 1619 3549 1670 reatus

1894 1699 2146 1756 vinculis
2175 1699 2474 1758 absolvere
2504 1702 2810 1757 curabant.
2844 1703 3008 1768 Quod
3047 1707 3104 1758 et
3141 1703 3212 1758 de
3249 1699 3381 1758 aliis
3411 1719 3551 1776 ege-

1897 1793 2035 1846 runt
2051 1789 2579 1862 gentibus,vigente
2596 1789 2656 1844 in
2679 1790 3048 1846 Hebraeorum
3073 1790 3287 1868 pepulo
3303 1789 3553 1846 circum-

1895 1877 2416 1946 cisione,videlicet
2445 1877 2580 1934 ﬁdei
2611 1878 2801 1952 signo.
2834 1879 2971 1934 Sine
3001 1880 3115 1936 ﬁde
3145 1878 3301 1936 enim
3333 1879 3551 1952 impos-

1897 1967 2067 2022 sibile
2097 1970 2186 2022 est
2214 1965 2444 2040 placere
2489 1967 2626 2038 Deo,
2654 1969 2713 2023 et
2741 1965 2893 2024 sicut
2940 1967 3086 2023 alias
3118 1967 3404 2042 scriptum
3433 1972 3544 2037 est,

1896 2056 2081 2112 Justus
2109 2072 2180 2111 ea:
2205 2055 2312 2128 ﬁde
2339 2056 2492 2114 vivit.
2525 2056 2661 2112 Post
2689 2057 2889 2114 datam
2919 2063 3118 2112 autem
3149 2055 3547 2112 circumcisio-

1899 2154 2055 2212 n‘em,
2087 2143 2241 2200 idem
2291 2144 2604 2202 salutiferae
2635 2144 2956 2202 curationis
3005 2143 3310 2212 auxilium,
3341 2145 3546 2200 eadem

1899 2232 2268 2289 circumcisio
2297 2232 2358 2288 in
2388 2232 2515 2307 lege
2545 2236 2748 2289 contra
2769 2231 3069 2307 originalis
3094 2233 3314 2308 peccati
3337 2233 3552 2290 vulnus

1901 2323 2126 2394 agebat,
2152 2322 2308 2396 quod
2331 2339 2486 2380 nunc
2506 2322 2838 2396 baptismus
2868 2340 3037 2396 agere
3067 2321 3328 2378 revelata:
3351 2322 3552 2396 gratia:

1899 2413 2160 2483 tempere
2209 2411 2559 2468 consuevit:
2602 2416 2839 2484 excepto
2881 2409 3037 2484 quod
3087 2411 3250 2485 regni
3298 2410 3550 2468 cmlestis

1891 2499 2141 2571 januam
2173 2501 2424 2556 necdum
2466 2499 2686 2556 intrare
2711 2503 3002 2573 poterant,
3025 2500 3206 2556 donec
3239 2499 3551 2556 adveniens

1898 2586 2368 2645 benedictionem
2390 2589 2556 2646 daret
2577 2589 2676 2664 qui
2706 2585 2894 2662 legem
2917 2589 3100 2658 dedit,
3127 2589 3191 2645 ut
3213 2587 3396 2646 videri
3426 2605 3556 2662 pos-

1901 2681 1990 2733 set
2017 2677 2173 2734 Deus
2200 2677 2439 2734 deorum
2474 2678 2534 2732 in
2564 2677 2724 2734 Sion.
2757 2679 3012 2733 Tantum
3045 2677 3106 2732 in
3138 2677 3273 2734 sinu
3305 2677 3552 2734 Abrahae

1899 2770 2034 2840 post
2062 2769 2311 2822 mortem
2340 2767 2511 2822 beata
2541 2766 2742 2838 requie
2771 2765 3074 2834 consolati,
3101 2783 3365 2840 supernae
3391 2766 3552 2840 pacis

1900 2855 2234 2928 ingressum
2283 2872 2386 2927 spe
2436 2854 2632 2911 felices
2661 2855 3095 2928 exspectabant.
3129 2855 3238 2911 Sed
3292 2859 3350 2911 et
3396 2855 3549 2910 sicut

1901 2948 2142 3000 sanctus
2173 2943 2389 3000 Paulus
2419 2943 2580 3013 dicit,
2603 2945 2792 3000 Patres
2837 2943 3016 3000 nostri
3053 2959 3238 3000 omnes
3287 2943 3550 3016 baptizati

1901 3039 2036 3090 sunt
2061 3034 2122 3088 in
2147 3032 2291 3089 nube
2318 3036 2372 3089 et
2401 3035 2461 3088 in
2498 3033 2647 3088 mari
2673 3031 2723 3103 (I
2743 3030 2863 3088 Cor.
2885 3049 2941 3101 x,
2962 3031 3044 3102 2).
3069 3031 3134 3088 In
3165 3031 3354 3088 forma
3383 3031 3546 3087 scili-’

1902 3127 1994 3178 cet
2015 3120 2227 3177 Christi
2259 3119 2651 3195 baptismatis,
2667 3121 2822 3193 quod
2854 3121 3006 3176 inter
3034 3121 3164 3194 ipsa
3192 3119 3396 3176 mundi
3428 3118 3545 3192 pri-

1903 3209 2152 3280 mordia,
2177 3210 2410 3284 quando
2457 3210 2700 3284 spiritus
2747 3208 2981 3266 Domini
3028 3209 3322 3266 ferebatur
3367 3226 3548 3282 supor

1902 3315 2106 3373 aquas,
2143 3303 2208 3354 ut
2238 3300 2366 3372 jam
2409 3298 2684 3356 virtutem
2729 3297 3209 3356 sanctiﬁCationis
3255 3314 3544 3372 aquarum

1896 3392 2109 3445 natura
2137 3387 2484 3460 conciperet,
2515 3388 2638 3445 sed‘
2661 3391 2720 3444 et
2763 3388 2824 3443 in
2870 3387 3000 3461 ipsa
3029 3373 3232 3444 diluvii
3263 3385 3544 3443 eﬁ‘usione

1895 3479 2127 3532 constat
2163 3493 2289 3532 esse
2331 3476 2653 3551 signatum.
2685 3476 2750 3533 In
2799 3493 2915 3550 quo
2959 3474 3334 3550 baptismate,
3367 3475 3545 3532 nubis

1893 3565 2162 3622 videlicet
2192 3566 2367 3639 atque
2403 3565 2605 3637 maris,
2624 3567 2902 3640 baptizati
2948 3583 3064 3622 non
3095 3581 3300 3622 omnes
3339 3564 3544 3621 salvati

1895 3657 2058 3722 sunt,
2090 3655 2228 3728 quia
2258 3669 2374 3710 non
2423 3671 2629 3711 omnes
2675 3646 2821 3711 illud
2871 3652 3214 3730 spiritaliter
3248 3652 3545 3710 intellexe-

1896 3745 2054 3812 runt,
2077 3742 2469 3811 crediderunt,
2501 3761 2567 3800 ac
2605 3743 2998 3810 servaverunt,
3033 3743 3186 3799 sicut
3231 3758 3336 3798 nec
3367 3742 3428 3796 in
3457 3741 3544 3796 di-

1894 3831 2050 3888 luvio
2082 3831 2286 3888 salvati
2315 3836 2474 3902 sunt,
2510 3831 2622 3887 nisi
2655 3849 2803 3904 quos
2834 3848 2969 3887 arca
2999 3835 3266 3887 sanctam
3296 3831 3544 3886 demon-

1897 3924 2092 3977 strans
2121 3919 2439 3976 Ecclesiam
2471 3919 2830 3976 continuisse
2851 3919 3234 3992 dignoscitur.
3255 3919 3339 3975 lta
3366 3921 3423 3974 et
3443 3917 3544 3990 qui

1897 4009 2270 4082 baptizantur
2298 4007 2513 4066 Christi
2560 4008 2914 4082 baptismate
2944 4007 3184 4082 quidam
3225 4005 3546 4076 salvantur",

1897 4098 2086 4172 gratia
2106 4098 2166 4154 in
2189 4097 2302 4154 fide
2325 4101 2482 4154 recta
2510 4102 2567 4153 et
2589 4097 2862 4170 operibus
2891 4096 3062 4154 bonis
3087 4088 3543 4171 perseverantes,

1896 4188 2139 4261 quidam
2167 4191 2363 4244 autem
2396 4191 2660 4261 pereunt,
2694 4177 2834 4260 quia
2869 4186 3012 4243 licet
3031 4203 3232 4243 verum
3263 4183 3340 4242 sit
3370 4185 3430 4241 in
3462 4184 3547 4240 eis

1896 4275 2208 4350 baptisma,
2234 4291 2350 4348 quo
2393 4274 2594 4330 omnia
2630 4291 2872 4347 prorsus
2903 4270 3059 4330 896
3087 4276 3324 4347 peccata
3351 4271 3548 4328 delen-

1897 4370 2016 4434 tur',
2044 4370 2244 4422 tamen
2274 4363 2335 4419 in
2365 4362 2606 4420 veritate
2642 4380 2760 4418 non
2799 4367 3164 4436 permanent,
3198 4363 3256 4417 et
3283 4359 3414 4418 ideo
3443 4377 3549 4434 pe-

1896 4457 2089 4523 reunt,
2111 4453 2264 4510 sicut
2287 4453 2498 4509 beatus
2527 4449 2731 4508 Petrus
2755 4451 3057 4525 apostolus
3077 4451 3440 4507 demonstrat
3469 4449 3552 4505 di-

1897 4541 2164 4600 cens:I'n
2192 4541 2382 4598 diebus
2427 4537 2556 4614 Noe,
2581 4557 2702 4596 cum
2751 4541 3118 4613 fabricaretur
3163 4555 3311 4609 arca,
3335 4541 3397 4595 in
3443 4555 3552 4612 qua

1891 4633 2078 4708 pauci,
2111 4631 2170 4688 id
2195 4639 2274 4688 est
2299 4635 2412 4688 octo
2443 4631 2664 4702 animae,
2695 4629 2862 4686 salva:
2887 4632 3044 4702 facta:
3061 4633 3190 4686 sunt
3201 4645 3302 4702 per
3327 4645 3548 4702 aquam,

135 4735 296 4810 gnam
315 4725 505 4783 vitam
529 4726 718 4800 digna
735 4730 923 4784 morte
947 4725 1150 4784 ﬁnivit.
1167 4725 1288 4782 Sub
1308 4723 1786 4804 gratia‘Jacobus'“,
1823 4726 1872 4810 θ
1902 4721 2044 4796 quod
2063 4727 2119 4777 et
2145 4737 2233 4778 vos
2259 4719 2649 4810 nuncgsirnilisi
2673 4720 2865 4810 forma:
2903 4719 3079 4810 salvos
3117 4717 3253 4790 facit
3289 4719 3554 4810 baptisina

133 4809 223 4882 qui
261 4815 611 4890 appellatus
641 4819 732 4874 est
749 4817 976 4895 justus,
1005 4815 1235 4890 primus
1267 4813 1794 4889 Hierosolymorum

135 4901 454 4978 episcopus,
481 4909 716 4980 quanto
746 4905 1032 4980 praeconio
1055 4903 1358 4962 attollatur
1377 4903 1478 4978 qui
1511 4898 1796 4978 sapientia

135 5003 357 5061 peccare
389 4993 676 5064 nescivit,
701 4993 909 5051 divinae
956 4992 1164 5050 litterae
1193 4997 1609 5068 protestantur.
1632 4993 1703 5048 Et
1731 4997 1797 5050 ιιι

136 5081 320 5151 magni
375 5083 543 5140 Petri
605 5082 839 5140 silentio
897 5081 1190 5158 lacrymas
1238 5082 1616 5150 honoremus,
1649 5097 1796 5154 quas

135 5169 386 5244 exemplo
416 5172 667 5229 utinam
706 5170 1112 5246 praedicamus,
1139 5171 1199 5226 in
1235 5187 1405 5227 cruce
1435 5171 1581 5227 latro
1613 5170 1796 5244 poeni-

135 5255 255 5327 tuit,
285 5261 612 5318 confessus
643 5264 731 5318 est
760 5265 818 5318 et
849 5279 885 5318 a
915 5260 1072 5317 fonte
1103 5259 1340 5335 pietatis
1371 5259 1799 5328 audivit,-Ilodie

135 5359 330 5404 mecum
359 5353 477 5409 eris
531 5353 598 5408 in
647 5350 909 5425 paradiso
939 5351 1092 5425 (Luc.
1122 5368 1282 5420 nux,
1307 5351 1434 5421 43):
1470 5350 1616 5406 alter
1660 5367 1794 5406 vero

135 5435 322 5494 eodem
353 5439 604 5514 flagello
641 5443 966 5514 correptus,
999 5439 1392 5513 eumdemque
1422 5440 1643 5496 fontem
1675 5438 1795 5514 pie-

137 5524 260 5582 tatis
288 5527 700 5604 conspiciens,
733 5531 792 5585 et
819 5532 1022 5604 potare
1051 5532 1451 5598 contemnens“,
1485 5544 1796 5602 personam

136 5615 379 5674 referens
411 5622 925 5691 contemptorum,
949 5615 1314 5690 nec'ﬂagello
1340 5615 1667 5692 corrigitur,
1693 5634 1798 5674 nec

138 5706 387 5780 exemplo
419 5707 815 5766 convertitur.
849 5707 980 5764 Haec
1029 5711 1234 5764 sancta
1281 5705 1539 5763 Ecclesia
1569 5721 1802 5780 semper

141 5803 314 5867 agnos
357 5795 604 5869 habuit,
643 5795 880 5872 quibus;
912 5811 976 5854 se
1024 5793 1398 5856 miscuerunt
1435 5795 1494 5852 et
1540 5792 1711 5867 haedi,
1744 5796 1802 5855 et

453 5924 748 5990 ΡΑτιιοι.
791 5922 1027 5990 CXXV.

1903 4811 1951 4882 (ι
1977 4812 2123 4866 Pctr.
2156 4827 2242 4881 Ill,
2263 4809 2376 4880 30).
2409 4807 2574 4865 Unde
2621 4809 2776 4864 Beda
2808 4825 2822 4866 :
2850 4830 2878 4859 «
2907 4808 3070 4876 Quod
3103 4824 3238 4881 ergo
3279 4823 3432 4880 aqua
3459 4805 3552 4861 di-

1903 4896 2044 4955 luvii
2076 4915 2191 4954 non
2223 4896 2466 4954 salvavit
2495 4900 2658 4953 extra
2687 4913 2882 4952 arcam
2921 4895 3162 4970 positos,
3186 4895 3288 4951 sed
3319 4892 3550 4960 occidit,

1903 4988 2030 5044 sine
2059 4986 2239 5044 dubio
2286 4983 2698 5060 praeﬁgurabat
2742 5002 2976 5042 omnem
3026 4982 3386 5051 haereticum,
3416 4981 3552 5038 licet

1905 5077 2217 5133 habentem
2243 5074 2616 5149 baptismatis
2647 5077 3104 5142 sacramentum,
3135 5090 3249 5128 non
3273 5070 3424 5141 aliis,
3449 5070 3551 5126 sed

1905 5165 2053 5242 ipsis
2106 5167 2273 5240 aquis
2323 5165 2394 5221 ad
2444 5164 2672 5220 inferna
2721 5164 3124 5238 mergendum,
3149 5161 3362 5234 quibus
3419 5176 3554 5216 arca

1907 5256 2246 5314 sublevatur
2273 5255 2346 5312 ad
2379 5254 2643 5312 cmlum.»
2670 5254 2740 5310 Et
2771 5252 3070 5326 quoniam,
3097 5251 3249 5307 sicut
3268 5249 3554 5306 Dominus

1905 5346 2080 5402 dicit:
2105 5345 2229 5402 Nisi
2257 5346 2379 5419 quis
2401 5351 2623 5401 renatus
2650 5344 2824 5416 fuerit
2850 5359 2920 5398 ex
2947 5357 3090 5415 aqua
3117 5347 3169 5396 et
3194 5339 3408 5414 Spiritu
3431 5356 3558 5398 san-

1905 5439 2007 5506 cto,
2035 5435 2144 5492 non
2185 5433 2414 5490 intrabit
2459 5434 2521 5488 in
2559 5447 2788 5504 regnum
2837 5429 3093 5486 cwlorum
3141 5423 3325 5499 (Joan.
3359 5445 3442 5497 ιιι,
3473 5429 3552 5499 5),

1906 5525 2076 5598 cuius
2106 5520 2512 5580 renascitionis
2541 5519 2828 5592 praeconia
2857 5518 3095 5575 fuerunt
3123 5515 3426 5592 superiora
3451 5517 3554 5574 ba-

1853 5639 1878 5659 s
1907 5612 2204 5686 ptismata,
2237 5611 2320 5668 ita
2350 5607 2734 5666 nihilominus
2764 5611 3156 5681 protestetur:
3179 5607 3303 5664 Nisi
3329 5605 3559 5663 mandu-

1905 5704 2161 5760 caveritis
2193 5715 2410 5758 carnem
2438 5699 2548 5774 ﬁlii
2577 5697 2838 5765 hominis,
2860 5705 2912 5754 et
2931 5697 3176 5756 biberitis
3194 5698 3312 5773 ejus
3336 5696 3558 5770 sangui-

1908 5801 2054 5866 nem,
2092 5807 2202 5852 non
2251 5788 2515 5848 habebitis
2543 5788 2713 5848 vitam
2760 5787 2822 5848 in
2860 5785 3011 5848 vobis
3041 5785 3217 5866 (Joan.
3246 5804 3324 5858 vr,
3355 5785 3469 5858 54),
3499 5775 3568 5844 δι’

3162 5915 3236 5978 15
