4018 6442
523 392 643 455 459
1458 385 1847 450 HINCMARI
1895 383 2346 448 RHEMENSIS
2389 381 3006 446 ARCHIEPISGOPI.
3255 445 3258 449 ,
3777 381 3874 444 ιω

523 525 685 590 item,
716 523 822 595 Ego
869 537 993 576 sum
1019 521 1182 593 panis
1229 521 1380 576 vivus
1412 522 1508 592 qui
1535 520 1599 575 de
1627 521 1756 576 ca'lo
1792 519 2042 576 descendi
2070 537 2088 573 :
2119 519 2171 573 si
2198 519 2252 585 Α
2283 535 2411 573 rum
2431 517 3088 589 estaecipiendicorpus
3104 513 3484 587 Domini,jam
3499 514 3590 571 hic
3606 515 3874 588 imaginem

523 615 646 686 quis
698 610 1108 667 manducauerit
1148 625 1218 665 ea:
1266 609 1365 665 hoc
1405 625 1566 681 pane,
1600 612 1740 666 vivet
1795 611 1854 665 in
1906 617 2168 665 veternum
2269 605 2481 676 judicii
2513 605 2771 662 ostendit
2801 603 2859 660 in
2897 621 2994 660 eos
3022 602 3122 676 qui
3144 603 3568 660 inconsiderate
3588 602 3878 676 corpusDo-

523 704 698 776 (Joan.
724 717 796 766 ι.ι,
822 701 936 767 52),
969 699 1141 770 cuius
1180 697 1633 771 praadicamenta
1676 698 1913 754 fuerunt
1941 697 2166 770 lignum
2280 693 2422 750 mini
2449 692 3242 766 acceperant,dumfebribus
3262 697 3320 750 et
3340 692 3760 750 inﬁrmitatibus
3777 709 3875 748 cor-

523 791 651 846 vitze
686 789 744 844 in
778 787 970 844 medio
1000 786 1255 860 paradisi
1288 786 1638 858 plantatum,
1661 787 1794 842 Adae
1824 803 2168 843 concessum
2281 780 2662 852 ripiebantur,
2686 786 2743 836 et
2773 779 2945 836 multi
2975 779 3432 837 moriebantur.»
3455 780 3705 837 Tandem
3734 779 3880 852 igitur

524 879 650 936 esui
672 882 809 933 ante
830 879 1152 945 peccatum,
1169 876 1404 947 quando
1426 875 1510 930 illi
1541 879 1631 948 est
1651 875 1898 944 dictum,
1922 877 1996 932 De
2022 876 2174 931 omni
2283 870 2396 925 Leo
2428 886 2579 942 papa
2607 868 2667 925 in
2690 869 2934 926 homilia
2961 867 3134 926 tertia
3159 869 3230 925 de
3255 867 3458 928 Natale
3487 868 3704 926 Domini
3732 869 3876 926 dicit:

527 968 676 1039 ligno
703 963 956 1036 paradisi
982 963 1239 1032 comedes,
1284 963 1349 1020 de
1377 965 1524 1036 ligno
1553 973 1734 1021 autem
1773 966 2019 1022 scientia?
2048 965 2176 1021 boni
2287 957 3010 1031 «Cesssntigiturillorum
3030 957 3274 1031 querela:
3291 957 3606 1031 qui,impio
3624 975 3879 1014 murmure

525 1063 578 1112 et
630 1053 770 1109 mali
822 1069 893 1110 ne
945 1051 1188 1109 comedas
1217 1051 1370 1122 (Gen.
1403 1070 1464 1120 ιι,
1501 1053 1586 1125 16)
1620 1070 1634 1110 :
1678 1057 1811 1126 post
1869 1057 2174 1128 peccatum
2284 1046 2498 1104 divinis
2529 1047 3066 1121 dispensationibus
3091 1046 3490 1120 obloquentes,
3515 1047 3584 1103 de
3613 1046 3879 1103 Dominice

529 1147 750 1208 autem,
783 1141 1012 1198 dicente
1065 1141 1338 1209 Domino,
1374 1141 1579 1197 Videte
1624 1159 1694 1198 ne
1719 1144 1859 1214 forte
1905 1150 2084 1198 sumat
2111 1141 2178 1198 de
2286 1136 2608 1194 nativitatis
2635 1136 2910 1193 tarditate
2952 1140 3289 1206 causentur,
3313 1139 3592 1209 tanquam
3622 1134 3882 1209 przctcritis

530 1232 680 1304 tigno
710 1231 834 1286 vitae
861 1237 913 1286 et
940 1231 1088 1286 vivat
1114 1231 1176 1285 in
1201 1237 1465 1286 aeternum
1495 1229 1646 1298 (Gen.
1677 1247 1759 1299 ιιι,
1790 1230 1908 1302 22),
1940 1235 2031 1288 est
2059 1248 2178 1286 om-
2285 1225 2650 1300 temporibus
2666 1242 2782 1281 non
2801 1225 2878 1283 sit
2896 1224 3230 1298 impensum
3247 1225 3403 1298 quod
3421 1225 3480 1282 in
3500 1223 3700 1282 ultima
3713 1223 3880 1281 mundi

531 1320 670 1376 nino
703 1317 1086 1392 prohibitum,
1109 1334 1298 1390 usque
1327 1317 1468 1373 dum
1497 1317 1718 1374 veniret
1737 1319 1834 1391 qui
1869 1319 2180 1392 praasigna-
2287 1318 2452 1371 astate
2480 1319 2570 1372 est
2597 1319 2851 1389 gestum.
2873 1314 3047 1372 Verbi
3086 1313 3244 1372 enim
3282 1313 3608 1371 incarnatio
3644 1313 3742 1370 hoc
3775 1330 3881 1370 con-

530 1414 626 1464 tus
657 1412 767 1475 est,
799 1410 855 1462 et
893 1407 964 1461 de
994 1422 1108 1478 quo
1157 1405 1332 1460 etiam
1364 1406 1584 1462 dictum
1635 1413 1742 1474 est,
1778 1407 2002 1480 lignum
2052 1407 2178 1463 vitae
2288 1403 2424 1460 tulit
2452 1403 2716 1460 facienda
2755 1404 2908 1476 quod
2954 1403 3122 1472 facta,
3155 1408 3212 1459 et
3242 1408 3670 1460 sacramentum
3715 1402 3883 1460 salutis

530 1503 621 1552 est
641 1494 1042 1564 his,Christus
1058 1493 1325 1549 videlicet
1347 1493 1444 1549 Dei
1463 1494 1650 1550 virtus
1671 1500 1728 1551 et
1747 1495 1844 1551 Dei
1870 1495 2177 1570 sapientia,
2287 1493 2557 1549 humana:
2579 1493 2636 1548 in
2660 1491 2822 1548 nulla
2843 1510 3102 1566 unquam
3125 1493 3475 1566 antiquitate
3496 1491 3883 1559 cessavit.0uod

531 1585 633 1658 qui
663 1583 1156 1657 apprehenderint
1195 1599 1346 1638 eam.
1372 1583 1439 1637 Et
1468 1583 1682 1638 iterum
1715 1585 1979 1657 ejusdem
2010 1585 2181 1658 panis
2289 1583 2748 1656 praedicaverunt
2769 1581 3036 1655 apostoli,
3063 1581 3172 1638 hoc
3200 1581 3693 1639 annuntiavcrunt
3711 1585 3762 1638 et
3781 1598 3884 1654 pro-

529 1674 643 1730 vivi
675 1679 732 1728 et
757 1671 956 1728 calicis
977 1671 1113 1728 vitis
1135 1688 1279 1726 vera:
1302 1671 1613 1744 signarunt
1632 1672 1944 1746 aenigmata
1965 1675 2180 1747 ﬁgura—
2290 1672 2475 1745 pheta:
2501 1689 2514 1728 :
2541 1689 2645 1729 nec
2667 1688 2795 1728 sero
2815 1676 2906 1728 est
2936 1671 3240 1745 impletum
3263 1672 3418 1745 quod
3450 1688 3681 1746 semper
3697 1675 3774 1728 est
3789 1687 3883 1726 cre-

531 1779 682 1824 rum.
707 1761 778 1817 de
807 1760 1024 1833 quibus
1055 1760 1192 1815 item
1225 1759 1440 1816 Paulus
1471 1759 1631 1828 dicit,
1654 1762 1719 1817 Et
1736 1779 1916 1819 omnes
1935 1762 2183 1820 eumdem
2290 1760 2500 1816 ditum.
2524 1760 2650 1815 Non
2683 1759 2880 1832 itaque
2909 1775 3055 1816 novo
3077 1757 3318 1816 consilio
3338 1759 3496 1816 Deus
3521 1761 3691 1817 rebus
3717 1757 3883 1816 huma-

527 1851 832 1924 spiritalem
887 1865 1064 1905 escam
1104 1848 1596 1912 munducaverunt.
1625 1857 1677 1906 et
1709 1867 1892 1908 omnes
1937 1853 2184 1910 eumdem
2209 1886 2258 1924 ι)
2292 1848 2384 1906 nis
2415 1865 2519 1904 nec
2549 1865 2680 1905 sera
2709 1847 3082 1904 miseratione
3111 1847 3425 1919 consuluit,
3452 1849 3555 1906 sed
3586 1865 3620 1905 a
3647 1847 3885 1905 constitu-

521 1948 714 2018 potum
741 1938 1049 2011 spiritalem
1079 1939 1371 1993 biberunt:
1389 1937 1482 1993 sed
1510 1955 1621 1995 non
1651 1941 1707 1995 in
1739 1940 1990 1998 omnibus
2020 1941 2182 1998 bene-
2209 1937 2259 1953 "
2288 1938 2444 1994 tione
2477 1937 2682 1993 mundi
2732 1954 2911 1993 unam
2953 1937 3337 2010 eamdemque
3367 1937 3646 1994 omnibus
3689 1951 3886 1994 causam

526 2029 797 2102 placitum
851 2028 964 2099 fuit
1016 2026 1242 2082 Domino
1290 2026 1338 2098 (Ι
1367 2028 1494 2082 Cor.
1525 2044 1582 2098 x,
1621 2028 1698 2096 3),
1731 2029 1885 2085 sicut
1941 2034 2182 2089 sanctus

529 2116 895 2189 Augustinus
925 2131 996 2170 ex
1023 2108 1216 2170 verbis
1251 2114 1438 2170 sancti
1470 2115 1760 2189 Evangelii
1793 2117 2176 2195 demonstrat,

531 2205 756 2270 dicens,
788 2205 997 2270 Patres,
1031 2201 1240 2274 inquit,
1261 2203 1425 2257 vestri
1463 2202 1930 2261 manducaverunt
1953 2223 2178 2274 manna,

528 2301 583 2350 et
608 2294 812 2350 mortui
829 2299 958 2348 sunt
977 2292 1160 2361 (Joan.
1187 2307 1265 2357 γι,
1289 2291 1398 2356 49).
1424 2290 1922 2349 Manducaverunt
1953 2295 2179 2368 Moyses

529 2389 587 2438 et
615 2383 806 2437 Aaron
851 2385 910 2436 et
957 2379 1146 2435 caeteri
1203 2378 1388 2434 sancti
1422 2378 1522 2450 qui
1555 2379 1790 2436 fuerunt
1845 2380 1904 2436 in
1963 2384 2179 2456 populo

531 2487 770 2537 manna,
790 2473 850 2526 et
880 2485 994 2524 non
1024 2472 1163 2524 sunt
1189 2467 1423 2535 mortui,
1447 2467 1587 2540 quia
1612 2469 1953 2541 spiritaliter
1979 2473 2178 2530 visibi-

529 2559 642 2616 lem
665 2558 863 2615 cibum
887 2555 1319 2623 intellexerunt,
1335 2555 1680 2628 spiritaliter
1698 2559 2048 2617 esurierunt.
2065 2561 2178 2618 Alii

530 2665 662 2704 vero
675 2647 1257 2714 manducaverunt,et
1269 2651 1718 2717 permanserunt
1732 2645 1792 2729 in
1811 2647 2177 2719 infidelitate,

530 2736 685 2792 sicut
712 2735 898 2793 Judaei
927 2725 1241 2791 audierunt
1279 2732 1613 2806 loquentem
1635 2725 1953 2808 Christum,
1977 2745 2034 2794 et
2061 2757 2178 2796 non

529 2823 870 2898 apiritaliter
894 2824 1069 2880 verba
1101 2823 1230 2894 ejus
1269 2821 1696 2879 intellexerunt.
1723 2825 1856 2881 Ideo
1894 2827 2040 2882 dixit
2069 2829 2176 2896 eis,

527 2914 718 2970 Patres
737 2913 902 2970 vestri
927 2911 1395 2968 manducaverunt
1421 2928 1626 2968 manna
1654 2913 1715 2968 in
1741 2912 1946 2972 deserto
1965 2924 2018 2972 et
2038 2934 2179 2974 mor-

527 3004 614 3058 tui
634 3009 780 3058 sunt.
805 3003 929 3068 Qua
949 3005 1135 3056 morte
1158 2999 1269 3055 nisi
1294 2998 1696 3056 inﬁdelitatis?
1718 3019 1853 3058 nam
1876 3006 2176 3062 communi

529 3096 714 3147 morte
745 3091 962 3148 mertui
995 3094 1136 3146 sunt
1163 3094 1220 3146 et
1248 3089 1434 3145 sancti
1465 3089 1568 3161 qui
1607 3091 1844 3147 fuerunt
1872 3092 2027 3150 inter
2054 3112 2175 3152 eos.

2287 2025 2496 2083 salutis
2526 2025 2803 2083 instituit.
2831 2049 2860 2077 ››

2359 2115 2507 2182 Quid
2537 2119 2732 2172 autem
2764 2113 2993 2171 cunctis
3029 2113 3380 2188 generaliter
3408 2116 3596 2188 justis
3627 2114 3888 2189 et'impiis,

2288 2221 2436 2278 quos
2458 2204 2625 2260 nobis
2647 2203 3143 2260 Praedestinatiani
3171 2204 3478 2277 objiciunt,
3499 2204 3563 2261 in
3594 2223 3697 2262 sua
3722 2204 3890 2277 impie-

2286 2298 2403 2349 tate
2431 2293 2727 2350 defunctis
2775 2293 3024 2350 contulit
3079 2293 3274 2367 passio
3323 2294 3742 2368 Redemptoris,
3769 2294 3892 2349 dicat

2288 2381 2522 2451 Paulus,
2547 2386 2604 2438 et
2627 2386 2877 2454 exponat
2918 2382 3264 2439 Ambrosius
3293 2383 3353 2439 in
3383 2389 3713 2442 commento
3742 2383 3891 2457 ipsius

2287 2469 2540 2542 epistolae
2573 2486 2588 2525 :
2617 2491 2644 2520 «
2673 2473 2793 2525 Hoc
2845 2469 3006 2536 dicit,
3039 2469 3178 2542 quia
3233 2470 3389 2527 sicut
3441 2471 3631 2528 Adam
3687 2486 3892 2544 peccans

2288 2563 2534 2614 mortem
2563 2557 2802 2628 invenit,
2826 2563 2884 2616 et
2910 2557 3098 2615 tenuit
3128 2563 3193 2615 ut
3221 2576 3424 2616 omnes
3456 2577 3525 2616 ex
3557 2561 3683 2634 ejus
3709 2558 3893 2632 origine

2287 2647 2682 2704 dissolvantur
2725 2647 2772 2721 (I
2800 2647 2920 2704 Cor.
2961 2665 3055 2714 xv,
3098 2651 3230 2718 22):
3265 2648 3348 2705 ita
3404 2653 3462 2705 et
3490 2648 3755 2706 Christus
3803 2664 3892 2703 non

2285 2753 2552 2809 peccans,
2577 2740 2635 2792 et
2666 2753 2768 2809 per
2805 2735 2913 2792 hoc
2942 2735 3180 2793 vincens
3221 2742 3468 2794 mortem
3493 2738 3660 2810 (quia
3685 2735 3778 2810 qui
3803 2752 3892 2792 non

2284 2830 2484 2898 peccat
2504 2825 2684 2880 vincit
2704 2829 2970 2896 mortem,
2995 2824 3136 2898 quia
3165 2841 3322 2882 mors
3343 2843 3412 2882 ex
3438 2830 3720 2900 peccato),
3741 2823 3892 2882 omni-

2285 2915 2396 2971 bus
2418 2930 2488 2970 ex
2515 2914 2644 2986 ejus
2679 2930 2918 2986 corpore
2955 2913 3267 2987 acquisivit
3303 2915 3506 2987 vitam,
3531 2915 3594 2972 id
3621 2921 3708 2974 est
3731 2931 3894 2971 resur-

2284 3003 2620 3060 rectionem.
2635 3001 2910 3070 Quamvis
2931 3018 3068 3076 ergo
3089 3003 3438 3076 generaliter
3457 3005 3727 3063 tribuerit
3744 3019 3897 3060 resur-

2285 3091 2621 3164 rectionem,
2641 3095 2707 3146 ut
2735 3089 2888 3147 sicut
2933 3091 2992 3146 in
3021 3091 3207 3148 Adam
3257 3109 3461 3150 omnes
3491 3094 3616 3151 sive
3636 3093 3776 3166 justi
3801 3090 3895 3148 sive

533 3180 608 3236 De
640 3179 796 3236 Novo
843 3185 1038 3236 autem
1068 3179 1464 3245 Testamento,
1497 3195 1566 3234 ex
1613 3196 1763 3252 pane
1805 3182 2010 3254 utique
2046 3183 2175 3239 vitae
2222 3253 2233 3254 ί
2283 3179 2489 3253 injusti
2521 3178 2974 3246 moriuntur,ita
3004 3183 3062 3236 et
3090 3179 3149 3236 in
3171 3179 3400 3238 Christo
3423 3198 3634 3240 omnes
3661 3188 3772 3240 tam
3797 3196 3893 3237 cre-

529 3272 755 3323 aaternaa
785 3273 844 3324 et
871 3267 1048 3324 calice
1078 3266 1288 3322 salutis
1318 3272 1631 3338 perpetuas,
1655 3253 2172 3343 ostenditiPaulus,
2203 3253 2249 3324 α
2286 3271 2489 3326 dentes
2509 3285 2688 3342 quam
2707 3269 3037 3348 difﬁdentes
3057 3275 3390 3344 resurgant,
3407 3270 3546 3327 licet
3567 3273 3638 3328 ad
3661 3284 3894 3346 pernam:

528 3359 586 3411 et
627 3356 864 3428 exponit
905 3354 1252 3411 Ambrosius
1297 3356 1368 3410 de
1416 3354 1676 3427 Epistola
1724 3357 1798 3412 ad
1847 3359 2177 3419 Corinthios

528 3443 762 3512 dicens,
815 3446 1142 3518 Quicunque
1195 3443 1367 3499 ederit
1409 3460 1608 3514 panem
1660 3446 1825 3514 hunc,
1875 3455 1927 3503 et
1983 3449 2180 3507 biberit

527 3533 756 3588 calicem
782 3533 1004 3589 Domini
1033 3533 1286 3606 indigne,
1311 3547 1436 3588 reus
1474 3535 1581 3588 erit
1613 3538 1852 3606 corporis
1881 3544 1930 3592 et
1957 3541 2179 3610 sangui-

525 3623 618 3677 nis
645 3621 868 3680 Domini
893 3622 942 3693 (1
967 3622 1096 3678 Cor.
1121 3639 1184 3689 ιι,
1203 3623 1316 3688 27).
1345 3621 1631 3686 Quoniam
1662 3623 1925 3679 futurum
1957 3631 2066 3695 est,
2093 3627 2178 3683 in-

527 3709 656 3782 quit
683 3710 1049 3778 Ambrosius,
1067 3708 1383 3783 judicium,
1410 3714 1474 3765 ut
1493 3713 1990 3782 quemadmodum
2021 3732 2176 3772 acce-

525 3799 612 3855 dit
634 3799 1065 3873 unusquisque,
1088 3799 1292 3854 reddat
1309 3815 1518 3854 causas
1541 3798 1599 3853 in
1624 3799 1716 3856 die
1737 3800 1969 3857 Domini
1991 3805 2176 3860 nostri

523 3885 664 3944 Jesu
687 3887 924 3958 Christi,
948 3887 1088 3961 quia
1115 3888 1244 3944 sine
1265 3886 1578 3958 disciplina
1605 3887 1940 3946 traditionia
1961 3896 2017 3948 et
2046 3909 2178 3948 con-

520 3977 870 4034 versationis
899 3977 1002 4052 qui
1031 3977 1338 4042 accedunt,
1363 3976 1444 4030 rei
1484 3981 1626 4031 sunt
1665 3979 1924 4050 corporis
1953 3986 2011 4036 et
2039 3998 2174 4038 san-

521 4065 718 4137 guinis
749 4065 1002 4131 Domini.
1036 4066 1185 4132 Quid
1216 4068 1306 4120 est
1336 4070 1532 4120 autem
1563 4083 1692 4121 reos
1722 4084 1870 4138 esse,
1905 4069 2018 4125 nisi
2050 4088 2167 4144 pm-

522 4169 630 4208 nas
659 4154 798 4209 dare
830 4154 1036 4211 mortis
1066 4151 1344 4210 Domini?
1374 4152 1614 4210 Occisus
1643 4159 1734 4210 est
1761 4157 1915 4214 enim
1947 4175 2050 4230 pro
2080 4159 2175 4217 his

521 4240 622 4313 qui
653 4241 1000 4298 beneficium
1031 4242 1161 4313 ejus
1204 4241 1265 4298 in
1309 4241 1540 4296 irritum
1572 4242 1816 4300 ducunt.
1848 4247 2043 4304 Probet
2068 4266 2174 4305 au-

518 4345 638 4385 vem
665 4331 908 4402 seipsum
937 4330 1115 4401 homo,
1145 4339 1197 4388 et
1231 4331 1313 4385 sic
1339 4329 1406 4385 de
1430 4346 1576 4402 pane
1619 4333 1718 4386 illo
1764 4334 1888 4390 edat
1915 4345 1967 4392 et
1991 4336 2056 4394 de
2082 4354 2172 4394 ca-

519 4417 623 4472 lice
652 4419 803 4474 bibat
829 4436 848 4473 :
881 4421 979 4491 qui
1003 4421 1153 4474 enim
1181 4417 1477 4474 manducet
1503 4427 1555 4475 et
1593 4420 1734 4476 bibit
1761 4423 2002 4494 indigne,
2024 4427 2174 4498 judi-

515 4507 666 4562 cium
693 4507 843 4564 897
878 4509 990 4564 sibi
1034 4507 1329 4564 manducet
1373 4516 1425 4563 et
1480 4508 1634 4578 bibit,
1682 4527 1792 4567 non
1836 4513 2170 4586 discernens,

2286 3358 2568 3414 increduli
2593 3361 2787 3414 tamen
2808 3357 3085 3414 viviﬁcari
3105 3359 3546 3433 videntur,quia
3567 3378 3797 3437 corpora
3814 3374 3898 3414 sua

2286 3448 2567 3522 recipient
2587 3449 2715 3520 jam
2747 3465 2862 3502 non
2893 3447 3181 3518 morituri,
3209 3449 3310 3505 sed
3342 3451 3581 3522 passuri
3613 3465 3826 3524 poenam
3853 3447 3898 3501 in

2285 3537 2370 3592 eis
2399 3535 2526 3592 sine
2556 3537 2694 3606 ﬁne,
2714 3537 2870 3608 quod
2910 3537 3142 3593 credere
3181 3535 3514 3596 noluerunt.
3545 3563 3574 3590 ››
3598 3541 3670 3596 Ει
3704 3539 3828 3595 item
3855 3537 3899 3589 in

2285 3623 2545 3697 Epistola
2571 3625 2643 3680 ad
2674 3623 3022 3693 Corinthios,
3047 3648 3074 3676 ‹‹
3103 3625 3244 3698 quia
3279 3629 3608 3696 resurrexit,
3643 3625 3900 3701 inquiens,

2285 3716 2444 3770 tertia
2489 3714 2579 3769 die
2607 3714 2656 3785 (1
2674 3714 2795 3770 Cor.
2820 3731 2910 3783 xv,
2936 3715 3011 3783 4).
3036 3713 3110 3781 In,
3130 3713 3356 3772 Christo
3389 3715 3549 3773 enim
3599 3734 3794 3775 omnes
3835 3730 3903 3770 re-

2285 3801 2624 3875 surrexisse,
2649 3803 2802 3859 sicut
2827 3802 2887 3858 in
2911 3803 3094 3859 Adam
3125 3808 3388 3862 mortuos
3418 3821 3574 3875 esse,
3598 3823 3764 3864 nemo
3790 3803 3904 3860 ﬁde-

2284 3891 2430 3948 lium
2480 3892 2805 3965 denegat.»
2836 3892 2906 3948 Et
2934 3891 3075 3948 item
3111 3908 3178 3948 :«
3216 3894 3324 3950 Per
3369 3893 3652 3952 hominem
3693 3897 3909 3962 mors,et

2279 3999 2380 4054 per
2435 3981 2711 4038 hominem
2756 3983 3078 4038 resurrectio
3124 3989 3464 4039 mortuorum
3510 3985 3701 4054 (ibid.,
3728 3984 3830 4056 21),
3857 3985 3908 4036 ut

2285 4071 2425 4144 quia
2453 4075 2689 4144 peccato
2719 4068 2976 4126 hominis
3014 4087 3174 4128 mors
3203 4071 3436 4128 inventa
3465 4078 3579 4140 est,
3602 4071 3806 4131 Christi
3825 4071 3906 4143 ju-

2284 4159 2447 4217 stitia
2467 4158 2950 4215 resurrectionem
2971 4158 3188 4216 meruit
3201 4165 3632 4218 mortuorum.»
3645 4163 3716 4220 Et
3731 4162 3908 4218 beatus

2283 4249 2536 4305 Joannes
2549 4247 2999 4320 Chrysostomus
3015 4247 3073 4303 in
3091 4246 3238 4304 libro
3257 4249 3328 4306 de
3347 4249 3737 4322 Reparatione
3751 4245 3904 4322 lapsi:

2287 4362 2314 4391 ι(
2332 4337 2656 4410 Scriptura,
2677 4337 2890 4410 inquit,
2914 4335 3056 4393 dicit
3074 4337 3214 4410 quia
3235 4342 3295 4394 et
3323 4343 3661 4412 peccatores
3691 4338 3909 4396 induent

2282 4426 2797 4500 incorruptionem,
2821 4424 3044 4482 scilicet
3081 4443 3197 4482 non
3229 4427 3300 4484 ad
3331 4426 3619 4484 honorem
3649 4429 3796 4496 vita,
3823 4423 3908 4482 sed

2283 4519 2357 4576 ad
2386 4517 2834 4574 diuturnitatem
2874 4515 3149 4590 supplicii
3197 4517 3590 4590 profuturam.
3616 4542 3646 4573 ι»
3680 4518 3826 4578 808
3853 4515 3908 4573 Et

514 4610 738 4692 corpus
764 4596 990 4692 Domini
1037 4596 1222 4692 (ibid,
1401 4596 1544 4652 Hinc
1595 4598 1732 4692 item
1772 4603 2124 4692 Ambrosius
2156 4625 2170 4665 :
2199 4623 2252 4692 D
2280 4613 2522 4674 sanctus
2552 4606 2806 4663 Hilarius
2844 4606 2904 4662 in
2929 4605 3287 4680 expositione
3311 4606 3526 4682 psalmi
3549 4626 3725 4668 cxvm
3748 4624 3796 4664 τοι
3817 4607 3907 4663 Ex-

517 4706 545 4734 «
567 4683 783 4740 Devoto
805 4683 1004 4740 animo
1029 4688 1243 4740 etcum
1269 4685 1478 4740 timore
1501 4689 1893 4746 accedendum
1913 4693 1987 4748 ad
2011 4711 2168 4753 com-

514 4771 856 4830 munionem
880 4773 1068 4840 docet,
1095 4777 1158 4828 ut
1181 4773 1327 4829 sciat
1357 4790 1527 4830 mens
1555 4779 1934 4836 reverentiam
1967 4799 2028 4838 se
2058 4783 2162 4841 de-

511 4860 647 4917 bere
661 4860 802 4918 eiad
820 4863 992 4934 cuius
1010 4879 1221 4934 corpus
1240 4863 1598 4919 sumendum
1616 4868 1855 4938 accepit.
1870 4869 1988 4926 Hoc
2003 4873 2160 4929 enim

510 4951 666 5022 apud
696 4967 759 5008 se
781 4951 952 5008 debet
972 4951 1261 5024 judicare,
1281 4951 1419 5025 quia
1450 4951 1734 5010 Dominus
1762 4961 1874 5026 est,
1894 4960 2068 5031 cujus
2099 4961 2158 5020 in

509 5039 787 5112 mysterio
819 5057 1036 5114 corpus
1068 5041 1383 5097 manducet
1402 5046 1459 5096 et
1480 5043 1826 5115 sanguinem
1851 5054 2034 5120 potat,
2057 5051 2157 5123 qui

507 5129 676 5186 testis
704 5134 794 5186 est
824 5129 1090 5187 beneﬁcii
1122 5128 1244 5185 Dei.
1270 5132 1452 5197 Quem
1479 5147 1585 5188 nos
1616 5133 1666 5188 si
1689 5149 1824 5189 cum
1845 5135 2158 5210 disciplina

505 5215 882 5288 accipiamus,
904 5236 1018 5274 non
1040 5217 1261 5275 erimus
1285 5217 1510 5290 indigni
1533 5236 1772 5293 corpore
1793 5226 1850 5277 et
1869 5225 2157 5298 sanguine

504 5301 781 5362 Domini:
825 5307 1014 5381 gratia
1065 5307 1224 5364 enim
1280 5307 1575 5363 videbitur
1629 5310 2002 5383 redemptori.
2027 5335 2055 5364 ››
2085 5315 2156 5372 Et

503 5388 643 5446 item
673 5392 813 5451 dicit
845 5413 896 5452 :«
919 5397 1209 5454 Medicina
1237 5397 1394 5454 enim
1424 5396 1706 5469 spiritalis
1727 5404 1834 5468 est,
1859 5417 1985 5471 qua:
2017 5419 2151 5460 cum

504 5483 824 5540 reverentia
865 5486 1173 5560 degustata
1220 5487 1492 5560 purificat
1543 5486 1654 5542 sibi
1704 5487 2053 5546 devotum.»
2085 5494 2154 5548 Et

502 5566 643 5625 item
679 5586 731 5626 :«
761 5572 883 5630 Ideo
911 5577 1076 5631 multi
1105 5579 1165 5632 in
1196 5577 1345 5634 vobis
1374 5577 1612 5634 invalidi
1639 5587 1691 5634 et
1719 5582 1926 5651 a‘groti,
1949 5590 2001 5638 et
2025 5583 2150 5640 dor-

501 5658 682 5718 miunt
706 5661 888 5720 multi.
922 5662 994 5721 Ut
1021 5681 1222 5723 verum
1255 5667 1526 5741 probaret
1554 5669 1695 5742 quia
1724 5685 1968 5729 examen
1999 5674 2152 5732 futu-

2277 4701 2518 4778 probrat
2536 4696 2692 4753 enim
2714 4695 2986 4769 superbis
3009 4699 3185 4768 atque
3217 4697 3544 4754 maledictis
3565 4714 3676 4754 cur
3702 4695 3839 4752 nihil
3859 4694 3906 4749 in

2271 4793 2637 4848 sacramento
2655 4784 2960 4859 sanguinis
2978 4783 3070 4841 sui
3092 4788 3268 4858 atque
3291 4786 3500 4844 mortis
3517 4786 3791 4844 utilitatis
3806 4798 3907 4842 sua

2269 4897 2398 4936 esse
2423 4874 2901 4943 existimaverint,
2926 4891 3062 4930 cum
3093 4873 3190 4930 ille
3219 4874 3404 4932 nostri
3427 4893 3608 4934 causa
3639 4881 3700 4934 et
3729 4878 3904 4940 natus,

2268 4973 2326 5024 et
2359 4983 2590 5040 passus,
2623 4967 2681 5020 et
2721 4967 2992 5020 mortuus
3023 4962 3120 5020 sit.
3152 4986 3181 5014 ››
3202 4964 3274 5020 Et
3303 4965 3443 5021 item
3485 4965 3643 5023 idem
3683 4968 3905 5023 sanctus

2267 5055 2522 5112 Hilarius
2553 5054 2915 5110 concordans
2935 5057 3138 5110 sancto
3157 5053 3464 5111 Ambrosio
3487 5055 3546 5111 in
3569 5053 3801 5129 psalmo
3827 5067 3902 5118 tv,

2265 5144 2408 5202 dicit
2451 5162 2470 5218 _:
2511 5167 2539 5196 «
2581 5144 2736 5201 Sicut
2785 5151 3233 5216 exspectaverunt
3283 5145 3531 5200 animam
3587 5161 3770 5202 meam
3817 5155 3905 5215 pro

2261 5235 2442 5291 nihilo
2459 5235 2633 5291 salve:
2657 5235 2825 5306 facies
2861 5233 3004 5302 illos,
3030 5235 3091 5289 in
3121 5235 3210 5290 ira
3231 5234 3462 5307 populos
3490 5233 3722 5291 deducas
3749 5229 3901 5306 (Psul.

2265 5340 2350 5391 LV,
2375 5324 2450 5396 8).
2472 5328 2666 5380 Novus
2685 5322 2779 5379 hic
2810 5321 3104 5396 prophetae
3137 5340 3332 5380 sermo
3353 5327 3461 5393 est,
3482 5327 3548 5380 ut
3575 5340 3678 5381 eos
3702 5321 3798 5395 qui
3821 5337 3904 5376 cx-

2262 5418 2526 5486 spectant
2554 5413 2812 5469 animam
2847 5429 3016 5468 suam
3048 5413 3121 5469 ad
3153 5412 3406 5470 nihilum
3439 5414 3594 5470 Deus
3625 5412 3823 5478 salvat,
3854 5411 3904 5464 et

2261 5519 2394 5558 cum
2427 5503 2586 5559 aliud
2618 5502 2694 5558 sit
2715 5503 2786 5558 ad
2823 5501 3095 5572 nihilum,
3119 5502 3279 5560 aliud
3307 5501 3540 5574 salvari,
3564 5519 3726 5559 nunc
3755 5498 3902 5556 salus

2259 5609 2388 5665 quas
2419 5591 2475 5648 in
2509 5591 2640 5648 illos
2672 5593 2771 5648 ﬁet
2801 5593 2873 5648 ad
2906 5591 3156 5649 nihilum
3186 5593 3283 5650 sit.
3307 5593 3411 5648 Est
3440 5609 3576 5666 ergo
3606 5590 3768 5665 quod
3797 5586 3899 5644 sal-

2259 5687 2426 5738 vetur
2455 5681 2516 5738 in
2538 5679 2812 5750 nihilum,
2835 5686 2924 5739 est
2945 5679 3140 5755 plane,
3163 5680 3452 5756 quidquid
3485 5677 3900 5738 resurrectione
