4018 6496
193 487 300 548 465

877 491 980 552 DE
1009 493 1784 560 ‘PRJEDESTINATIONE
1827 499 2351 568 DlSSER‘l‘ATIO
2391 507 2856 574 POSTERIOR.

3449 523 3568 585 166

194 621 322 682 idem
363 621 592 696 Spiritus
619 623 680 694 (Ι
707 622 830 682 Cor.
860 643 962 698 xn,
1008 628 1118 703 10).
1150 630 1241 722 Et,
1265 631 1478 690 iterum
1525 633 1812 708 scriptum
1840 635 1897 704 Α
1924 637 2089 697 ribus
2117 637 2302 715 igitur
2319 643 2394 703 ad
2415 642 2666 702 salutem
2687 649 3129 711 resurrectionis
3149 657 3238 722 est
3254 658 3563 718 mortuus:

191 717 271 771 est
299 729 312 770 :
345 713 482 783 Quos
503 716 798 788 prwscivit,
839 716 938 775 hos
993 727 1046 777 et
1093 721 1539 793 praedestinavit,-
1573 733 1628 782 et
1681 743 1812 800 quos

1919 731 2024 786 sed
2055 732 2449 792 sanctificatos
2480 735 2540 792 in
2571 738 2858 812 sanguine
2887 757 2994 798 suo
3025 743 3270 803 salvabit
3297 749 3372 805 ab
3401 750 3507 808 im.
3535 773 3564 803 ››

183 803 595 876 ρνιτᾱεδιέηαυίι,
626 805 722 862 hos
747 813 802 863 et
827 809 1066 878 vocavit;
1109 819 1162 868 et
1201 829 1332 886 quos
1377 817 1604 882 vocavit,
1637 815 1732 874 hos
1759 825 1814 875 et
1917 819 1989 876 Et
2022 821 2081 877 S.
2103 823 2468 896 Augustinus
2499 827 2558 882 in
2589 803 2739 884 libro
2767 829 3050 904 vigesimo
3089 835 3160 892 de
3189 803 3562 900 Civitate—Dei

176 893 510 966 justiﬁoavit;
553 901 611 950 et
649 911 784 967 quos
823 899 1165 972 justiﬂcavit,
1219 903 1344 960 illos
1391 911 1444 960 et
1485 907 1814 978 glori/ienuit
1909 909 2106 982 capite
2132 893 2412 985 vigesimo
2447 921 2606 972 sexto
2630 934 2682 973 ζα
2703 919 2810 976 Pro
2826 893 3108 980 omnibus
3131 893 3562 989 mortuisvivus

179 980 341 1050 (Rom.
361 997 482 1049 vm,
503 982 616 1054 29).
640 983 712 1040 Et
747 985 911 1056 item,
941 988 1120 1060 Elegit
1149 1007 1252 1048 nos
1283 1001 1408 1050 ante
1447 1002 1684 1068 tempora
1711 1013 1806 1053 su-

181 1070 834 1142 wlaria,prsedestimms,
861 1092 980 1147 nos,
1003 1077 1062 1133 id
1084 1083 1174 1135 est
1198 1097 1554 1154 praeparans,
1585 1093 1648 1142 ut
1674 1103 1808 1144 esse-

171 1174 288 1214 mus
338 1161 514 1216 sancti
569 1169 622 1218 et
672 1164 1015 1222 immaculati
1055 1167 1269 1240 (Ephes.
1299 1189 1338 1240 ι,
1361 1172 1435 1244 4).
1467 1173 1613 1230 Hinc
1667 1193 1804 1249 ergo

179 1246 371 1302 scitum
392 1251 480 1305 est
501 1251 656 1322 quod
678 1253 798 1325 qui,
823 1257 888 1310 ut
909 1254 1018 1311 hoc
1039 1257 1408 1317 diffinitionis
1425 1246 1802 1322 conditionali

169 1337 354 1394 tenore
383 1339 730 1411 ostenditur,
767 1343 911 1400 dicit
956 1349 1060 1402 aut
1106 1349 1546 1425 subintelligere
1596 1372 1800 1412 susur-

167 1427 338 1482 rando
366 1429 684 1500 contendit,
710 1433 988 1506 quoniam
1017 1436 1503 1509 Antichistus,vel
1552 1444 1801 1516 quilibet

173 1515 380 1588 reprobi
399 1533 468 1572 ex
489 1518 608 1575 Deo
631 1519 887 1578 habeant
906 1541 1146 1584 causam
1174 1515 1638 1600 perditionis,vel
1669 1551 1800 1607 ope-

169 1603 374 1660 ratione
403 1605 593 1678 ipsius
624 1615 882 1681 pereant,
907 1630 1022 1669 non
1053 1615 1396 1687 catholicus,
1421 1622 1523 1677 sed
1552 1603 1798 1681 insanus

1917 1005 2186 1058 mortuus
2216 1006 2307 1059 est
2349 1021 2523 1074 unus,
2557 1007 2616 1062 id
2654 1012 2765 1075 est,
2799 1008 3028 1070 nullum
3067 1013 3292 1072 habens
3321 1021 3560 1077 omnino

1914 1093 2239 1160 peccatum,
2263 1096 2332 1148 ut
2357 1093 2457 1166 qui
2488 1111 2592 1166 per
2627 1097 3034 1156 remissionem
3075 1098 3444 1175 peccatorum
3475 1108 3559 1165 vi-

1911 1181 2075 1246 vunt,
2099 1179 2226 1251 jam
2258 1199 2375 1238 non
2415 1183 2526 1240 sibi
2556 1185 2768 1254 vivant,
2794 1189 2894 1244 sed
2925 1190 2977 1245 ei
3008 1191 3111 1263 qui
3149 1211 3255 1266 pro
3283 1195 3558 1255 omnibus

1912 1271 2181 1324 mortuus
2210 1274 2300 1326 est
2341 1277 2576 1346 propter
2612 1280 2850 1346 peccata
2893 1284 3114 1350 nostra,
3137 1285 3198 1338 et
3243 1288 3561 1344 resurrexit

1901 1362 2146 1430 .pmpter
2156 1359 2641 1431 justiﬁcationem
2661 1369 3013 1436 nostram,ut
3027 1371 3330 1430 credentes
3343 1373 3402 1430 in
3419 1393 3555 1432 eum

1909 1446 2007 1517 qui
2029 1447 2322 1518 justificat
2349 1451 2620 1524 impium,
2643 1471 2712 1510 ex
2741 1454 3038 1528 impietate
3067 1459 3400 1530 just-iliceti,
3424 1469 3552 1522 tan-

1895 1551 2084 1606 quam
2107 1553 2176 1592 ex
2191 1543 2378 1596 morte
2393 1540 2684 1610 vivificati,
2700 1545 2770 1600 ad
2793 1545 3044 1616 primam
3067 1551 3552 1611 resurrectionem

1904 1639 2034 1694 quae
2057 1642 2212 1680 nunc
2234 1631 2325 1683 est
2345 1627 2634 1700 pertinere
2653 1631 2972 1703 possimus.
2989 1635 3074 1690 Ad
3097 1635 3248 1693 hanc
3264 1637 3420 1694 enim
3443 1641 3556 1714 pri-

1905 1729 2062 1768 mam
2086 1714 2194 1770 soli
2216 1715 2510 1788 pertinent
2529 1719 2629 1791 qui
2660 1720 2815 1776 beati
2835 1727 3010 1780 erunt
3038 1723 3099 1780 in
3125 1721 3408 1784 aeternum
3435 1744 3448 1784 :
3475 1730 3550 1786 ad

1903 1803 2222 1860 secundam
2260 1822 2415 1873 vero,
2437 1807 2510 1862 de
2539 1825 2656 1880 qua
2695 1826 2829 1866 mox
2867 1809 3100 1870 locutus
3129 1817 3237 1881 est,
3261 1819 3320 1871 et
3348 1815 3548 1874 beatos

160 1693 263 1764 est,
280 1695 337 1749 et
353 1695 402 1752 si
420 1694 842 1771 ineorrigibilis
861 1718 1227 1773 perseverare
1247 1709 1541 1780 maluerit,
1565 1714 1636 1770 ab
1667 1713 1798 1788 ipsa

162 1779 322 1837 etiam
341 1782 725 1844 collocutione
743 1789 1006 1848 ﬁdelium
1026 1794 1459 1866 propellendus.
1474 1779 1620 1858 Nam
1645 1779 1794 1863 Deus

165 1868 370 1939 vindex,
395 1889 512 1929 non
546 1879 750 1933 auctor
779 1879 920 1935 mali
953 1885 1062 1948 est,
1083 1899 1184 1940 nec
1221 1887 1405 1945 volens
1449 1891 1795 1971 iniquitatem
1901 1891 2190 1962 pertinere
2213 1895 2446 1954 docebit
2474 1899 2532 1953 et
2561 1897 2828 1955 miseros.
2853 1899 2969 1957 Ista
2996 1905 3089 1958 est
3112 1899 3542 1974 misericordiae,

157 1958 547 2076 (Psal.v,§),ut
567 1965 853 2069 scriptum
871 1971 1065 2069 est.Et
1085 1975 1313 2032 cunctis
1330 1978 1430 2050 qui
1451 1958 1598 2036 salvi
1619 1983 1788 2051 fiunt,
1821 2010 1870 2076 B
1901 1958 2002 2076 illa
2021 1981 2234 2076 judicii
2258 1999 2272 2040 :
2294 1989 2530 2076 propter
2569 1987 2724 2058 quod
2756 1987 2815 2042 in
2860 1987 3086 2060 psalmo
3117 1958 3400 2064 scriptum

162 2063 321 2105 causa
333 2049 542 2110 salutis
559 2056 894 2125 est,nemini
913 2063 1108 2118 autem
1122 2079 1302 2123 causa
1317 2049 1659 2140 perditionis
1675 2049 1784 2144 est,
1821 2049 1870 2076 υ
1894 2049 2324 2129 ,Πίεθὶοὶσονάἰατῖι
2350 2049 2696 2148 etjudicium
2723 2049 2947 2134 cantabo
2975 2079 3094 2146 tibi,
3121 2049 3348 2139 Doniine
3367 2049 3539 2152 (Psal:

163 2136 246 2208 qui
273 2155 471 2196 omnes
493 2141 622 2198 vult
649 2143 840 2202 salvos
869 2147 1016 2218 fieri,
1040 2154 1098 2206 et
1119 2136 1413 2212 neminem
1436 2159 1559 2214 vult
1577 2161 1764 2232 perire

1897 2174 1950 2226 c,
1983 2159 2056 2232 1).
2085 2182 2114 2211 »
2143 2162 2214 2218 Et
2241 2136 2588 2221 Ambrosius
2627 2165 2687 2220 in
2731 2165 2992 2238 Epistola
3038 2136 3110 2224 ad
3163 2136 3538 2229 Corinthios;

159 2224 252 2290 Qui
267 2225 414 2283 enim
431 2237 782 2302 spreverunt
795 2235 1152 2296 voluntatem
1166 2242 1398 2300 Domini
1419 2224 1783 2321 invitantem,
1891 2247 2047 2305 Sicut
2073 2249 2228 2306 enim
2260 2253 2323 2307 iu
2350 2251 2522 2308 Adam
2545 2269 2730 2311 omnes
2757 2256 3092 2323 moriuntur,
3124 2259 3203 2314 ita
3231 2259 3292 2314 in
3321 2253 3541 2317 Christo

157 2312 490 2374 voluntatem
519 2319 759 2378 Domini
787 2325 1042 2384 sentient
1067 2328 1481 2404 vindicantem,
1505 2312 1783 2412 quoniam
1891 2353 2075 2395 omnes
2125 2341 2548 2412 viviﬁcabuntur
2593 2343 2653 2412 (Ι
2697 2345 2818 2401 Cor.
2867 2362 2957 2413 xv,
3007 2345 3098 2418 22)
3133 2363 3144 2402 :
3175 2369 3204 2398 «
3254 2347 3541 2432 Omnibus

157 2401 280 2432 ιιι-,ηε
309 2407 682 2432 ...ι-..-ιε-..ε-
713 2429 732 2432 -
752 2411 854 2432 Μὴ
875 2413 908 2432 οι
971 2413 983 2428 ο
1645 2429 1659 2432 -
1768 2430 1779 2432 ,
2147 2429 2159 2432 -

157 2401 282 2458 nulli
306 2407 683 2468 correctionis
707 2411 916 2470 adimit
933 2413 1106 2486 viam,
1130 2435 1236 2476 nec
1258 2401 1614 2498 quemquam
1645 2429 1784 2486 boni
1891 2443 2030 2500 ergo
2060 2429 2161 2500 qui
2191 2433 2330 2486 sunt
2359 2447 2429 2488 ex
2466 2432 2598 2504 ejus
2635 2448 2874 2506 corpore
2909 2435 3221 2506 acquisivit
3247 2436 3448 2506 vitam,
3476 2423 3538 2495 id

157 2491 516 2591 possibilitate
551 2494 849 2591 dispoliat.
873 2503 986 2560 Sed
1009 2505 1110 2578 qui
1133 2525 1195 2564 se
1225 2491 1384 2568 abeo
1405 2491 1631 2586 avertit,
1658 2518 1780 2591 ipse

151 2582 421 2674 nonADeus
441 2589 499 2642 et
518 2586 667 2644 velle
687 2591 843 2672 quod
875 2593 1096 2652 bonum
1131 2602 1221 2654 est
1249 2603 1305 2656 et
1335 2619 1507 2674 posse
1536 2582 1648 2662 sibi
1681 2582 1779 2664 su-

155 2668 462 2768 stulit._Non
491 2680 588 2732 est
617 2666 756 2752 ergo
777 2697 1141 2756 consequens
1161 2692 1226 2743 ut
1249 2666 1403 2746 Deus
1425 2693 1641 2764 quibus
1666 2714 1780 2768 pce-

149 2756 427 2819 nitentiam
446 2781 581 2854 non
611 2767 853 2837 dederit,
875 2772 1340 2845 resipiscentiam
1369 2756 1696 2854 abstulerit,
1721 2789 1778 2842 et

150 2861 276 2917 quos
304 2866 414 2907 non
442 2851 724 2912 levaverit
743 2855 1006 2927 alliserit,
1031 2879 1166 2918 cum
1195 2865 1353 2923 aliud
1375 2869 1454 2925 sit
1481 2851 1774 2931 insontem

149 2933 198 2988 in
211 2938 415 3032 crimen
437 2942 634 3016 egisse
656 2962 761 3018 per
774 2948 928 3018 quod
947 2949 1020 3006 ad
1037 2953 1392 3025 supplicium
1415 2961 1769 3032 pervenitur,

148 3027 280 3096 quod
307 3029 569 3088 alienum
598 3037 688 3090 est
733 3052 768 3091 a
811 3037 928 3094 Deo
953 3054 966 3092 :
991 3039 1148 3097 aliud
1199 3027 1514 3103 criminoso
1543 3050 1769 3106 veniam

148 3128 243 3169 non
269 3115 511 3189 dedisse,
543 3123 704 3194 quod
734 3124 806 3180 de
851 3128 1172 3197 peccatoris
1219 3137 1308 3188 est
1355 3136 1582 3206 merito,
1617 3143 1673 3194 et
1701 3124 1788 3196 ex.

145 3202 492 3298 retributione
504 3210 758 3281 justitie
769 3213 921 3288 justi
935 3215 1158 3290 judicis
1177 3220 1507 3280 vindicatur
1518 3202 1764 3298 judicio.

145 3289 267 3348 Nam
288 3294 334 3350 si
354 3295 658 3355 Christum
681 3299 773 3357 his
795 3305 1028 3360 tantum
1052 3309 1306 3366 remedia
1327 3289 1594 3370 attulisse
1615 3316 1768 3374 dica-

1887 2519 1980 2572 est
2017 2519 2526 2588 resurrectionem,
2563 2522 2830 2594 quamvis
2877 2523 3227 2594 generaliter
3268 2525 3542 2584 tribuerit

1887 2607 2434 2664 resurrectionem.»
2447 2610 2516 2664 Et
2533 2609 2674 2666 item
2694 2609 2755 2666 in
2781 2611 2982 2667 eadem
3004 2613 3264 2685 Epistola
3279 2630 3291 2668 :
3307 2615 3539 2674 Verbum

1883 2696 2035 2750 enim
2063 2698 2241 2752 crucis
2277 2700 2628 2768 pereuntibus
2657 2699 2877 2770 quidem
2911 2702 3146 2758 stultitia
3173 2710 3253 2759 est
3281 2704 3329 2770 (Ι
3345 2703 3466 2761 Cor.
3491 2723 3530 2772 ι,

1885 2783 1973 2850 18)
2007 2800 2020 2838 :
2051 2805 2080 2834 «
2119 2784 2493 2842 Manifestum
2545 2790 2637 2842 est
2679 2787 2818 2859 quia
2865 2789 3078 2861 quibus
3125 2807 3268 2848 crux
3309 2785 3530 2851 Christi

1880 2871 2138 2929 stultitia
2159 2877 2249 2930 est
2276 2873 2334 2929 in
2369 2874 2694 2947 perditione
2715 2879 2876 2943 sunt,
2901 2877 3140 2934 infernae
3165 2878 3322 2935 enim
3355 2883 3527 2938 morti

1881 2976 1998 3016 non
2029 2964 2169 3016 sunt
2195 2964 2409 3034 erepti;
2442 2963 2528 3019 his
2555 2971 2737 3020 autem
2765 2966 2864 3037 qui
2886 2965 3032 3022 salvi
3064 2968 3207 3038 ﬁunt
3235 2969 3406 3026 virtus
3427 2971 3528 3026 Dei

1879 3056 1961 3104 est
1981 3048 2188 3120 (ibid).
2211 3052 2338 3107 Non
2375 3055 2464 3108 est
2491 3050 2830 3121 obscurum,
2857 3053 2996 3126 quia
3023 3053 3120 3112 his
3145 3055 3247 3128 qui
3279 3049 3526 3116 credunt

1874 3136 2065 3194 virtus
2086 3139 2186 3195 Dei
2211 3143 2302 3195 est
2327 3157 2340 3195 :
2365 3141 2612 3196 credunt
2633 3141 2790 3198 enim
2817 3159 2932 3198 non
2963 3142 3365 3202 inﬁrmitatem
3391 3164 3523 3205 esse

1874 3242 2110 3283 crucem
2140 3227 2355 3284 Christi
2395 3230 2496 3284 sed
2541 3229 2846 3299 virtutem;
2879 3226 3272 3305 intelligentes
3309 3226 3524 3292 victam

1877 3319 2126 3372 mortem
2158 3317 2216 3371 in
2247 3334 2438 3387 cruce,
2473 3319 2644 3390 cujus
2690 3319 2927 3392 signum
2957 3319 3061 3393 qui
3107 3319 3328 3378 habent
3378 3323 3523 3383 salvi

145 3393 256 3436 mus
281 3383 377 3455 qui
414 3386 710 3460 redempti
756 3393 915 3458 sunt,
947 3392 1278 3453 videbimur
1322 3399 1618 3460 absolvere
1649 3422 1764 3462 non
1795 3383 1838 3450 (ἶ
1877 3408 2034 3471 sunt,
2065 3405 2206 3477 quia
2233 3407 2306 3461 ab
2337 3383 2440 3462 illa
2467 3383 2650 3463 teneri
2685 3383 2799 3464 novn
2833 3383 3100 3481 possunt.
3127 3431 3156 3459 ››
3177 3410 3247 3467 Et
3276 3410 3432 3468 Beda
3459 3411 3518 3470 in

143 3468 627 3562 redemptos,quos
648 3493 752 3549 pro
774 3480 1169 3555 redemptione
1188 3492 1520 3562 contempta
1535 3498 1764 3552 constat

141 3570 247 3614 esse
274 3561 624 3632 puniendos.
651 3565 713 3622 Si
759 3567 940 3638 enim,
985 3573 1050 3627 ut
1096 3573 1303 3632 beatus
1343 3561 1655 3652 Gregorius
1701 3584 1759 3640 in

140 3641 352 3740 homilia
391 3652 700 3726 trigesima
745 3655 954 3728 quinta
1009 3661 1232 3732 scribit,
1265 3683 1424 3722 mors
1454 3641 1758 3740 justorum

140 3730 282 3829 bonis
308 3737 366 3794 in
393 3741 761 3814 adjutorium
791 3751 902 3814 est,
926 3748 1100 3806 malis
1139 3730 1664 3829 inrtcstimdnium,
1693 3766 1760 3818 ut

137 3817 250 3880 inde
274 3829 520 3899 perversi
558 3830 688 3888 sine
715 3835 1088 3894 excusatione
1119 3847 1375 3912 pereant,
1401 3848 1557 3902 unde
1591 3849 1756 3906 electi

136 3911 342 4006 Eripiunt
380 3917 721 3992 exemplum
772 3926 839 3978 ut
879 3923 1094 3995 vivant,
1124 3911 1314 3986 multo
1362 3911 1550 4006 magis
1597 3955 1754 3994 mors

135 3995 505 4091 Dedemptoris
535 4008 728 4064 nostri
785 4027 890 4082 pro
932 4015 1208 4074 omnibus
1265 3995 1502 4091 mortui,
1528 4028 1593 4080 ut
1631 4043 1753 4082 cre-

135 4084 376 4148 dentibus
407 4099 588 4168 atque
621 4097 845 4154 devotis
875 4099 1059 4172 salus,
1081 4103 1164 4160 ita
1193 4084 1508 4166 incredulis
1537 4115 1594 4166 et
1622 4130 1755 4170 con-

135 4175 488 4252 teulptoribus
535 4202 669 4266 esse
705 4185 766 4243 in
797 4190 1300 4251 condemnationis
1345 4199 1751 4260 testimonium

135 4266 264 4366 credi
293 4270 476 4366 debet.
513 4274 894 4347 Sequendum
939 4283 1028 4336 est
1080 4271 1262 4354 igitur
1301 4289 1457 4359 quod
1507 4290 1752 4366 Prosper

135 4353 422 4454 Ectissime
451 4362 597 4419 dicit
629 4367 839 4434 (contra
871 4366 1070 4442 Gallos)
1102 4353 1166 4426 ί‹‹
1189 4353 1473 4439 Quoniam
1505 4353 1749 4454 sanguis

133 4437 316 4541 Christi
343 4450 668 4525 redemptio
704 4457 796 4512 est
839 4455 1020 4514 totius
1051 4437 1304 4530 'mun'di;
1334 4481 1370 4520 a
1398 4481 1513 4538 quo
1563 4437 1748 4541 prstio

133 4534 352 4624 extranei
383 4545 542 4609 sunt,
577 4541 682 4614 qui
728 4547 831 4600 aut
858 4544 1126 4604 delectati
1174 4534 1508 4624 captivitate
1539 4534 1744 4614 redimi

131 4619 429 4694 noluerunt,
475 4634 582 4686 aut
637 4635 774 4704 post
830 4619 1290 4709 redemptionem
1345 4643 1420 4699 ad
1477 4647 1744 4704 eamdem

1871 3497 2204 3550 commento
2243 3496 2430 3563 Lucae,
2463 3497 2806 3553 Retribuetur
2841 3499 2993 3554 enim
3029 3499 3092 3554 in
3125 3503 3518 3559 resurrectione

1858 3581 2138 3653 justorum
2183 3585 2333 3652 (Luc.
2373 3601 2488 3652 xxv,
2515 3585 2631 3655 ,14)
2662 3603 2675 3641 :
2701 3608 2730 3636 «
2765 3585 3270 3647 Resurre‘ctionem
3320 3589 3514 3660 justo-

1867 3686 1999 3725 rum
2031 3669 2191 3738 dicit,
2225 3671 2327 3742 qui
2358 3672 2466 3728 etsi
2493 3688 2696 3728 omnes
2727 3677 3054 3746 resurgant,
3083 3690 3284 3737 eorum
3315 3678 3512 3734 tamen

1867 3775 1982 3812 non
2020 3757 2315 3816 immerito
2345 3760 2517 3832 quasi
2556 3761 2790 3832 propria
2819 3761 3286 3834 cognominatur,
3315 3765 3416 3836 qui
3451 3765 3510 3821 in

1864 3844 1974 3901 hac
2004 3864 2067 3902 se
2096 3847 2296 3904 beatos
2327 3864 2440 3902 non
2464 3849 2739 3904 dubitant
2765 3865 2894 3904 esse
2922 3850 3172 3905 futuros.
3200 3870 3227 3898 ι)
3251 3851 3320 3906 Et.
3349 3846 3510 3909 Pros-

1863 3951 1966 4006 per
1993 3939 2196 3990 contra
2222 3935 2419 3991 Gallos
2461 3935 2687 3992 actione
2717 3953 2872 3992 nona
2900 3935 3042 3992 dicit
3071 3953 3125 3992 εκ
3156 3937 3510 4012 Redemptor

1862 4023 2069 4079 mundi
2099 4023 2260 4079 dedit
2289 4042 2392 4096 pro
2423 4025 2644 4080 mundo
2665 4026 3015 4098 sanguinem
3037 4043 3234 4094 suum,
3253 4030 3316 4084 et
3332 4043 3504 4085 mun-

1861 4113 1974 4168 dus
2004 4112 2211 4169 redimi
2241 4113 2446 4180 noluit,
2471 4113 2609 4186 quia
2635 4113 2826 4170 lucem
2855 4115 3106 4170 tenebrae
3135 4132 3250 4171 non
3281 4132 3510 4192 recepe-

1859 4204 1999 4256 runt
2019 4217 2033 4255 :
2057 4205 2114 4258 et
2131 4203 2382 4258 tenebrae
2405 4201 2988 4276 receperunt,quibus
3007 4203 3152 4259 dicit
3169 4205 3500 4277 Apostolus,

1857 4291 2057 4348 Fuistis
2082 4291 2378 4364 aliquando
2409 4291 2819 4361 tenebrwmunc
2843 4300 3028 4348 autem
3055 4293 3156 4349 lux
3187 4295 3244 4350 ia
3269 4295 3502 4352 Domino

1855 4379 2070 4452 (Ephes.
2093 4397 2149 4448 v,
2171 4383 2248 4449 8).
2272 4381 2342 4435 Et
2387 4379 2674 4437 Dominus
2717 4380 2780 4436 in
2828 4380 3137 4454 Evangelio
3171 4398 3184 4437 :
3217 4382 3311 4438 Sic
3353 4385 3504 4440 enim

1854 4469 1995 4524 Deus
2035 4469 2233 4524 dilexit
2274 4469 2560 4538 mundum,
2593 4475 2656 4525 ut
2694 4471 2900 4526 Filium
2947 4487 3111 4526 suum
3154 4473 3501 4544 unigenin

1852 4557 2024 4628 daret,
2054 4565 2116 4613 ut
2139 4557 2320 4613 omnis
2349 4558 2446 4629 qui
2469 4557 2644 4613 credit
2677 4558 2738 4614 in
2765 4575 2892 4615 eum
2915 4573 3028 4615 non
3051 4567 3256 4631 pereat,
3287 4555 3382 4616 sed
3408 4561 3502 4616 ha-

1854 4645 1974 4701 beat
1997 4647 2168 4701 vitam
2191 4653 2456 4702 aeternam
2478 4647 2657 4716 (Joan.
2691 4663 2772 4714 III,
2809 4647 2917 4719 16).
2950 4647 3020 4702 Et
3043 4665 3057 4702 :
3080 4647 3187 4704 Hoc
3213 4655 3292 4704 est
3318 4657 3499 4704 autem

130 4713 246 4813 funt
271 4715 608 4776 servitutem
657 4723 892 4780 reversi.
927 4723 1195 4785 Christus
1225 4746 1362 4805 ergo
1411 4750 1514 4804 pro
1555 4735 1744 4792 omni-
1773 4749 1821 4813 ι)
1838 4733 2136 4806 judicium,
2171 4735 2302 4807 quia
2332 4735 2433 4790 lus:
2464 4713 2612 4791 venit
2658 4737 2720 4790 in
2765 4713 3054 4804 mundum,
3084 4744 3140 4792 ϐε
3184 4729 3498 4794 dilexerit”

130 4793 220 4854 blla
243 4818 444 4872 passus
471 4813 584 4880 est,
607 4808 744 4867 licet
764 4829 881 4868 non
911 4830 1116 4872 omnes
1136 4819 1428 4890 passionis
1457 4823 1584 4896 ejus
1617 4843 1741 4900 my-

128 4887 278 4980 sterio
295 4891 411 4950 sint
430 4897 740 4975 redempti.
769 4921 798 4952 ‹‹
829 4901 978 4968 Quia
994 4887 1738 4980 vero—specialitervcreden-

127 4971 260 5034 tibus
280 4984 432 5041 >408
458 4987 531 5076 ad
559 4971 812 5046 salutem
861 5007 1020 5050 mors
1067 4971 1352 5066 profuerit
1402 5000 1736 5076 Salvatoris,

128 5075 222 5120 non
241 5072 605 5132 credentibus
624 5079 821 5134 autem
840 5077 902 5136 in
921 5081 1214 5154 judicium
1235 5089 1294 5142 et
1310 5072 1742 5149 condemnatio-

127 5166 236 5246 nem
263 5157 334 5215 sit
359 5169 696 5238 contempta
723 5167 912 5245 ipsius
939 5173 1130 5243 gratia
1155 5175 1468 5246 passionis,
1496 5180 1556 5236 S.
1590 5181 1740 5238 Hila-

127 5237 228 5336 rius
253 5246 306 5304 in
337 5237 824 5330 quinquagesimo
845 5259 1050 5332 quinto
1075 5263 1303 5336 psalmo
1327 5265 1470 5324 dicit
1493 5285 1542 5326 :«
1567 5270 1632 5326 In
1652 5271 1741 5328 ira

126 5327 450 5426 {Educentur
476 5341 539 5398 hi
569 5327 791 5418 ΡδΡυῙίν
826 5327 1044 5422 Ciuibus
1073 5327 1144 5408 ad
1175 5371 1356 5426 paenae
1389 5373 1629 5416 sensum
1652 5327 1739 5418 sa;

127 5413 202 5520 llus
228 5432 658 5491 resurrectionis
679 5440 768 5493 est
787 5439 1110 5512 constituta
1131 5459 1144 5498 :
1171 5459 1206 5498 a
1224 5461 1342 5516 qna
1370 5445 1458 5502 ira
1487 5449 1735 5520 eripien-

126 5505 212 5566 dos
255 5531 354 5574 nos
393 5521 708 5594 Apostolus
763 5509 1074 5599 pollicetur
1099 5505 1320 5602 dicens,
1373 5505 1640 5604 Quonia‘m
1685 5541 1738 5596 si

125 5607 228 5655 cum
266 5606 435 5665 adhuc
477 5622 780 5684 peccatores
833 5634 1070 5676 essemus
1129 5621 1374 5680 Christus
1425 5642 1528 5697 pro
1579 5629 1735 5686 nobis

125 5697 335 5791 ingratus
371 5707 464 5768 est,
497 5704 668 5761 multo
693 5709 873 5779 magis
898 5709 1188 5782 justiﬁcati
1217 5715 1278 5768 in
1305 5717 1574 5786 sanguine
1617 5720 1734 5791 ejus

127 5775 424 5844 mirabimur
450 5807 550 5865 per
575 5809 700 5852 eum
725 5775 806 5854 ab.
825 5775 915 5856 ira
944 5775 1116 5872 (Rem.
1149 5821 1208 5874 ν,
1235 5803 1312 5877 9).
1336 5775 1443 5861 Prb
1469 5775 1731 5878 peccato-

1851 4823 2094 4879 homines
2150 4824 2396 4884 tenebras
2455 4825 2632 4894 magis
2669 4841 2834 4896 quam
2888 4825 3064 4881 lucem
3089 4843 3110 4880 :
3139 4832 3296 4880 erant
3347 4828 3496 4881 enim

1845 4929 2036 4970 eorum
2061 4913 2214 4968 mala
2241 4929 2404 4984 opera
2433 4912 2614 4981 (ibid,
2636 4929 2686 4968 υ.
2715 4913 2822 4986 19).
2849 4935 2878 4965 ‹‹
2899 4913 3065 4969 Unde
3093 4916 3324 4971 constat
3353 4913 3494 4985 quia

1847 5018 1950 5074 pro
1980 5001 2256 5058 omnibus
2299 5018 2513 5073 passus
2551 5005 2642 5057 est
2669 5001 2960 5070 Christus,
2992 4999 3092 5058 sed
3120 4999 3492 5057 credentibus

1847 5091 1949 5146 dat
1973 5089 2244 5146 salutem.

1919 5179 2180 5236 Tandem
2207 5179 2463 5250 qualiter
2499 5195 2685 5251 quave
2713 5177 3060 5236 discretione
3088 5175 3390 5236 orthodoxi
3415 5192 3490 5232 ex

1847 5267 2166 5342 Scripturis
2213 5267 2622 5324 intellexerunt
2649 5269 2805 5326 404
2832 5271 2892 5322 et
2927 5267 3174 5322 docuere
3220 5265 3489 5322 doctores

1845 5357 2125 5430 quoniam
2148 5373 2360 5429 passus
2381 5359 2470 5412 est
2489 5355 2756 5412 Christus
2777 5373 2880 5428 pro
2901 5353 3194 5423 omnibus,
3215 5353 3352 5408 licet
3369 5368 3484 5410 non

1843 5463 2046 5502 omnes
2077 5447 2149 5503 ad
2173 5449 2447 5502 aeternam
2471 5445 2720 5500 salutem
2751 5441 3041 5516 passionis
3059 5442 3189 5514 ejus
3210 5442 3485 5515 mysterio

1842 5536 2226 5604 redimantur,
2262 5533 2414 5590 Petri
2461 5534 2639 5589 verba
2686 5533 3126 5589 consideremus
3154 5531 3254 5606 qui
3292 5531 3436 5588 dicit
3467 5549 3481 5588 :

1841 5627 1958 5682 Non
1997 5624 2194 5691 tardat,
2226 5622 2520 5694 inquiens,
2552 5623 2816 5678 Dominus
2849 5624 3265 5708 promissionem
3300 5637 3480 5690 suam,

1839 5715 1931 5772 sed
1950 5720 2217 5788 exspeth
2231 5719 2448 5785 propter
2462 5727 2572 5781 vos,
2589 5712 2779 5769 nolens
2796 5713 3037 5785 aliquem
3051 5713 3254 5784 perire,
3265 5709 3358 5767 sed
3373 5727 3484 5767 om-

1838 5823 1934 5864 nes
1963 5804 2034 5860 ad
2065 5802 2441 5876 paenitentiam
2468 5803 2665 5858 reverti
2694 5801 2766 5876 (ιι
2790 5803 2937 5860 Patr.
2960 5819 3047 5870 III,
3066 5801 3145 5870 9).
3169 5801 3238 5858 Et
3266 5798 3480 5856 Paulus
