4018 6446
472 437 594 498 467

1421 435 1810 498 HINCMABI
1854 433 2306 498 RHEMENSIS
2353 429 2970 496 ARCHIEPISCOPI.

3765 425 3870 489 468

476 569 653 628 dicit:
679 569 796 644 Qui
808 568 1036 643 proprio
1056 568 1196 626 Filio
1215 585 1314 626 suo
1333 585 1443 625 non
1459 569 1718 643 pepercit,
1739 567 1833 626 sed
1849 575 1948 643 pro
1968 569 2126 626 nobis
2153 568 2208 636 Α
2235 564 2386 624 libro
2415 565 2672 623 secundo
2702 564 2774 621 de
2803 561 3040 638 Nuptiis
3079 565 3138 619 et
3176 556 3664 634 Concupiscentia
3698 557 3831 616 dicit

474 658 730 716 omnibus
774 657 1006 714 tradidit
1053 658 1218 713 illum
1245 657 1417 730 (Rom.
1450 675 1573 726 vm,
1597 658 1711 731 32).
1743 659 1815 714 Et
1847 675 1862 713 :
1895 657 1958 714 Si
1998 673 2143 713 unus

478 763 582 822 pro
621 747 874 804 omnibus
921 753 1166 802 mortuus
1213 755 1314 814 est,
1344 763 1468 820 ergo
1515 763 1698 804 omnes
1743 748 1949 804 mortui
1993 755 2140 813 sunt,

477 841 542 894 et
566 852 666 910 pro
695 835 948 892 omnibus
978 843 1225 891 mortuus
1268 843 1348 892 est
1387 836 1462 908 (Il
1487 835 1608 891 Cor.
1641 853 1699 896 ν.
1733 836 1841 908 il),
1874 838 1970 908 qui
1997 835 2149 893 dedit

483 925 840 996 semetipsum
865 923 1288 997 redemptionem
1310 940 1411 996 pro
1439 925 1692 982 omnibus
1721 925 1770 995 (1
1803 927 1936 980 Tim.
1969 941 2031 992 ιι,
2061 923 2138 996 6).

483 1014 558 1070 Et
594 1029 608 1070 :
644 1013 830 1069 Gratia
858 1013 957 1068 Dei
997 1029 1098 1086 pro
1127 1014 1380 1070 omnibus
1425 1015 1662 1086 gustavit
1703 1021 1930 1070 mortem
1959 1013 2139 1086 (Hebr-

487 1119 552 1167 ιι,
575 1101 652 1170 9).
678 1101 824 1168 Quia
853 1105 922 1157 ut
951 1101 1133 1158 Isaias
1165 1101 1326 1166 dicit,
1361 1101 1556 1159 Omnes
1591 1119 1690 1160 nos
1726 1102 1879 1159 velut
1905 1119 2026 1160 oves
2054 1119 2141 1159 er-

485 1191 759 1260 ravimus,
786 1193 1163 1264 unusquisque
1189 1192 1250 1248 in
1275 1193 1421 1248 viam
1437 1208 1598 1248 suam
1625 1191 1936 1258 declinavit,
1959 1199 2010 1248 et
2047 1193 2144 1249 Do-

484 1280 674 1335 minus
702 1281 889 1352 posuit
918 1281 978 1336 in
1005 1296 1066 1336 eo
1097 1282 1445 1354 iniquitatem
1472 1283 1720 1338 omnium
1746 1289 1994 1338 nostrum
2012 1283 2142 1352 (Isa.

489 1385 606 1435 Lm,
626 1369 704 1437 6).
739 1367 887 1434 Quia
915 1385 1052 1424 vero
1083 1383 1200 1424 non
1221 1385 1428 1426 omnes
1456 1369 1750 1443 passionis
1776 1372 1908 1444 ejus
1935 1375 2147 1445 mystc-

489 1455 574 1512 rio
595 1461 740 1513 sunt
763 1457 1072 1530 redempti,
1094 1457 1231 1516 licet
1260 1459 1385 1532 ipse
1404 1460 1579 1516 fuerit
1607 1477 1820 1533 passus
1839 1479 1942 1535 pro
1964 1461 2149 1518 omni-

489 1545 624 1612 bus,
638 1545 978 1602 manifestat
995 1545 1203 1602 iterum
1229 1564 1334 1621 per
1350 1549 1563 1606 Isaiam
1581 1549 1786 1607 dicens
1805 1567 1817 1607 :
1838 1551 1901 1607 In
1917 1551 2148 1608 scientia

487 1651 590 1691 sua
621 1635 948 1708 justiﬁcavit
1001 1637 1117 1708 ipse
1163 1653 1344 1694 servos
1394 1653 1522 1700 suos
1567 1639 1766 1697 multos
1797 1640 2012 1713 (leam,
2036 1640 2142 1711 11).

487 1723 558 1780 Et
613 1722 751 1780 item
801 1741 814 1780 :
866 1724 985 1794 Ipse
1033 1733 1256 1798 peccata
1306 1728 1609 1784 multorum
1664 1730 1792 1786 tulit
1840 1729 2044 1802 (ibid.).
2077 1729 2150 1786 Et

487 1809 627 1868 item
664 1829 677 1869 :
717 1813 820 1870 Iste
865 1823 1120 1889 asperget
1163 1823 1346 1888 gentes
1394 1817 1598 1874 multas
1642 1818 1770 1892 (lsa.
1806 1835 1900 1886 ιιι,
1937 1819 2046 1892 15).
2077 1819 2150 1876 Et

487 1899 549 1956 in
579 1901 888 1976 Evangelio
921 1919 936 1960 :
967 1903 1146 1960 Filius
1175 1905 1415 1962 hominis
1462 1922 1570 1962 non
1617 1909 1766 1964 venit
1811 1909 2148 1971 ministrari,

485 1988 580 2046 sed
604 1991 945 2058 ministrare,
977 1999 1029 2048 et
1064 1993 1198 2049 dare
1225 1996 1472 2050 animam
1517 2011 1677 2052 suam
1727 1997 2150 2070 redemptionem

481 2094 585 2151 pro
629 2080 820 2136 multis
852 2080 1002 2150 (Mat.
1033 2100 1127 2150 xx,
1158 2082 1271 2154 28).
1303 2083 1375 2138 Et
1419 2083 1736 2157 Apostolus
1767 2101 1782 2141 :
1824 2091 1932 2142 Per
1978 2087 2148 2143 unius

487 2166 852 2224 obedientiam
897 2171 1042 2243 justi
1088 2173 1484 2229 constituentur
1527 2174 1692 2230 multi
1737 2175 1912 2243 (Rom.
1945 2193 2000 2243 v,
2035 2173 2143 2248 19).

489 2255 562 2310 Et
589 2255 729 2311 item
759 2273 772 2312 :
811 2259 876 2314 Ut
901 2260 976 2314 sit
1001 2261 1116 2332 ipse
1139 2262 1540 2333 primogenitus
1571 2263 1632 2318 in
1659 2264 1852 2320 multis
1879 2265 2148 2335 fratribus

489 2337 668 2410 (Rom.
696 2362 818 2412 vni,
839 2346 952 2418 29).
975 2349 1046 2404 Et
1077 2347 1216 2405 item
1253 2366 1266 2405 :
1293 2351 1398 2418 Qui
1424 2351 1622 2407 multos
1650 2353 1796 2424 ﬁlios
1825 2354 1886 2408 in
1913 2354 2150 2426 gloriam

488 2432 800 2499 adduxerat
827 2435 1006 2504 (Hebr.
1043 2454 1106 2506 ιι,
1141 2439 1250 2507 10).
1299 2440 1369 2494 Et
1418 2439 1558 2495 item
1605 2457 1618 2496 :
1663 2440 1910 2498 Christus
1952 2460 2148 2515 passus

493 2530 576 2578 est
599 2522 669 2578 ad
708 2524 1008 2580 multorum
1049 2526 1427 2584 exhaurienda
1463 2537 1678 2601 peccata
1708 2529 1888 2602 (Hebr.
1923 2549 1998 2598 ix,
2031 2531 2143 2605 28).

497 2611 569 2667 Et
598 2611 737 2668 item
773 2628 785 2666 :
819 2612 1065 2670 Christus
1103 2615 1304 2674 dilexit
1336 2618 1662 2684 Ecclesium,
1692 2627 1744 2675 et
1768 2620 2007 2692 seipsum
2033 2628 2146 2678 tra-

499 2700 644 2757 didit
667 2717 768 2774 pro
797 2719 860 2759 ea
888 2703 1114 2776 (Ep/tes.
1145 2723 1200 2774 ν,
1229 2706 1343 2780 25).
1379 2707 1440 2762 In
1483 2705 1698 2780 quibus
1735 2707 1986 2782 singulis
2015 2727 2146 2766 sen-

495 2790 699 2847 tentiis
729 2791 1172 2866 intelligendum
1203 2799 1313 2862 est,
1347 2794 1474 2852 ideo
1519 2813 1623 2868 pro
1662 2796 1864 2853 multis
1895 2815 2010 2854 non
2043 2816 2146 2872 pro

497 2879 773 2936 omnibus
797 2880 1040 2950 dictum,
1055 2883 1196 2956 quia
1219 2899 1333 2939 non
1355 2901 1560 2941 omnes
1579 2885 1973 2955 crediderunt,
1995 2885 2149 2945 sicut

498 2967 555 3023 in
593 2969 1095 3042 subsequentibus
1131 2973 1322 3030 verbis
1365 2973 1601 3031 Patrum
1661 2975 2144 3034 monstrabimus.

495 3056 608 3114 Sed
632 3061 689 3113 et
709 3057 1044 3131 Matthaaus,
1065 3063 1122 3116 et
1143 3061 1395 3130 Marcus,
1418 3067 1477 3119 et
1507 3063 1718 3132 Lucas,
1740 3063 1870 3120 ideo
1897 3081 2012 3120 non
2042 3082 2146 3138 pro

495 3144 792 3216 omnibus,
807 3148 907 3203 sed
932 3163 1036 3220 pro
1057 3147 1261 3206 multis
1277 3153 1335 3206 et
1353 3166 1458 3223 pro
1473 3150 1635 3208 vobis
1655 3151 1922 3208 tradetur
1935 3169 2147 3225 corpus

497 3249 718 3302 meum,
737 3238 797 3290 et
817 3236 1148 3294 etinndetur
1167 3239 1409 3313 sanguis
1429 3256 1617 3307 meus,
1641 3239 1848 3296 dicunt
1867 3243 2147 3314 protesta-

495 3326 624 3378 tum
647 3321 828 3380 fuisse
847 3323 1162 3382 Dominum
1185 3327 1702 3402 salvatorem,quia
1721 3327 1857 3386 licet
1877 3328 2146 3387 Christus

497 3429 602 3484 pro
623 3411 898 3471 omnibus
919 3431 1130 3487 passus
1148 3416 1339 3483 fuerit,
1353 3434 1468 3473 non
1491 3433 1697 3474 omnes
1711 3417 2003 3490 passionis
2018 3419 2146 3492 ejus

498 3500 775 3574 mysterio
804 3506 944 3558 sunt
973 3505 1278 3578 redempti.
1312 3507 1384 3561 Et
1429 3505 1570 3578 quia
1609 3523 1722 3563 non
1753 3523 1959 3563 omnes
2005 3513 2147 3565 sunt

497 3590 780 3662 redempti
815 3608 917 3663 pro
949 3593 1166 3665 quibus
1204 3598 1294 3650 est
1323 3611 1555 3666 passus,
1587 3595 1657 3650 ad
1702 3595 2026 3653 infidelium
2057 3615 2142 3654 re-

497 3677 672 3750 spicit
690 3683 1066 3750 partem,non
1087 3683 1156 3737 ad
1182 3682 1350 3756 pretii
1375 3687 1882 3755 potestatem,cum
1903 3685 2146 3760 sanguis

496 3766 728 3823 Domini
751 3769 935 3826 nostri
954 3770 1093 3826 Jesu
1109 3769 1322 3826 Christi
1345 3771 1598 3844 pretium
1621 3771 1698 3828 sit
1718 3774 1898 3831 totius
1916 3775 2141 3832 mundi.

496 3855 664 3912 Sicut
689 3856 848 3912 enim
877 3861 1009 3930 post
1033 3858 1348 3915 adventum
1378 3858 1438 3915 in
1469 3877 1643 3916 carne
1671 3862 1934 3934 ejusdem
1955 3863 2054 3920 Dei
2087 3867 2148 3920 et

495 3942 802 4000 hominum
836 3947 1196 4014 mediatoris,
1231 3965 1347 4004 non
1378 3948 1585 4005 salvati
1627 3954 1784 4019 sunt,
1808 3968 1995 4024 neque
2023 3951 2143 4008 sal-

491 4037 723 4097 vantur,
749 4049 856 4089 nec
885 4034 1064 4090 etiam
1087 4035 1490 4104 salvabuntur,
1509 4039 1609 4110 qui
1643 4038 1702 4094 in
1732 4057 1864 4096 eum
1897 4043 1956 4096 et
1983 4057 2141 4110 eum,

495 4119 652 4175 sicut
671 4120 956 4178 catholica
981 4127 1141 4179 tenet
1170 4141 1237 4181 ac
1261 4125 1429 4182 docet
1453 4127 1728 4197 Ecclesia,
1753 4146 1868 4185 non
1899 4129 2147 4186 credunt

493 4207 720 4274 Josum,
743 4207 802 4263 id
825 4214 916 4265 est
937 4209 1283 4270 salvatorem
1308 4215 1535 4284 mundi,
1557 4216 1644 4273 vel
1674 4217 1725 4273 si
1749 4217 1942 4274 verbis
1971 4220 2147 4275 confi-

493 4299 710 4362 tentur,
735 4297 904 4354 t‘actis
929 4304 1125 4356 autem
1159 4305 1394 4376 negant,
1423 4303 1562 4377 quia
1605 4323 1721 4362 non
1754 4307 2002 4363 credunt
2031 4307 2145 4365 fide

496 4399 623 4453 qua:
647 4400 750 4456 per
768 4383 1139 4444 dilectionem
1162 4395 1456 4463 operatur,
1475 4409 1610 4449 nam
1632 4397 1691 4450 et
1711 4395 2006 4450 daemones
2026 4412 2145 4452 crc-

495 4469 646 4526 dunt
673 4476 731 4527 et
759 4475 1236 4548 contremiscunt,
1269 4478 1496 4538 dicente
1535 4481 1874 4556 Scriptura:
1901 4484 2006 4553 Qui
2033 4501 2144 4541 non

493 4558 664 4614 credit
681 4561 802 4632 jam
829 4562 1109 4633 judicatus
1138 4575 1218 4624 est
1243 4569 1420 4636 (Joan.
1444 4587 1528 4637 ιιι,
1559 4571 1668 4639 18),
1705 4571 1844 4644 quia
1871 4589 1987 4628 non
2019 4590 2141 4630 cre-

2251 659 2393 729 (cap.
2420 657 2506 723 11)
2527 671 2576 708 :«
2601 653 2868 710 Masculus
2888 653 2986 726 qui
2999 667 3112 708 non
3127 647 3548 707 circumcidetur
3563 663 3728 704 carne
3747 663 3875 721 prae-

2248 745 2400 819 putii
2435 745 2528 802 sui
2571 750 2751 800 octavo
2779 742 2888 812 die,
2919 742 3177 814 disperiet
3203 740 3393 795 anima
3436 739 3554 811 ejus
3599 737 3666 793 de
3703 753 3876 810 genere

2250 851 2368 904 suo,
2393 837 2526 908 quia
2546 839 2920 890 testamentum
2936 846 3117 886 meum
3139 829 3429 902 dissipavit
3445 826 3598 900 (Gen.
3619 843 3755 894 xvn,
3777 827 3871 895 14).

2251 923 2418 981 Dicat
2436 922 2565 990 iste,
2589 921 2638 978 si
2661 925 2870 996 potest,
2883 919 3176 992 quomodo
3196 933 3342 990 puer
3360 915 3457 972 ille
3475 919 3876 972 testamentum

2251 1011 2558 1085 dissipavit
2585 1015 2716 1068 octo
2743 1009 2995 1078 dierum,
3017 1011 3304 1081 quantum
3336 1006 3407 1062 ad
3439 1004 3638 1077 ipsum
3669 1002 3878 1075 proprie

2251 1100 2479 1168 attinet,
2504 1100 2784 1156 innocens
2813 1097 3044 1154 infans:
3075 1101 3132 1152 et
3157 1099 3355 1152 tamen
3385 1092 3724 1150 nullomodo
3742 1091 3879 1148 Deus

2251 1189 2338 1246 vel
2370 1189 2673 1262 Scriptura
2699 1191 2903 1244 sancta
2941 1185 3000 1242 id
3053 1183 3415 1241 mendaciter
3461 1183 3702 1239 diceret.
3733 1181 3878 1237 Tunc

2253 1295 2390 1352 ergo
2413 1276 2720 1350 dissipavit
2746 1277 3164 1332 testamentum
3186 1272 3308 1341 Dei,
3331 1289 3449 1328 non
3479 1270 3592 1327 hoc
3624 1271 3696 1325 de
3724 1269 3879 1342 impe-

2250 1371 2383 1422 rata
2409 1363 2874 1431 circumcisione,
2898 1363 2999 1420 sed
3030 1361 3178 1418 illud
3209 1362 3282 1438 de
3309 1359 3452 1434 ligni
3483 1358 3879 1434 prohibitione,

2255 1455 2488 1529 quando
2515 1471 2614 1528 per
2632 1471 2805 1510 unum
2823 1453 3096 1509 hominem
3118 1455 3403 1525 peccatum
3421 1451 3656 1506 intravit
3674 1449 3734 1504 in
3750 1463 3883 1504 mun-

2255 1545 2406 1617 dum,
2436 1553 2490 1602 et
2509 1561 2611 1618 per
2643 1550 2923 1618 peccatum
2946 1558 3113 1609 mors,
3144 1548 3198 1598 et
3224 1543 3302 1598 ita
3337 1540 3399 1596 in
3435 1555 3625 1598 manes
3663 1539 3884 1596 homines

2251 1635 2592 1707 pertransiit,
2625 1634 2685 1690 in
2731 1648 2835 1706 quo
2881 1647 3065 1689 omnes
3108 1637 3467 1704 peccaverunt
3497 1630 3678 1698 (Rom.
3711 1645 3767 1698 v,
3792 1627 3882 1700 12).

2256 1723 2327 1779 Et
2353 1723 2464 1779 hoc
2495 1723 2554 1778 in
2585 1721 2686 1778 illo
2725 1719 3169 1795 signiﬁcabatur
3206 1717 3425 1792 expiari
3457 1715 3884 1774 circumcisione

2257 1811 2440 1870 octavi
2464 1810 2602 1880 diei,
2622 1811 2732 1867 hoc
2752 1815 2860 1880 est,
2885 1813 3251 1866 sacramento
3281 1806 3624 1864 Mediatoris
3657 1806 3716 1862 in
3735 1821 3886 1862 came

2255 1901 2523 1958 venturi:
2549 1899 2686 1973 quia
2731 1915 2832 1972 per
2859 1898 3126 1954 eamdem
3157 1897 3334 1954 fidem
3361 1895 3594 1953 venturi
3639 1896 3700 1951 in
3737 1911 3887 1952 carne

2257 1989 2494 2062 Christi,
2516 1995 2573 2044 et
2593 1987 2860 2045 morituri
2891 2004 2994 2060 pro
3016 1985 3206 2052 nobis,
3229 1991 3288 2042 et
3311 1985 3482 2042 tertio
3504 1985 3602 2042 die
3625 1984 3746 2059 (qui
3776 1987 3888 2057 post

2259 2079 2574 2152 septimum
2605 2075 2846 2134 Sabbati
2876 2077 3064 2132 fuerat
3093 2075 3326 2132 futurus
3354 2077 3623 2146 octavus)
3653 2090 3888 2131 resurre-

2257 2167 2428 2237 cturi,
2462 2166 2639 2223 etiam
2663 2164 2812 2240 justi
2841 2164 3218 2222 salvahantur
3244 2163 3494 2237 antiqui.
3517 2163 3800 2221 Traditus
3815 2167 3892 2220 est

2256 2255 2413 2312 enim
2447 2259 2682 2329 propter
2709 2253 2920 2312 delicta
2963 2259 3180 2323 nostra,
3211 2257 3270 2309 et
3309 2252 3632 2310 resurrexit
3677 2256 3892 2326 propter

2247 2345 2734 2418 justificationem
2765 2346 3049 2400 nostram.
3072 2343 3153 2398 Ex
3182 2359 3296 2416 quo
3327 2341 3486 2398 enim
3517 2342 3793 2399 instituta
3817 2344 3892 2398 est

2255 2431 2626 2490 circumcisio
2655 2433 2712 2487 in
2745 2430 2960 2505 populo
2983 2431 3106 2500 Dei,
3129 2431 3285 2504 quod
3313 2433 3440 2487 erat
3468 2434 3614 2488 tunc
3647 2430 3893 2505 signacu-

2257 2523 2380 2580 lum
2403 2522 2651 2596 justitia:
2681 2523 2816 2578 fidei
2849 2522 3021 2595 (Rom.
3054 2538 3130 2588 iv,
3166 2520 3274 2593 11),
3308 2521 3378 2576 ad
3413 2519 3890 2594 signiﬁcationem

2256 2611 2622 2686 purgationis
2644 2611 2873 2668 valebat
2895 2615 2952 2668 et
2981 2609 3240 2684 parvulis
3257 2609 3560 2682 originalis
3580 2609 3893 2682 veterisque

2256 2699 2497 2775 peccati,
2514 2700 2666 2756 sicut
2685 2704 2743 2756 et
2761 2699 3094 2773 baptismus
3115 2715 3183 2754 ex
3203 2697 3304 2754 illo
3321 2697 3512 2754 valere
3533 2698 3720 2770 coepit
3738 2697 3806 2754 ad
3825 2697 3896 2752 in-

2256 2789 2626 2846 novationem
2643 2787 2902 2845 hominis
2916 2805 2986 2844 ex
3001 2804 3118 2860 quo
3140 2790 3232 2844 est
3249 2785 3584 2843 institutus.
3602 2787 3732 2842 Non
3755 2785 3891 2860 quod

2255 2882 2392 2935 ante
2421 2877 2928 2934 eireumeisionem
2959 2875 3196 2949 justitia
3225 2874 3359 2932 fidei
3390 2874 3551 2932 nulla
3579 2879 3732 2932 erat.
3763 2875 3892 2931 Nam

2255 2984 2388 3024 cum
2412 2967 2604 3024 adhuc
2624 2970 2780 3023 esset
2799 2966 2856 3022 in
2879 2964 3181 3040 praeputio,
3204 2982 3275 3022 ex
3296 2965 3408 3021 fide
3428 2963 3800 3038 justiﬁcatus
3817 2967 3894 3020 est

2254 3055 2380 3129 ipse
2400 3054 2711 3121 Abraham,
2727 3057 2891 3127 pater
2909 3052 3170 3127 gentium
3190 3069 3316 3126 quae
3335 3052 3508 3106 fidem
3536 3051 3735 3122 ipsius
3748 3054 3896 3106 erant

2255 3149 2556 3202 sectaturie
2577 3161 2591 3198 :
2611 3143 2712 3199 sed
2737 3141 3137 3216 superioribus
3157 3140 3524 3214 temporibus
3544 3140 3711 3197 omni
3739 3139 3895 3195 modo

2254 3231 2430 3290 latuit
2459 3237 2896 3290 sacramentum
2931 3227 3374 3303 justificationis
3411 3245 3481 3285 ex
3522 3229 3662 3286 fide.
3696 3228 3896 3286 Eadem

2175 3307 2220 3376 Β
2251 3326 2448 3378 tamen
2481 3323 2626 3378 fides
2655 3319 2994 3376 Mediatoris
3024 3317 3215 3376 salvos
3237 3317 3436 3390 justos
3465 3317 3724 3374 faciebat
3755 3316 3896 3372 anti-

2253 3428 2422 3484 quos,
2436 3410 2684 3485 pusillos
2703 3426 2839 3465 cum
2860 3407 3113 3482 magnis,
3129 3423 3244 3463 non
3261 3405 3444 3462 Vetus
3461 3407 3898 3462 Testamentum

2253 3501 2407 3574 quod
2461 3499 2518 3555 in
2567 3499 2908 3556 servitutem
2959 3499 3198 3571 generat
3226 3495 3366 3568 (Gal.
3395 3512 3472 3564 IV,
3493 3496 3612 3564 24),
3651 3512 3772 3551 ncn
3819 3493 3899 3549 lex

2253 3606 2382 3662 quae
2415 3606 2529 3645 non
2562 3588 2647 3644 sic
2687 3592 2778 3643 est
2807 3587 2943 3643 data
2970 3602 3097 3658 quis
3129 3587 3328 3658 posset
3356 3583 3652 3639 viviﬁcare
3688 3583 3792 3655 (Id.
3825 3599 3898 3648 in,

2251 3679 2362 3750 21),
2399 3679 2502 3734 sed
2531 3676 2720 3751 gratia
2747 3675 2844 3732 Dei
2877 3693 2981 3748 per
3019 3674 3226 3732 Jesum
3256 3671 3553 3728 Christum
3586 3671 3898 3729 Dominum

2253 3772 2520 3823 nostrum
2554 3767 2728 3835 (Rom.
2769 3782 2868 3833 vn,
2897 3763 3010 3838 25).
3045 3761 3192 3830 Quia
3237 3761 3394 3818 sicut
3442 3760 3750 3818 credimus
3803 3777 3900 3816 nos

2251 3855 2550 3912 Christum
2581 3854 2640 3910 in
2670 3871 2845 3910 carne
2863 3851 3110 3920 venisse,
3135 3850 3220 3908 sic
3249 3849 3337 3906 illi
3365 3854 3688 3908 venturum
3715 3867 3730 3907 :
3759 3851 3902 3907 sicut

2252 3963 2360 4002 nos
2391 3949 2711 4014 mortuum,
2741 3943 2824 3999 ita
2851 3943 2935 3998 illi
2969 3941 3321 3999 moriturum
3345 3955 3358 3994 :
3385 3939 3540 3996 sicut
3570 3957 3683 3996 nos
3714 3956 3900 3996 resur-

2251 4034 2490 4103 rexisse,
2515 4033 2700 4090 itailli
2723 4035 3187 4089 resurrecturum
3211 4045 3225 4084 :
3249 4032 3307 4086 et
3325 4046 3432 4086 nos
3461 4045 3596 4086 vero
3629 4033 3690 4086 et.
3719 4028 3806 4086 illi
3834 4027 3902 4084 ad

2243 4122 2538 4196 judicium
2581 4126 2949 4179 mortuorum
2989 4119 3367 4192 vivorumque
3405 4123 3750 4174 venturu'n.
3783 4119 3902 4175 Non

2251 4229 2389 4286 ergo
2407 4213 2516 4267 iste
2535 4210 2857 4267 humanam
2882 4208 3033 4266 male
3050 4207 3418 4266 defendendo
3441 4206 3744 4280 impedita
3761 4206 3906 4264 salu-

2251 4305 2309 4358 tc
2330 4299 2766 4373 naturam,quia
2783 4315 2988 4355 omnes
3009 4297 3120 4354 sub
3141 4299 3376 4369 peccato
3398 4295 3793 4361 nascimur,et
3811 4313 3906 4370 per

2252 4407 2437 4447 unum
2455 4387 2775 4460 solum,qui
2794 4388 2922 4444 sine
2945 4390 3179 4460 peccato
3199 4389 3375 4442 natus
3389 4387 3500 4454 est,
3523 4383 3904 4453 liberamur,-

2248 4478 2517 4535 videlicet
2537 4479 2650 4534 ﬁde
2680 4495 2806 4550 quae
2832 4491 2936 4550 per
2957 4473 3328 4532 dilectionem
3355 4478 3636 4548 operatur
3659 4475 3905 4531 creden-

2249 4571 2360 4636 tes,
2385 4572 2441 4624 et
2468 4571 2603 4624 ante
2631 4567 2944 4622 adventum
2975 4567 3035 4620 et
3065 4567 3196 4636 post
3219 4563 3532 4620 adventum
3566 4561 3830 4631 Domini,
3852 4565 3908 4618 et

496 4647 648 4742 didit
683 4649 741 4704 in
793 4653 1027 4742 nomine
1059 4655 1343 4729 unigeniti
1397 4657 1523 4714 Filii
1571 4659 1692 4716 Dei.
1724 4661 1794 4717 Et
1837 4661 2092 4719 Jacobus
2123 4680 2138 4720 :
2169 4677 2218 4742 υ
2249 4656 2464 4714 abhinc
2493 4672 2681 4728 usque
2717 4655 2788 4710 ad
2822 4655 3000 4742 ﬁnem
3049 4650 3246 4708 8890"“
3294 4649 3598 4742 φθάίιιπί·
3630 4651 3744 4742 Ωυί
3776 4669 3906 4742 Ῠθνίέ

496 4736 648 4809 Quid
669 4737 932 4810 proderit,
963 4743 1162 4813 fratres
1199 4749 1326 4816 mei,
1359 4748 1412 4802 si
1437 4747 1601 4819 ﬁdem
1629 4749 1751 4820 quis
1784 4748 1930 4806 dieat
1953 4767 2011 4806 se
2039 4751 2137 4807 ha-

495 4825 635 4894 bere,
667 4843 828 4899 oqera
857 4837 1042 4886 autem
1079 4849 1188 4888 non
1234 4835 1443 4904 habeat,
1475 4836 1728 4910 nunquid
1767 4841 1965 4910 poterit
2009 4839 2140 4910 ﬁdes

492 4915 709 4971 salvare
731 4933 853 4972 eum
875 4920 1008 4986 (Jac.
1035 4939 1096 4988 ιι,
1125 4923 1248 4992 lli)?
1265 4924 1334 4980 Et
1363 4925 1647 4981 Dominus
1671 4943 1684 4979 :
1716 4925 1830 4982 Non
1849 4929 2024 4984 omnis
2047 4930 2142 5000 qui

491 5003 628 5059 dicit
652 5006 812 5073 mihi,
847 5007 1092 5078 Domine,
1119 5011 1361 5080 Domine,
1383 5014 1475 5068 sed
1515 5015 1612 5086 qui
1650 5015 1787 5086 facit
1813 5017 2141 5072 voluntatem

491 5092 677 5148 Patris
705 5097 834 5162 mei,
869 5097 984 5169 ipse
1014 5100 1242 5156 intrabit
1287 5103 1348 5156 in
1389 5117 1616 5172 regnum
1652 5103 1910 5159 caelorum
1934 5103 2135 5173 (Matth.

492 5197 592 5245 vn,
623 5183 712 5252 21)
765 5184 851 5240 Ita
880 5189 936 5241 ct
965 5189 1062 5260 qui
1096 5193 1228 5246 ante
1271 5189 1459 5262 ipsius
1506 5190 1564 5246 in
1609 5207 1781 5247 carne
1824 5193 2138 5249 adventum

493 5284 608 5322 non
631 5271 1003 5330 crediderunt
1023 5275 1082 5330 in
1105 5275 1322 5349 ipsum,
1345 5277 1451 5334 hoc
1467 5283 1557 5334 est
1578 5278 1637 5334 in
1657 5279 1987 5353 Jesum,qui
2013 5298 2141 5336 ven-

493 5358 666 5410 turus
695 5365 818 5416 erat
849 5361 908 5417 in
941 5364 1175 5421 nomine
1204 5365 1434 5422 Domini
1460 5365 1804 5422 benedictus
1835 5385 1933 5424 rex
1962 5368 2138 5424 Israel

493 5442 565 5498 ad
589 5443 896 5505 salvandas
915 5459 1136 5524 gentes,
1151 5454 1236 5508 vel
1262 5455 1308 5508 si
1335 5455 1580 5510 formam
1603 5455 1838 5528 pietatis
1858 5455 2144 5514 habentes

491 5530 762 5589 virtutem
787 5538 913 5608 ejus
935 5541 1208 5612 operibus
1231 5548 1608 5616 negaverunt.
1629 5545 2016 5616 perseveranti
2050 5544 2136 5602 in-

494 5619 773 5679 fidelitate
795 5628 945 5684 405
969 5635 1025 5684 et
1045 5629 1353 5703 iniquitate
1383 5632 1698 5704 perierunt.
1723 5631 1885 5690 Unde
1907 5637 1965 5690 et
1992 5651 2137 5707 prae-

494 5711 585 5766 ter
613 5709 713 5766 illa
741 5731 867 5786 qua:
899 5733 1076 5790 supra
1109 5720 1434 5791 posuimus,
1460 5721 1664 5777 beatus
1684 5722 2047 5795 Augustinus
2077 5723 2136 5779 in

2246 4746 2446 4803 eadem
2481 4745 2594 4800 ﬁde
2623 4744 2857 4799 crerlere
2882 4741 3215 4810 noluerunt,
3232 4739 3462 4807 nolunt,
3475 4742 3533 4796 et
3553 4739 3779 4807 nolent,
3797 4738 3907 4813 ipsi

2248 4835 2360 4892 sibi
2387 4851 2563 4889 causa
2594 4832 2801 4888 mortis
2829 4831 3198 4896 exstiterunt,
3232 4829 3512 4898 existunt,
3535 4832 3596 4884 et
3618 4829 3904 4895 existant;

2247 4923 2406 4996 quia,
2440 4927 2505 4977 ut
2539 4921 2784 4994 Prosper
2813 4920 2956 4976 dicit
2993 4919 3085 4990 (ad
3121 4918 3307 4992 object.
3344 4918 3492 4974 Vinc.
3527 4935 3669 4991 resp.
3711 4921 3788 4987 1),
3816 4934 3908 4991 po-

2245 5011 2443 5069 culum
2477 5009 2959 5076 immortalitatis,
2981 5009 3139 5082 quod
3159 5007 3492 5064 confectum
3518 5012 3612 5064 est
3640 5008 3715 5064 de
3751 5008 3908 5063 inﬁr-

2247 5101 2450 5158 mitate
2477 5103 2675 5156 nostra
2693 5102 2750 5155 et
2765 5097 2976 5153 virtute
2990 5095 3206 5164 divina,
3219 5095 3396 5153 habet
3413 5094 3652 5168 quidem
3675 5095 3740 5151 in
3759 5113 3826 5152 se
3845 5099 3909 5151 ut

2245 5189 2521 5246 omnibus
2553 5187 2755 5261 prosit,
2780 5187 2880 5243 sed
2912 5185 2962 5242 si
2995 5201 3111 5241 non
3143 5184 3366 5240 bibitur
3387 5201 3502 5240 non
3535 5184 3836 5241 medetur.

2320 5279 2478 5334 Hanc
2520 5275 2802 5334 catholica
2851 5275 3163 5332 discretam
3213 5273 3686 5347 intelligentiam,
3743 5273 3906 5347 quod

2246 5365 2517 5423 Christus
2535 5369 2704 5424 Iesus
2723 5365 3008 5422 Dominus
3031 5368 3228 5422 noster
3253 5381 3357 5438 pro
3377 5361 3656 5420 omnibus
3687 5380 3906 5435 passus

2247 5456 2344 5524 sit,
2368 5455 2503 5512 licet
2524 5472 2637 5511 non
2663 5471 2867 5509 omnes
2888 5453 3182 5526 passionis
3201 5453 3330 5524 ejus
3363 5453 3641 5525 mysterio
3663 5451 3788 5508 sint
3812 5469 3905 5507 re—

2247 5545 2867 5618 dempti,demonstrat
2885 5541 3060 5599 etiam
3083 5543 3292 5599 beatus
3305 5541 3675 5608 Ambrosius,
3689 5539 3753 5594 in
3773 5540 3907 5612 Epi-

2247 5633 2396 5690 stola
2431 5632 2690 5689 secunda
2726 5631 2796 5687 ad
2834 5630 3166 5687 Corinthios
3206 5631 3407 5686 dicens
3429 5631 3568 5703 (cap.
3592 5632 3648 5699 5)
3672 5645 3724 5685 :u
3750 5627 3904 5698 Quod

2245 5725 2297 5779 si
2327 5739 2468 5778 unus
2508 5737 2608 5794 pro
2650 5721 2900 5777 omnibus
2931 5721 3086 5779 406
3114 5728 3361 5777 mortuus
3407 5728 3504 5790 est,
3537 5736 3662 5791 ergo
3709 5734 3904 5775 omnes
