4018 6472
192 481 297 546 469

764 443 772 449 ’
879 481 982 544 ne
1023 480 1786 546 PREDESTINATIONE
1830 483 2349 552 DISSERTATIO
2390 490 2856 558 pos'rsmon.

3451 502 3573 564 470

189 611 1247 684 mortmsunt(lICor.v,15).Quoniam
1269 615 1539 672 Christus
1561 615 1812 690 diligens
1842 616 2124 687 Aurbes,
2168 623 2270 678 aut
2329 622 2551 693 decem,
2605 627 2707 680 aut
2761 625 2987 700 viginti,
3038 645 3228 702 neque
3285 631 3356 688 ad
3415 634 3565 690 407

191 720 356 780 genus
385 703 726 770 humanum,
751 707 819 760 ut
847 721 948 761 eos
977 703 1308 772 redimeret,
1332 705 1503 762 morti
1538 723 1600 762 se
1629 706 1806 762 dedit.

191 795 251 850 Et
278 792 406 866 quia
425 809 624 848 omnes
647 809 884 850 necesse
905 797 995 850 est
1019 793 1166 849 mori
1192 811 1371 850 causa
1389 795 1546 866 Adae,
1569 813 1672 868 pro
1693 812 1814 852 om-

189 884 345 941 nibus
370 885 632 938 mortuus
654 884 746 938 est
769 881 1054 952 Christus,
1077 887 1143 938 ut
1161 900 1260 940 eos
1292 901 1326 940 a
1345 885 1604 940 secunda
1625 888 1812 940 morte

187 973 492 1030 liberaret.»
508 971 577 1027 Et
599 971 659 1026 in
690 970 884 1044 prima
912 971 1170 1045 Eqistola
1194 976 1334 1046 (cap.
1361 975 1421 1029 11
1445 990 1458 1030 :
1483 997 1510 1024 «
1537 975 1638 1030 Rei
1673 978 1813 1030 sunt

186 1061 421 1134 corporis
451 1064 508 1116 et
533 1059 841 1133 sanguinis
871 1059 1124 1117 Domini.
1149 1061 1390 1119 Occisus
1412 1067 1501 1119 est
1527 1064 1683 1120 enim
1705 1081 1810 1137 pro

184 1151 264 1208 his
292 1149 382 1223 qui
413 1149 762 1206 beneficium
793 1151 923 1223 ejus
959 1149 1016 1206 in
1058 1150 1289 1207 irritum
1321 1153 1564 1207 ducunt.
1593 1175 1620 1202 »
1650 1155 1719 1208 Et
1749 1154 1809 1210 in

181 1238 416 1313 Epistola
444 1239 516 1294 ad
548 1239 845 1296 Romanos
876 1255 930 1294 :«
960 1239 1114 1295 Sicut
1135 1257 1236 1312 per
1263 1243 1434 1296 unius
1461 1241 1720 1298 delictum
1751 1243 1809 1298 in

179 1345 343 1386 omnes
369 1328 612 1386 homines
643 1330 704 1384 in
745 1329 1248 1386 condemnationem
1278 1349 1297 1384 :
1325 1333 1408 1386 sic
1435 1339 1489 1386 et
1519 1348 1618 1403 per
1641 1333 1810 1388 unius

170 1419 424 1491 justitiam
467 1419 528 1474 in
575 1434 760 1474 omnes
797 1418 1043 1475 homines
1090 1420 1146 1474 in
1185 1419 1636 1492 justiﬁcationem
1682 1421 1811 1477 vitm

176 1507 330 1576 (Rom.
351 1523 408 1578 v,
431 1507 538 1578 16).
557 1507 676 1564 Hoc
698 1511 808 1577 est,
834 1507 988 1565 sicut
1018 1506 1196 1562 unius
1229 1507 1440 1564 delicto
1469 1525 1676 1565 omnes
1703 1509 1808 1564 bo-

175 1595 342 1652 mines
355 1594 902 1652 condemnationem
919 1599 1260 1652 meruerunt
1277 1596 1554 1652 similiter
1571 1614 1811 1669 peccan-

175 1689 270 1753 tes,
292 1685 368 1741 ita
387 1688 444 1741 et
473 1683 529 1740 in
553 1685 794 1758 justitia
816 1683 992 1741 unius
1023 1701 1228 1742 omnes
1249 1685 1660 1757 justificantur
1679 1703 1807 1742 cre-

175 1775 374 1832 dentes.
399 1775 457 1832 Si
481 1774 581 1848 qui
608 1779 806 1831 autem
825 1775 1374 1830 condemnationem
1394 1775 1546 1835 hanc
1573 1792 1810 1848 genera-

173 1863 272 1920 lem
293 1881 415 1920 esse
443 1868 676 1938 putant,
700 1862 878 1920 simili
913 1864 1086 1920 modo
1107 1867 1165 1920 et
1184 1863 1677 1936 justificationem
1707 1881 1806 1931 ge-

1921 727 2098 766 unam
2143 726 2246 766 vos
2296 711 2464 767 mitto
2517 716 2751 787 gentem
2799 713 2952 771 sicut
3007 716 3182 774 etiam
3231 720 3568 793 prophetas,

1922 799 2024 854 sed
2059 799 2130 856 ad
2153 817 2386 856 omnem
2420 805 2638 858 terram
2669 821 2912 876 prorsus
2947 822 3012 860 ac
3055 824 3236 878 mare,
3267 812 3574 884 totumque

1921 889 2236 954 mundum,
2259 889 2493 946 ethunc
2517 892 2696 948 variis
2719 892 3068 950 criminibus
3087 901 3574 968 oppressum.»Et

1921 977 2061 1050 quia
2089 995 2205 1034 non
2238 995 2442 1036 omnes
2472 979 2773 1036 salvantur
2801 983 2872 1038 ad
2910 999 3058 1055 quos
3085 985 3329 1040 verbum
3363 987 3572 1044 salutis

1920 1066 2172 1122 missum
2204 1071 2313 1133 est,
2339 1085 2444 1123 nec
2473 1085 2676 1125 omnes
2709 1071 3000 1142 passionis
3029 1073 3157 1144 ejus
3178 1075 3457 1147 mysterio
3487 1093 3572 1132 re-

1919 1156 2248 1224 dimuntur,
2276 1173 2380 1228 pro
2412 1157 2630 1229 quibus
2663 1159 2824 1215 salus
2855 1164 3059 1232 parata
3078 1161 3352 1219 omnibus
3375 1165 3568 1220 crucis

1919 1243 2101 1300 subiit
2139 1245 2494 1318 passionem,
2530 1246 2667 1302 item
2721 1246 2874 1304 idem
2909 1248 3127 1305 doctor'
3156 1251 3478 1309 catholicus
3507 1253 3563 1308 in

1915 1333 2161 1389 homilia
2191 1333 2442 1406 septima
2481 1336 2746 1406 ejusdem
2786 1338 3150 1412 evangelista:
3182 1340 3324 1396 dicit
3356 1358 3404 1396 ει
3439 1343 3564 1398 Non

1916 1423 2095 1491 enim,
2120 1421 2413 1495 inquiens,
2439 1441 2642 1480 omnes
2672 1425 2771 1498 qui
2811 1444 2880 1481 ex
2909 1427 3087 1484 Israel
3117 1428 3178 1484 hi
3211 1434 3350 1485 sunt
3379 1431 3567 1488 Israe-

1916 1511 2053 1582 litze,
2087 1513 2186 1568 sed
2219 1512 2555 1586 quicunque
2586 1530 2689 1586 per
2727 1515 2901 1571 {idem
2941 1517 3415 1590 repromissionis
3444 1518 3564 1574 nati

1917 1603 2074 1656 sunt.
2109 1599 2167 1656 Si
2200 1617 2334 1657 vero
2382 1618 2496 1656 non
2531 1619 2734 1658 omnes
2772 1603 2938 1677 regit,
2962 1609 3298 1661 vocatorum
3345 1607 3565 1663 crimen

1915 1692 2024 1754 est,
2049 1706 2166 1745 non
2196 1690 2478 1746 vocantis.
2508 1712 2535 1742 »
2560 1692 2630 1746 Et
2667 1691 2806 1748 item
2831 1709 2846 1748 :
2874 1715 2902 1744 «
2928 1695 3089 1760 Quod
3140 1699 3294 1751 certe
3342 1685 3481 1752 dicit
3510 1699 3567 1752 et

1917 1778 2156 1845 Paulus,
2193 1779 2365 1848 Vobis,
2395 1779 2608 1853 inquit,
2641 1783 2912 1853 oportebat
2945 1785 3189 1855 primum
3235 1786 3566 1842 annuntiari

1914 1867 2139 1922 verbum
2189 1869 2308 1935 Dei,
2339 1868 2434 1924 sed
2483 1871 2744 1942 quoniam
2799 1871 3052 1944 indignos
3109 1889 3200 1928 vos
3243 1873 3561 1946 judimstis,

174 1951 738 2051 neralempccipient.
763 1953 872 2009 Sed
897 1969 1012 2008 non
1033 1956 1123 2008 est
1141 1969 1364 2051 verum,
1391 1953 1530 2025 quia
1550 1971 1666 2008 non
1689 1971 1809 2051 om-
1835 1985 1884 2051 B
1915 1958 2274 2012 convertimus
2302 1973 2402 2014 nos
2446 1957 2517 2014 ad
2558 1965 2738 2032 gentes
2767 1959 2899 2032 (Act.
2923 1977 3042 2027 xul,
3065 1963 3174 2032 46).
3197 1961 3266 2016 Et
3301 1961 3350 2018 si
3381 1961 3561 2034 igitur

174 2057 263 2097 nes
301 2041 559 2098 credunt.
589 2039 801 2098 {Hanc
862 2045 1104 2097 sanctus
1156 2041 1544 2116 Hieronymus
1591 2041 1799 2111 tenuit,

173 2131 352 2188 dicens
379 2130 436 2186 in
465 2131 845 2204 Expositione
880 2129 1152 2204 Epistolas
1193 2131 1264 2186 ad
1305 2130 1584 2203 Ephesios
1609 2148 1659 2187 :«
1689 2133 1803 2187 lloc

174 2219 224 2274 in
252 2219 344 2276 Dei
376 2219 517 2276 Filio
545 2217 831 2293 possibile
851 2217 1245 2292 judicandum
1279 2223 1386 2288 est,
1409 2221 1566 2292 quod
1599 2236 1803 2276 cruore

172 2326 263 2366 suo
292 2325 395 2366 non
418 2309 625 2365 urbem
651 2325 852 2376 unam,
881 2309 983 2366 sed
1004 2311 1195 2364 totum
1221 2312 1433 2382 purgat
1453 2310 1708 2365 orbem.»
1732 2311 1805 2366 Et

171 2396 220 2453 in
247 2401 568 2456 commento
599 2398 859 2454 Matthaei
896 2414 958 2452 τί(
990 2397 1164 2454 Solus
1193 2401 1320 2454 orat
1355 2413 1460 2470 pro
1501 2398 1800 2468 omnibus,

171 2485 303 2543 sicut
319 2491 372 2544 et
387 2487 549 2544 solus
565 2487 790 2560 patitur
804 2504 908 2560 pro
923 2487 1269 2544 universis.»
1281 2489 1350 2543 Et
1365 2486 1503 2543 item
1522 2487 1579 2542 in
1599 2489 1802 2544 eodem

169 2573 298 2632 libro
319 2600 345 2627 ‹‹
367 2578 540 2634 Filius
568 2577 811 2633 hominis
837 2592 950 2632 non
973 2577 1123 2632 venit
1147 2577 1482 2644 ministrari,
1515 2577 1607 2633 sed
1635 2579 1802 2633 mini-

171 2671 340 2734 strare,
362 2673 414 2723 et
437 2665 571 2722 dare
601 2667 850 2722 animam
867 2681 1028 2722 suam
1048 2665 1469 2738 redemptionem
1495 2683 1596 2739 pro
1616 2668 1805 2722 multis

173 2752 302 2821 (Mat.
331 2771 420 2824 xx,
443 2755 556 2828 28).
587 2755 715 2810 Non
748 2753 894 2810 dixit
924 2771 1028 2826 pro
1060 2755 1356 2821 omnibus,
1391 2755 1492 2811 sed
1521 2772 1626 2827 pro
1657 2755 1804 2810 mul-

173 2840 258 2914 tis,
289 2841 341 2898 id
370 2847 456 2900 est
487 2861 594 2916 pro
626 2843 724 2900 his
753 2843 855 2916 qui
887 2843 1121 2900 credere
1149 2841 1476 2899 voluerunt.
1499 2866 1529 2893 »
1548 2845 1620 2900 Et
1649 2845 1806 2900 Beda

177 2927 227 2985 in
253 2929 486 2988 homilia
505 2931 802 3006 Evangelii
828 2931 1056 2988 decima
1075 2932 1248 2988 tertia
1267 2949 1317 2988 :«
1341 2932 1404 2988 In
1428 2931 1647 3004 Spiritu
1676 2949 1806 2988 san-

176 3022 254 3075 cto
296 3019 621 3094 baptizans,
653 3019 795 3092 quin
826 3019 1113 3088 Christus,
1143 3019 1216 3076 ad
1265 3019 1523 3076 tollenda
1567 3024 1804 3092 peccata

177 3122 278 3164 non
305 3108 488 3166 solum
520 3109 724 3176 Israel,
749 3109 849 3166 sed
881 3113 940 3164 et
969 3109 1151 3166 totius
1172 3109 1378 3164 mundi
1406 3107 1453 3164 si
1485 3108 1536 3166 ei
1569 3109 1803 3166 credere

174 3195 414 3266 voluerit,
437 3199 688 3255 idoneus
717 3201 827 3254 est.
851 3220 882 3248 »
905 3198 1000 3255 Sic
1030 3198 1216 3255 sensit
1253 3201 1494 3254 sanctus
1526 3197 1798 3266 Hilarius,

175 3284 351 3342 dicens
369 3287 426 3342 in
451 3286 828 3360 Expositione
852 3285 1065 3360 psalmi
1085 3303 1254 3342 cxvm
1277 3303 1328 3342 :«
1357 3288 1520 3343 Tunc
1541 3285 1800 3342 humano

174 3374 347 3445 generi
375 3377 684 3449 exprobret
713 3393 832 3432 non
857 3375 1137 3442 credenti,
1159 3391 1313 3448 nequ
1347 3375 1405 3431 in
1434 3375 1588 3432 viam
1621 3392 1798 3432 evan-
1827 3351 1872 3421 C

173 3460 393 3534 gelicam
415 3464 705 3538 pergenti,
723 3464 782 3520 id
799 3464 955 3538 quod
974 3463 1032 3520 in
1051 3464 1277 3537 psalmo
1295 3465 1644 3533 continetur,
1670 3465 1801 3534 Quae

174 3551 359 3608 utilitas
389 3555 450 3609 in
475 3554 750 3626 sanguine
773 3569 911 3622 meo,
934 3551 1064 3608 dum
1101 3552 1362 3610 descendo
1402 3555 1458 3610 in
1500 3555 1800 3626 corruptio-

173 3645 314 3695 nem?
331 3642 655 3716 Exprobrat
673 3642 832 3698 enim
854 3643 1124 3716 superbis
1141 3646 1315 3716 atque
1336 3643 1683 3712 maledictis,
1699 3660 1804 3698 cur

177 3727 302 3784 nihil
323 3729 378 3786 in
399 3735 771 3789 sacramento
781 3730 1098 3804 sanguinis
1119 3731 1208 3788 sui
1233 3734 1406 3804 atque
1421 3729 1630 3787 mortis
1651 3730 1804 3786 utili-

176 3817 293 3874 tatis
312 3835 426 3876 suze
453 3836 585 3876 esse
614 3818 1094 3886 existimaverint,
1117 3836 1252 3876 cum
1281 3818 1379 3874 ille
1409 3819 1594 3876 nostri
1625 3835 1804 3876 causa

176 3907 225 3960 et
250 3911 431 3976 natus,
454 3912 514 3964 ct
543 3925 787 3981 passus,
805 3911 861 3964 et
890 3911 1158 3964 mortuus
1189 3907 1286 3964 sit.
1313 3929 1341 3957 »

237 3994 320 4050 Sic
335 3996 520 4052 tenuit
532 4001 592 4052 et
605 3995 1054 4052 docuitsanctus
1065 3996 1320 4053 Joannes
1331 3995 1801 4070 Chrysostomus,

179 4081 354 4142 dicens
383 4085 441 4141 in
470 4085 736 4160 Epistola
758 4085 830 4142 ad
856 4084 1146 4156 Hebraeos,
1161 4084 1412 4158 qualiter
1431 4108 1459 4136 «
1481 4085 1671 4160 gratia
1699 4085 1801 4141 Dei

178 4187 274 4242 pro
291 4175 558 4231 omnibus
591 4174 915 4248 gustaverit
943 4179 1214 4241 mortem,
1237 4191 1354 4231 non
1394 4191 1498 4248 pro
1528 4173 1802 4230 ﬁdelibus

179 4263 409 4333 tantum,
429 4264 530 4320 sed
555 4279 661 4337 pro
682 4263 904 4318 mundo
921 4261 1210 4321 universo.
1230 4264 1302 4320 Et
1323 4263 1452 4320 ideo
1474 4262 1699 4320 dictum
1715 4265 1806 4319 est

179 4347 240 4404 ad
268 4351 579 4408 multorum
612 4349 1011 4408 exhauriendo.
1038 4355 1294 4424 peccata.
1317 4353 1388 4408 Et
1415 4351 1541 4425 ipse
1563 4350 1801 4424 quidem

179 4451 268 4508 pro
287 4439 555 4496 omnibus
578 4443 852 4496 mortuus
873 4443 978 4496 est.
995 4439 1144 4508 Quid
1167 4442 1363 4496 autem
1385 4439 1431 4496 si
1457 4457 1572 4496 non
1598 4457 1804 4497 omnes

180 4527 438 4585 credunt?
467 4528 571 4585 Ille
603 4528 758 4601 quod
791 4543 967 4588 suum
1011 4532 1136 4584 erat
1172 4528 1490 4602 implevit.»
1511 4529 1583 4584 Et
1607 4528 1668 4584 in
1695 4529 1804 4585 ho-

180 4613 324 4671 milia
343 4619 602 4674 secunda
623 4616 881 4673 Matthaei
901 4615 1268 4691 evangelista:
1289 4634 1340 4672 :«
1356 4618 1428 4674 Et
1441 4617 1572 4690 hoc,
1591 4618 1800 4691 inquit,

1913 2049 2084 2102 antea
2105 2045 2476 2122 incredibiles
2497 2049 2938 2119 permanebant,
2953 2052 3148 2105 tamen
3170 2053 3482 2122 postquam
3503 2053 3560 2106 et

1911 2119 2172 2208 ipsum.a
2201 2135 2388 2208 Magis
2437 2137 2770 2204 audierunt,
2803 2137 3111 2196 confestim
3157 2119 3224 2193 ad
3259 2119 3556 2194 Christum

1910 2225 2239 2280 debuerunt
2277 2223 2564 2280 advolare.
2591 2225 2702 2282 Sed
2735 2226 2936 2298 utique
2975 2226 3309 2293 noluerunt,
3342 2230 3398 2282 et
3427 2244 3558 2300 pro-

1911 2317 2108 2387 pterea
2135 2313 2266 2370 istis
2296 2312 2724 2370 dormientibus
2765 2313 2846 2368 illi
2887 2314 3291 2388 proveniunt.»
3316 2317 3388 2371 Et
3416 2316 3558 2371 item

1911 2403 1970 2459 in
2004 2401 2247 2459 homilia
2277 2406 2441 2458 sexta
2467 2419 2520 2457 τα
2540 2404 2609 2458 Et
2629 2420 2756 2468 cur,
2778 2402 3072 2476 inquiens,
3097 2421 3210 2459 non
3240 2403 3350 2460 hoc
3372 2404 3558 2477 Magis

1911 2493 2186 2549 omnibus
2215 2491 2527 2548 revelavit?
2557 2492 2699 2565 quia
2727 2492 2948 2548 scilicet
2970 2509 3074 2548 nec
3097 2511 3300 2548 omnes
3333 2483 3561 2549 ftferant

1911 2582 2208 2639 credituri.
2235 2606 2262 2632 »
2285 2584 2356 2638 Et
2386 2582 2524 2638 item
2574 2568 2923 2637 in‘homilia
2971 2581 3200 2637 decima
3227 2599 3240 2638 :
3266 2605 3293 2631 ‹‹
3328 2582 3398 2638 Et
3427 2599 3556 2655 pro-

1911 2675 2111 2745 p‘erea
2139 2671 2445 2744 subjunxit
2487 2673 2547 2726 in
2596 2673 2965 2728 testimonium
3009 2673 3262 2728 omnibus
3307 2671 3559 2744 gentibus

1909 2761 2056 2832 (Mat.
2101 2777 2253 2828 xxrv,
2289 2759 2396 2833 14),
2439 2761 2755 2816 ostendens
2805 2776 2922 2816 non
2971 2775 3034 2815 se
3083 2763 3555 2832 exspectaturum

1911 2853 1976 2905 ut
2004 2865 2208 2905 omnes
2239 2848 2403 2922 prius
2433 2849 2691 2915 credant,
2724 2852 2782 2904 et
2811 2847 2894 2903 ita
2922 2847 3046 2922 ipse
3075 2846 3175 2920 qui
3211 2847 3557 2921 praedixerat

1907 2937 2122 2994 veniat.
2147 2937 2309 3004 Quod
2331 2936 2484 2992 enim
2510 2936 2593 2992 ait
2619 2936 2673 2990 in
2701 2935 3101 2992 testimonium
3125 2936 3402 3006 omnibus
3421 2953 3556 3010 gen-

1906 3025 2088 3093 tibus,
2110 3024 2221 3080 hoc
2250 3029 2338 3081 est
2374 3024 2585 3090 dicere,
2607 3023 2668 3079 in
2709 3024 3139 3080 accusationem
3171 3041 3238 3080 ac
3269 3024 3553 3098 redargu-

1905 3113 2127 3170 tionem
2157 3130 2357 3170 eorum
2384 3111 2484 3186 qui
2512 3112 2821 3187 Evangelio
2846 3113 3079 3168 credere
3111 3112 3482 3170 noluerunt.»

1979 3202 2073 3260 Sic
2119 3201 2453 3276 praedicavit
2502 3204 2740 3258 sanctus
2765 3201 3130 3274 Augustinus
3178 3201 3237 3256 in
3287 3200 3556 3258 libro~de

1909 3292 2283 3364 Correptione
2322 3295 2380 3347 et
2409 3290 2626 3358 Gratia,
2661 3289 2858 3346 dicens
2889 3294 3026 3363 (cap.
3055 3292 3142 3360 16)
3169 3307 3227 3346 :«
3261 3289 3401 3356 Quis
3431 3307 3555 3347 ma-

1912 3381 2004 3456 gis
2025 3379 2512 3436 dilexitinﬁrmos
2546 3396 2722 3452 quam
2755 3378 2852 3434 ille
2881 3379 2981 3452 qui
3031 3397 3134 3452 pro
3165 3378 3440 3436 omnibus
3467 3382 3558 3436 est

1908 3471 2098 3526 factus
2131 3469 2422 3533 infirmus,
2444 3471 2500 3522 et
2529 3484 2632 3538 pro
2663 3467 2936 3523 omnibus
2963 3485 3030 3523 ex
3060 3467 3402 3524 infirmitate
3424 3485 3556 3524 cru-

1909 3558 2160 3616 ciﬁxus?
2189 3559 2260 3613 Et
2288 3557 2345 3610 in
2377 3555 2526 3610 libro
2559 3560 2718 3611 sexto
2751 3560 2952 3612 contra
2970 3555 3274 3612 Julianum
3299 3557 3436 3628 ’eap.
3459 3557 3514 3626 5)
3539 3572 3552 3612 ε

1910 3647 1998 3705 llli
2045 3650 2184 3704 sunt
2212 3643 2378 3700 liberi
2411 3661 2444 3699 a
2471 3649 2727 3717 peccato,
2751 3661 2855 3716 pro
2903 3645 3118 3716 quibus
3167 3648 3438 3700 mortuus
3468 3648 3559 3700 est

1910 3735 2009 3810 qui
2041 3751 2343 3807 nunquam
2377 3733 2569 3788 fuerat
2600 3733 2659 3788 in
2691 3737 2966 3806 peccato:
2991 3738 3049 3788 et
3077 3749 3212 3788 cum
3251 3732 3429 3789 semel
3481 3731 3559 3788 sit

1911 3827 2401 3891 mortuus,tamen
2416 3839 2519 3895 pro
2533 3838 2884 3894 unoquoque
2895 3825 3036 3876 tunc
3050 3821 3260 3878 moritu
3269 3821 3556 3894 r,quando

1910 3914 1971 3969 in
2003 3913 2131 3984 ejus
2159 3909 2757 3982 morte,quantzelibet
2779 3909 2965 3966 aetatis
2987 3909 3180 3976 fuerit,
3203 3909 3554 3982 baptizatur,

1908 4003 1968 4059 id
2000 4006 2110 4070 est,
2139 4005 2281 4056 tunc
2312 3999 2360 4056 ei
2398 3999 2656 4072 proderit
2684 4015 2846 4055 mors
2873 4000 3001 4071 ejus
3031 3999 3130 4070 qui
3172 3999 3282 4055 fuit
3326 3999 3384 4056 in
3424 4016 3556 4073 pec-

1911 4096 2059 4160 cato,
2083 4090 2318 4164 quando
2345 4088 2401 4144 in
2425 4089 2552 4160 ejus
2580 4092 2766 4145 morte
2795 4087 3127 4162 baptizatus
3151 4091 3421 4146 mortuus
3441 4088 3560 4146 fue-

1909 4180 1988 4237 rit
2011 4180 2186 4236 etiam
2219 4177 2345 4251 ipse
2388 4181 2644 4250 peccato,
2668 4175 2769 4249 qui
2810 4181 3080 4233 mortuus
3112 4177 3302 4233 fuerat
3331 4177 3392 4233 in
3423 4193 3558 4251 pec-

1910 4273 2098 4326 cato.»
2119 4266 2215 4324 Sic
2246 4266 2478 4340 rugitus
2510 4265 2708 4339 magni
2739 4265 2968 4333 Leonis,
2999 4283 3162 4340 papas
3195 4264 3417 4322 scilicet
3444 4267 3556 4322 Ro-

1911 4375 2096 4414 manae
2127 4355 2312 4420 urbis,
2336 4372 2462 4427 quae
2503 4358 2681 4426 caput
2719 4357 2808 4411 est
2843 4353 3237 4410 Ecclesiarum
3269 4354 3558 4420 omnium,

1910 4451 2085 4519 atque
2111 4444 2292 4500 totius
2317 4443 2495 4508 orbis,
2524 4459 2627 4516 per
2653 4446 2862 4508 totum,
2885 4447 2952 4500 ut
2976 4443 3394 4516 praemisimus,
3417 4442 3562 4499 into-

1911 4538 2014 4592 nat
2045 4533 2332 4590 mundum
2365 4531 2540 4604 (epist.
2571 4532 2661 4600 97,
2684 4549 2804 4604 cap.
2829 4534 2887 4601 2)
2921 4549 2972 4588 :«
2995 4531 3238 4602 Etl'usio,
3261 4530 3558 4604 inquiens,

1905 4623 2053 4696 justi
2087 4639 2189 4695 pro
2220 4620 2462 4694 injustis
2507 4619 2814 4694 sanguinis
2844 4619 3061 4676 Christi
3111 4625 3234 4678 tam
3267 4620 3374 4676 fuit
3403 4621 3562 4677 dives

181 4699 272 4794 tibi
291 4709 416 4762 ante
439 4723 532 4794 me
556 4705 742 4761 Isaias
761 4703 1047 4794 propheta
1065 4705 1391 4794 denuntiat.
1408 4705 1710 4779 Siquidem
1729 4706 1813 4780 ip-
1843 4729 1891 4794 D
1921 4714 1993 4770 ad
2025 4709 2299 4786 pretium,
2333 4713 2400 4767 ut
2446 4709 2497 4766 si
2553 4709 2905 4766 universitas
2931 4709 3291 4783 captivorum
3340 4709 3400 4764 in
3447 4709 3559 4766 Re-

181 4790 292 4848 sius
313 4793 632 4864 prmdicans
652 4793 988 4866 passionem
1009 4797 1066 4850 et
1085 4793 1401 4866 plurimam
1424 4811 1527 4867 pro
1549 4799 1670 4852 toto
1689 4799 1804 4851 ter-

182 4893 358 4935 rarum
379 4882 515 4938 orbe
535 4881 592 4955 pi
600 4881 966 4955 ssimamque
985 4899 1209 4951 curam,
1223 4887 1398 4956 atque
1420 4884 1802 4951 admiratus,»

183 4968 231 5020 et
254 4967 486 5042 reliqua.
529 4971 604 5026 Et
631 4970 772 5026 item
802 4971 862 5026 in
895 4969 1139 5026 homilia
1166 4975 1376 5042 quarta
1401 4989 1461 5026 :«
1482 4972 1608 5028 Non
1638 4973 1803 5040 dixit,

185 5051 351 5112 Pariet
377 5058 502 5128 tibi,
525 5059 628 5116 sed
660 5058 921 5116 medium
951 5057 1098 5115 illud
1128 5059 1327 5132 posuit
1355 5064 1530 5133 atque
1559 5079 1804 5134 suspen-

185 5157 320 5200 sum.
341 5145 460 5202 Non
493 5146 653 5204 enim
685 5145 792 5217 illi,
817 5147 922 5204 sed
965 5146 1234 5204 universo
1275 5165 1517 5221 prorsus
1546 5149 1669 5206 orbi
1704 5167 1806 5222 pe-

185 5223 317 5300 périt
335 5233 690 5292 Christum.»
711 5237 783 5292 Et
811 5239 945 5308 post
979 5252 1168 5308 pauca
1197 5252 1255 5292 :«
1292 5237 1399 5292 Per
1426 5237 1618 5310 ipsum
1652 5239 1808 5296 bona

186 5317 431 5378 universo
460 5323 587 5380 orbi
635 5324 986 5380 conferenda
1030 5325 1428 5396 pronuntiat.»
1454 5327 1526 5382 Et
1577 5327 1716 5382 item
1746 5327 1808 5383 in

186 5401 408 5466 homilia
453 5411 685 5468 decima
715 5411 921 5484 quinta
953 5429 1022 5468 :«
1057 5413 1154 5470 Vos
1190 5415 1318 5470 estis
1342 5415 1427 5470 sal
1470 5422 1628 5472 teme
1661 5416 1806 5484 (Mat.

187 5508 234 5562 v,
261 5496 360 5570 13).
387 5499 493 5556 Per
549 5501 704 5572 quod
763 5501 1022 5556 ostendit
1078 5517 1253 5574 quam
1313 5503 1638 5559 necessarie
1697 5503 1812 5560 ista

189 5585 478 5658 pracipiat.
511 5589 639 5644 Non
670 5589 828 5644 enim
860 5605 965 5661 pro
994 5593 1204 5658 vestra,
1228 5589 1439 5662 inquit,
1469 5590 1657 5647 salute
1688 5596 1812 5648 tan-

187 5671 488 5755 tummodo,
547 5677 648 5734 sed
707 5695 811 5752 pro
869 5677 1138 5734 universo
1197 5695 1439 5752 prorsus
1497 5682 1634 5737 orbe
1688 5681 1810 5738 haec

189 5759 333 5818 vobis
357 5763 619 5823 doctrina
655 5766 1062 5824 committitur.
1093 5767 1218 5824 Non
1275 5769 1348 5824 ad
1400 5768 1548 5826 duas
1595 5770 1812 5844 quippe

1915 4803 2276 4873 demptorem
2309 4815 2484 4854 suum
2516 4800 2794 4868 crederet,
2829 4798 3056 4854 nullum
3087 4797 3300 4854 diaboli
3331 4796 3563 4854 vincula

1907 4890 2247 4947 retinerent.
2271 4911 2298 4936 »
2321 4888 2416 4944 Sic
2447 4890 2686 4944 sanctus
2709 4887 3020 4960 Gregorius
3049 4877 3237 4942 tenuit
3266 4889 3323 4942 et
3355 4885 3559 4957 prtedi-

1914 4977 2084 5044 cavit,
2119 4977 2179 5033 in
2235 4975 2384 5032 libro
2444 4975 2751 5032 Moralium
2809 4975 3036 5032 decimo
3093 4979 3300 5047 quarto
3357 4973 3560 5028 dicens

1914 5067 2054 5140 (cap.
2076 5069 2169 5134 22)
2193 5081 2251 5120 τα
2284 5065 2452 5120 Stulti
2505 5081 2714 5138 quoque
2765 5063 3134 5136 despiciebant
3177 5079 3265 5117 me
3293 5061 3416 5131 (Job
3443 5078 3558 5132 xxx,

1917 5157 2026 5224 18).
2046 5155 2125 5209 Ac
2155 5153 2204 5208 si
2237 5157 2434 5226 aperte
2462 5153 2789 5208 diceretur:
2818 5151 2931 5224 Ipsi
2962 5151 3136 5207 etiam
3169 5167 3262 5212 me
3286 5147 3558 5221 despexe-

1918 5247 2077 5308 runt,
2101 5259 2204 5313 pro
2235 5241 2452 5314 quibus
2481 5240 2758 5297 sanandis
2792 5239 3101 5316 stultitiam
3135 5236 3562 5312 praedicationis

1917 5331 2236 5402 assumpsi,
2259 5329 2316 5384 id
2354 5333 2464 5396 est,
2494 5333 2558 5384 ut
2590 5346 2691 5402 per
2719 5345 2949 5384 carnem
2981 5327 3156 5383 Verbi
3189 5330 3560 5396 sanarentur,

1917 5424 1975 5474 et
2005 5420 2076 5475 ab
2105 5418 2251 5492 ipsis
2272 5419 2582 5490 despectus
2609 5434 2762 5483 sum,
2789 5434 2893 5488 pro
2915 5415 3131 5488 quibus
3163 5415 3380 5472 stultus
3411 5415 3563 5472 msti-

1919 5508 2068 5564 mari
2098 5507 2317 5564 veritus
2361 5523 2480 5561 non
2518 5521 2706 5560 sum.»
2737 5504 2806 5558 Et
2851 5503 2912 5558 in
2960 5503 3205 5561 homilia
3248 5504 3565 5561 Ezechielis

1919 5595 2211 5668 prophetae
2238 5611 2250 5648 :
2276 5617 2304 5643 ‹‹
2336 5593 2442 5648 Pro
2476 5591 2790 5647 electorum
2821 5590 2941 5646 vita
2977 5609 3166 5664 usque
3205 5593 3274 5648 ad
3319 5595 3564 5648 mortem

1919 5701 1980 5740 se
2010 5681 2254 5738 tradidit
2299 5685 2502 5736 auctor
2529 5679 2730 5734 vitae.»
2763 5679 2833 5734 Et
2877 5680 2936 5735 in
2983 5681 3226 5738 homilia
3271 5679 3565 5753 Evangelii

1917 5771 2203 5845 vigesima
2237 5787 2250 5826 :
2277 5792 2304 5821 ‹‹
2340 5768 2514 5825 Illum
2543 5768 2800 5825 Joannes
2846 5769 3106 5842 Baptista
3134 5769 3447 5844 praadicare
3473 5784 3566 5823 ve-
