4018 6458
484 402 596 484 471
1405 398 1796 475 HINCMARI
1838 397 2054 463 RHEM
2066 397 2286 462 ENSIS
2329 397 2947 474 ARCHIEPISCOPI.
3746 402 3844 464 472

468 533 686 602 aiebat,
703 531 801 608 qui
822 531 1110 606 quosdam
1133 548 1202 588 ex
1221 531 1425 589 Judeea
1447 535 1503 588 et
1523 531 1739 590 multos
1760 549 1828 589 ex
1847 532 2122 606 gentibus
2154 531 2198 602 Α
2231 533 2416 600 totius
2445 533 2651 590 mundi
2681 549 2810 590 esse
2858 529 3295 593 celebrandum.
3322 553 3350 581 »
3378 530 3449 590 Et
3463 529 3647 604 .paulo
3694 535 3808 606 post
3831 550 3844 588 :

473 622 698 680 salvare
725 622 1014 679 veniebat.
1042 645 1070 671 »
1093 623 1162 678 Et
1192 622 1250 678 in
1281 622 1563 696 vigesimo
1595 622 1745 680 libro
1776 621 2083 678 Moralium
2111 637 2125 678 :
2237 621 2568 678 «.Consulte
2594 621 2684 679 vel
2715 639 2878 695 aquae
2917 619 3099 693 bajuli
3132 620 3218 677 vel
3249 619 3470 690 domini
3502 621 3704 678 domus
3729 625 3846 678 sunt

480 733 508 762 «
543 710 902 784 Redemptor
920 727 1134 784 corpus
1165 710 1425 784 passioni
1447 710 1680 782 obtulit,
1703 711 1857 784 quod
1891 727 1993 784 pro
2021 709 2129 766 ele-
2235 710 2633 782 praetermissa
2649 709 2950 778 vocabula,
2971 713 3036 765 ut
3056 707 3332 766 omnibus
3353 709 3573 766 Pascha
3590 709 3848 767 celebrare

477 799 587 856 etis
618 803 1040 872 assumpserat.
1060 822 1081 849 ι»
1110 800 1262 856 408
1294 800 1364 855 Et
1393 799 1528 856 item
1563 816 1577 855 :
1603 822 1632 850 «
1665 797 1998 873 Interpellat
2020 816 2126 872 pro
2159 801 2165 807 ’
2233 797 2709 868 volentibus,boc
2734 803 2822 856 est
2841 797 3056 864 Christi
3083 799 3468 858 sacramentis
3493 797 3694 864 imbui,
3715 798 3849 856 Chri-

471 889 642 946 nobis
663 887 970 957 Dominus,
989 905 1103 944 non
1123 905 1260 944 voce
1281 889 1384 944 sed
1412 887 1950 962 miseratione,quia
1970 887 2125 962 quod

472 977 742 1034 damnari
774 975 833 1032 in
859 977 1057 1034 electis
1083 976 1290 1045 noluit,
1309 976 1684 1051 suscipiendo
1703 977 1972 1035 liberavit
1996 999 2022 1029 ι)
2055 979 2126 1036 Et

477 1066 632 1122 idem
665 1067 724 1122 in
755 1066 904 1122 libro
933 1067 1214 1140 vigesimo
1245 1071 1452 1141 quarto
1483 1066 1792 1134 Moralium
1820 1071 1958 1142 (cap.
1995 1069 2120 1138 il):

471 1179 500 1206 «
536 1155 682 1223 Quia
724 1155 904 1229 igitur
951 1155 1236 1213 Dominus
1264 1174 1397 1213 vero
1443 1160 1640 1225 natus,
1669 1175 1802 1214 vere
1831 1161 2120 1228 mortuus,

471 1263 605 1302 vere
637 1246 1042 1313 resuscitatus,
1073 1245 1132 1300 in
1165 1245 1438 1301 omnibus
1469 1249 1662 1301 tamen
1694 1245 1873 1302 distat
1900 1264 1934 1302 a
1954 1247 2122 1306 nobis

473 1335 881 1408 magnitudine
907 1333 1202 1408 potentia},
1226 1335 1326 1390 sed
1355 1334 1478 1390 sola
1497 1335 1810 1392 concordat
1839 1333 2007 1392 nobis
2029 1353 2122 1393 .ve-

473 1424 644 1480 ritate
676 1427 918 1492 naturae,
949 1423 1094 1480 bene
1124 1423 1360 1492 dicitur,
1386 1423 1525 1497 quia
1555 1441 1658 1497 pro
1689 1423 1859 1480 nobis
1887 1423 1997 1480 iste
2028 1441 2124 1480 an-

471 1511 640 1585 gelus
688 1529 862 1569 unum
905 1513 971 1569 de
1017 1513 1298 1568 similibus
1349 1511 1612 1586 loquitur
1637 1511 1754 1582 (Job
1783 1529 1978 1580 xxxm,
2006 1512 2118 1586 23).

473 1601 619 1658 Cum
651 1603 806 1659 enim
839 1602 898 1658 in
931 1601 1158 1658 cunctis
1191 1601 1636 1674 ,operationibus
1667 1601 1793 1658 suis
1827 1601 2122 1670 immensa

475 1708 582 1748 nos
601 1690 814 1748 virtute
835 1691 1233 1760 transcendat,
1259 1691 1319 1746 in
1351 1707 1468 1746 uno
1489 1693 1684 1746 tamen
1709 1707 1743 1746 a
1763 1690 1932 1747 nobis
1952 1690 2008 1745 id
2033 1693 2123 1748 est

473 1779 531 1836 in
557 1781 755 1838 formae
774 1781 1073 1846 varietate,
1093 1797 1208 1837 non
1232 1779 1542 1852 discrepat.
1568 1779 1675 1835 Per
1694 1778 1803 1838 hoc
1824 1796 1930 1854 pro
1949 1779 2120 1836 nobis

470 1867 626 1928 Patri
652 1869 929 1943 loquitur,
954 1887 1058 1943 per
1075 1870 1232 1942 quod
1252 1869 1638 1941 semetipsum
1669 1869 1839 1924 nobis
1861 1867 2114 1924 similem

469 1957 745 2016 ostendit.
780 1959 964 2032 Loqui
1015 1959 1232 2032 quippe
1284 1960 1412 2030 ejus
1454 1957 1543 2014 vel
1591 1955 1962 2030 interpellare
2009 1961 2120 2024 est,

467 2045 666 2120 ipsum
683 2064 746 2103 se
768 2065 870 2120 pro
888 2048 1166 2104 omnibus
1187 2047 1488 2103 hominem
1504 2047 1964 2103 demonstrare.»
1979 2047 2125 2112 Quo-

470 2135 644 2191 modo
675 2140 870 2192 autem
905 2136 963 2193 id
995 2137 1149 2210 quod
1183 2137 1406 2192 dictum
1455 2139 1564 2203 est,
1595 2151 1660 2190 se
1708 2151 1812 2208 pro
1845 2135 2122 2190 omnibus

468 2225 892 2294 demonstrare,
916 2224 1290 2282 manifestius
1320 2223 1647 2296 intelligere
1671 2221 1993 2292 valeamus,
2023 2240 2122 2283 os-

469 2314 661 2370 tendit
681 2313 1014 2388 evangelica
1032 2313 1247 2369 veritas
1269 2313 1470 2369 dicens
1493 2329 1505 2368 :
1535 2313 1598 2376 Ut
1623 2314 1803 2370 omnis
1829 2313 1930 2386 qui
1954 2313 2127 2370 credit

469 2404 528 2460 in
560 2404 741 2475 ipstm
766 2419 877 2459 non
905 2411 1108 2475 pereat,
1131 2401 1224 2458 sed
1250 2402 1446 2459 habeat
1461 2403 1631 2458 vitam
1656 2409 1921 2460 aeternam
1941 2403 2119 2471 (Joan.

472 2509 558 2566 in,
593 2492 681 2561 15)
705 2508 718 2546 :
745 2494 842 2566 qui
867 2509 992 2549 vero
1020 2509 1133 2547 non
1150 2491 1443 2548 crediderit
1467 2491 1914 2548 condemnabitur
1933 2491 2116 2564 (Marc.

469 2597 588 2650 xw,
614 2581 722 2650 16),
749 2585 813 2636 ut
843 2581 1118 2653 praefatus
1143 2581 1347 2636 doctor
1377 2579 1436 2636 in
1457 2579 1607 2636 libro
1629 2579 1928 2654 trigesimo
1959 2584 2120 2636 sexto

473 2667 782 2726 Moralium
827 2669 970 2726 dicit
1001 2687 1013 2726 :
1040 2693 1068 2721 ‹‹
1103 2670 1213 2728 Sed
1243 2667 1431 2742 iniqui
1462 2685 1667 2726 omnes
1714 2673 1926 2726 aeterno
1976 2687 2120 2743 sup-

471 2758 647 2833 plicio
668 2762 725 2815 et
745 2758 982 2832 quidem
1005 2777 1112 2815 sua
1131 2758 1441 2832 iniquitate
1469 2759 1819 2831 puniuntur,
1842 2763 1901 2816 et
1925 2763 2118 2817 tamen

469 2847 544 2902 ad
575 2847 796 2920 aliquid
819 2853 1284 2915 concrementur,
1309 2847 1530 2905 scilicet
1557 2851 1614 2904 et
1634 2847 1783 2919 justi
1814 2865 2042 2916 omnes,
2065 2851 2122 2904 et

466 2935 528 2995 in
558 2937 674 3000 Deo
717 2937 952 2994 videant
997 2937 1218 3011 gaudia
1262 2955 1388 3011 quae
1433 2935 1784 3011 percipiunt,
1815 2941 1872 2994 et
1899 2936 1960 2996 in
1990 2936 2120 2996 istis

467 3024 786 3100 respiciant
819 3026 1108 3101 supplicia
1139 3045 1268 3101 quae
1299 3031 1626 3084 evaserunt.
1654 3049 1682 3076 ››

538 3115 698 3172 Hanc
749 3115 1058 3180 dicretam
1111 3115 1558 3190 intelligentiam
1603 3116 1674 3172 de
1722 3115 2120 3188 redemptione

2150 1907 2198 1992 Β

2235 891 2394 947 stum
2427 905 2545 944 sua:
2575 888 2790 955 mentis
2831 887 3090 962 hospitio
3135 887 3432 961 suscipere
3461 887 3846 961 quaerentibus,

2234 977 2481 1034 facultas
2512 978 2706 1033 danda
2737 977 3018 1052 signetur.
3044 999 3072 1028 »

2305 1066 2400 1124 Sic
2429 1070 2487 1123 et
2514 1066 2895 1133 Cassiodorus
2933 1063 3218 1122 intellexit
3253 1083 3321 1121 ac
3351 1065 3560 1131 tenuit,
3593 1065 3775 1122 dicens
3800 1067 3848 1123 in

2231 1154 2458 1230 psalmo
2489 1173 2651 1212 cxux
2677 1172 2744 1215 ;,‹‹
2779 1154 3015 1216 Laudate
3059 1156 3216 1224 ΔΜ)
3263 1171 3390 1211 eum
3439 1157 3501 1211 in
3544 1157 3850 1226 ﬂmmmento

2229 1245 2452 1312 virtutis
2479 1246 2616 1317 ejus.
2641 1244 2916 1300 Firmitas
2934 1243 3082 1300 virtu
3093 1243 3169 1300 tis
3194 1244 3322 1316 ejus
3343 1247 3452 1313 est,
3478 1242 3618 1315 quia
3641 1243 3850 1302 exitium

2226 1350 2334 1406 pro
2357 1333 2622 1392 omnium
2656 1333 2844 1390 salute
2875 1331 3226 1406 suscipiens,
3249 1336 3498 1402 mortem
3530 1331 3711 1406 ipsam
3738 1349 3850 1390 cum

2231 1426 2465 1478 auctore
2485 1421 2847 1496 nequissimo
2866 1420 3136 1496 potentiae
3156 1438 3277 1480 suae
3295 1420 3509 1478 virtute
3531 1421 3846 1494 superavit.»

2228 1511 2300 1585 _Et
2327 1509 2383 1565 in
2415 1510 2642 1584 psalmo
2674 1528 2820 1568 cxul
2854 1529 2866 1568 :
2897 1534 2925 1562 «
2959 1511 3141 1567 Nemo
3187 1513 3382 1567 autem
3426 1511 3724 1584 requisivit
3747 1511 3850 1568 ani-

2231 1616 2388 1655 mam
2420 1601 2570 1672 ejus,
2589 1599 2732 1656 dum
2755 1599 2806 1656 ei
2838 1599 3003 1656 nulla
3032 1599 3352 1673 consolatio
3381 1602 3746 1674 praeberetur,
3766 1602 3848 1658 sed

2230 1688 2391 1744 solus
2408 1689 2480 1744 ad
2503 1689 2834 1762 passionem
2853 1687 3092 1746 relictus
3113 1688 3328 1764 est,qui
3346 1693 3472 1746 erat
3493 1707 3598 1763 pro
3617 1690 3848 1750 omnium

2229 1775 2417 1834 salute
2448 1777 2784 1836 moriturus.
2814 1801 2842 1832 »
2863 1779 2932 1836 Et
2961 1777 3099 1836 item
3124 1795 3190 1836 :.«
3218 1778 3364 1834 Nam
3395 1778 3444 1834 si
3477 1778 3624 1835 illud
3652 1777 3852 1838 deitatis

2227 1884 2346 1923 suae
2367 1865 2601 1922 culmen
2627 1867 3034 1936 mirabilenon
3063 1866 3407 1929 inclinasset
3423 1867 3650 1942 sumpti
3674 1884 3850 1942 corpo-

2232 1955 2312 2013 ris
2335 1955 3104 2029 veritate,quemadmodum
3131 1973 3237 2030 pro
3261 1955 3450 2013 salute
3471 1956 3730 2017 omnium
3749 1974 3854 2013 cru-

2229 2043 2384 2117 ciﬁgi
2410 2045 2715 2117 potuerat?
2734 2069 2762 2096 ‹‹
2786 2046 2856 2102 Et
2879 2045 2936 2101 in
2963 2045 3190 2119 psalmo
3215 2063 3285 2101 cx
3307 2062 3358 2100 :«
3372 2044 3646 2104 Virtutem
3663 2061 3853 2119 operm

2228 2149 2456 2189 suorum
2479 2135 2837 2191 annuntiavit
2875 2134 3076 2208 populo
3125 2149 3244 2202 suo,
3277 2132 3505 2190 scilicet
3534 2133 3852 2204 Christiano,

2229 2238 2404 2294 quem
2447 2221 2694 2279 redemit
2739 2223 3028 2299 sanguine
3054 2223 3387 2298 pretioso.»
3421 2223 3496 2280 Et
3547 2222 3610 2278 in
3654 2221 3853 2298 psalmo

2228 2327 2395 2366 cxxrx
2419 2326 2469 2366 :«
2493 2311 2558 2366 Et
2582 2313 2800 2386 copiosa
2827 2311 2972 2385 apud
3002 2299 3128 2382 eum
3155 2311 3474 2386 redemptio,
3501 2316 3568 2372 ut
3595 2311 3852 2386 pretiosus

2229 2397 2327 2472 ille
2357 2399 2598 2473 sanguis
2629 2405 2794 2458 tanta
2819 2399 2992 2457 fuerit
3009 2401 3278 2458 ubertate
3299 2401 3655 2468 ditissimus,
3673 2404 3852 2476 quate-

2231 2505 2342 2544 nus
2362 2489 2542 2546 totius
2559 2491 2763 2546 mundi
2785 2494 3024 2564 peccata
3039 2487 3432 2559 redimeret,et
3450 2490 3851 2564 velutquodam

2229 2576 2447 2632 diluvio
2469 2577 2710 2634 salutari
2734 2579 2932 2646 orbem
2965 2584 3255 2650 terrarum
3279 2579 3460 2638 asuis
3483 2579 3749 2637 sordibus
3771 2595 3850 2634 ex-

2226 2665 2432 2746 piaret.
2457 2689 2487 2718 »
2510 2668 2581 2723 Et
2601 2667 2740 2724 item
2775 2669 2831 2724 in
2857 2669 3086 2742 psalmo
3107 2686 3290 2728 CXLVII
3315 2687 3365 2724 :«
3393 2669 3510 2739 .Qui
3563 2670 3716 2728 enim
3759 2668 3852 2730 erit

2227 2753 2388 2812 illius
2413 2757 2610 2828 gaudii
2645 2759 2874 2828 modus,
2897 2759 3232 2832 conspicere
3263 2758 3435 2816 illum
3459 2758 3754 2818 dominum
3784 2774 3853 2813 re-

2229 2861 2360 2900 rum
2373 2845 2472 2918 qui
2487 2845 2581 2902 hic
2599 2845 2743 2904 mori
2761 2847 3018 2907 creditus
3031 2851 3120 2904 est
3134 2865 3238 2921 pro
3249 2847 3441 2904 salute
3456 2846 3850 2906 cunctorum?»

2226 2933 2298 2992 Et
2328 2933 2386 2988 in
2421 2934 2646 3007 psalmo
2676 2952 2848 2992 cxvru
2873 2953 2921 2993 :«
2941 2935 3134 2994 Judica
3167 2935 3452 3008 judicium
3493 2953 3692 3005 meum,
3721 2942 3767 2992 et
3788 2950 3852 2991 re-

2223 3019 2372 3078 dime
2389 3040 2500 3079 me.
2514 3025 2696 3090 Quem
2721 3025 3003 3082 redimere
3023 3028 3252 3098 poterat
3272 3024 3384 3082 nisi
3409 3025 3852 3090 credentem,aut

2225 3127 2330 3184 pro
2343 3129 2458 3186 quo
2468 3113 2724 3170 maxime
2737 3113 3085 3188 sanguinem
3102 3113 3850 3186 redemptionisetfunderet,

466 3220 594 3277 quae
623 3205 690 3265 ﬁt
719 3222 820 3278 per
866 3205 1214 3278 sanguinem
1243 3203 1478 3274 Christi,
1512 3220 1648 3261 cum
1699 3203 2118 3278 suprascriptis
2160 3275 2189 3278 _
2226 3197 2276 3255 si
2306 3199 2495 3256 fidelis
2525 3200 2783 3259 famulus
2813 3219 2929 3258 non
2961 3201 3208 3260 fuisset?
3228 3201 3470 3260 Addidit
3493 3220 3508 3258 :
3532 3205 3754 3276 Propter
3767 3201 3854 3265 eto-

467 3275 768 3366 magistris
790 3275 1094 3352 catholicis
1121 3293 1562 3369 intelligendam
1583 3297 1758 3366 atque
1775 3275 2112 3362 tenendam,
2227 3289 2380 3373 quim
2409 3297 2567 3346 tuum
2595 3291 2813 3362 vivi/ica
2836 3309 2923 3348 me
2951 3310 2970 3348 :
3002 3289 3102 3348 illo
3149 3290 3391 3359 scilicet,
3416 3292 3522 3349 ubi
3569 3275 3850 3366 promittit,

466 3385 525 3438 et
551 3382 902 3442 venerabilis
950 3384 1105 3440 Beda
1148 3384 1454 3457 presbyter
1481 3381 1764 3439 intellexit
1799 3385 1856 3438 et
1903 3382 2114 3452 tenuit,

468 3469 670 3527 dicens
699 3470 758 3528 in
787 3473 1145 3546 expositione
1183 3471 1478 3546 Evangelii
1519 3473 1687 3527 Lucae
1721 3487 1789 3527 :«
1822 3471 2014 3526 Factus
2040 3477 2120 3527 est

463 3559 632 3616 sudor
659 3562 776 3633 ejus
822 3563 969 3620 sicut
998 3570 1167 3634 guttae
1193 3563 1483 3634 sanguinis
1512 3560 1846 3618 deatrrentis
1899 3561 1959 3615 in
2005 3567 2118 3617 ter-

467 3666 588 3705 ram
635 3651 783 3722 (Luc.
815 3669 954 3721 χχιι,
986 3653 1099 3722 44),
1140 3656 1206 3710 ιιι
1263 3649 1601 3708 universum
1659 3648 1772 3706 late
1828 3653 2117 3706 terrarum

466 3739 666 3796 orbem
697 3740 954 3813 peccatis
985 3744 1284 3801 mortuum
1329 3756 1438 3798 sua
1467 3741 1653 3797 morte
1683 3737 1920 3795 innoxia
1949 3737 2116 3794 coele-

466 3831 616 3886 stem
648 3829 1027 3887 resuscitaret
1055 3831 1126 3888 ad
1158 3829 1359 3886 vitam.
1378 3851 1406 3880 »
1429 3827 1499 3885 Et
1529 3827 1666 3884 item
1692 3845 1739 3884 τι
1766 3828 1930 3895 Quod
1959 3831 2118 3885 veste

465 3913 598 3974 alba
648 3918 935 3986 induitur,
969 3915 1358 3976 immaculata;
1389 3917 1490 3973 dat
1535 3915 1753 3972 indicia
1801 3915 2114 3988 passionis,

465 4005 744 4078 quoniam
773 4007 976 4080 Agnus
1007 4007 1106 4066 Dei
1145 4005 1562 4064 immaculatus
1591 4003 1774 4062 totius
1803 4003 2006 4062 mundi
2039 4005 2118 4062 sit

465 4097 703 4166 peccata
730 4094 1036 4152 ablaturus
1087 4097 1305 4152 Etcum
1353 4097 1612 4167 tetigisset
1645 4095 1957 4166 auriculam
2001 4095 2117 4167 ejus

463 4183 680 4238 sanavit
705 4199 831 4238 eum
860 4183 1044 4252 (ibid.,
1074 4183 1188 4258 51),
1223 4183 1466 4256 mystice
1511 4183 1725 4252 docens
1757 4187 1816 4239 et
1855 4182 2034 4256 ipsos,
2067 4181 2118 4240 si

466 4273 896 4339 convertantur,
932 4289 1102 4344 posse
1133 4271 1350 4340 sanari,
1383 4271 1485 4345 qui
1517 4272 1576 4328 in
1607 4289 1716 4328 sua
1741 4276 1882 4328 sunt
1911 4271 2118 4330 mortis

467 4358 850 4416 consensione
881 4352 1187 4418 vulnerati.
1216 4384 1243 4411 ››
1265 4361 1336 4416 Et
1372 4361 1514 4419 item
1548 4377 1609 4416 :«
1640 4362 1932 4434 Postquam
1966 4377 2118 4418 vene-

467 4453 596 4502 runt
623 4445 694 4502 ad
751 4449 928 4505 iocum
965 4452 1063 4523 qui
1113 4458 1334 4508 vocatur
1380 4451 1672 4518 Catuariae,
1709 4449 1790 4506 ibi
1833 4451 2115 4522 cruci/tre-

467 4543 598 4592 runt
624 4553 749 4592 eum
777 4539 930 4606 (Luc.
963 4557 1088 4608 xm,
1117 4541 1231 4609 33).
1271 4539 1578 4612 Propterea
1607 4543 1803 4596 autem
1853 4533 1954 4594 ibi'
1983 4556 2113 4595 cru-

464 4624 672 4682 ciﬁxus
699 4630 790 4682 est
819 4625 1126 4696 Dominus,
1155 4633 1221 4685 ut
1250 4629 1350 4686 ubi
1399 4629 1564 4702 prius
1611 4631 1735 4684 erat
1779 4644 1914 4684 arca
1943 4626 2191 4714 dam-'D

464 4717 758 4783 natorum,
781 4715 1144 4789 erigerentur
1169 4716 1377 4774 vexilla
1408 4716 1694 4790 martyrii.
1719 4716 1788 4773 Et
1818 4716 2110 4790 quomodo

463 4821 568 4876 pro
599 4804 768 4861 nobis
797 4804 1174 4862 maledictum
1221 4807 1411 4864 crucis
1450 4807 1640 4863 factus
1677 4809 1786 4873 est,
1819 4809 1878 4861 et
1914 4805 2113 4878 ﬂagel-

463 4894 619 4952 latus
657 4899 715 4950 et
761 4894 1096 4964 cruciﬁxus,
1130 4896 1179 4953 si
1235 4914 1339 4969 pro
1387 4896 1652 4952 omnium
1709 4893 1898 4953 salute
1944 4895 2112 4968 quasi

463 4982 674 5040 noxius
709 4985 864 5042 inter
911 4984 1113 5041 noxios
1141 4983 1525 5058 cruciﬁgitur,
1557 4989 1624 5042 ut
1652 4984 1753 5042 ubi
1794 4983 2116 5049 abundavit

461 5076 787 5144 peccatum,
824 5074 1264 5146 superabundet
1293 5079 1351 5130 ct
1378 5071 1624 5148 gratia.»
1644 5075 1715 5130 Et
1743 5072 1884 5129 item
1917 5090 1977 5130 :«
2007 5071 2114 5129 Ve-

461 5159 573 5216 lint
598 5161 785 5218 nolint
809 5180 945 5236 ergo
965 5163 1174 5230 Judaei,
1199 5181 1370 5220 omne
1395 5162 1600 5222 mundi
1627 5179 1892 5236 regnum,
1919 5161 2112 5218 omnis

463 5251 763 5307 mundana
790 5251 1097 5324 sapientia,
1119 5250 1318 5308 omnia
1336 5251 1542 5310 divina:
1573 5251 1718 5324 legis
1745 5254 2111 5308 sacramenta

463 5341 920 5412 testantur,quia
938 5341 1110 5398 Jesus
1141 5359 1240 5398 rex
1263 5342 1601 5399 Judzeorum
1622 5344 1730 5408 est,
1751 5339 1860 5396 hoc
1881 5342 1971 5396 est
1992 5339 2106 5395 im-

463 5430 697 5497 perator
711 5430 1072 5486 credentium
1091 5435 1147 5486 et
1165 5431 1567 5486 confitentium
1587 5431 1830 5486 Deum.»
1845 5429 1912 5484 Et
1930 5427 2069 5484 item
2091 5445 2103 5484 :

467 5537 494 5564 ‹‹
526 5513 770 5570 Pulchre
799 5524 994 5574 autem
1023 5519 1315 5592 paraturis
1347 5519 1569 5576 Pascha
1598 5516 1902 5590 discipulis
1933 5517 2107 5574 homo

464 5603 808 5675 amphoram
854 5625 1018 5680 aqua:
1069 5615 1309 5682 portans
1339 5608 1610 5677 occurrit,
1657 5613 1724 5664 ut
1768 5607 2110 5664 ostendatur

466 5690 644 5764 hujus
673 5694 903 5751 Pascha:
935 5697 1276 5770 mysterium
1318 5714 1420 5770 pro
1459 5695 1824 5754 absolutione
1853 5697 2107 5769 perfecta

2225 3378 2336 3454 Qui
2357 3379 2530 3436 credit
2555 3381 2617 3436 in
2643 3397 2730 3437 me
2756 3397 2868 3437 non
2894 3383 3178 3448 morietur,
3198 3379 3292 3438 sed
3314 3382 3512 3438 habeat
3537 3384 3703 3439 vitam
3725 3387 3852 3437 teter-

2224 3467 2520 3524 nam.Tale
2539 3473 2627 3540 est
2645 3473 2703 3525 et
2721 3467 2867 3526 illud
2887 3470 3184 3546 prophetae
3199 3469 3520 3544 quaerentis
3539 3469 3776 3527 Domino
3793 3467 3851 3522 de

2226 3555 2606 3627 quibusdam,
2634 3560 2904 3616 Attrivisti
2928 3576 3038 3630 eos,
3069 3559 3363 3634 inquiens,
3384 3567 3438 3616 et
3465 3564 3759 3617 renuerunt
3781 3573 3850 3613 ac-

2226 3647 2404 3722 cipere
2449 3645 2801 3721 disciplinam
2818 3648 2951 3722 (Jer.
2978 3666 3034 3716 v,
3067 3648 3156 3722 3);
3190 3652 3246 3706 et
3277 3664 3291 3704 :
3326 3648 3654 3705 Curavimus
3695 3647 3850 3719 Baby-

2227 3733 2406 3802 lonem
2430 3743 2483 3792 et
2508 3735 2620 3792 non
2646 3744 2726 3794 est
2758 3745 2952 3794 sanata
2979 3741 3120 3808 (Jer.
3155 3755 3227 3807 LI,
3258 3737 3335 3807 9).
3366 3738 3437 3794 Et
3466 3737 3748 3795 Dominus
3773 3735 3851 3792 di-

2225 3820 2307 3877 cit
2338 3837 2352 3877 :
2384 3823 2624 3897 Inter-fici
2653 3834 2705 3882 et
2729 3827 2950 3898 perdidi
2981 3827 3247 3900 populum
3279 3828 3520 3900 justum,
3550 3835 3604 3884 et
3629 3834 3800 3884 tanien
3823 3839 3853 3877 α

2225 3911 2333 3967 viis
2351 3915 2469 3970 suis
2491 3931 2603 3971 non
2619 3922 2749 3970 sunt
2769 3917 2974 3974 reversi
2982 3915 3113 3986 (Jcr.
3127 3935 3219 3981 xv,
3231 3917 3268 3970 7
3270 3915 3398 3985 ).Et
3416 3933 3626 3973 rursus
3647 3915 3753 3972 ait:
3768 3915 3853 3970 Po-

2265 4003 2388 4058 utus
2417 4019 2529 4062 non
2557 4011 2636 4060 est
2662 4021 2908 4061 reversus
2933 4003 3004 4078 ad
3025 4006 3414 4080 perwtientem
3431 4021 3491 4062 se
3507 4005 3638 4079 (Isa.
3662 4022 3734 4074 ix,
3756 4003 3850 4070 13).

2272 4097 2294 4147 t
2323 4108 2338 4146 :
2371 4092 2494 4151 Lua:
2520 4093 2581 4148 in
2608 4093 2838 4150 tenebris
2871 4094 3028 4165 lucet,
3057 4102 3110 4152 et
3141 4095 3382 4154 tenebrae
3407 4111 3529 4152 eam
3576 4111 3685 4152 non
3723 4109 3853 4149 como

2219 4181 2624 4256 prehenderunt
2646 4186 2832 4254 (locu.
2867 4201 2906 4252 ι,
2927 4183 3008 4257 5),
3028 4187 3085 4241 et
3111 4185 3443 4257 redemptor
3477 4183 3684 4241 mundi
3714 4179 3854 4240 dedit

2223 4287 2329 4342 pro
2359 4271 2581 4336 mundo
2631 4271 2980 4346 sanguinem
3027 4290 3204 4330 suum
3255 4276 3312 4329 et
3360 4273 3622 4330 mundus
3669 4265 3852 4328 redimi

2226 4357 2434 4424 noluit.
2459 4359 2528 4416 Et
2559 4359 2696 4416 item
2723 4360 3014 4434 scriptum
3034 4365 3158 4420 est:
3184 4361 3309 4418 Noli
3326 4362 3518 4419 timere
3541 4357 3852 4435 paupercula

2224 4455 2529 4520 tempestate
2559 4451 2842 4519 convulsa,
2864 4452 2996 4524 quia
3040 4452 3101 4508 in
3137 4453 3353 4508 camino
3400 4451 3737 4526 paupertatis
3776 4462 3854 4504 ex-

2222 4540 2348 4594 ιεοωί
2375 4537 2574 4610 te(Isa.
2601 4557 2712 4609 LIV,
2740 4539 2846 4612 11).
2869 4539 2940 4597 Et
2967 4537 3108 4598 item
3141 4557 3155 4596 :
3188 4541 3504 4614 Loquimini
3551 4538 3623 4596 ad
3668 4553 3756 4595 cor
3777 4536 3852 4593 Je-

2223 4628 2486 4696 rusalem,
2517 4637 2568 4685 et
2599 4637 2816 4688 avocate
2844 4646 2968 4686 eam
2994 4630 3124 4702 (Isa.
3152 4647 3244 4698 XL,
3271 4629 3350 4702 2),
3380 4645 3571 4702 usque
3611 4628 3747 4684 dum
3782 4623 3853 4680 di-

2219 4715 2392 4788 citur,
2426 4719 2636 4789 Recepit
2663 4717 2909 4790 duplicia
2935 4718 3001 4776 de
3039 4734 3215 4776 manu
3246 4719 3468 4778 Domini
3490 4735 3593 4792 pro
3621 4713 3852 4776 omnibus

2216 4807 2452 4878 peccatis
2497 4805 2614 4862 suis
2663 4805 2868 4878 (Ibid.).
2893 4807 2964 4862 Et
3018 4807 3155 4874 item
3207 4807 3491 4881 scriptum
3543 4809 3634 4864 est
3664 4823 3678 4862 :
3711 4805 3854 4860 Livor

2223 4894 2468 4950 vulneris
2488 4896 2756 4967 abstergit
2781 4897 2948 4965 mala,
2967 4905 3024 4954 et
3044 4899 3230 4971 plaga
3257 4899 3320 4955 in
3343 4896 3719 4964 secretioribus
3747 4909 3850 4949 ven-

2223 4984 2325 5038 tris
2355 4986 2540 5052 (Prov.
2569 5001 2662 5050 xx,
2685 4985 2796 5053 30).
2829 4985 2898 5042 Et
2933 4982 3248 5060 Apostolus
3280 5002 3294 5040 :
3326 4987 3528 5043 Fuistis
3573 4979 3851 5058 aliquando

2222 5073 2480 5144 tenebrc'e,
2525 5089 2675 5128 nunc
2718 5081 2900 5132 autem
2947 5075 3048 5134 tua:
3093 5076 3154 5134 in
3203 5073 3672 5148 Domino(Ephes.
3702 5089 3752 5140 ν,
3781 5071 3846 5137 8),

2223 5159 2364 5232 quia
2392 5161 2641 5217 tenebrae
2671 5161 2862 5224 lucem
2891 5162 3236 5238 recipientes
3263 5161 3607 5222 illuminatie
3629 5159 3850 5228 suun-£3t

2217 5249 2519 5306 credentes
2541 5251 2745 5308 mundi
2771 5251 2956 5324 pretio
2979 5252 3051 5308 ad
3073 5250 3325 5310 salutem
3348 5251 3630 5324 redempti
3655 5252 3801 5306 sunt.
3823 5266 3847 5293 »

2217 5337 2290 5396 Et
2310 5338 2556 5412 Prosper
2574 5357 2641 5396 ex
2665 5340 3026 5414 delegatione
3049 5341 3382 5416 apostolicae
3413 5341 3570 5400 sedis
3599 5339 3744 5396 hanc
3763 5351 3845 5391 ca-

2218 5425 2496 5485 tholicam
2545 5427 2993 5502 intelligentiam
3027 5431 3399 5488 demonstrat
3437 5433 3638 5486 contra
3667 5422 3844 5484 Gallos

2217 5516 2280 5573 in
2311 5518 2788 5592 recapitulatione
2818 5536 2974 5576 nona
3002 5537 3050 5576 :«
3075 5520 3204 5590 Qui,
3227 5521 3518 5593 inquiens,
3545 5517 3685 5574 dicit
3701 5510 3839 5588 quod

2218 5623 2333 5662 non
2365 5625 2468 5680 pro
2493 5607 2674 5665 totius
2704 5607 2910 5664 mundi
2939 5609 3336 5684 redemptione
3358 5609 3620 5666 Salvator
3637 5605 3712 5662 sit
3731 5616 3841 5658 cru-

2217 5696 2441 5768 cifixus,
2475 5715 2591 5766 non
2622 5698 2694 5754 ad
2720 5698 3070 5756 sacramenti
3098 5700 3392 5771 virtutem,
3417 5699 3516 5757 sed
3547 5696 3620 5754 ad
3651 5690 3836 5752 inﬁde-
