  <div class='ocr_page' id='page_1' title='image "/cluster/home/n/w/nwhite01/storage/ocr_20150623/125/umn.31951002477418t/260.png"; bbox 0 0 4018 6482; ppageno 0'>
   <div class='ocr_carea' id='block_1_1' title="bbox 203 454 315 514">
    <p class='ocr_par' dir='ltr' id='par_1_1' title="bbox 203 454 315 514">
     <span class='ocr_line' id='line_1_1' title="bbox 203 454 315 514; baseline 0 0"><span class='ocrx_word' id='word_1_1' title='bbox 203 454 315 514; x_wconf 72' lang='grc'><strong>477</strong></span> 
     </span>
    </p>
   </div>
   <div class='ocr_carea' id='block_1_2' title="bbox 1218 453 2684 517">
    <p class='ocr_par' dir='ltr' id='par_1_2' title="bbox 1218 453 2684 517">
     <span class='ocr_line' id='line_1_2' title="bbox 1218 453 2684 517; baseline -0.004 -2"><span class='ocrx_word' id='word_1_2' title='bbox 1218 454 1321 516; x_wconf 89' lang='lat' dir='ltr'><strong>DE</strong></span> <span class='ocrx_word' id='word_1_3' title='bbox 1364 454 1524 517; x_wconf 82' lang='lat' dir='ltr'><strong>UNA</strong></span> <span class='ocrx_word' id='word_1_4' title='bbox 1566 454 1668 517; x_wconf 87' lang='lat' dir='ltr'><strong>ET</strong></span> <span class='ocrx_word' id='word_1_5' title='bbox 1712 455 1869 517; x_wconf 86' lang='lat' dir='ltr'><strong>NON</strong></span> <span class='ocrx_word' id='word_1_6' title='bbox 1912 453 2153 517; x_wconf 76' lang='lat' dir='ltr'><strong>TBINA</strong></span> <span class='ocrx_word' id='word_1_7' title='bbox 2203 454 2566 517; x_wconf 82' lang='lat' dir='ltr'><strong>DEITATE.</strong></span> <span class='ocrx_word' id='word_1_8' title='bbox 2671 498 2684 509; x_wconf 83' lang='lat'><strong>.</strong></span> 
     </span>
    </p>
   </div>
   <div class='ocr_carea' id='block_1_3' title="bbox 3475 451 3595 515">
    <p class='ocr_par' dir='ltr' id='par_1_3' title="bbox 3475 451 3595 515">
     <span class='ocr_line' id='line_1_3' title="bbox 3475 451 3595 515; baseline -0.008 -1"><span class='ocrx_word' id='word_1_9' title='bbox 3475 451 3595 515; x_wconf 70' lang='grc'><strong>478</strong></span> 
     </span>
    </p>
   </div>
   <div class='ocr_carea' id='block_1_4' title="bbox 205 583 3593 662">
    <p class='ocr_par' dir='ltr' id='par_1_4' title="bbox 205 583 3593 662">
     <span class='ocr_line' id='line_1_4' title="bbox 205 583 3593 662; baseline 0.001 -24"><span class='ocrx_word' id='word_1_10' title='bbox 205 609 232 638; x_wconf 85' lang='grc'><strong>‹‹</strong></span> <span class='ocrx_word' id='word_1_11' title='bbox 264 584 449 654; x_wconf 88' lang='lat' dir='ltr'><strong>trina;</strong></span> <span class='ocrx_word' id='word_1_12' title='bbox 480 583 666 641; x_wconf 80' lang='lat' dir='ltr'><strong>multa</strong></span> <span class='ocrx_word' id='word_1_13' title='bbox 714 583 915 642; x_wconf 91' lang='lat' dir='ltr'><strong>minus</strong></span> <span class='ocrx_word' id='word_1_14' title='bbox 961 583 1042 642; x_wconf 88' lang='lat' dir='ltr'>ibi</span> <span class='ocrx_word' id='word_1_15' title='bbox 1086 590 1277 660; x_wconf 85' lang='lat' dir='ltr'><strong>potest</strong></span> <span class='ocrx_word' id='word_1_16' title='bbox 1322 588 1467 657; x_wconf 82' lang='lat' dir='ltr'><strong>fieri,</strong></span> <span class='ocrx_word' id='word_1_17' title='bbox 1501 588 1602 644; x_wconf 89' lang='lat' dir='ltr'><strong>ubi</strong></span> <span class='ocrx_word' id='word_1_18' title='bbox 1643 587 1836 645; x_wconf 80' lang='lat' dir='ltr'><strong>Deitas</strong></span> <span class='ocrx_word' id='word_1_19' title='bbox 1869 590 1924 658; x_wconf 75' lang='grc' dir='ltr'><strong>Α</strong></span> <span class='ocrx_word' id='word_1_20' title='bbox 1954 610 1984 638; x_wconf 90' lang='grc'><strong><em>‹‹</em></strong></span> <span class='ocrx_word' id='word_1_21' title='bbox 2016 587 2340 661; x_wconf 67' lang='lat' dir='ltr'><strong>coaequales</strong></span> <span class='ocrx_word' id='word_1_22' title='bbox 2370 590 2426 643; x_wconf 92' lang='lat' dir='ltr'><strong>et</strong></span> <span class='ocrx_word' id='word_1_23' title='bbox 2455 591 2772 655; x_wconf 70' lang='lat' dir='ltr'><strong>coaeternaa,</strong></span> <span class='ocrx_word' id='word_1_24' title='bbox 2807 591 3109 661; x_wconf 79' lang='lat' dir='ltr'><strong>propterea</strong></span> <span class='ocrx_word' id='word_1_25' title='bbox 3155 587 3410 662; x_wconf 86' lang='lat' dir='ltr'><strong>profecto</strong></span> <span class='ocrx_word' id='word_1_26' title='bbox 3439 586 3593 643; x_wconf 85' lang='lat' dir='ltr'><strong>Deus</strong></span> 
     </span>
    </p>
   </div>
   <div class='ocr_carea' id='block_1_5' title="bbox 206 674 1842 750">
    <p class='ocr_par' dir='ltr' id='par_1_5' title="bbox 206 674 1842 750">
     <span class='ocr_line' id='line_1_5' title="bbox 206 674 1842 750; baseline 0.005 -25"><span class='ocrx_word' id='word_1_27' title='bbox 206 699 232 726; x_wconf 86' lang='lat'><em>«</em></span> <span class='ocrx_word' id='word_1_28' title='bbox 262 674 414 731; x_wconf 85' lang='lat' dir='ltr'><strong>trina</strong></span> <span class='ocrx_word' id='word_1_29' title='bbox 443 675 661 732; x_wconf 91' lang='lat' dir='ltr'><strong>dicitur</strong></span> <span class='ocrx_word' id='word_1_30' title='bbox 680 678 736 732; x_wconf 93' lang='lat' dir='ltr'><strong>et</strong></span> <span class='ocrx_word' id='word_1_31' title='bbox 752 675 1052 747; x_wconf 80' lang='lat' dir='ltr'><strong>unazquia</strong></span> <span class='ocrx_word' id='word_1_32' title='bbox 1079 676 1299 733; x_wconf 92' lang='lat' dir='ltr'><strong>scilicet</strong></span> <span class='ocrx_word' id='word_1_33' title='bbox 1320 677 1691 750; x_wconf 84' lang='lat' dir='ltr'><strong>simplicibus</strong></span> <span class='ocrx_word' id='word_1_34' title='bbox 1708 693 1842 733; x_wconf 82' lang='lat' dir='ltr'><strong>mox</strong></span> 
     </span>
    </p>
   </div>
   <div class='ocr_carea' id='block_1_6' title="bbox 204 763 1841 839">
    <p class='ocr_par' dir='ltr' id='par_1_6' title="bbox 204 763 1841 839">
     <span class='ocr_line' id='line_1_6' title="bbox 204 763 1841 839; baseline 0.004 -24"><span class='ocrx_word' id='word_1_35' title='bbox 204 786 232 815; x_wconf 89' lang='lat'><em>«</em></span> <span class='ocrx_word' id='word_1_36' title='bbox 263 763 568 834; x_wconf 76' lang='lat' dir='ltr'><strong>diceretur,</strong></span> <span class='ocrx_word' id='word_1_37' title='bbox 602 763 754 819; x_wconf 82' lang='lat' dir='ltr'><strong>sicut</strong></span> <span class='ocrx_word' id='word_1_38' title='bbox 783 768 839 820; x_wconf 91' lang='lat' dir='ltr'><strong>et</strong></span> <span class='ocrx_word' id='word_1_39' title='bbox 870 764 1085 821; x_wconf 89' lang='lat' dir='ltr'><strong>dicitur</strong></span> <span class='ocrx_word' id='word_1_40' title='bbox 1114 782 1127 822; x_wconf 88' lang='lat'><strong>:</strong></span> <span class='ocrx_word' id='word_1_41' title='bbox 1162 768 1305 822; x_wconf 85' lang='lat' dir='ltr'><strong>Ecce</strong></span> <span class='ocrx_word' id='word_1_42' title='bbox 1335 783 1492 822; x_wconf 91' lang='lat' dir='ltr'><strong>nunc</strong></span> <span class='ocrx_word' id='word_1_43' title='bbox 1517 767 1643 838; x_wconf 91' lang='lat' dir='ltr'><strong>jam</strong></span> <span class='ocrx_word' id='word_1_44' title='bbox 1684 770 1841 839; x_wconf 90' lang='lat' dir='ltr'><strong>patet</strong></span> 
     </span>
    </p>
   </div>
   <div class='ocr_carea' id='block_1_7' title="bbox 204 852 1841 928">
    <p class='ocr_par' dir='ltr' id='par_1_7' title="bbox 204 852 1841 928">
     <span class='ocr_line' id='line_1_7' title="bbox 204 852 1841 928; baseline 0.002 -20"><span class='ocrx_word' id='word_1_45' title='bbox 204 877 229 906; x_wconf 84' lang='lat'><strong>«</strong></span> <span class='ocrx_word' id='word_1_46' title='bbox 262 852 396 927; x_wconf 90' lang='lat' dir='ltr'><strong>quia</strong></span> <span class='ocrx_word' id='word_1_47' title='bbox 424 870 542 909; x_wconf 91' lang='lat' dir='ltr'><strong>non</strong></span> <span class='ocrx_word' id='word_1_48' title='bbox 573 858 799 926; x_wconf 82' lang='lat' dir='ltr'><strong>poterat</strong></span> <span class='ocrx_word' id='word_1_49' title='bbox 844 872 951 912; x_wconf 90' lang='lat' dir='ltr'><strong>nec</strong></span> <span class='ocrx_word' id='word_1_50' title='bbox 1001 860 1193 928; x_wconf 90' lang='lat' dir='ltr'><strong>potest</strong></span> <span class='ocrx_word' id='word_1_51' title='bbox 1242 873 1439 911; x_wconf 80' lang='lat' dir='ltr'><strong>revera</strong></span> <span class='ocrx_word' id='word_1_52' title='bbox 1486 856 1598 912; x_wconf 92' lang='lat' dir='ltr'><strong>diei</strong></span> <span class='ocrx_word' id='word_1_53' title='bbox 1644 856 1841 911; x_wconf 79' lang='lat' dir='ltr'><strong>Deitas</strong></span> 
     </span>
    </p>
   </div>
   <div class='ocr_carea' id='block_1_8' title="bbox 202 940 1839 1018">
    <p class='ocr_par' dir='ltr' id='par_1_8' title="bbox 202 940 1839 1018">
     <span class='ocr_line' id='line_1_8' title="bbox 202 940 1839 1018; baseline 0.004 -24"><span class='ocrx_word' id='word_1_54' title='bbox 202 964 228 992; x_wconf 88' lang='lat'><strong>«</strong></span> <span class='ocrx_word' id='word_1_55' title='bbox 260 940 431 1010; x_wconf 90' lang='lat' dir='ltr'><strong>trino,</strong></span> <span class='ocrx_word' id='word_1_56' title='bbox 466 942 567 998; x_wconf 89' lang='lat' dir='ltr'><strong>sed</strong></span> <span class='ocrx_word' id='word_1_57' title='bbox 596 945 827 998; x_wconf 85' lang='lat' dir='ltr'><strong>tantum</strong></span> <span class='ocrx_word' id='word_1_58' title='bbox 858 943 1057 1000; x_wconf 83' lang='lat' dir='ltr'><strong>Deitas</strong></span> <span class='ocrx_word' id='word_1_59' title='bbox 1084 962 1222 1001; x_wconf 88' lang='lat' dir='ltr'><strong>una.</strong></span> <span class='ocrx_word' id='word_1_60' title='bbox 1258 946 1369 1001; x_wconf 86' lang='lat' dir='ltr'><strong>Sed</strong></span> <span class='ocrx_word' id='word_1_61' title='bbox 1420 945 1674 1018; x_wconf 90' lang='lat' dir='ltr'><strong>profecto</strong></span> <span class='ocrx_word' id='word_1_62' title='bbox 1713 946 1839 1016; x_wconf 91' lang='lat' dir='ltr'><strong>jam</strong></span> 
     </span>
    </p>
   </div>
   <div class='ocr_carea' id='block_1_9' title="bbox 205 1031 1840 1106">
    <p class='ocr_par' dir='ltr' id='par_1_9' title="bbox 205 1031 1840 1106">
     <span class='ocr_line' id='line_1_9' title="bbox 205 1031 1840 1106; baseline 0.003 -23"><span class='ocrx_word' id='word_1_63' title='bbox 205 1052 234 1082; x_wconf 78' lang='grc' dir='ltr'><strong><em>α</em></strong></span> <span class='ocrx_word' id='word_1_64' title='bbox 261 1034 492 1103; x_wconf 84' lang='lat' dir='ltr'><strong>tempus</strong></span> <span class='ocrx_word' id='word_1_65' title='bbox 522 1035 702 1103; x_wconf 87' lang='lat' dir='ltr'><strong>est,ut</strong></span> <span class='ocrx_word' id='word_1_66' title='bbox 720 1031 822 1103; x_wconf 89' lang='lat' dir='ltr'><strong>qui</strong></span> <span class='ocrx_word' id='word_1_67' title='bbox 845 1033 1093 1089; x_wconf 91' lang='lat' dir='ltr'><strong>credunt</strong></span> <span class='ocrx_word' id='word_1_68' title='bbox 1123 1037 1300 1106; x_wconf 90' lang='lat' dir='ltr'><strong>atque</strong></span> <span class='ocrx_word' id='word_1_69' title='bbox 1321 1033 1526 1089; x_wconf 91' lang='lat' dir='ltr'><strong>dicunt</strong></span> <span class='ocrx_word' id='word_1_70' title='bbox 1545 1034 1700 1106; x_wconf 93' lang='lat' dir='ltr'><strong>quod</strong></span> <span class='ocrx_word' id='word_1_71' title='bbox 1724 1050 1840 1089; x_wconf 89' lang='lat' dir='ltr'><strong>non</strong></span> 
     </span>
    </p>
   </div>
   <div class='ocr_carea' id='block_1_10' title="bbox 206 1118 1837 1194">
    <p class='ocr_par' dir='ltr' id='par_1_10' title="bbox 206 1118 1837 1194">
     <span class='ocr_line' id='line_1_10' title="bbox 206 1118 1837 1194; baseline 0.004 -23"><span class='ocrx_word' id='word_1_72' title='bbox 206 1140 233 1170; x_wconf 77' lang='grc' dir='ltr'><strong><em>κ</em></strong></span> <span class='ocrx_word' id='word_1_73' title='bbox 263 1118 446 1192; x_wconf 83' lang='lat' dir='ltr'><strong>possit</strong></span> <span class='ocrx_word' id='word_1_74' title='bbox 475 1120 877 1177; x_wconf 80' lang='lat' dir='ltr'><strong>auctoritative</strong></span> <span class='ocrx_word' id='word_1_75' title='bbox 906 1138 1097 1194; x_wconf 90' lang='lat' dir='ltr'><strong>neque</strong></span> <span class='ocrx_word' id='word_1_76' title='bbox 1125 1139 1255 1179; x_wconf 91' lang='lat' dir='ltr'><strong>vere</strong></span> <span class='ocrx_word' id='word_1_77' title='bbox 1285 1123 1400 1178; x_wconf 91' lang='lat' dir='ltr'><strong>dici</strong></span> <span class='ocrx_word' id='word_1_78' title='bbox 1431 1122 1627 1178; x_wconf 82' lang='lat' dir='ltr'><strong>Deitas</strong></span> <span class='ocrx_word' id='word_1_79' title='bbox 1663 1121 1837 1189; x_wconf 90' lang='lat' dir='ltr'><strong>trina,</strong></span> 
     </span>
    </p>
   </div>
   <div class='ocr_carea' id='block_1_11' title="bbox 210 1209 1840 1285">
    <p class='ocr_par' dir='ltr' id='par_1_11' title="bbox 210 1209 1840 1285">
     <span class='ocr_line' id='line_1_11' title="bbox 210 1209 1840 1285; baseline 0.002 -25"><span class='ocrx_word' id='word_1_80' title='bbox 210 1230 235 1259; x_wconf 83' lang='lat'><strong>«</strong></span> <span class='ocrx_word' id='word_1_81' title='bbox 263 1212 502 1264; x_wconf 88' lang='lat' dir='ltr'><strong>cernant</strong></span> <span class='ocrx_word' id='word_1_82' title='bbox 530 1213 588 1265; x_wconf 90' lang='lat' dir='ltr'><strong>ct</strong></span> <span class='ocrx_word' id='word_1_83' title='bbox 615 1209 812 1282; x_wconf 85' lang='lat' dir='ltr'><strong>legant</strong></span> <span class='ocrx_word' id='word_1_84' title='bbox 840 1210 899 1267; x_wconf 86' lang='lat' dir='ltr'><strong>in</strong></span> <span class='ocrx_word' id='word_1_85' title='bbox 930 1210 1078 1267; x_wconf 90' lang='lat' dir='ltr'><strong>libro</strong></span> <span class='ocrx_word' id='word_1_86' title='bbox 1107 1212 1180 1267; x_wconf 90' lang='lat' dir='ltr'><strong>de</strong></span> <span class='ocrx_word' id='word_1_87' title='bbox 1208 1219 1410 1267; x_wconf 88' lang='lat' dir='ltr'><strong>sancta</strong></span> <span class='ocrx_word' id='word_1_88' title='bbox 1455 1212 1706 1285; x_wconf 82' lang='lat' dir='ltr'><strong>Synodo,</strong></span> <span class='ocrx_word' id='word_1_89' title='bbox 1739 1210 1840 1282; x_wconf 89' lang='lat' dir='ltr'><strong>qui</strong></span> 
     </span>
    </p>
   </div>
   <div class='ocr_carea' id='block_1_12' title="bbox 205 1296 1839 1373">
    <p class='ocr_par' dir='ltr' id='par_1_12' title="bbox 205 1296 1839 1373">
     <span class='ocr_line' id='line_1_12' title="bbox 205 1296 1839 1373; baseline 0.001 -21"><span class='ocrx_word' id='word_1_90' title='bbox 205 1319 231 1346; x_wconf 81' lang='grc' dir='ltr'>α</span> <span class='ocrx_word' id='word_1_91' title='bbox 261 1296 513 1369; x_wconf 87' lang='lat' dir='ltr'><strong>scriptus</strong></span> <span class='ocrx_word' id='word_1_92' title='bbox 533 1302 626 1354; x_wconf 91' lang='lat' dir='ltr'><strong>est</strong></span> <span class='ocrx_word' id='word_1_93' title='bbox 645 1298 704 1353; x_wconf 92' lang='lat' dir='ltr'><strong>in</strong></span> <span class='ocrx_word' id='word_1_94' title='bbox 728 1300 1172 1371; x_wconf 66' lang='lat' dir='ltr'><strong>Graeco,seilicet</strong></span> <span class='ocrx_word' id='word_1_95' title='bbox 1192 1299 1714 1373; x_wconf 81' lang='lat' dir='ltr'><strong>Constantinopoli,</strong></span> <span class='ocrx_word' id='word_1_96' title='bbox 1730 1300 1839 1355; x_wconf 88' lang='lat' dir='ltr'><strong>sub</strong></span> 
     </span>
    </p>
   </div>
   <div class='ocr_carea' id='block_1_13' title="bbox 200 1384 1843 1462">
    <p class='ocr_par' dir='ltr' id='par_1_13' title="bbox 200 1384 1843 1462">
     <span class='ocr_line' id='line_1_13' title="bbox 200 1384 1843 1462; baseline 0.002 -24"><span class='ocrx_word' id='word_1_97' title='bbox 200 1407 226 1435; x_wconf 76' lang='grc' dir='ltr'><strong><em>α</em></strong></span> <span class='ocrx_word' id='word_1_98' title='bbox 254 1384 492 1442; x_wconf 88' lang='lat' dir='ltr'><strong>Juniore</strong></span> <span class='ocrx_word' id='word_1_99' title='bbox 523 1386 930 1455; x_wconf 89' lang='lat' dir='ltr'><strong>Constantino,</strong></span> <span class='ocrx_word' id='word_1_100' title='bbox 965 1405 999 1445; x_wconf 89' lang='lat' dir='ltr'><strong>a</strong></span> <span class='ocrx_word' id='word_1_101' title='bbox 1032 1393 1268 1444; x_wconf 89' lang='lat' dir='ltr'><strong>centum</strong></span> <span class='ocrx_word' id='word_1_102' title='bbox 1316 1394 1373 1445; x_wconf 90' lang='lat' dir='ltr'><strong>et</strong></span> <span class='ocrx_word' id='word_1_103' title='bbox 1415 1389 1843 1462; x_wconf 83' lang='lat' dir='ltr'><strong>quinquaginta</strong></span> 
     </span>
    </p>
   </div>
   <div class='ocr_carea' id='block_1_14' title="bbox 203 1473 1844 1547">
    <p class='ocr_par' dir='ltr' id='par_1_14' title="bbox 203 1473 1844 1547">
     <span class='ocr_line' id='line_1_14' title="bbox 203 1473 1844 1547; baseline 0.001 -18"><span class='ocrx_word' id='word_1_104' title='bbox 203 1496 230 1523; x_wconf 86' lang='lat'><em>«</em></span> <span class='ocrx_word' id='word_1_105' title='bbox 261 1473 528 1531; x_wconf 86' lang='lat' dir='ltr'><strong>Patribus</strong></span> <span class='ocrx_word' id='word_1_106' title='bbox 548 1476 686 1547; x_wconf 85' lang='lat' dir='ltr'><strong>jure</strong></span> <span class='ocrx_word' id='word_1_107' title='bbox 716 1477 1024 1534; x_wconf 89' lang='lat' dir='ltr'><strong>damnatos</strong></span> <span class='ocrx_word' id='word_1_108' title='bbox 1053 1483 1109 1533; x_wconf 91' lang='lat' dir='ltr'><strong>et</strong></span> <span class='ocrx_word' id='word_1_109' title='bbox 1139 1478 1661 1535; x_wconf 86' lang='lat' dir='ltr'><strong>anathematizatos</strong></span> <span class='ocrx_word' id='word_1_110' title='bbox 1687 1477 1844 1532; x_wconf 86' lang='lat' dir='ltr'><strong>Aria-</strong></span> 
     </span>
    </p>
   </div>
   <div class='ocr_carea' id='block_1_15' title="bbox 197 1563 1838 1632">
    <p class='ocr_par' dir='ltr' id='par_1_15' title="bbox 197 1563 1838 1632">
     <span class='ocr_line' id='line_1_15' title="bbox 197 1563 1838 1632; baseline 0 -13"><span class='ocrx_word' id='word_1_111' title='bbox 197 1585 223 1612; x_wconf 87' lang='grc'><strong>‹‹</strong></span> <span class='ocrx_word' id='word_1_112' title='bbox 255 1580 358 1620; x_wconf 91' lang='lat' dir='ltr'><strong>nos</strong></span> <span class='ocrx_word' id='word_1_113' title='bbox 408 1563 671 1621; x_wconf 88' lang='lat' dir='ltr'><strong>colentes</strong></span> <span class='ocrx_word' id='word_1_114' title='bbox 726 1566 1035 1632; x_wconf 73' lang='grc' dir='ltr'><strong>τριθεοτέιας,</strong></span> <span class='ocrx_word' id='word_1_115' title='bbox 1091 1566 1149 1622; x_wconf 88' lang='lat' dir='ltr'><strong>id</strong></span> <span class='ocrx_word' id='word_1_116' title='bbox 1210 1571 1298 1624; x_wconf 89' lang='lat' dir='ltr'><strong>est</strong></span> <span class='ocrx_word' id='word_1_117' title='bbox 1354 1573 1473 1625; x_wconf 90' lang='lat' dir='ltr'><strong>tres</strong></span> <span class='ocrx_word' id='word_1_118' title='bbox 1529 1566 1775 1623; x_wconf 89' lang='lat' dir='ltr'><strong>deitates</strong></span> <span class='ocrx_word' id='word_1_119' title='bbox 1825 1581 1838 1619; x_wconf 92' lang='lat'>:</span> 
     </span>
    </p>
   </div>
   <div class='ocr_carea' id='block_1_16' title="bbox 200 1653 1840 1731">
    <p class='ocr_par' dir='ltr' id='par_1_16' title="bbox 200 1653 1840 1731">
     <span class='ocr_line' id='line_1_16' title="bbox 200 1653 1840 1731; baseline 0 -23"><span class='ocrx_word' id='word_1_120' title='bbox 200 1674 226 1702; x_wconf 79' lang='grc' dir='ltr'><strong>ί(</strong></span> <span class='ocrx_word' id='word_1_121' title='bbox 252 1656 307 1708; x_wconf 92' lang='lat' dir='ltr'><strong>et</strong></span> <span class='ocrx_word' id='word_1_122' title='bbox 333 1656 533 1709; x_wconf 85' lang='lat' dir='ltr'><strong>tamen</strong></span> <span class='ocrx_word' id='word_1_123' title='bbox 581 1653 641 1709; x_wconf 89' lang='lat' dir='ltr'><strong>in</strong></span> <span class='ocrx_word' id='word_1_124' title='bbox 692 1654 818 1728; x_wconf 88' lang='lat' dir='ltr'><strong>ipso</strong></span> <span class='ocrx_word' id='word_1_125' title='bbox 860 1661 1285 1731; x_wconf 88' lang='lat' dir='ltr'><strong>consequenter</strong></span> <span class='ocrx_word' id='word_1_126' title='bbox 1312 1657 1650 1714; x_wconf 84' lang='lat' dir='ltr'><strong>continetur</strong></span> <span class='ocrx_word' id='word_1_127' title='bbox 1678 1654 1840 1710; x_wconf 88' lang='lat' dir='ltr'><strong>volu-</strong></span> 
     </span>
    </p>
   </div>
   <div class='ocr_carea' id='block_1_17' title="bbox 200 1740 1844 1821">
    <p class='ocr_par' dir='ltr' id='par_1_17' title="bbox 200 1740 1844 1821">
     <span class='ocr_line' id='line_1_17' title="bbox 200 1740 1844 1821; baseline 0.006 -29"><span class='ocrx_word' id='word_1_128' title='bbox 200 1764 225 1792; x_wconf 78' lang='grc' dir='ltr'><strong>«ι</strong></span> <span class='ocrx_word' id='word_1_129' title='bbox 255 1740 499 1809; x_wconf 90' lang='lat' dir='ltr'><strong>mine,in</strong></span> <span class='ocrx_word' id='word_1_130' title='bbox 533 1744 724 1801; x_wconf 90' lang='lat' dir='ltr'><strong>edicto</strong></span> <span class='ocrx_word' id='word_1_131' title='bbox 754 1743 976 1802; x_wconf 86' lang='lat' dir='ltr'><strong>scilicet</strong></span> <span class='ocrx_word' id='word_1_132' title='bbox 1004 1746 1844 1821; x_wconf 85' lang='lat' dir='ltr'><strong>Constantini,conglorifican-</strong></span> 
     </span>
    </p>
   </div>
   <div class='ocr_carea' id='block_1_18' title="bbox 196 1830 1831 1908">
    <p class='ocr_par' dir='ltr' id='par_1_18' title="bbox 196 1830 1831 1908">
     <span class='ocr_line' id='line_1_18' title="bbox 196 1830 1831 1908; baseline 0.006 -26"><span class='ocrx_word' id='word_1_133' title='bbox 196 1853 223 1881; x_wconf 76' lang='grc' dir='ltr'>α</span> <span class='ocrx_word' id='word_1_134' title='bbox 254 1831 385 1887; x_wconf 87' lang='lat' dir='ltr'><strong>dam</strong></span> <span class='ocrx_word' id='word_1_135' title='bbox 418 1830 640 1888; x_wconf 88' lang='lat' dir='ltr'><strong>trinam</strong></span> <span class='ocrx_word' id='word_1_136' title='bbox 667 1832 973 1903; x_wconf 90' lang='lat' dir='ltr'><strong>Deitatem,</strong></span> <span class='ocrx_word' id='word_1_137' title='bbox 1006 1852 1114 1891; x_wconf 91' lang='lat' dir='ltr'><strong>nec</strong></span> <span class='ocrx_word' id='word_1_138' title='bbox 1143 1836 1277 1891; x_wconf 91' lang='lat' dir='ltr'>addi</span> <span class='ocrx_word' id='word_1_139' title='bbox 1309 1841 1506 1891; x_wconf 91' lang='lat' dir='ltr'><strong>tamen</strong></span> <span class='ocrx_word' id='word_1_140' title='bbox 1536 1835 1654 1892; x_wconf 93' lang='lat' dir='ltr'><strong>illic</strong></span> <span class='ocrx_word' id='word_1_141' title='bbox 1684 1852 1831 1908; x_wconf 88' lang='lat' dir='ltr'><strong>opus</strong></span> 
     </span>
    </p>
   </div>
   <div class='ocr_carea' id='block_1_19' title="bbox 1953 676 3597 749">
    <p class='ocr_par' dir='ltr' id='par_1_19' title="bbox 1953 676 3597 749">
     <span class='ocr_line' id='line_1_19' title="bbox 1953 676 3597 749; baseline 0.003 -23"><span class='ocrx_word' id='word_1_142' title='bbox 1953 699 1983 726; x_wconf 90' lang='grc'><em>‹‹</em></span> <span class='ocrx_word' id='word_1_143' title='bbox 2015 676 2247 732; x_wconf 87' lang='lat' dir='ltr'><strong>trinitas</strong></span> <span class='ocrx_word' id='word_1_144' title='bbox 2278 680 2537 749; x_wconf 86' lang='lat' dir='ltr'><strong>potestas</strong></span> <span class='ocrx_word' id='word_1_145' title='bbox 2567 681 2656 733; x_wconf 86' lang='lat' dir='ltr'><strong>est</strong></span> <span class='ocrx_word' id='word_1_146' title='bbox 2683 677 2967 749; x_wconf 88' lang='lat' dir='ltr'><strong>prima,ac</strong></span> <span class='ocrx_word' id='word_1_147' title='bbox 2987 694 3090 749; x_wconf 90' lang='lat' dir='ltr'><strong>per</strong></span> <span class='ocrx_word' id='word_1_148' title='bbox 3115 676 3226 733; x_wconf 92' lang='lat' dir='ltr'><strong>hoc</strong></span> <span class='ocrx_word' id='word_1_149' title='bbox 3254 694 3371 733; x_wconf 89' lang='lat' dir='ltr'><strong>non</strong></span> <span class='ocrx_word' id='word_1_150' title='bbox 3393 693 3597 732; x_wconf 84' lang='lat' dir='ltr'><strong>secun-</strong></span> 
     </span>
    </p>
   </div>
   <div class='ocr_carea' id='block_1_20' title="bbox 1952 765 3595 838">
    <p class='ocr_par' dir='ltr' id='par_1_20' title="bbox 1952 765 3595 838">
     <span class='ocr_line' id='line_1_20' title="bbox 1952 765 3595 838; baseline 0.001 -20"><span class='ocrx_word' id='word_1_151' title='bbox 1952 788 1980 817; x_wconf 86' lang='lat'>«</span> <span class='ocrx_word' id='word_1_152' title='bbox 2013 767 2154 821; x_wconf 90' lang='lat' dir='ltr'><strong>dum</strong></span> <span class='ocrx_word' id='word_1_153' title='bbox 2185 766 2451 837; x_wconf 89' lang='lat' dir='ltr'><strong>Arianos,</strong></span> <span class='ocrx_word' id='word_1_154' title='bbox 2484 767 2638 838; x_wconf 90' lang='lat' dir='ltr'><strong>quod</strong></span> <span class='ocrx_word' id='word_1_155' title='bbox 2668 765 2841 833; x_wconf 90' lang='lat' dir='ltr'><strong>absit,</strong></span> <span class='ocrx_word' id='word_1_156' title='bbox 2873 770 2989 821; x_wconf 91' lang='lat' dir='ltr'><strong>tres</strong></span> <span class='ocrx_word' id='word_1_157' title='bbox 3018 768 3355 837; x_wconf 88' lang='lat' dir='ltr'><strong>potestates,</strong></span> <span class='ocrx_word' id='word_1_158' title='bbox 3378 782 3482 821; x_wconf 90' lang='lat' dir='ltr'><strong>nec</strong></span> <span class='ocrx_word' id='word_1_159' title='bbox 3509 782 3595 822; x_wconf 84' lang='lat' dir='ltr'><strong>se-</strong></span> 
     </span>
    </p>
   </div>
   <div class='ocr_carea' id='block_1_21' title="bbox 1951 854 3589 927">
    <p class='ocr_par' dir='ltr' id='par_1_21' title="bbox 1951 854 3589 927">
     <span class='ocr_line' id='line_1_21' title="bbox 1951 854 3589 927; baseline 0.002 -21"><span class='ocrx_word' id='word_1_160' title='bbox 1951 878 1978 906; x_wconf 91' lang='grc'><strong>‹‹</strong></span> <span class='ocrx_word' id='word_1_161' title='bbox 2014 856 2271 911; x_wconf 89' lang='lat' dir='ltr'><strong>cundum</strong></span> <span class='ocrx_word' id='word_1_162' title='bbox 2304 854 2684 923; x_wconf 87' lang='lat' dir='ltr'><strong>Sabellianos,</strong></span> <span class='ocrx_word' id='word_1_163' title='bbox 2720 855 2876 927; x_wconf 90' lang='lat' dir='ltr'><strong>quod</strong></span> <span class='ocrx_word' id='word_1_164' title='bbox 2908 854 3078 921; x_wconf 90' lang='lat' dir='ltr'><strong>absit,</strong></span> <span class='ocrx_word' id='word_1_165' title='bbox 3113 858 3369 926; x_wconf 89' lang='lat' dir='ltr'><strong>potestas</strong></span> <span class='ocrx_word' id='word_1_166' title='bbox 3389 864 3589 926; x_wconf 89' lang='lat' dir='ltr'><strong>perso-</strong></span> 
     </span>
    </p>
   </div>
   <div class='ocr_carea' id='block_1_22' title="bbox 1951 941 3591 1013">
    <p class='ocr_par' dir='ltr' id='par_1_22' title="bbox 1951 941 3591 1013">
     <span class='ocr_line' id='line_1_22' title="bbox 1951 941 3591 1013; baseline 0.001 -16"><span class='ocrx_word' id='word_1_167' title='bbox 1951 966 1980 995; x_wconf 88' lang='lat'>«</span> <span class='ocrx_word' id='word_1_168' title='bbox 2013 943 2225 999; x_wconf 88' lang='lat' dir='ltr'><strong>naliter</strong></span> <span class='ocrx_word' id='word_1_169' title='bbox 2254 948 2344 1000; x_wconf 89' lang='lat' dir='ltr'><strong>est</strong></span> <span class='ocrx_word' id='word_1_170' title='bbox 2372 945 2616 1004; x_wconf 87' lang='lat' dir='ltr'><strong>una.sed</strong></span> <span class='ocrx_word' id='word_1_171' title='bbox 2649 944 2977 1000; x_wconf 86' lang='lat' dir='ltr'><strong>secundum</strong></span> <span class='ocrx_word' id='word_1_172' title='bbox 3000 941 3319 999; x_wconf 90' lang='lat' dir='ltr'><strong>catholicos</strong></span> <span class='ocrx_word' id='word_1_173' title='bbox 3336 946 3591 1013; x_wconf 85' lang='lat' dir='ltr'><strong>potestas</strong></span> 
     </span>
    </p>
   </div>
   <div class='ocr_carea' id='block_1_23' title="bbox 1951 1030 3593 1105">
    <p class='ocr_par' dir='ltr' id='par_1_23' title="bbox 1951 1030 3593 1105">
     <span class='ocr_line' id='line_1_23' title="bbox 1951 1030 3593 1105; baseline 0.001 -22"><span class='ocrx_word' id='word_1_174' title='bbox 1951 1056 1980 1083; x_wconf 87' lang='lat'><strong><em>«</em></strong></span> <span class='ocrx_word' id='word_1_175' title='bbox 2014 1036 2104 1089; x_wconf 89' lang='lat' dir='ltr'><strong>est</strong></span> <span class='ocrx_word' id='word_1_176' title='bbox 2134 1050 2251 1088; x_wconf 87' lang='lat' dir='ltr'><strong>una</strong></span> <span class='ocrx_word' id='word_1_177' title='bbox 2279 1032 2640 1100; x_wconf 88' lang='lat' dir='ltr'><strong>naturaliter,</strong></span> <span class='ocrx_word' id='word_1_178' title='bbox 2674 1036 2732 1088; x_wconf 91' lang='lat' dir='ltr'><strong>et</strong></span> <span class='ocrx_word' id='word_1_179' title='bbox 2762 1031 3145 1105; x_wconf 81' lang='lat' dir='ltr'><strong>personaliter</strong></span> <span class='ocrx_word' id='word_1_180' title='bbox 3170 1030 3346 1085; x_wconf 89' lang='lat' dir='ltr'><strong>trina.</strong></span> <span class='ocrx_word' id='word_1_181' title='bbox 3393 1030 3593 1086; x_wconf 85' lang='lat' dir='ltr'><strong>Restat</strong></span> 
     </span>
    </p>
   </div>
   <div class='ocr_carea' id='block_1_24' title="bbox 1951 1118 3592 1193">
    <p class='ocr_par' dir='ltr' id='par_1_24' title="bbox 1951 1118 3592 1193">
     <span class='ocr_line' id='line_1_24' title="bbox 1951 1118 3592 1193; baseline 0.001 -22"><span class='ocrx_word' id='word_1_182' title='bbox 1951 1144 1979 1171; x_wconf 85' lang='lat'><strong>«</strong></span> <span class='ocrx_word' id='word_1_183' title='bbox 2016 1121 2197 1193; x_wconf 81' lang='lat' dir='ltr'><strong>igitur</strong></span> <span class='ocrx_word' id='word_1_184' title='bbox 2223 1125 2280 1177; x_wconf 87' lang='lat' dir='ltr'><strong>et</strong></span> <span class='ocrx_word' id='word_1_185' title='bbox 2310 1125 2597 1193; x_wconf 85' lang='lat' dir='ltr'><strong>superest,</strong></span> <span class='ocrx_word' id='word_1_186' title='bbox 2622 1125 2688 1176; x_wconf 93' lang='lat' dir='ltr'><strong>ut</strong></span> <span class='ocrx_word' id='word_1_187' title='bbox 2712 1120 2795 1175; x_wconf 93' lang='lat' dir='ltr'><strong>illi</strong></span> <span class='ocrx_word' id='word_1_188' title='bbox 2823 1121 2920 1193; x_wconf 90' lang='lat' dir='ltr'><strong>qui</strong></span> <span class='ocrx_word' id='word_1_189' title='bbox 2953 1123 3092 1175; x_wconf 92' lang='lat' dir='ltr'><strong>sunt</strong></span> <span class='ocrx_word' id='word_1_190' title='bbox 3120 1118 3512 1192; x_wconf 60' lang='lat' dir='ltr'><strong>grammatici,</strong></span> <span class='ocrx_word' id='word_1_191' title='bbox 3543 1118 3592 1174; x_wconf 91' lang='lat' dir='ltr'><strong>si</strong></span> 
     </span>
    </p>
   </div>
   <div class='ocr_carea' id='block_1_25' title="bbox 1954 1206 3673 1278">
    <p class='ocr_par' dir='ltr' id='par_1_25' title="bbox 1954 1206 3673 1278">
     <span class='ocr_line' id='line_1_25' title="bbox 1954 1206 3673 1278; baseline 0 -19"><span class='ocrx_word' id='word_1_192' title='bbox 1954 1229 1983 1259; x_wconf 83' lang='lat'><strong>«</strong></span> <span class='ocrx_word' id='word_1_193' title='bbox 2013 1206 2220 1262; x_wconf 90' lang='lat' dir='ltr'><strong>nolunt</strong></span> <span class='ocrx_word' id='word_1_194' title='bbox 2251 1224 2379 1263; x_wconf 79' lang='lat' dir='ltr'><strong>esse</strong></span> <span class='ocrx_word' id='word_1_195' title='bbox 2415 1207 2591 1263; x_wconf 91' lang='lat' dir='ltr'><strong>simul</strong></span> <span class='ocrx_word' id='word_1_196' title='bbox 2640 1211 2699 1263; x_wconf 88' lang='lat' dir='ltr'><strong>et</strong></span> <span class='ocrx_word' id='word_1_197' title='bbox 2744 1206 3021 1272; x_wconf 78' lang='lat' dir='ltr'><strong>hzeretici,</strong></span> <span class='ocrx_word' id='word_1_198' title='bbox 3070 1224 3185 1262; x_wconf 89' lang='lat' dir='ltr'><strong>non</strong></span> <span class='ocrx_word' id='word_1_199' title='bbox 3234 1209 3594 1278; x_wconf 61' lang='lat' dir='ltr'><strong>praisumant</strong></span> <span class='ocrx_word' id='word_1_200' title='bbox 3668 1252 3673 1257; x_wconf 93' lang='lat'><strong>.</strong></span> 
     </span>
    </p>
   </div>
   <div class='ocr_carea' id='block_1_26' title="bbox 1951 1293 3592 1366">
    <p class='ocr_par' dir='ltr' id='par_1_26' title="bbox 1951 1293 3592 1366">
     <span class='ocr_line' id='line_1_26' title="bbox 1951 1293 3592 1366; baseline 0.002 -19"><span class='ocrx_word' id='word_1_201' title='bbox 1951 1319 1980 1347; x_wconf 83' lang='lat'>«</span> <span class='ocrx_word' id='word_1_202' title='bbox 2016 1296 2177 1351; x_wconf 83' lang='lat' dir='ltr'><strong>fateri</strong></span> <span class='ocrx_word' id='word_1_203' title='bbox 2232 1296 2291 1351; x_wconf 93' lang='lat' dir='ltr'><strong>in</strong></span> <span class='ocrx_word' id='word_1_204' title='bbox 2335 1296 2625 1351; x_wconf 85' lang='lat' dir='ltr'><strong>Eecclesia</strong></span> <span class='ocrx_word' id='word_1_205' title='bbox 2670 1295 2891 1352; x_wconf 87' lang='lat' dir='ltr'><strong>veracis</strong></span> <span class='ocrx_word' id='word_1_206' title='bbox 2943 1294 3059 1362; x_wconf 90' lang='lat' dir='ltr'><strong>Dei,</strong></span> <span class='ocrx_word' id='word_1_207' title='bbox 3104 1295 3223 1351; x_wconf 86' lang='lat' dir='ltr'><strong>veri</strong></span> <span class='ocrx_word' id='word_1_208' title='bbox 3273 1293 3393 1361; x_wconf 91' lang='lat' dir='ltr'><strong>Dei,</strong></span> <span class='ocrx_word' id='word_1_209' title='bbox 3436 1295 3592 1366; x_wconf 93' lang='lat' dir='ltr'><strong>quod</strong></span> 
     </span>
    </p>
   </div>
   <div class='ocr_carea' id='block_1_27' title="bbox 1951 1382 3593 1455">
    <p class='ocr_par' dir='ltr' id='par_1_27' title="bbox 1951 1382 3593 1455">
     <span class='ocr_line' id='line_1_27' title="bbox 1951 1382 3593 1455; baseline 0 -17"><span class='ocrx_word' id='word_1_210' title='bbox 1951 1407 1979 1434; x_wconf 87' lang='lat'><strong><em>«</em></strong></span> <span class='ocrx_word' id='word_1_211' title='bbox 2010 1383 2291 1448; x_wconf 75' lang='grc' dir='ltr'><strong>τριθεατεία,</strong></span> <span class='ocrx_word' id='word_1_212' title='bbox 2324 1384 2381 1440; x_wconf 89' lang='lat' dir='ltr'><strong>id</strong></span> <span class='ocrx_word' id='word_1_213' title='bbox 2412 1390 2501 1441; x_wconf 89' lang='lat' dir='ltr'><strong>est</strong></span> <span class='ocrx_word' id='word_1_214' title='bbox 2523 1385 2678 1440; x_wconf 90' lang='lat' dir='ltr'><strong>trina</strong></span> <span class='ocrx_word' id='word_1_215' title='bbox 2705 1385 2925 1450; x_wconf 89' lang='lat' dir='ltr'><strong>Deitas,</strong></span> <span class='ocrx_word' id='word_1_216' title='bbox 2948 1383 3068 1439; x_wconf 91' lang='lat' dir='ltr'><strong>ulla</strong></span> <span class='ocrx_word' id='word_1_217' title='bbox 3096 1383 3318 1439; x_wconf 87' lang='lat' dir='ltr'><strong>ratione</strong></span> <span class='ocrx_word' id='word_1_218' title='bbox 3348 1382 3593 1455; x_wconf 88' lang='lat' dir='ltr'><strong>pluralis</strong></span> 
     </span>
    </p>
   </div>
   <div class='ocr_carea' id='block_1_28' title="bbox 1951 1472 3592 1545">
    <p class='ocr_par' dir='ltr' id='par_1_28' title="bbox 1951 1472 3592 1545">
     <span class='ocr_line' id='line_1_28' title="bbox 1951 1472 3592 1545; baseline -0.002 -16"><span class='ocrx_word' id='word_1_219' title='bbox 1951 1495 1980 1523; x_wconf 88' lang='grc'><strong>‹‹</strong></span> <span class='ocrx_word' id='word_1_220' title='bbox 2014 1474 2221 1529; x_wconf 82' lang='lat' dir='ltr'><strong>existat</strong></span> <span class='ocrx_word' id='word_1_221' title='bbox 2251 1475 2499 1541; x_wconf 90' lang='lat' dir='ltr'><strong>numeri,</strong></span> <span class='ocrx_word' id='word_1_222' title='bbox 2531 1491 2666 1530; x_wconf 92' lang='lat' dir='ltr'><strong>cum</strong></span> <span class='ocrx_word' id='word_1_223' title='bbox 2715 1474 2791 1529; x_wconf 89' lang='lat' dir='ltr'><strong>sit</strong></span> <span class='ocrx_word' id='word_1_224' title='bbox 2832 1478 2899 1529; x_wconf 89' lang='lat' dir='ltr'><strong>ut</strong></span> <span class='ocrx_word' id='word_1_225' title='bbox 2943 1473 3125 1529; x_wconf 91' lang='lat' dir='ltr'><strong>claret</strong></span> <span class='ocrx_word' id='word_1_226' title='bbox 3151 1472 3355 1544; x_wconf 87' lang='lat' dir='ltr'><strong>utique</strong></span> <span class='ocrx_word' id='word_1_227' title='bbox 3384 1472 3592 1545; x_wconf 88' lang='lat' dir='ltr'><strong>singu-</strong></span> 
     </span>
    </p>
   </div>
   <div class='ocr_carea' id='block_1_29' title="bbox 1956 1558 3594 1635">
    <p class='ocr_par' dir='ltr' id='par_1_29' title="bbox 1956 1558 3594 1635">
     <span class='ocr_line' id='line_1_29' title="bbox 1956 1558 3594 1635; baseline -0.002 -18"><span class='ocrx_word' id='word_1_228' title='bbox 1956 1584 1977 1611; x_wconf 77' lang='grc' dir='ltr'>ι</span> <span class='ocrx_word' id='word_1_229' title='bbox 2013 1561 2174 1633; x_wconf 88' lang='lat' dir='ltr'><strong>laris,</strong></span> <span class='ocrx_word' id='word_1_230' title='bbox 2204 1562 2367 1619; x_wconf 87' lang='lat' dir='ltr'><strong>velut</strong></span> <span class='ocrx_word' id='word_1_231' title='bbox 2395 1568 2678 1619; x_wconf 87' lang='lat' dir='ltr'><strong>noverunt</strong></span> <span class='ocrx_word' id='word_1_232' title='bbox 2697 1562 3078 1635; x_wconf 91' lang='lat' dir='ltr'><strong>universi,qui</strong></span> <span class='ocrx_word' id='word_1_233' title='bbox 3109 1561 3197 1616; x_wconf 74' lang='lat' dir='ltr'><strong>vel</strong></span> <span class='ocrx_word' id='word_1_234' title='bbox 3228 1558 3594 1617; x_wconf 87' lang='lat' dir='ltr'><strong>mediocriter</strong></span> 
     </span>
    </p>
   </div>
   <div class='ocr_carea' id='block_1_30' title="bbox 1952 1649 3593 1725">
    <p class='ocr_par' dir='ltr' id='par_1_30' title="bbox 1952 1649 3593 1725">
     <span class='ocr_line' id='line_1_30' title="bbox 1952 1649 3593 1725; baseline -0.002 -19"><span class='ocrx_word' id='word_1_235' title='bbox 1952 1673 1980 1700; x_wconf 87' lang='lat'><strong><em>«</em></strong></span> <span class='ocrx_word' id='word_1_236' title='bbox 2012 1650 2154 1706; x_wconf 87' lang='lat' dir='ltr'><strong>artis</strong></span> <span class='ocrx_word' id='word_1_237' title='bbox 2182 1652 2577 1724; x_wconf 81' lang='lat' dir='ltr'><strong>grammaticae</strong></span> <span class='ocrx_word' id='word_1_238' title='bbox 2606 1657 2747 1708; x_wconf 89' lang='lat' dir='ltr'><strong>sunt</strong></span> <span class='ocrx_word' id='word_1_239' title='bbox 2786 1651 2977 1725; x_wconf 90' lang='lat' dir='ltr'><strong>periti.</strong></span> <span class='ocrx_word' id='word_1_240' title='bbox 3028 1651 3194 1707; x_wconf 88' lang='lat' dir='ltr'><strong>Sicut</strong></span> <span class='ocrx_word' id='word_1_241' title='bbox 3239 1650 3395 1706; x_wconf 89' lang='lat' dir='ltr'><strong>enim</strong></span> <span class='ocrx_word' id='word_1_242' title='bbox 3444 1649 3593 1704; x_wconf 86' lang='lat' dir='ltr'><strong>Deas</strong></span> 
     </span>
    </p>
   </div>
   <div class='ocr_carea' id='block_1_31' title="bbox 1957 1737 3595 1814">
    <p class='ocr_par' dir='ltr' id='par_1_31' title="bbox 1957 1737 3595 1814">
     <span class='ocr_line' id='line_1_31' title="bbox 1957 1737 3595 1814; baseline -0.002 -19"><span class='ocrx_word' id='word_1_243' title='bbox 1957 1761 1979 1789; x_wconf 72' lang='grc' dir='ltr'>ι</span> <span class='ocrx_word' id='word_1_244' title='bbox 2015 1738 2270 1796; x_wconf 84' lang='lat' dir='ltr'><strong>Trinitas</strong></span> <span class='ocrx_word' id='word_1_245' title='bbox 2299 1741 2526 1796; x_wconf 84' lang='lat' dir='ltr'><strong>numeri</strong></span> <span class='ocrx_word' id='word_1_246' title='bbox 2557 1740 2875 1814; x_wconf 80' lang='lat' dir='ltr'><strong>singularis</strong></span> <span class='ocrx_word' id='word_1_247' title='bbox 2903 1743 2992 1796; x_wconf 90' lang='lat' dir='ltr'><strong>est</strong></span> <span class='ocrx_word' id='word_1_248' title='bbox 3015 1740 3188 1811; x_wconf 86' lang='lat' dir='ltr'><strong>juxta</strong></span> <span class='ocrx_word' id='word_1_249' title='bbox 3219 1737 3359 1793; x_wconf 94' lang='lat' dir='ltr'><strong>illud</strong></span> <span class='ocrx_word' id='word_1_250' title='bbox 3391 1737 3595 1792; x_wconf 80' lang='lat' dir='ltr'><strong>:Bene-</strong></span> 
     </span>
    </p>
   </div>
   <div class='ocr_carea' id='block_1_32' title="bbox 1958 1824 3589 1896">
    <p class='ocr_par' dir='ltr' id='par_1_32' title="bbox 1958 1824 3589 1896">
     <span class='ocr_line' id='line_1_32' title="bbox 1958 1824 3589 1896; baseline -0.001 -15"><span class='ocrx_word' id='word_1_251' title='bbox 1958 1849 1986 1881; x_wconf 74' lang='grc' dir='ltr'><strong><em>α</em></strong></span> <span class='ocrx_word' id='word_1_252' title='bbox 2015 1829 2157 1885; x_wconf 81' lang='lat' dir='ltr'><strong>dicta</strong></span> <span class='ocrx_word' id='word_1_253' title='bbox 2185 1831 2260 1885; x_wconf 90' lang='lat' dir='ltr'><strong>sit</strong></span> <span class='ocrx_word' id='word_1_254' title='bbox 2284 1837 2473 1885; x_wconf 78' lang='lat' dir='ltr'><strong>sancta</strong></span> <span class='ocrx_word' id='word_1_255' title='bbox 2515 1831 2773 1896; x_wconf 73' lang='lat' dir='ltr'><strong>Trinitas,</strong></span> <span class='ocrx_word' id='word_1_256' title='bbox 2819 1828 2905 1885; x_wconf 90' lang='lat' dir='ltr'><strong>sic</strong></span> <span class='ocrx_word' id='word_1_257' title='bbox 2953 1827 3128 1882; x_wconf 84' lang='lat' dir='ltr'><strong>etiam</strong></span> <span class='ocrx_word' id='word_1_258' title='bbox 3184 1825 3413 1882; x_wconf 92' lang='lat' dir='ltr'><strong>numeri</strong></span> <span class='ocrx_word' id='word_1_259' title='bbox 3462 1824 3589 1880; x_wconf 91' lang='lat' dir='ltr'><strong>sin-</strong></span> 
     </span>
    </p>
   </div>
   <div class='ocr_carea' id='block_1_33' title="bbox 198 1916 3587 2025">
    <p class='ocr_par' dir='ltr' id='par_1_33' title="bbox 198 1916 3587 2025">
     <span class='ocr_line' id='line_1_33' title="bbox 198 1916 3587 2025; baseline 0.001 -50"><span class='ocrx_word' id='word_1_260' title='bbox 198 1943 222 1971; x_wconf 79' lang='grc' dir='ltr'><strong>α</strong></span> <span class='ocrx_word' id='word_1_261' title='bbox 251 1920 356 1976; x_wconf 81' lang='lat' dir='ltr'><strong>fuit</strong></span> <span class='ocrx_word' id='word_1_262' title='bbox 381 1938 587 1988; x_wconf 89' lang='lat' dir='ltr'><strong>unam,</strong></span> <span class='ocrx_word' id='word_1_263' title='bbox 619 1922 758 1994; x_wconf 87' lang='lat' dir='ltr'><strong>quia</strong></span> <span class='ocrx_word' id='word_1_264' title='bbox 783 1922 1025 1992; x_wconf 87' lang='lat' dir='ltr'><strong>scilicet,</strong></span> <span class='ocrx_word' id='word_1_265' title='bbox 1048 1925 1190 1981; x_wconf 91' lang='lat' dir='ltr'><strong>dum</strong></span> <span class='ocrx_word' id='word_1_266' title='bbox 1223 1926 1332 1981; x_wconf 91' lang='lat' dir='ltr'><strong>sub</strong></span> <span class='ocrx_word' id='word_1_267' title='bbox 1365 1942 1608 1981; x_wconf 90' lang='lat' dir='ltr'><strong>numero</strong></span> <span class='ocrx_word' id='word_1_268' title='bbox 1638 1925 1839 1998; x_wconf 89' lang='lat' dir='ltr'><strong>singu-</strong></span> <span class='ocrx_word' id='word_1_269' title='bbox 1869 1960 1917 2025; x_wconf 80' lang='grc' dir='ltr'><strong>Β</strong></span> <span class='ocrx_word' id='word_1_270' title='bbox 1953 1939 1983 1968; x_wconf 78' lang='grc' dir='ltr'><strong>(ί</strong></span> <span class='ocrx_word' id='word_1_271' title='bbox 2012 1916 2236 1990; x_wconf 76' lang='lat' dir='ltr'><strong>gularis</strong></span> <span class='ocrx_word' id='word_1_272' title='bbox 2283 1922 2371 1975; x_wconf 70' lang='lat' dir='ltr'><strong>est</strong></span> <span class='ocrx_word' id='word_1_273' title='bbox 2424 1918 2686 1982; x_wconf 79' lang='grc' dir='ltr'><strong>τριθεοτεία</strong></span> <span class='ocrx_word' id='word_1_274' title='bbox 2733 1918 2890 1974; x_wconf 75' lang='lat' dir='ltr'><strong>trina</strong></span> <span class='ocrx_word' id='word_1_275' title='bbox 2936 1916 3161 1985; x_wconf 68' lang='lat' dir='ltr'><strong>Deitas;</strong></span> <span class='ocrx_word' id='word_1_276' title='bbox 3212 1931 3348 1971; x_wconf 74' lang='lat' dir='ltr'><strong>cum</strong></span> <span class='ocrx_word' id='word_1_277' title='bbox 3389 1917 3587 1969; x_wconf 65' lang='lat' dir='ltr'><strong>tamen</strong></span> 
     </span>
    </p>
   </div>
   <div class='ocr_carea' id='block_1_34' title="bbox 198 2008 1835 2082">
    <p class='ocr_par' dir='ltr' id='par_1_34' title="bbox 198 2008 1835 2082">
     <span class='ocr_line' id='line_1_34' title="bbox 198 2008 1835 2082; baseline 0.005 -21"><span class='ocrx_word' id='word_1_278' title='bbox 198 2032 223 2059; x_wconf 80' lang='grc' dir='ltr'><strong>ι(</strong></span> <span class='ocrx_word' id='word_1_279' title='bbox 252 2008 354 2065; x_wconf 89' lang='lat' dir='ltr'><strong>lari</strong></span> <span class='ocrx_word' id='word_1_280' title='bbox 383 2010 605 2066; x_wconf 87' lang='lat' dir='ltr'><strong>dicitur</strong></span> <span class='ocrx_word' id='word_1_281' title='bbox 633 2012 831 2069; x_wconf 90' lang='lat' dir='ltr'><strong>Deitas</strong></span> <span class='ocrx_word' id='word_1_282' title='bbox 864 2013 1037 2082; x_wconf 90' lang='lat' dir='ltr'><strong>trina,</strong></span> <span class='ocrx_word' id='word_1_283' title='bbox 1072 2014 1208 2070; x_wconf 92' lang='lat' dir='ltr'><strong>licet</strong></span> <span class='ocrx_word' id='word_1_284' title='bbox 1235 2032 1349 2070; x_wconf 91' lang='lat' dir='ltr'><strong>non</strong></span> <span class='ocrx_word' id='word_1_285' title='bbox 1382 2015 1461 2070; x_wconf 87' lang='lat' dir='ltr'><strong>sit</strong></span> <span class='ocrx_word' id='word_1_286' title='bbox 1489 2015 1664 2082; x_wconf 87' lang='lat' dir='ltr'><strong>dicta,</strong></span> <span class='ocrx_word' id='word_1_287' title='bbox 1698 2016 1835 2071; x_wconf 91' lang='lat' dir='ltr'><strong>sub-</strong></span> 
     </span>
    </p>
   </div>
   <div class='ocr_carea' id='block_1_35' title="bbox 198 2095 1840 2172">
    <p class='ocr_par' dir='ltr' id='par_1_35' title="bbox 198 2095 1840 2172">
     <span class='ocr_line' id='line_1_35' title="bbox 198 2095 1840 2172; baseline 0.009 -25"><span class='ocrx_word' id='word_1_288' title='bbox 198 2120 224 2147; x_wconf 81' lang='grc'><strong>‹‹</strong></span> <span class='ocrx_word' id='word_1_289' title='bbox 249 2095 597 2172; x_wconf 82' lang='lat' dir='ltr'><strong>intelligitur</strong></span> <span class='ocrx_word' id='word_1_290' title='bbox 626 2103 823 2157; x_wconf 88' lang='lat' dir='ltr'><strong>tamen</strong></span> <span class='ocrx_word' id='word_1_291' title='bbox 854 2100 1028 2158; x_wconf 90' lang='lat' dir='ltr'><strong>simul</strong></span> <span class='ocrx_word' id='word_1_292' title='bbox 1060 2107 1118 2158; x_wconf 89' lang='lat' dir='ltr'><strong>et</strong></span> <span class='ocrx_word' id='word_1_293' title='bbox 1148 2120 1285 2158; x_wconf 90' lang='lat' dir='ltr'><strong>una.</strong></span> <span class='ocrx_word' id='word_1_294' title='bbox 1318 2102 1412 2160; x_wconf 92' lang='lat' dir='ltr'><strong>Sic</strong></span> <span class='ocrx_word' id='word_1_295' title='bbox 1442 2104 1598 2159; x_wconf 89' lang='lat' dir='ltr'><strong>enim</strong></span> <span class='ocrx_word' id='word_1_296' title='bbox 1627 2104 1840 2162; x_wconf 90' lang='lat' dir='ltr'><strong>dilecta</strong></span> 
     </span>
    </p>
   </div>
   <div class='ocr_carea' id='block_1_36' title="bbox 200 2188 1840 2264">
    <p class='ocr_par' dir='ltr' id='par_1_36' title="bbox 200 2188 1840 2264">
     <span class='ocr_line' id='line_1_36' title="bbox 200 2188 1840 2264; baseline 0.005 -21"><span class='ocrx_word' id='word_1_297' title='bbox 200 2209 226 2236; x_wconf 73' lang='grc' dir='ltr'><strong><em>α</em></strong></span> <span class='ocrx_word' id='word_1_298' title='bbox 255 2191 338 2243; x_wconf 90' lang='lat' dir='ltr'><strong>est</strong></span> <span class='ocrx_word' id='word_1_299' title='bbox 365 2206 398 2243; x_wconf 90' lang='lat' dir='ltr'><strong>a</strong></span> <span class='ocrx_word' id='word_1_300' title='bbox 420 2188 706 2263; x_wconf 90' lang='lat' dir='ltr'><strong>Prospero</strong></span> <span class='ocrx_word' id='word_1_301' title='bbox 731 2191 887 2247; x_wconf 89' lang='lat' dir='ltr'><strong>trina</strong></span> <span class='ocrx_word' id='word_1_302' title='bbox 918 2193 1215 2264; x_wconf 85' lang='lat' dir='ltr'><strong>majestas,</strong></span> <span class='ocrx_word' id='word_1_303' title='bbox 1265 2210 1300 2248; x_wconf 91' lang='lat' dir='ltr'><strong>a</strong></span> <span class='ocrx_word' id='word_1_304' title='bbox 1347 2193 1660 2250; x_wconf 91' lang='lat' dir='ltr'><strong>Prudentio</strong></span> <span class='ocrx_word' id='word_1_305' title='bbox 1686 2195 1840 2251; x_wconf 90' lang='lat' dir='ltr'><strong>trina</strong></span> 
     </span>
    </p>
   </div>
   <div class='ocr_carea' id='block_1_37' title="bbox 200 2276 1841 2354">
    <p class='ocr_par' dir='ltr' id='par_1_37' title="bbox 200 2276 1841 2354">
     <span class='ocr_line' id='line_1_37' title="bbox 200 2276 1841 2354; baseline 0.005 -23"><span class='ocrx_word' id='word_1_306' title='bbox 200 2298 226 2325; x_wconf 73' lang='grc' dir='ltr'><strong><em>κ</em></strong></span> <span class='ocrx_word' id='word_1_307' title='bbox 256 2276 456 2350; x_wconf 86' lang='lat' dir='ltr'><strong>pietas,</strong></span> <span class='ocrx_word' id='word_1_308' title='bbox 509 2278 585 2333; x_wconf 89' lang='lat' dir='ltr'><strong>ab</strong></span> <span class='ocrx_word' id='word_1_309' title='bbox 636 2279 874 2336; x_wconf 85' lang='lat' dir='ltr'><strong>Aratore</strong></span> <span class='ocrx_word' id='word_1_310' title='bbox 934 2280 1025 2336; x_wconf 86' lang='lat' dir='ltr'><strong>bis</strong></span> <span class='ocrx_word' id='word_1_311' title='bbox 1081 2281 1237 2337; x_wconf 91' lang='lat' dir='ltr'><strong>trina</strong></span> <span class='ocrx_word' id='word_1_312' title='bbox 1284 2286 1574 2354; x_wconf 88' lang='lat' dir='ltr'><strong>potestas;</strong></span> <span class='ocrx_word' id='word_1_313' title='bbox 1608 2284 1692 2340; x_wconf 90' lang='lat' dir='ltr'><strong>sic</strong></span> <span class='ocrx_word' id='word_1_314' title='bbox 1722 2288 1841 2340; x_wconf 87' lang='lat' dir='ltr'><strong>eta</strong></span> 
     </span>
    </p>
   </div>
   <div class='ocr_carea' id='block_1_38' title="bbox 201 2365 1838 2445">
    <p class='ocr_par' dir='ltr' id='par_1_38' title="bbox 201 2365 1838 2445">
     <span class='ocr_line' id='line_1_38' title="bbox 201 2365 1838 2445; baseline 0.004 -24"><span class='ocrx_word' id='word_1_315' title='bbox 201 2389 227 2415; x_wconf 74' lang='grc' dir='ltr'>α</span> <span class='ocrx_word' id='word_1_316' title='bbox 257 2365 465 2422; x_wconf 67' lang='grc' dir='ltr'><strong>ϐτεεείε</strong></span> <span class='ocrx_word' id='word_1_317' title='bbox 493 2369 763 2432; x_wconf 80' lang='grc' dir='ltr'><strong>τρισάγιον,</strong></span> <span class='ocrx_word' id='word_1_318' title='bbox 797 2386 832 2424; x_wconf 91' lang='lat' dir='ltr'><strong>a</strong></span> <span class='ocrx_word' id='word_1_319' title='bbox 877 2370 1098 2425; x_wconf 90' lang='lat' dir='ltr'><strong>Latinis</strong></span> <span class='ocrx_word' id='word_1_320' title='bbox 1148 2375 1344 2427; x_wconf 89' lang='lat' dir='ltr'><strong>autem</strong></span> <span class='ocrx_word' id='word_1_321' title='bbox 1398 2372 1542 2428; x_wconf 88' lang='lat' dir='ltr'><strong>satis</strong></span> <span class='ocrx_word' id='word_1_322' title='bbox 1588 2373 1838 2445; x_wconf 89' lang='lat' dir='ltr'><strong>proprie,</strong></span> 
     </span>
    </p>
   </div>
   <div class='ocr_carea' id='block_1_39' title="bbox 204 2454 1836 2530">
    <p class='ocr_par' dir='ltr' id='par_1_39' title="bbox 204 2454 1836 2530">
     <span class='ocr_line' id='line_1_39' title="bbox 204 2454 1836 2530; baseline 0.007 -26"><span class='ocrx_word' id='word_1_323' title='bbox 204 2474 230 2504; x_wconf 76' lang='grc' dir='ltr'>α</span> <span class='ocrx_word' id='word_1_324' title='bbox 258 2454 602 2528; x_wconf 83' lang='lat' dir='ltr'><strong>regulariter</strong></span> <span class='ocrx_word' id='word_1_325' title='bbox 629 2460 803 2530; x_wconf 88' lang='lat' dir='ltr'><strong>atque</strong></span> <span class='ocrx_word' id='word_1_326' title='bbox 824 2458 1106 2515; x_wconf 87' lang='lat' dir='ltr'><strong>catholice</strong></span> <span class='ocrx_word' id='word_1_327' title='bbox 1127 2459 1341 2515; x_wconf 90' lang='lat' dir='ltr'><strong>dicitur</strong></span> <span class='ocrx_word' id='word_1_328' title='bbox 1362 2461 1515 2516; x_wconf 87' lang='lat' dir='ltr'><strong>trina</strong></span> <span class='ocrx_word' id='word_1_329' title='bbox 1536 2461 1836 2517; x_wconf 88' lang='lat' dir='ltr'><strong>sanctitas.</strong></span> 
     </span>
    </p>
   </div>
   <div class='ocr_carea' id='block_1_40' title="bbox 202 2544 1842 2616">
    <p class='ocr_par' dir='ltr' id='par_1_40' title="bbox 202 2544 1842 2616">
     <span class='ocr_line' id='line_1_40' title="bbox 202 2544 1842 2616; baseline 0.004 -18"><span class='ocrx_word' id='word_1_330' title='bbox 202 2565 226 2591; x_wconf 88' lang='grc'><strong>‹‹</strong></span> <span class='ocrx_word' id='word_1_331' title='bbox 255 2544 331 2599; x_wconf 89' lang='lat' dir='ltr'><strong>Ac</strong></span> <span class='ocrx_word' id='word_1_332' title='bbox 375 2561 479 2616; x_wconf 90' lang='lat' dir='ltr'><strong>per</strong></span> <span class='ocrx_word' id='word_1_333' title='bbox 525 2545 640 2601; x_wconf 94' lang='lat' dir='ltr'><strong>hoc</strong></span> <span class='ocrx_word' id='word_1_334' title='bbox 687 2545 840 2602; x_wconf 88' lang='lat' dir='ltr'><strong>sicut</strong></span> <span class='ocrx_word' id='word_1_335' title='bbox 889 2548 963 2602; x_wconf 88' lang='lat' dir='ltr'><strong>ab</strong></span> <span class='ocrx_word' id='word_1_336' title='bbox 1011 2547 1096 2604; x_wconf 91' lang='lat' dir='ltr'><strong>eis</strong></span> <span class='ocrx_word' id='word_1_337' title='bbox 1145 2549 1599 2607; x_wconf 85' lang='lat' dir='ltr'><strong>catholicissime</strong></span> <span class='ocrx_word' id='word_1_338' title='bbox 1629 2550 1842 2606; x_wconf 89' lang='lat' dir='ltr'><strong>dicitur</strong></span> 
     </span>
    </p>
   </div>
   <div class='ocr_carea' id='block_1_41' title="bbox 198 2632 1842 2696">
    <p class='ocr_par' dir='ltr' id='par_1_41' title="bbox 198 2632 1842 2696">
     <span class='ocr_line' id='line_1_41' title="bbox 198 2632 1842 2696; baseline 0.004 -9"><span class='ocrx_word' id='word_1_339' title='bbox 198 2632 534 2696; x_wconf 71' lang='grc' dir='ltr'><strong>.‹‹τριθεοτεία,</strong></span> <span class='ocrx_word' id='word_1_340' title='bbox 573 2634 662 2689; x_wconf 87' lang='lat' dir='ltr'><strong>sic</strong></span> <span class='ocrx_word' id='word_1_341' title='bbox 719 2638 777 2690; x_wconf 92' lang='lat' dir='ltr'><strong>et</strong></span> <span class='ocrx_word' id='word_1_342' title='bbox 831 2653 866 2690; x_wconf 92' lang='lat' dir='ltr'><strong>a</strong></span> <span class='ocrx_word' id='word_1_343' title='bbox 923 2637 1093 2693; x_wconf 88' lang='lat' dir='ltr'><strong>nobis</strong></span> <span class='ocrx_word' id='word_1_344' title='bbox 1158 2637 1612 2695; x_wconf 85' lang='lat' dir='ltr'><strong>catholicissime</strong></span> <span class='ocrx_word' id='word_1_345' title='bbox 1688 2639 1842 2694; x_wconf 88' lang='lat' dir='ltr'><strong>trina</strong></span> 
     </span>
    </p>
   </div>
   <div class='ocr_carea' id='block_1_42' title="bbox 202 2721 1838 2793">
    <p class='ocr_par' dir='ltr' id='par_1_42' title="bbox 202 2721 1838 2793">
     <span class='ocr_line' id='line_1_42' title="bbox 202 2721 1838 2793; baseline 0.004 -16"><span class='ocrx_word' id='word_1_346' title='bbox 202 2743 227 2770; x_wconf 87' lang='lat'><strong>«</strong></span> <span class='ocrx_word' id='word_1_347' title='bbox 262 2721 472 2779; x_wconf 85' lang='lat' dir='ltr'><strong>Deitas.</strong></span> <span class='ocrx_word' id='word_1_348' title='bbox 507 2725 656 2779; x_wconf 90' lang='lat' dir='ltr'><strong>Cum</strong></span> <span class='ocrx_word' id='word_1_349' title='bbox 706 2728 897 2781; x_wconf 87' lang='lat' dir='ltr'><strong>tamen</strong></span> <span class='ocrx_word' id='word_1_350' title='bbox 949 2729 1006 2781; x_wconf 91' lang='lat' dir='ltr'><strong>et</strong></span> <span class='ocrx_word' id='word_1_351' title='bbox 1052 2726 1157 2793; x_wconf 88' lang='lat' dir='ltr'><strong>illi,</strong></span> <span class='ocrx_word' id='word_1_352' title='bbox 1207 2731 1263 2783; x_wconf 92' lang='lat' dir='ltr'><strong>et</strong></span> <span class='ocrx_word' id='word_1_353' title='bbox 1314 2727 1501 2783; x_wconf 82' lang='lat' dir='ltr'><strong>Latini</strong></span> <span class='ocrx_word' id='word_1_354' title='bbox 1549 2746 1838 2785; x_wconf 86' lang='lat' dir='ltr'><strong>eonseosu</strong></span> 
     </span>
    </p>
   </div>
   <div class='ocr_carea' id='block_1_43' title="bbox 201 2812 1839 2885">
    <p class='ocr_par' dir='ltr' id='par_1_43' title="bbox 201 2812 1839 2885">
     <span class='ocr_line' id='line_1_43' title="bbox 201 2812 1839 2885; baseline 0.004 -19"><span class='ocrx_word' id='word_1_355' title='bbox 201 2831 226 2859; x_wconf 75' lang='grc' dir='ltr'><strong>α</strong></span> <span class='ocrx_word' id='word_1_356' title='bbox 258 2812 405 2868; x_wconf 73' lang='grc' dir='ltr'><strong>4η</strong></span> <span class='ocrx_word' id='word_1_357' title='bbox 433 2812 586 2885; x_wconf 92' lang='lat' dir='ltr'><strong>pari,</strong></span> <span class='ocrx_word' id='word_1_358' title='bbox 622 2813 1027 2870; x_wconf 88' lang='lat' dir='ltr'><strong>damnaverint</strong></span> <span class='ocrx_word' id='word_1_359' title='bbox 1073 2819 1129 2871; x_wconf 91' lang='lat' dir='ltr'><strong>et</strong></span> <span class='ocrx_word' id='word_1_360' title='bbox 1182 2817 1464 2873; x_wconf 87' lang='lat' dir='ltr'><strong>damnent</strong></span> <span class='ocrx_word' id='word_1_361' title='bbox 1502 2818 1839 2875; x_wconf 86' lang='lat' dir='ltr'><strong>anathema-</strong></span> 
     </span>
    </p>
   </div>
   <div class='ocr_carea' id='block_1_44' title="bbox 205 2898 1841 2979">
    <p class='ocr_par' dir='ltr' id='par_1_44' title="bbox 205 2898 1841 2979">
     <span class='ocr_line' id='line_1_44' title="bbox 205 2898 1841 2979; baseline 0.006 -25"><span class='ocrx_word' id='word_1_362' title='bbox 205 2921 230 2947; x_wconf 76' lang='grc' dir='ltr'><strong>α</strong></span> <span class='ocrx_word' id='word_1_363' title='bbox 263 2898 560 2958; x_wconf 82' lang='lat' dir='ltr'><strong>tizaverint</strong></span> <span class='ocrx_word' id='word_1_364' title='bbox 590 2906 652 2958; x_wconf 88' lang='lat' dir='ltr'><strong>et</strong></span> <span class='ocrx_word' id='word_1_365' title='bbox 681 2902 1176 2961; x_wconf 89' lang='lat' dir='ltr'><strong>anathematizent</strong></span> <span class='ocrx_word' id='word_1_366' title='bbox 1203 2905 1464 2974; x_wconf 88' lang='lat' dir='ltr'><strong>Arianos,</strong></span> <span class='ocrx_word' id='word_1_367' title='bbox 1500 2907 1599 2979; x_wconf 90' lang='lat' dir='ltr'><strong>qui</strong></span> <span class='ocrx_word' id='word_1_368' title='bbox 1643 2909 1841 2963; x_wconf 89' lang='lat' dir='ltr'><strong>colunt</strong></span> 
     </span>
    </p>
   </div>
   <div class='ocr_carea' id='block_1_45' title="bbox 204 2991 1836 3067">
    <p class='ocr_par' dir='ltr' id='par_1_45' title="bbox 204 2991 1836 3067">
     <span class='ocr_line' id='line_1_45' title="bbox 204 2991 1836 3067; baseline 0.006 -24"><span class='ocrx_word' id='word_1_369' title='bbox 204 2992 373 3045; x_wconf 82' lang='lat' dir='ltr'><strong>«tres</strong></span> <span class='ocrx_word' id='word_1_370' title='bbox 429 2991 797 3063; x_wconf 79' lang='lat' dir='ltr'><strong>majestates,</strong></span> <span class='ocrx_word' id='word_1_371' title='bbox 850 2996 969 3048; x_wconf 90' lang='lat' dir='ltr'><strong>tres</strong></span> <span class='ocrx_word' id='word_1_372' title='bbox 1018 2992 1284 3066; x_wconf 89' lang='lat' dir='ltr'><strong>pietates,</strong></span> <span class='ocrx_word' id='word_1_373' title='bbox 1334 2999 1451 3051; x_wconf 90' lang='lat' dir='ltr'><strong>tres</strong></span> <span class='ocrx_word' id='word_1_374' title='bbox 1499 3000 1836 3067; x_wconf 88' lang='lat' dir='ltr'><strong>potestates,</strong></span> 
     </span>
    </p>
   </div>
   <div class='ocr_carea' id='block_1_46' title="bbox 201 3080 1838 3153">
    <p class='ocr_par' dir='ltr' id='par_1_46' title="bbox 201 3080 1838 3153">
     <span class='ocr_line' id='line_1_46' title="bbox 201 3080 1838 3153; baseline 0.005 -20"><span class='ocrx_word' id='word_1_375' title='bbox 201 3082 371 3135; x_wconf 83' lang='lat' dir='ltr'><strong>«tres</strong></span> <span class='ocrx_word' id='word_1_376' title='bbox 427 3080 595 3146; x_wconf 89' lang='lat' dir='ltr'><strong>deos,</strong></span> <span class='ocrx_word' id='word_1_377' title='bbox 656 3085 831 3153; x_wconf 85' lang='lat' dir='ltr'><strong>atque</strong></span> <span class='ocrx_word' id='word_1_378' title='bbox 886 3084 1005 3138; x_wconf 89' lang='lat' dir='ltr'><strong>tres</strong></span> <span class='ocrx_word' id='word_1_379' title='bbox 1057 3083 1321 3140; x_wconf 90' lang='lat' dir='ltr'><strong>deitates.</strong></span> <span class='ocrx_word' id='word_1_380' title='bbox 1380 3084 1616 3140; x_wconf 87' lang='lat' dir='ltr'><strong>Necnon</strong></span> <span class='ocrx_word' id='word_1_381' title='bbox 1663 3085 1838 3141; x_wconf 89' lang='lat' dir='ltr'><strong>etiam</strong></span> 
     </span>
    </p>
   </div>
   <div class='ocr_carea' id='block_1_47' title="bbox 203 3166 1842 3244">
    <p class='ocr_par' dir='ltr' id='par_1_47' title="bbox 203 3166 1842 3244">
     <span class='ocr_line' id='line_1_47' title="bbox 203 3166 1842 3244; baseline 0.005 -23"><span class='ocrx_word' id='word_1_382' title='bbox 203 3188 229 3216; x_wconf 77' lang='grc' dir='ltr'><strong><em>α</em></strong></span> <span class='ocrx_word' id='word_1_383' title='bbox 256 3166 541 3238; x_wconf 88' lang='lat' dir='ltr'><strong>similiter,</strong></span> <span class='ocrx_word' id='word_1_384' title='bbox 578 3168 631 3224; x_wconf 91' lang='lat' dir='ltr'><strong>si</strong></span> <span class='ocrx_word' id='word_1_385' title='bbox 661 3186 777 3225; x_wconf 91' lang='lat' dir='ltr'><strong>non</strong></span> <span class='ocrx_word' id='word_1_386' title='bbox 811 3169 996 3226; x_wconf 87' lang='lat' dir='ltr'><strong>multo</strong></span> <span class='ocrx_word' id='word_1_387' title='bbox 1030 3170 1304 3244; x_wconf 87' lang='lat' dir='ltr'><strong>amplius,</strong></span> <span class='ocrx_word' id='word_1_388' title='bbox 1320 3176 1549 3228; x_wconf 88' lang='lat' dir='ltr'><strong>constat</strong></span> <span class='ocrx_word' id='word_1_389' title='bbox 1579 3177 1636 3229; x_wconf 93' lang='lat' dir='ltr'><strong>et</strong></span> <span class='ocrx_word' id='word_1_390' title='bbox 1664 3174 1842 3230; x_wconf 90' lang='lat' dir='ltr'><strong>claret</strong></span> 
     </span>
    </p>
   </div>
   <div class='ocr_carea' id='block_1_48' title="bbox 202 3255 1834 3332">
    <p class='ocr_par' dir='ltr' id='par_1_48' title="bbox 202 3255 1834 3332">
     <span class='ocr_line' id='line_1_48' title="bbox 202 3255 1834 3332; baseline 0.004 -21"><span class='ocrx_word' id='word_1_391' title='bbox 202 3255 358 3314; x_wconf 78' lang='lat' dir='ltr'><strong>urite</strong></span> <span class='ocrx_word' id='word_1_392' title='bbox 413 3257 729 3314; x_wconf 86' lang='lat' dir='ltr'><strong>damnatos</strong></span> <span class='ocrx_word' id='word_1_393' title='bbox 786 3263 962 3332; x_wconf 89' lang='lat' dir='ltr'><strong>atque</strong></span> <span class='ocrx_word' id='word_1_394' title='bbox 1019 3260 1389 3317; x_wconf 88' lang='lat' dir='ltr'><strong>damnandos</strong></span> <span class='ocrx_word' id='word_1_395' title='bbox 1454 3261 1834 3329; x_wconf 87' lang='lat' dir='ltr'><strong>Sabellianos,</strong></span> 
     </span>
    </p>
   </div>
   <div class='ocr_carea' id='block_1_49' title="bbox 1947 2005 3589 2079">
    <p class='ocr_par' dir='ltr' id='par_1_49' title="bbox 1947 2005 3589 2079">
     <span class='ocr_line' id='line_1_49' title="bbox 1947 2005 3589 2079; baseline -0.004 -17"><span class='ocrx_word' id='word_1_396' title='bbox 1947 2027 1976 2055; x_wconf 88' lang='lat'><strong>«</strong></span> <span class='ocrx_word' id='word_1_397' title='bbox 2010 2010 2235 2062; x_wconf 89' lang='lat' dir='ltr'><strong>constet</strong></span> <span class='ocrx_word' id='word_1_398' title='bbox 2263 2011 2498 2063; x_wconf 90' lang='lat' dir='ltr'><strong>econtra</strong></span> <span class='ocrx_word' id='word_1_399' title='bbox 2526 2007 2755 2063; x_wconf 90' lang='lat' dir='ltr'><strong>numeri</strong></span> <span class='ocrx_word' id='word_1_400' title='bbox 2796 2005 3038 2079; x_wconf 89' lang='lat' dir='ltr'><strong>pluralis</strong></span> <span class='ocrx_word' id='word_1_401' title='bbox 3083 2005 3428 2060; x_wconf 90' lang='lat' dir='ltr'><strong>Arianorum</strong></span> <span class='ocrx_word' id='word_1_402' title='bbox 3459 2017 3589 2057; x_wconf 89' lang='lat' dir='ltr'><strong>esse</strong></span> 
     </span>
    </p>
   </div>
   <div class='ocr_carea' id='block_1_50' title="bbox 1945 2090 3589 2161">
    <p class='ocr_par' dir='ltr' id='par_1_50' title="bbox 1945 2090 3589 2161">
     <span class='ocr_line' id='line_1_50' title="bbox 1945 2090 3589 2161; baseline -0.008 -3"><span class='ocrx_word' id='word_1_403' title='bbox 1945 2116 1975 2144; x_wconf 73' lang='grc' dir='ltr'><strong>«ί</strong></span> <span class='ocrx_word' id='word_1_404' title='bbox 2006 2094 2309 2158; x_wconf 80' lang='grc' dir='ltr'><strong>τριθεοτείας,</strong></span> <span class='ocrx_word' id='word_1_405' title='bbox 2342 2096 2401 2151; x_wconf 91' lang='lat' dir='ltr'><strong>id</strong></span> <span class='ocrx_word' id='word_1_406' title='bbox 2434 2099 2525 2152; x_wconf 87' lang='lat' dir='ltr'><strong>est</strong></span> <span class='ocrx_word' id='word_1_407' title='bbox 2570 2100 2686 2151; x_wconf 91' lang='lat' dir='ltr'><strong>tres</strong></span> <span class='ocrx_word' id='word_1_408' title='bbox 2733 2095 3001 2159; x_wconf 89' lang='lat' dir='ltr'><strong>deitates,</strong></span> <span class='ocrx_word' id='word_1_409' title='bbox 3051 2111 3085 2149; x_wconf 93' lang='lat' dir='ltr'><strong>a</strong></span> <span class='ocrx_word' id='word_1_410' title='bbox 3131 2090 3431 2148; x_wconf 88' lang='lat' dir='ltr'><strong>catholicis</strong></span> <span class='ocrx_word' id='word_1_411' title='bbox 3455 2091 3589 2161; x_wconf 88' lang='lat' dir='ltr'><strong>jure</strong></span> 
     </span>
    </p>
   </div>
   <div class='ocr_carea' id='block_1_51' title="bbox 1948 2179 3589 2258">
    <p class='ocr_par' dir='ltr' id='par_1_51' title="bbox 1948 2179 3589 2258">
     <span class='ocr_line' id='line_1_51' title="bbox 1948 2179 3589 2258; baseline -0.004 -19"><span class='ocrx_word' id='word_1_412' title='bbox 1948 2206 1976 2234; x_wconf 92' lang='grc'><strong>‹‹</strong></span> <span class='ocrx_word' id='word_1_413' title='bbox 2007 2185 2529 2258; x_wconf 86' lang='lat' dir='ltr'><strong>damnatas.lgitur</strong></span> <span class='ocrx_word' id='word_1_414' title='bbox 2551 2187 2684 2257; x_wconf 89' lang='lat' dir='ltr'><strong>jure</strong></span> <span class='ocrx_word' id='word_1_415' title='bbox 2710 2185 2821 2240; x_wconf 92' lang='lat' dir='ltr'><strong>sub</strong></span> <span class='ocrx_word' id='word_1_416' title='bbox 2851 2199 3095 2239; x_wconf 87' lang='lat' dir='ltr'><strong>numero</strong></span> <span class='ocrx_word' id='word_1_417' title='bbox 3113 2179 3396 2253; x_wconf 85' lang='lat' dir='ltr'><strong>singulari</strong></span> <span class='ocrx_word' id='word_1_418' title='bbox 3426 2179 3589 2234; x_wconf 73' lang='lat' dir='ltr'><strong>trinaa</strong></span> 
     </span>
    </p>
   </div>
   <div class='ocr_carea' id='block_1_52' title="bbox 1948 2268 3585 2347">
    <p class='ocr_par' dir='ltr' id='par_1_52' title="bbox 1948 2268 3585 2347">
     <span class='ocr_line' id='line_1_52' title="bbox 1948 2268 3585 2347; baseline 0 -25"><span class='ocrx_word' id='word_1_419' title='bbox 1948 2294 1976 2322; x_wconf 84' lang='lat'><strong>«</strong></span> <span class='ocrx_word' id='word_1_420' title='bbox 2010 2276 2067 2327; x_wconf 90' lang='lat' dir='ltr'><strong>et</strong></span> <span class='ocrx_word' id='word_1_421' title='bbox 2096 2272 2195 2327; x_wconf 90' lang='lat' dir='ltr'><strong>uni</strong></span> <span class='ocrx_word' id='word_1_422' title='bbox 2228 2274 2441 2329; x_wconf 88' lang='lat' dir='ltr'><strong>Deitati</strong></span> <span class='ocrx_word' id='word_1_423' title='bbox 2475 2272 2999 2347; x_wconf 89' lang='lat' dir='ltr'><strong>suppliciter,velut</strong></span> <span class='ocrx_word' id='word_1_424' title='bbox 3027 2268 3585 2343; x_wconf 81' lang='lat' dir='ltr'><strong>cxpedit,competit,</strong></span> 
     </span>
    </p>
   </div>
   <div class='ocr_carea' id='block_1_53' title="bbox 1948 2361 2628 2434">
    <p class='ocr_par' dir='ltr' id='par_1_53' title="bbox 1948 2361 2628 2434">
     <span class='ocr_line' id='line_1_53' title="bbox 1948 2361 2628 2434; baseline 0.003 -19"><span class='ocrx_word' id='word_1_425' title='bbox 1948 2383 1977 2410; x_wconf 85' lang='lat'><strong>«</strong></span> <span class='ocrx_word' id='word_1_426' title='bbox 2009 2361 2298 2434; x_wconf 89' lang='lat' dir='ltr'><strong>congruit,</strong></span> <span class='ocrx_word' id='word_1_427' title='bbox 2331 2362 2583 2419; x_wconf 89' lang='lat' dir='ltr'><strong>dicimus</strong></span> <span class='ocrx_word' id='word_1_428' title='bbox 2614 2380 2628 2417; x_wconf 88' lang='lat'><strong>:</strong></span> 
     </span>
    </p>
   </div>
   <div class='ocr_carea' id='block_1_54' title="bbox 2164 2460 3182 2526">
    <p class='ocr_par' dir='ltr' id='par_1_54' title="bbox 2164 2460 3182 2526">
     <span class='ocr_line' id='line_1_54' title="bbox 2164 2460 3182 2526; baseline 0.003 -18"><span class='ocrx_word' id='word_1_429' title='bbox 2164 2461 2232 2526; x_wconf 59' lang='lat' dir='ltr'><strong>Te</strong></span> <span class='ocrx_word' id='word_1_430' title='bbox 2263 2460 2402 2526; x_wconf 77' lang='lat' dir='ltr'><strong>trina</strong></span> <span class='ocrx_word' id='word_1_431' title='bbox 2428 2462 2624 2526; x_wconf 82' lang='lat' dir='ltr'><strong>Deitas,</strong></span> <span class='ocrx_word' id='word_1_432' title='bbox 2650 2475 2866 2526; x_wconf 87' lang='lat' dir='ltr'><strong>unaque</strong></span> <span class='ocrx_word' id='word_1_433' title='bbox 2896 2461 3182 2526; x_wconf 73' lang='lat' dir='ltr'><strong>poscimus.</strong></span> 
     </span>
    </p>
   </div>
   <div class='ocr_carea' id='block_1_55' title="bbox 2167 2523 3195 2585">
    <p class='ocr_par' dir='ltr' id='par_1_55' title="bbox 2167 2523 3195 2585">
     <span class='ocr_line' id='line_1_55' title="bbox 2167 2523 3195 2585; baseline 0.001 -15"><span class='ocrx_word' id='word_1_434' title='bbox 2167 2523 2232 2571; x_wconf 92' lang='lat' dir='ltr'><strong>Ut</strong></span> <span class='ocrx_word' id='word_1_435' title='bbox 2260 2524 2443 2585; x_wconf 82' lang='lat' dir='ltr'><strong>culpas</strong></span> <span class='ocrx_word' id='word_1_436' title='bbox 2476 2524 2676 2576; x_wconf 88' lang='lat' dir='ltr'><strong>abluas.</strong></span> <span class='ocrx_word' id='word_1_437' title='bbox 2708 2523 2869 2573; x_wconf 59' lang='lat' dir='ltr'><strong>uo&#39;xia</strong></span> <span class='ocrx_word' id='word_1_438' title='bbox 2896 2523 3195 2585; x_wconf 84' lang='lat' dir='ltr'><strong>subtrahas.</strong></span> 
     </span>
    </p>
   </div>
   <div class='ocr_carea' id='block_1_56' title="bbox 2165 2583 3360 2649">
    <p class='ocr_par' dir='ltr' id='par_1_56' title="bbox 2165 2583 3360 2649">
     <span class='ocr_line' id='line_1_56' title="bbox 2165 2583 3360 2649; baseline -0.002 -16"><span class='ocrx_word' id='word_1_439' title='bbox 2165 2585 2266 2634; x_wconf 84' lang='lat' dir='ltr'><strong>Des</strong></span> <span class='ocrx_word' id='word_1_440' title='bbox 2296 2583 2479 2648; x_wconf 82' lang='lat' dir='ltr'><strong>pacem</strong></span> <span class='ocrx_word' id='word_1_441' title='bbox 2510 2586 2736 2643; x_wconf 82' lang='lat' dir='ltr'><strong>famulis,</strong></span> <span class='ocrx_word' id='word_1_442' title='bbox 2771 2600 2875 2649; x_wconf 77' lang='lat' dir='ltr'><strong>nos</strong></span> <span class='ocrx_word' id='word_1_443' title='bbox 2898 2600 3113 2649; x_wconf 90' lang='lat' dir='ltr'><strong>quoque</strong></span> <span class='ocrx_word' id='word_1_444' title='bbox 3138 2583 3360 2648; x_wconf 85' lang='lat' dir='ltr'><strong>gloriam</strong></span> 
     </span>
    </p>
   </div>
   <div class='ocr_carea' id='block_1_57' title="bbox 2260 2647 3154 2698">
    <p class='ocr_par' dir='ltr' id='par_1_57' title="bbox 2260 2647 3154 2698">
     <span class='ocr_line' id='line_1_57' title="bbox 2260 2647 3154 2698; baseline -0.001 -2"><span class='ocrx_word' id='word_1_445' title='bbox 2260 2647 2356 2696; x_wconf 88' lang='lat' dir='ltr'><strong>Per</strong></span> <span class='ocrx_word' id='word_1_446' title='bbox 2383 2659 2575 2698; x_wconf 82' lang='lat' dir='ltr'><strong>cuncta</strong></span> <span class='ocrx_word' id='word_1_447' title='bbox 2598 2650 2696 2698; x_wconf 82' lang='lat' dir='ltr'><strong>sibi</strong></span> <span class='ocrx_word' id='word_1_448' title='bbox 2723 2647 2932 2698; x_wconf 74' lang='lat' dir='ltr'><strong>saecula.</strong></span> <span class='ocrx_word' id='word_1_449' title='bbox 2969 2647 3154 2698; x_wconf 78' lang='lat' dir='ltr'><strong>Amen.</strong></span> 
     </span>
    </p>
   </div>
   <div class='ocr_carea' id='block_1_58' title="bbox 1950 2724 3588 2796">
    <p class='ocr_par' dir='ltr' id='par_1_58' title="bbox 1950 2724 3588 2796">
     <span class='ocr_line' id='line_1_58' title="bbox 1950 2724 3588 2796; baseline -0.001 -15"><span class='ocrx_word' id='word_1_450' title='bbox 1950 2748 1976 2775; x_wconf 85' lang='lat'><strong><em>«</em></strong></span> <span class='ocrx_word' id='word_1_451' title='bbox 2012 2726 2135 2781; x_wconf 94' lang='lat' dir='ltr'><strong>Non</strong></span> <span class='ocrx_word' id='word_1_452' title='bbox 2168 2727 2323 2782; x_wconf 91' lang='lat' dir='ltr'><strong>enim</strong></span> <span class='ocrx_word' id='word_1_453' title='bbox 2356 2727 2628 2796; x_wconf 91' lang='lat' dir='ltr'><strong>dicimus,</strong></span> <span class='ocrx_word' id='word_1_454' title='bbox 2661 2728 2813 2783; x_wconf 89' lang='lat' dir='ltr'><strong>sicut</strong></span> <span class='ocrx_word' id='word_1_455' title='bbox 2840 2727 3060 2792; x_wconf 87' lang='lat' dir='ltr'><strong>Ariani,</strong></span> <span class='ocrx_word' id='word_1_456' title='bbox 3094 2744 3214 2795; x_wconf 90' lang='lat' dir='ltr'><strong>vos,</strong></span> <span class='ocrx_word' id='word_1_457' title='bbox 3249 2730 3367 2781; x_wconf 90' lang='lat' dir='ltr'><strong>tres</strong></span> <span class='ocrx_word' id='word_1_458' title='bbox 3406 2724 3588 2780; x_wconf 88' lang='lat' dir='ltr'><strong>deita-</strong></span> 
     </span>
    </p>
   </div>
   <div class='ocr_carea' id='block_1_59' title="bbox 1949 2813 3589 2889">
    <p class='ocr_par' dir='ltr' id='par_1_59' title="bbox 1949 2813 3589 2889">
     <span class='ocr_line' id='line_1_59' title="bbox 1949 2813 3589 2889; baseline -0.001 -20"><span class='ocrx_word' id='word_1_459' title='bbox 1949 2837 1978 2864; x_wconf 86' lang='lat'><strong><em>«</em></strong></span> <span class='ocrx_word' id='word_1_460' title='bbox 2010 2818 2118 2882; x_wconf 92' lang='lat' dir='ltr'><strong>tes,</strong></span> <span class='ocrx_word' id='word_1_461' title='bbox 2154 2816 2454 2887; x_wconf 81' lang='lat' dir='ltr'><strong>poscimus</strong></span> <span class='ocrx_word' id='word_1_462' title='bbox 2503 2821 2569 2872; x_wconf 91' lang='lat' dir='ltr'><strong>ut</strong></span> <span class='ocrx_word' id='word_1_463' title='bbox 2614 2816 2818 2889; x_wconf 89' lang='lat' dir='ltr'><strong>culpas</strong></span> <span class='ocrx_word' id='word_1_464' title='bbox 2847 2815 3125 2882; x_wconf 89' lang='lat' dir='ltr'><strong>abluatis,</strong></span> <span class='ocrx_word' id='word_1_465' title='bbox 3157 2813 3328 2870; x_wconf 84' lang='lat' dir='ltr'><strong>noxia</strong></span> <span class='ocrx_word' id='word_1_466' title='bbox 3358 2814 3589 2869; x_wconf 85' lang='lat' dir='ltr'><strong>subtra-</strong></span> 
     </span>
    </p>
   </div>
   <div class='ocr_carea' id='block_1_60' title="bbox 1949 2901 3588 2978">
    <p class='ocr_par' dir='ltr' id='par_1_60' title="bbox 1949 2901 3588 2978">
     <span class='ocr_line' id='line_1_60' title="bbox 1949 2901 3588 2978; baseline -0.001 -19"><span class='ocrx_word' id='word_1_467' title='bbox 1949 2926 1975 2953; x_wconf 88' lang='grc'><em>‹‹</em></span> <span class='ocrx_word' id='word_1_468' title='bbox 2009 2903 2184 2973; x_wconf 90' lang='lat' dir='ltr'><strong>hatis,</strong></span> <span class='ocrx_word' id='word_1_469' title='bbox 2217 2905 2366 2959; x_wconf 88' lang='lat' dir='ltr'><strong>detis</strong></span> <span class='ocrx_word' id='word_1_470' title='bbox 2412 2923 2614 2977; x_wconf 90' lang='lat' dir='ltr'><strong>pacem</strong></span> <span class='ocrx_word' id='word_1_471' title='bbox 2663 2906 2854 2978; x_wconf 84' lang='lat' dir='ltr'><strong>nobis,</strong></span> <span class='ocrx_word' id='word_1_472' title='bbox 2907 2923 3016 2961; x_wconf 91' lang='lat' dir='ltr'><strong>nos</strong></span> <span class='ocrx_word' id='word_1_473' title='bbox 3062 2920 3294 2978; x_wconf 90' lang='lat' dir='ltr'><strong>quoque</strong></span> <span class='ocrx_word' id='word_1_474' title='bbox 3342 2901 3588 2977; x_wconf 88' lang='lat' dir='ltr'><strong>gloriam</strong></span> 
     </span>
    </p>
   </div>
   <div class='ocr_carea' id='block_1_61' title="bbox 1949 2991 3586 3067">
    <p class='ocr_par' dir='ltr' id='par_1_61' title="bbox 1949 2991 3586 3067">
     <span class='ocr_line' id='line_1_61' title="bbox 1949 2991 3586 3067; baseline -0.001 -20"><span class='ocrx_word' id='word_1_475' title='bbox 1949 3016 1977 3042; x_wconf 85' lang='lat'><strong><em>«</em></strong></span> <span class='ocrx_word' id='word_1_476' title='bbox 2011 2993 2195 3048; x_wconf 89' lang='lat' dir='ltr'><strong>vobis.</strong></span> <span class='ocrx_word' id='word_1_477' title='bbox 2225 2994 2269 3049; x_wconf 93' lang='grc' dir='ltr'><strong>Ο</strong></span> <span class='ocrx_word' id='word_1_478' title='bbox 2301 2994 2496 3050; x_wconf 88' lang='lat' dir='ltr'><strong>Deitas</strong></span> <span class='ocrx_word' id='word_1_479' title='bbox 2526 2994 2719 3066; x_wconf 81' lang='lat' dir='ltr'><strong>vigila,</strong></span> <span class='ocrx_word' id='word_1_480' title='bbox 2752 3012 2879 3067; x_wconf 65' lang='lat' dir='ltr'><strong>quas</strong></span> <span class='ocrx_word' id='word_1_481' title='bbox 2920 2994 3075 3049; x_wconf 90' lang='lat' dir='ltr'><strong>trina</strong></span> <span class='ocrx_word' id='word_1_482' title='bbox 3109 2991 3334 3048; x_wconf 88' lang='lat' dir='ltr'><strong>vocaris</strong></span> <span class='ocrx_word' id='word_1_483' title='bbox 3362 2994 3420 3047; x_wconf 88' lang='lat' dir='ltr'><strong>et</strong></span> <span class='ocrx_word' id='word_1_484' title='bbox 3448 3008 3586 3059; x_wconf 88' lang='lat' dir='ltr'><strong>una,</strong></span> 
     </span>
    </p>
   </div>
   <div class='ocr_carea' id='block_1_62' title="bbox 1950 3079 3585 3157">
    <p class='ocr_par' dir='ltr' id='par_1_62' title="bbox 1950 3079 3585 3157">
     <span class='ocr_line' id='line_1_62' title="bbox 1950 3079 3585 3157; baseline -0.002 -21"><span class='ocrx_word' id='word_1_485' title='bbox 1950 3104 1977 3131; x_wconf 86' lang='lat'><strong>«</strong></span> <span class='ocrx_word' id='word_1_486' title='bbox 2011 3081 2284 3148; x_wconf 88' lang='lat' dir='ltr'><strong>crederis,</strong></span> <span class='ocrx_word' id='word_1_487' title='bbox 2318 3082 2618 3153; x_wconf 86' lang='lat' dir='ltr'><strong>assereris,</strong></span> <span class='ocrx_word' id='word_1_488' title='bbox 2652 3083 3039 3157; x_wconf 87' lang='lat' dir='ltr'><strong>cognosceris,</strong></span> <span class='ocrx_word' id='word_1_489' title='bbox 3080 3086 3256 3154; x_wconf 88' lang='lat' dir='ltr'><strong>atque</strong></span> <span class='ocrx_word' id='word_1_490' title='bbox 3301 3079 3585 3153; x_wconf 86' lang='lat' dir='ltr'><strong>probaris,</strong></span> 
     </span>
    </p>
   </div>
   <div class='ocr_carea' id='block_1_63' title="bbox 1949 3168 3588 3246">
    <p class='ocr_par' dir='ltr' id='par_1_63' title="bbox 1949 3168 3588 3246">
     <span class='ocr_line' id='line_1_63' title="bbox 1949 3168 3588 3246; baseline -0.001 -21"><span class='ocrx_word' id='word_1_491' title='bbox 1949 3192 1978 3220; x_wconf 91' lang='lat'><strong>«</strong></span> <span class='ocrx_word' id='word_1_492' title='bbox 2010 3169 2288 3227; x_wconf 83' lang='lat' dir='ltr'><strong>auxiliare</strong></span> <span class='ocrx_word' id='word_1_493' title='bbox 2317 3172 2455 3239; x_wconf 88' lang='lat' dir='ltr'><strong>tuis,</strong></span> <span class='ocrx_word' id='word_1_494' title='bbox 2493 3176 2556 3227; x_wconf 85' lang='lat' dir='ltr'><strong>ut</strong></span> <span class='ocrx_word' id='word_1_495' title='bbox 2583 3171 2783 3246; x_wconf 87' lang='lat' dir='ltr'><strong>egenis</strong></span> <span class='ocrx_word' id='word_1_496' title='bbox 2828 3173 2901 3228; x_wconf 91' lang='lat' dir='ltr'><strong>ad</strong></span> <span class='ocrx_word' id='word_1_497' title='bbox 2951 3171 3151 3227; x_wconf 89' lang='lat' dir='ltr'><strong>omnia</strong></span> <span class='ocrx_word' id='word_1_498' title='bbox 3191 3169 3391 3227; x_wconf 89' lang='lat' dir='ltr'><strong>servis.</strong></span> <span class='ocrx_word' id='word_1_499' title='bbox 3426 3168 3588 3225; x_wconf 92' lang='lat' dir='ltr'><strong>Istud</strong></span> 
     </span>
    </p>
   </div>
   <div class='ocr_carea' id='block_1_64' title="bbox 1951 3255 3591 3333">
    <p class='ocr_par' dir='ltr' id='par_1_64' title="bbox 1951 3255 3591 3333">
     <span class='ocr_line' id='line_1_64' title="bbox 1951 3255 3591 3333; baseline 0.001 -24"><span class='ocrx_word' id='word_1_500' title='bbox 1951 3280 1979 3309; x_wconf 80' lang='grc' dir='ltr'>α</span> <span class='ocrx_word' id='word_1_501' title='bbox 2011 3261 2292 3329; x_wconf 89' lang='lat' dir='ltr'><strong>attendat,</strong></span> <span class='ocrx_word' id='word_1_502' title='bbox 2356 3262 2668 3333; x_wconf 90' lang='lat' dir='ltr'><strong>appendat,</strong></span> <span class='ocrx_word' id='word_1_503' title='bbox 2727 3266 2785 3317; x_wconf 89' lang='lat' dir='ltr'><strong>et</strong></span> <span class='ocrx_word' id='word_1_504' title='bbox 2842 3264 3039 3317; x_wconf 91' lang='lat' dir='ltr'><strong>mente</strong></span> <span class='ocrx_word' id='word_1_505' title='bbox 3097 3258 3436 3333; x_wconf 86' lang='lat' dir='ltr'><strong>perpendat,</strong></span> <span class='ocrx_word' id='word_1_506' title='bbox 3494 3255 3591 3312; x_wconf 92' lang='lat' dir='ltr'><strong>cui</strong></span> 
     </span>
    </p>
   </div>
   <div class='ocr_carea' id='block_1_65' title="bbox 201 3331 3591 3422">
    <p class='ocr_par' dir='ltr' id='par_1_65' title="bbox 201 3331 3591 3422">
     <span class='ocr_line' id='line_1_65' title="bbox 201 3331 3591 3422; baseline 0 -21"><span class='ocrx_word' id='word_1_507' title='bbox 201 3366 226 3393; x_wconf 77' lang='grc' dir='ltr'><strong>ι(</strong></span> <span class='ocrx_word' id='word_1_508' title='bbox 254 3346 606 3419; x_wconf 86' lang='lat' dir='ltr'><strong>eosdemque</strong></span> <span class='ocrx_word' id='word_1_509' title='bbox 637 3331 1123 3420; x_wconf 78' lang='lat' dir='ltr'><strong>PatripaSsianos,</strong></span> <span class='ocrx_word' id='word_1_510' title='bbox 1148 3349 1249 3422; x_wconf 90' lang='lat' dir='ltr'><strong>qui</strong></span> <span class='ocrx_word' id='word_1_511' title='bbox 1281 3350 1484 3406; x_wconf 91' lang='lat' dir='ltr'><strong>colunt</strong></span> <span class='ocrx_word' id='word_1_512' title='bbox 1513 3353 1835 3408; x_wconf 91' lang='lat' dir='ltr'><strong>secundum</strong></span> <span class='ocrx_word' id='word_1_513' title='bbox 1868 3331 1911 3398; x_wconf 60' lang='grc' dir='ltr'><strong>(ἶ</strong></span> <span class='ocrx_word' id='word_1_514' title='bbox 1941 3371 1969 3398; x_wconf 89' lang='grc'><strong>‹‹</strong></span> <span class='ocrx_word' id='word_1_515' title='bbox 2002 3366 2235 3422; x_wconf 91' lang='lat' dir='ltr'><strong>semper</strong></span> <span class='ocrx_word' id='word_1_516' title='bbox 2306 3331 2624 3418; x_wconf 79' lang='lat' dir='ltr'><strong>adoranda,</strong></span> <span class='ocrx_word' id='word_1_517' title='bbox 2702 3350 2966 3419; x_wconf 91' lang='lat' dir='ltr'><strong>colenda,</strong></span> <span class='ocrx_word' id='word_1_518' title='bbox 3037 3331 3365 3418; x_wconf 78' lang='lat' dir='ltr'><strong>tremenda,</strong></span> <span class='ocrx_word' id='word_1_519' title='bbox 3433 3346 3591 3403; x_wconf 91' lang='lat' dir='ltr'><strong>trina</strong></span> 
     </span>
    </p>
   </div>
   <div class='ocr_carea' id='block_1_66' title="bbox 201 3433 1842 3512">
    <p class='ocr_par' dir='ltr' id='par_1_66' title="bbox 201 3433 1842 3512">
     <span class='ocr_line' id='line_1_66' title="bbox 201 3433 1842 3512; baseline 0.002 -21"><span class='ocrx_word' id='word_1_520' title='bbox 201 3455 225 3483; x_wconf 87' lang='lat'><strong>«</strong></span> <span class='ocrx_word' id='word_1_521' title='bbox 253 3433 553 3491; x_wconf 82' lang='lat' dir='ltr'><strong>Judaicam</strong></span> <span class='ocrx_word' id='word_1_522' title='bbox 586 3441 997 3510; x_wconf 89' lang='lat' dir='ltr'><strong>paupertatem</strong></span> <span class='ocrx_word' id='word_1_523' title='bbox 1028 3436 1403 3512; x_wconf 88' lang='lat' dir='ltr'><strong>singulariter</strong></span> <span class='ocrx_word' id='word_1_524' title='bbox 1431 3440 1753 3497; x_wconf 84' lang='lat' dir='ltr'><strong>solitariam</strong></span> <span class='ocrx_word' id='word_1_525' title='bbox 1784 3445 1842 3497; x_wconf 90' lang='lat' dir='ltr'><strong>et</strong></span> 
     </span>
    </p>
   </div>
   <div class='ocr_carea' id='block_1_67' title="bbox 201 3524 1843 3602">
    <p class='ocr_par' dir='ltr' id='par_1_67' title="bbox 201 3524 1843 3602">
     <span class='ocr_line' id='line_1_67' title="bbox 201 3524 1843 3602; baseline 0.005 -23"><span class='ocrx_word' id='word_1_526' title='bbox 201 3542 227 3569; x_wconf 83' lang='lat'><strong><em>«</em></strong></span> <span class='ocrx_word' id='word_1_527' title='bbox 255 3524 639 3594; x_wconf 87' lang='lat' dir='ltr'><strong>personaliter</strong></span> <span class='ocrx_word' id='word_1_528' title='bbox 667 3541 850 3582; x_wconf 90' lang='lat' dir='ltr'><strong>unam</strong></span> <span class='ocrx_word' id='word_1_529' title='bbox 880 3526 1268 3599; x_wconf 70' lang='lat' dir='ltr'><strong>maiestatem,</strong></span> <span class='ocrx_word' id='word_1_530' title='bbox 1292 3527 1843 3602; x_wconf 86' lang='lat' dir='ltr'><strong>pietatem,potesta-</strong></span> 
     </span>
    </p>
   </div>
   <div class='ocr_carea' id='block_1_68' title="bbox 204 3613 1840 3689">
    <p class='ocr_par' dir='ltr' id='par_1_68' title="bbox 204 3613 1840 3689">
     <span class='ocr_line' id='line_1_68' title="bbox 204 3613 1840 3689; baseline 0.006 -22"><span class='ocrx_word' id='word_1_531' title='bbox 204 3631 229 3660; x_wconf 76' lang='grc' dir='ltr'>α</span> <span class='ocrx_word' id='word_1_532' title='bbox 256 3615 386 3679; x_wconf 91' lang='lat' dir='ltr'><strong>tem,</strong></span> <span class='ocrx_word' id='word_1_533' title='bbox 419 3613 819 3684; x_wconf 88' lang='lat' dir='ltr'><strong>sanctitatem,</strong></span> <span class='ocrx_word' id='word_1_534' title='bbox 854 3614 1155 3672; x_wconf 88' lang='lat' dir='ltr'><strong>deitatem.</strong></span> <span class='ocrx_word' id='word_1_535' title='bbox 1187 3616 1454 3689; x_wconf 90' lang='lat' dir='ltr'><strong>Namque</strong></span> <span class='ocrx_word' id='word_1_536' title='bbox 1505 3619 1647 3674; x_wconf 92' lang='lat' dir='ltr'><strong>dum</strong></span> <span class='ocrx_word' id='word_1_537' title='bbox 1678 3620 1840 3676; x_wconf 91' lang='lat' dir='ltr'><strong>solus</strong></span> 
     </span>
    </p>
   </div>
   <div class='ocr_carea' id='block_1_69' title="bbox 155 3702 1843 3787">
    <p class='ocr_par' dir='ltr' id='par_1_69' title="bbox 155 3702 1843 3787">
     <span class='ocr_line' id='line_1_69' title="bbox 155 3702 1843 3787; baseline 0.005 -33"><span class='ocrx_word' id='word_1_538' title='bbox 155 3776 165 3787; x_wconf 21' lang='grc' dir='ltr'>ἱ</span> <span class='ocrx_word' id='word_1_539' title='bbox 201 3721 227 3749; x_wconf 82' lang='grc'><strong>‹‹</strong></span> <span class='ocrx_word' id='word_1_540' title='bbox 254 3704 417 3759; x_wconf 90' lang='lat' dir='ltr'><strong>Pater</strong></span> <span class='ocrx_word' id='word_1_541' title='bbox 446 3702 532 3759; x_wconf 89' lang='lat' dir='ltr'><strong>sic</strong></span> <span class='ocrx_word' id='word_1_542' title='bbox 554 3707 650 3760; x_wconf 89' lang='lat' dir='ltr'><strong>est</strong></span> <span class='ocrx_word' id='word_1_543' title='bbox 668 3703 843 3773; x_wconf 90' lang='lat' dir='ltr'><strong>Deus,</strong></span> <span class='ocrx_word' id='word_1_544' title='bbox 867 3708 934 3760; x_wconf 91' lang='lat' dir='ltr'><strong>ut</strong></span> <span class='ocrx_word' id='word_1_545' title='bbox 953 3722 1070 3760; x_wconf 90' lang='lat' dir='ltr'><strong>non</strong></span> <span class='ocrx_word' id='word_1_546' title='bbox 1092 3704 1171 3761; x_wconf 90' lang='lat' dir='ltr'><strong>sit</strong></span> <span class='ocrx_word' id='word_1_547' title='bbox 1190 3722 1260 3762; x_wconf 83' lang='lat' dir='ltr'><strong>ex</strong></span> <span class='ocrx_word' id='word_1_548' title='bbox 1279 3706 1417 3775; x_wconf 91' lang='lat' dir='ltr'><strong>Deo,</strong></span> <span class='ocrx_word' id='word_1_549' title='bbox 1451 3709 1552 3764; x_wconf 91' lang='lat' dir='ltr'><strong>sed</strong></span> <span class='ocrx_word' id='word_1_550' title='bbox 1575 3707 1843 3781; x_wconf 88' lang='lat' dir='ltr'><strong>genuerit</strong></span> 
     </span>
    </p>
   </div>
   <div class='ocr_carea' id='block_1_70' title="bbox 201 3789 1842 3868">
    <p class='ocr_par' dir='ltr' id='par_1_70' title="bbox 201 3789 1842 3868">
     <span class='ocr_line' id='line_1_70' title="bbox 201 3789 1842 3868; baseline 0.004 -22"><span class='ocrx_word' id='word_1_551' title='bbox 201 3808 227 3839; x_wconf 74' lang='grc' dir='ltr'><strong>«ι</strong></span> <span class='ocrx_word' id='word_1_552' title='bbox 256 3789 463 3861; x_wconf 87' lang='lat' dir='ltr'><strong>Deum;</strong></span> <span class='ocrx_word' id='word_1_553' title='bbox 491 3796 551 3849; x_wconf 94' lang='lat' dir='ltr'><strong>et</strong></span> <span class='ocrx_word' id='word_1_554' title='bbox 571 3791 739 3849; x_wconf 90' lang='lat' dir='ltr'><strong>solus</strong></span> <span class='ocrx_word' id='word_1_555' title='bbox 760 3791 944 3850; x_wconf 87' lang='lat' dir='ltr'><strong>Filius</strong></span> <span class='ocrx_word' id='word_1_556' title='bbox 968 3793 1051 3849; x_wconf 90' lang='lat' dir='ltr'><strong>sic</strong></span> <span class='ocrx_word' id='word_1_557' title='bbox 1072 3798 1161 3851; x_wconf 90' lang='lat' dir='ltr'><strong>est</strong></span> <span class='ocrx_word' id='word_1_558' title='bbox 1180 3794 1427 3863; x_wconf 90' lang='lat' dir='ltr'><strong>Deus,ut</strong></span> <span class='ocrx_word' id='word_1_559' title='bbox 1445 3797 1678 3868; x_wconf 87' lang='lat' dir='ltr'><strong>genitus</strong></span> <span class='ocrx_word' id='word_1_560' title='bbox 1711 3797 1842 3852; x_wconf 89' lang='lat' dir='ltr'><strong>sita</strong></span> 
     </span>
    </p>
   </div>
   <div class='ocr_carea' id='block_1_71' title="bbox 201 3877 1842 3953">
    <p class='ocr_par' dir='ltr' id='par_1_71' title="bbox 201 3877 1842 3953">
     <span class='ocr_line' id='line_1_71' title="bbox 201 3877 1842 3953; baseline 0.003 -18"><span class='ocrx_word' id='word_1_561' title='bbox 201 3899 226 3926; x_wconf 75' lang='grc' dir='ltr'><strong><em>κ</em></strong></span> <span class='ocrx_word' id='word_1_562' title='bbox 254 3877 394 3949; x_wconf 85' lang='lat' dir='ltr'><strong>Deo;</strong></span> <span class='ocrx_word' id='word_1_563' title='bbox 425 3884 484 3936; x_wconf 88' lang='lat' dir='ltr'><strong>et</strong></span> <span class='ocrx_word' id='word_1_564' title='bbox 513 3880 683 3937; x_wconf 90' lang='lat' dir='ltr'><strong>solus</strong></span> <span class='ocrx_word' id='word_1_565' title='bbox 715 3881 972 3953; x_wconf 89' lang='lat' dir='ltr'><strong>Spiritus</strong></span> <span class='ocrx_word' id='word_1_566' title='bbox 1004 3886 1244 3940; x_wconf 90' lang='lat' dir='ltr'><strong>sanctus</strong></span> <span class='ocrx_word' id='word_1_567' title='bbox 1291 3882 1375 3938; x_wconf 93' lang='lat' dir='ltr'><strong>sic</strong></span> <span class='ocrx_word' id='word_1_568' title='bbox 1422 3887 1513 3939; x_wconf 91' lang='lat' dir='ltr'><strong>est</strong></span> <span class='ocrx_word' id='word_1_569' title='bbox 1559 3885 1732 3951; x_wconf 90' lang='lat' dir='ltr'><strong>Deus,</strong></span> <span class='ocrx_word' id='word_1_570' title='bbox 1775 3888 1842 3940; x_wconf 88' lang='lat' dir='ltr'><strong>ut</strong></span> 
     </span>
    </p>
   </div>
   <div class='ocr_carea' id='block_1_72' title="bbox 204 3958 1836 4044">
    <p class='ocr_par' dir='ltr' id='par_1_72' title="bbox 204 3958 1836 4044">
     <span class='ocr_line' id='line_1_72' title="bbox 204 3958 1836 4044; baseline 0.003 -20"><span class='ocrx_word' id='word_1_571' title='bbox 204 3958 523 4040; x_wconf 77' lang='lat' dir='ltr'><strong>«procedat</strong></span> <span class='ocrx_word' id='word_1_572' title='bbox 550 3986 626 4026; x_wconf 82' lang='lat' dir='ltr'><strong>ex</strong></span> <span class='ocrx_word' id='word_1_573' title='bbox 662 3968 924 4041; x_wconf 86' lang='lat' dir='ltr'><strong>ingenito</strong></span> <span class='ocrx_word' id='word_1_574' title='bbox 969 3970 1151 4026; x_wconf 90' lang='lat' dir='ltr'><strong>simul</strong></span> <span class='ocrx_word' id='word_1_575' title='bbox 1193 3976 1250 4027; x_wconf 90' lang='lat' dir='ltr'><strong>et</strong></span> <span class='ocrx_word' id='word_1_576' title='bbox 1293 3989 1362 4028; x_wconf 87' lang='lat' dir='ltr'><strong>ex</strong></span> <span class='ocrx_word' id='word_1_577' title='bbox 1408 3972 1605 4044; x_wconf 86' lang='lat' dir='ltr'><strong>genito</strong></span> <span class='ocrx_word' id='word_1_578' title='bbox 1656 3973 1772 4029; x_wconf 89' lang='lat' dir='ltr'><strong>Deo</strong></span> <span class='ocrx_word' id='word_1_579' title='bbox 1823 3990 1836 4028; x_wconf 88' lang='lat'><strong>:</strong></span> 
     </span>
    </p>
   </div>
   <div class='ocr_carea' id='block_1_73' title="bbox 203 4059 1845 4133">
    <p class='ocr_par' dir='ltr' id='par_1_73' title="bbox 203 4059 1845 4133">
     <span class='ocr_line' id='line_1_73' title="bbox 203 4059 1845 4133; baseline 0.003 -21"><span class='ocrx_word' id='word_1_580' title='bbox 203 4074 229 4103; x_wconf 73' lang='grc' dir='ltr'><strong>α</strong></span> <span class='ocrx_word' id='word_1_581' title='bbox 255 4060 407 4126; x_wconf 74' lang='lat' dir='ltr'><strong>patet</strong></span> <span class='ocrx_word' id='word_1_582' title='bbox 432 4060 867 4130; x_wconf 85' lang='lat' dir='ltr'><strong>prorsus,quod</strong></span> <span class='ocrx_word' id='word_1_583' title='bbox 901 4059 1248 4115; x_wconf 89' lang='lat' dir='ltr'><strong>naturaliter</strong></span> <span class='ocrx_word' id='word_1_584' title='bbox 1269 4078 1424 4116; x_wconf 93' lang='lat' dir='ltr'><strong>unus</strong></span> <span class='ocrx_word' id='word_1_585' title='bbox 1450 4066 1507 4116; x_wconf 88' lang='lat' dir='ltr'><strong>et</strong></span> <span class='ocrx_word' id='word_1_586' title='bbox 1525 4062 1845 4133; x_wconf 90' lang='lat' dir='ltr'><strong>personali-</strong></span> 
     </span>
    </p>
   </div>
   <div class='ocr_carea' id='block_1_74' title="bbox 201 4145 1840 4207">
    <p class='ocr_par' dir='ltr' id='par_1_74' title="bbox 201 4145 1840 4207">
     <span class='ocr_line' id='line_1_74' title="bbox 201 4145 1840 4207; baseline 0.004 -7"><span class='ocrx_word' id='word_1_587' title='bbox 201 4163 227 4193; x_wconf 87' lang='lat'><strong>«</strong></span> <span class='ocrx_word' id='word_1_588' title='bbox 255 4147 338 4201; x_wconf 86' lang='lat' dir='ltr'><strong>ter</strong></span> <span class='ocrx_word' id='word_1_589' title='bbox 362 4145 556 4204; x_wconf 91' lang='lat' dir='ltr'><strong>trinus</strong></span> <span class='ocrx_word' id='word_1_590' title='bbox 587 4151 681 4204; x_wconf 91' lang='lat' dir='ltr'><strong>est</strong></span> <span class='ocrx_word' id='word_1_591' title='bbox 704 4147 879 4205; x_wconf 89' lang='lat' dir='ltr'><strong>Deus.</strong></span> <span class='ocrx_word' id='word_1_592' title='bbox 912 4147 1058 4205; x_wconf 89' lang='lat' dir='ltr'><strong>Item</strong></span> <span class='ocrx_word' id='word_1_593' title='bbox 1089 4149 1231 4204; x_wconf 91' lang='lat' dir='ltr'><strong>dum</strong></span> <span class='ocrx_word' id='word_1_594' title='bbox 1262 4148 1417 4205; x_wconf 89' lang='lat' dir='ltr'><strong>Deus</strong></span> <span class='ocrx_word' id='word_1_595' title='bbox 1447 4150 1617 4206; x_wconf 86' lang='lat' dir='ltr'><strong>Pater</strong></span> <span class='ocrx_word' id='word_1_596' title='bbox 1644 4150 1840 4207; x_wconf 88' lang='lat' dir='ltr'><strong>Deitas</strong></span> 
     </span>
    </p>
   </div>
   <div class='ocr_carea' id='block_1_75' title="bbox 203 4234 1837 4310">
    <p class='ocr_par' dir='ltr' id='par_1_75' title="bbox 203 4234 1837 4310">
     <span class='ocr_line' id='line_1_75' title="bbox 203 4234 1837 4310; baseline 0.004 -19"><span class='ocrx_word' id='word_1_597' title='bbox 203 4252 229 4283; x_wconf 77' lang='grc' dir='ltr'><strong>α</strong></span> <span class='ocrx_word' id='word_1_598' title='bbox 254 4237 339 4292; x_wconf 87' lang='lat' dir='ltr'><strong>est</strong></span> <span class='ocrx_word' id='word_1_599' title='bbox 354 4234 642 4310; x_wconf 83' lang='lat' dir='ltr'><strong>ingenita,</strong></span> <span class='ocrx_word' id='word_1_600' title='bbox 673 4235 1044 4294; x_wconf 86' lang='lat' dir='ltr'><strong>innascibilis</strong></span> <span class='ocrx_word' id='word_1_601' title='bbox 1083 4241 1141 4293; x_wconf 89' lang='lat' dir='ltr'><strong>et</strong></span> <span class='ocrx_word' id='word_1_602' title='bbox 1187 4236 1391 4294; x_wconf 89' lang='lat' dir='ltr'><strong>innata</strong></span> <span class='ocrx_word' id='word_1_603' title='bbox 1424 4254 1438 4294; x_wconf 91' lang='lat'><strong>:</strong></span> <span class='ocrx_word' id='word_1_604' title='bbox 1471 4243 1530 4295; x_wconf 88' lang='lat' dir='ltr'><strong>et</strong></span> <span class='ocrx_word' id='word_1_605' title='bbox 1559 4239 1716 4297; x_wconf 90' lang='lat' dir='ltr'><strong>Deus</strong></span> <span class='ocrx_word' id='word_1_606' title='bbox 1747 4240 1837 4296; x_wconf 87' lang='lat' dir='ltr'><strong>Fi-</strong></span> 
     </span>
    </p>
   </div>
   <div class='ocr_carea' id='block_1_76' title="bbox 202 4320 1839 4400">
    <p class='ocr_par' dir='ltr' id='par_1_76' title="bbox 202 4320 1839 4400">
     <span class='ocr_line' id='line_1_76' title="bbox 202 4320 1839 4400; baseline 0.005 -22"><span class='ocrx_word' id='word_1_607' title='bbox 202 4320 360 4381; x_wconf 84' lang='lat' dir='ltr'><strong>«lius</strong></span> <span class='ocrx_word' id='word_1_608' title='bbox 387 4325 587 4383; x_wconf 81' lang='lat' dir='ltr'><strong>Deitas</strong></span> <span class='ocrx_word' id='word_1_609' title='bbox 618 4325 840 4400; x_wconf 87' lang='lat' dir='ltr'><strong>genita,</strong></span> <span class='ocrx_word' id='word_1_610' title='bbox 880 4324 1185 4383; x_wconf 88' lang='lat' dir='ltr'><strong>nascibilis</strong></span> <span class='ocrx_word' id='word_1_611' title='bbox 1227 4330 1287 4383; x_wconf 87' lang='lat' dir='ltr'><strong>et</strong></span> <span class='ocrx_word' id='word_1_612' title='bbox 1331 4330 1470 4384; x_wconf 90' lang='lat' dir='ltr'><strong>nata</strong></span> <span class='ocrx_word' id='word_1_613' title='bbox 1517 4344 1532 4384; x_wconf 88' lang='lat'><strong>:</strong></span> <span class='ocrx_word' id='word_1_614' title='bbox 1583 4332 1642 4385; x_wconf 88' lang='lat' dir='ltr'><strong>et</strong></span> <span class='ocrx_word' id='word_1_615' title='bbox 1684 4328 1839 4386; x_wconf 90' lang='lat' dir='ltr'><strong>Deus</strong></span> 
     </span>
    </p>
   </div>
   <div class='ocr_carea' id='block_1_77' title="bbox 204 4411 1889 4488">
    <p class='ocr_par' dir='ltr' id='par_1_77' title="bbox 204 4411 1889 4488">
     <span class='ocr_line' id='line_1_77' title="bbox 204 4411 1889 4488; baseline 0.004 -19"><span class='ocrx_word' id='word_1_616' title='bbox 204 4431 230 4460; x_wconf 73' lang='grc' dir='ltr'><strong><em>α</em></strong></span> <span class='ocrx_word' id='word_1_617' title='bbox 250 4411 494 4485; x_wconf 89' lang='lat' dir='ltr'><strong>Spiritus</strong></span> <span class='ocrx_word' id='word_1_618' title='bbox 525 4418 771 4472; x_wconf 84' lang='lat' dir='ltr'><strong>sanctus</strong></span> <span class='ocrx_word' id='word_1_619' title='bbox 806 4415 997 4472; x_wconf 87' lang='lat' dir='ltr'><strong>Deitas</strong></span> <span class='ocrx_word' id='word_1_620' title='bbox 1026 4418 1116 4472; x_wconf 91' lang='lat' dir='ltr'><strong>est</strong></span> <span class='ocrx_word' id='word_1_621' title='bbox 1140 4432 1248 4472; x_wconf 90' lang='lat' dir='ltr'><strong>nec</strong></span> <span class='ocrx_word' id='word_1_622' title='bbox 1277 4414 1557 4488; x_wconf 86' lang='lat' dir='ltr'><strong>ingenita,</strong></span> <span class='ocrx_word' id='word_1_623' title='bbox 1581 4417 1837 4475; x_wconf 88' lang='lat' dir='ltr'><strong>innasci-</strong></span> <span class='ocrx_word' id='word_1_624' title='bbox 1883 4468 1889 4475; x_wconf 92' lang='lat'><strong>.</strong></span> 
     </span>
    </p>
   </div>
   <div class='ocr_carea' id='block_1_78' title="bbox 205 4500 1834 4578">
    <p class='ocr_par' dir='ltr' id='par_1_78' title="bbox 205 4500 1834 4578">
     <span class='ocr_line' id='line_1_78' title="bbox 205 4500 1834 4578; baseline 0.004 -21"><span class='ocrx_word' id='word_1_625' title='bbox 205 4521 230 4550; x_wconf 76' lang='grc' dir='ltr'><strong>α</strong></span> <span class='ocrx_word' id='word_1_626' title='bbox 254 4500 381 4560; x_wconf 90' lang='lat' dir='ltr'><strong>bilis</strong></span> <span class='ocrx_word' id='word_1_627' title='bbox 408 4503 728 4572; x_wconf 63' lang='lat' dir='ltr'><strong>et&#39;innata,</strong></span> <span class='ocrx_word' id='word_1_628' title='bbox 763 4520 952 4577; x_wconf 90' lang='lat' dir='ltr'><strong>neque</strong></span> <span class='ocrx_word' id='word_1_629' title='bbox 980 4503 1197 4578; x_wconf 88' lang='lat' dir='ltr'><strong>genita,</strong></span> <span class='ocrx_word' id='word_1_630' title='bbox 1230 4504 1530 4561; x_wconf 91' lang='lat' dir='ltr'><strong>nascibilis</strong></span> <span class='ocrx_word' id='word_1_631' title='bbox 1573 4509 1632 4561; x_wconf 91' lang='lat' dir='ltr'><strong>et</strong></span> <span class='ocrx_word' id='word_1_632' title='bbox 1679 4510 1834 4575; x_wconf 89' lang='lat' dir='ltr'><strong>nata,</strong></span> 
     </span>
    </p>
   </div>
   <div class='ocr_carea' id='block_1_79' title="bbox 204 4592 1838 4666">
    <p class='ocr_par' dir='ltr' id='par_1_79' title="bbox 204 4592 1838 4666">
     <span class='ocr_line' id='line_1_79' title="bbox 204 4592 1838 4666; baseline 0.002 -18"><span class='ocrx_word' id='word_1_633' title='bbox 204 4610 230 4638; x_wconf 73' lang='grc' dir='ltr'><strong>«ι</strong></span> <span class='ocrx_word' id='word_1_634' title='bbox 256 4592 348 4648; x_wconf 80' lang='lat' dir='ltr'><strong>sed</strong></span> <span class='ocrx_word' id='word_1_635' title='bbox 379 4594 703 4665; x_wconf 89' lang='lat' dir='ltr'><strong>procedens</strong></span> <span class='ocrx_word' id='word_1_636' title='bbox 733 4610 769 4648; x_wconf 90' lang='lat' dir='ltr'><strong>a</strong></span> <span class='ocrx_word' id='word_1_637' title='bbox 796 4593 1019 4649; x_wconf 85' lang='lat' dir='ltr'><strong>Deitate</strong></span> <span class='ocrx_word' id='word_1_638' title='bbox 1049 4593 1328 4666; x_wconf 85' lang='lat' dir='ltr'><strong>ingenita,</strong></span> <span class='ocrx_word' id='word_1_639' title='bbox 1377 4593 1730 4664; x_wconf 86' lang='lat' dir='ltr'><strong>innascibili,</strong></span> <span class='ocrx_word' id='word_1_640' title='bbox 1780 4601 1838 4653; x_wconf 90' lang='lat' dir='ltr'><strong>et</strong></span> 
     </span>
    </p>
   </div>
   <div class='ocr_carea' id='block_1_80' title="bbox 1949 3436 3590 3512">
    <p class='ocr_par' dir='ltr' id='par_1_80' title="bbox 1949 3436 3590 3512">
     <span class='ocr_line' id='line_1_80' title="bbox 1949 3436 3590 3512; baseline -0.002 -18"><span class='ocrx_word' id='word_1_641' title='bbox 1949 3460 1977 3488; x_wconf 94' lang='grc'><em>‹‹</em></span> <span class='ocrx_word' id='word_1_642' title='bbox 2010 3440 2155 3494; x_wconf 76' lang='grc'><strong>417</strong></span> <span class='ocrx_word' id='word_1_643' title='bbox 2216 3444 2273 3494; x_wconf 84' lang='lat' dir='ltr'><strong>et</strong></span> <span class='ocrx_word' id='word_1_644' title='bbox 2302 3456 2420 3494; x_wconf 89' lang='lat' dir='ltr'><strong>una</strong></span> <span class='ocrx_word' id='word_1_645' title='bbox 2448 3439 2643 3495; x_wconf 89' lang='lat' dir='ltr'><strong>Deitas</strong></span> <span class='ocrx_word' id='word_1_646' title='bbox 2690 3440 2811 3507; x_wconf 91' lang='lat' dir='ltr'><strong>dat,</strong></span> <span class='ocrx_word' id='word_1_647' title='bbox 2862 3440 3017 3512; x_wconf 91' lang='lat' dir='ltr'><strong>quod</strong></span> <span class='ocrx_word' id='word_1_648' title='bbox 3068 3438 3163 3494; x_wconf 89' lang='lat' dir='ltr'><strong>hic</strong></span> <span class='ocrx_word' id='word_1_649' title='bbox 3210 3436 3590 3493; x_wconf 89' lang='lat' dir='ltr'><strong>inserendum</strong></span> 
     </span>
    </p>
   </div>
   <div class='ocr_carea' id='block_1_81' title="bbox 1951 3524 3592 3601">
    <p class='ocr_par' dir='ltr' id='par_1_81' title="bbox 1951 3524 3592 3601">
     <span class='ocr_line' id='line_1_81' title="bbox 1951 3524 3592 3601; baseline -0.004 -17"><span class='ocrx_word' id='word_1_650' title='bbox 1951 3549 1981 3579; x_wconf 88' lang='grc'><strong>‹‹</strong></span> <span class='ocrx_word' id='word_1_651' title='bbox 2012 3526 2198 3600; x_wconf 88' lang='lat' dir='ltr'><strong>pietas</strong></span> <span class='ocrx_word' id='word_1_652' title='bbox 2220 3526 2381 3584; x_wconf 92' lang='lat' dir='ltr'><strong>illius</strong></span> <span class='ocrx_word' id='word_1_653' title='bbox 2403 3527 2653 3601; x_wconf 88' lang='lat' dir='ltr'><strong>inspirat</strong></span> <span class='ocrx_word' id='word_1_654' title='bbox 2671 3531 2729 3585; x_wconf 92' lang='lat' dir='ltr'><strong>et</strong></span> <span class='ocrx_word' id='word_1_655' title='bbox 2749 3528 3117 3595; x_wconf 84' lang='lat' dir='ltr'><strong>donat.Quod</strong></span> <span class='ocrx_word' id='word_1_656' title='bbox 3146 3526 3427 3583; x_wconf 85' lang='lat' dir='ltr'><strong>videlicet.</strong></span> <span class='ocrx_word' id='word_1_657' title='bbox 3438 3524 3592 3581; x_wconf 86' lang='lat' dir='ltr'><strong>sicut</strong></span> 
     </span>
    </p>
   </div>
   <div class='ocr_carea' id='block_1_82' title="bbox 1956 3613 3593 3691">
    <p class='ocr_par' dir='ltr' id='par_1_82' title="bbox 1956 3613 3593 3691">
     <span class='ocr_line' id='line_1_82' title="bbox 1956 3613 3593 3691; baseline -0.002 -19"><span class='ocrx_word' id='word_1_658' title='bbox 1956 3637 1978 3664; x_wconf 78' lang='grc' dir='ltr'>ι</span> <span class='ocrx_word' id='word_1_659' title='bbox 2011 3635 2488 3690; x_wconf 89' lang='lat' dir='ltr'><strong>unamquamque</strong></span> <span class='ocrx_word' id='word_1_660' title='bbox 2499 3635 2568 3674; x_wconf 88' lang='lat' dir='ltr'><strong>ex</strong></span> <span class='ocrx_word' id='word_1_661' title='bbox 2579 3617 2863 3675; x_wconf 88' lang='lat' dir='ltr'><strong>Trinitate</strong></span> <span class='ocrx_word' id='word_1_662' title='bbox 2884 3634 3194 3691; x_wconf 88' lang='lat' dir='ltr'><strong>personam</strong></span> <span class='ocrx_word' id='word_1_663' title='bbox 3217 3613 3487 3688; x_wconf 89' lang='lat' dir='ltr'><strong>quisquis</strong></span> <span class='ocrx_word' id='word_1_664' title='bbox 3502 3616 3593 3669; x_wconf 88' lang='lat' dir='ltr'><strong>est</strong></span> 
     </span>
    </p>
   </div>
   <div class='ocr_carea' id='block_1_83' title="bbox 1952 3703 3590 3778">
    <p class='ocr_par' dir='ltr' id='par_1_83' title="bbox 1952 3703 3590 3778">
     <span class='ocr_line' id='line_1_83' title="bbox 1952 3703 3590 3778; baseline -0.001 -20"><span class='ocrx_word' id='word_1_665' title='bbox 1952 3727 1981 3758; x_wconf 86' lang='lat'>«</span> <span class='ocrx_word' id='word_1_666' title='bbox 2011 3706 2334 3763; x_wconf 90' lang='lat' dir='ltr'><strong>catholicus</strong></span> <span class='ocrx_word' id='word_1_667' title='bbox 2364 3707 2549 3763; x_wconf 90' lang='lat' dir='ltr'><strong>credit</strong></span> <span class='ocrx_word' id='word_1_668' title='bbox 2575 3711 2634 3763; x_wconf 92' lang='lat' dir='ltr'><strong>et</strong></span> <span class='ocrx_word' id='word_1_669' title='bbox 2662 3708 2973 3764; x_wconf 82' lang='lat' dir='ltr'><strong>confitetur</strong></span> <span class='ocrx_word' id='word_1_670' title='bbox 3001 3706 3318 3778; x_wconf 88' lang='lat' dir='ltr'><strong>integrum,</strong></span> <span class='ocrx_word' id='word_1_671' title='bbox 3351 3703 3590 3775; x_wconf 90' lang='lat' dir='ltr'><strong>plenum</strong></span> 
     </span>
    </p>
   </div>
   <div class='ocr_carea' id='block_1_84' title="bbox 1956 3793 3589 3868">
    <p class='ocr_par' dir='ltr' id='par_1_84' title="bbox 1956 3793 3589 3868">
     <span class='ocr_line' id='line_1_84' title="bbox 1956 3793 3589 3868; baseline -0.001 -22"><span class='ocrx_word' id='word_1_672' title='bbox 1956 3817 1977 3846; x_wconf 80' lang='grc' dir='ltr'>ι</span> <span class='ocrx_word' id='word_1_673' title='bbox 2012 3795 2331 3866; x_wconf 79' lang='lat' dir='ltr'><strong>perfectum</strong></span> <span class='ocrx_word' id='word_1_674' title='bbox 2363 3796 2597 3868; x_wconf 89' lang='lat' dir='ltr'><strong>penitus</strong></span> <span class='ocrx_word' id='word_1_675' title='bbox 2629 3796 2951 3852; x_wconf 80' lang='lat' dir='ltr'><strong>Deumzsic</strong></span> <span class='ocrx_word' id='word_1_676' title='bbox 2983 3793 3300 3865; x_wconf 90' lang='lat' dir='ltr'><strong>unicuique</strong></span> <span class='ocrx_word' id='word_1_677' title='bbox 3328 3807 3589 3864; x_wconf 74' lang='lat' dir='ltr'><strong>personas</strong></span> 
     </span>
    </p>
   </div>
   <div class='ocr_carea' id='block_1_85' title="bbox 1950 3879 3585 3956">
    <p class='ocr_par' dir='ltr' id='par_1_85' title="bbox 1950 3879 3585 3956">
     <span class='ocr_line' id='line_1_85' title="bbox 1950 3879 3585 3956; baseline -0.003 -18"><span class='ocrx_word' id='word_1_678' title='bbox 1950 3905 1979 3934; x_wconf 87' lang='lat'><strong><em>«</em></strong></span> <span class='ocrx_word' id='word_1_679' title='bbox 2012 3901 2182 3939; x_wconf 90' lang='lat' dir='ltr'><strong>suam</strong></span> <span class='ocrx_word' id='word_1_680' title='bbox 2230 3884 2526 3955; x_wconf 91' lang='lat' dir='ltr'><strong>propriam</strong></span> <span class='ocrx_word' id='word_1_681' title='bbox 2583 3884 2883 3954; x_wconf 88' lang='lat' dir='ltr'><strong>deitatem,</strong></span> <span class='ocrx_word' id='word_1_682' title='bbox 2952 3883 3263 3956; x_wconf 87' lang='lat' dir='ltr'><strong>integram,</strong></span> <span class='ocrx_word' id='word_1_683' title='bbox 3331 3879 3585 3951; x_wconf 88' lang='lat' dir='ltr'><strong>plenam,</strong></span> 
     </span>
    </p>
   </div>
   <div class='ocr_carea' id='block_1_86' title="bbox 1954 3969 3591 4045">
    <p class='ocr_par' dir='ltr' id='par_1_86' title="bbox 1954 3969 3591 4045">
     <span class='ocr_line' id='line_1_86' title="bbox 1954 3969 3591 4045; baseline -0.006 -15"><span class='ocrx_word' id='word_1_684' title='bbox 1954 3992 1983 4022; x_wconf 84' lang='grc'><em>‹‹</em></span> <span class='ocrx_word' id='word_1_685' title='bbox 2012 3973 2349 4045; x_wconf 87' lang='lat' dir='ltr'><strong>perfectam,</strong></span> <span class='ocrx_word' id='word_1_686' title='bbox 2377 3973 2611 4044; x_wconf 88' lang='lat' dir='ltr'><strong>penitus</strong></span> <span class='ocrx_word' id='word_1_687' title='bbox 2643 3973 2835 4028; x_wconf 86' lang='lat' dir='ltr'><strong>inesse</strong></span> <span class='ocrx_word' id='word_1_688' title='bbox 2873 3972 3092 4037; x_wconf 88' lang='lat' dir='ltr'><strong>credat,</strong></span> <span class='ocrx_word' id='word_1_689' title='bbox 3138 3969 3486 4025; x_wconf 81' lang='lat' dir='ltr'><strong>conﬁteatur</strong></span> <span class='ocrx_word' id='word_1_690' title='bbox 3532 3969 3591 4021; x_wconf 89' lang='lat' dir='ltr'><strong>et</strong></span> 
     </span>
    </p>
   </div>
   <div class='ocr_carea' id='block_1_87' title="bbox 1952 4048 3590 4134">
    <p class='ocr_par' dir='ltr' id='par_1_87' title="bbox 1952 4048 3590 4134">
     <span class='ocr_line' id='line_1_87' title="bbox 1952 4048 3590 4134; baseline -0.002 -21"><span class='ocrx_word' id='word_1_691' title='bbox 1952 4083 1982 4113; x_wconf 76' lang='grc' dir='ltr'>α</span> <span class='ocrx_word' id='word_1_692' title='bbox 2011 4066 2252 4128; x_wconf 91' lang='lat' dir='ltr'><strong>asserat,</strong></span> <span class='ocrx_word' id='word_1_693' title='bbox 2284 4066 2457 4134; x_wconf 91' lang='lat' dir='ltr'><strong>atque</strong></span> <span class='ocrx_word' id='word_1_694' title='bbox 2490 4079 2591 4134; x_wconf 92' lang='lat' dir='ltr'><strong>pro</strong></span> <span class='ocrx_word' id='word_1_695' title='bbox 2619 4061 2841 4118; x_wconf 91' lang='lat' dir='ltr'><strong>viribus</strong></span> <span class='ocrx_word' id='word_1_696' title='bbox 2869 4059 3095 4116; x_wconf 86' lang='lat' dir='ltr'><strong>collatis</strong></span> <span class='ocrx_word' id='word_1_697' title='bbox 3133 4062 3193 4114; x_wconf 93' lang='lat' dir='ltr'><strong>et</strong></span> <span class='ocrx_word' id='word_1_698' title='bbox 3221 4048 3590 4113; x_wconf 69' lang='lat' dir='ltr'><strong>conferendis</strong></span> 
     </span>
    </p>
   </div>
   <div class='ocr_carea' id='block_1_88' title="bbox 1950 4148 3590 4221">
    <p class='ocr_par' dir='ltr' id='par_1_88' title="bbox 1950 4148 3590 4221">
     <span class='ocr_line' id='line_1_88' title="bbox 1950 4148 3590 4221; baseline -0.001 -21"><span class='ocrx_word' id='word_1_699' title='bbox 1950 4172 1978 4200; x_wconf 88' lang='grc'><em>‹‹</em></span> <span class='ocrx_word' id='word_1_700' title='bbox 2006 4149 2281 4221; x_wconf 85' lang='lat' dir='ltr'><strong>deinceps</strong></span> <span class='ocrx_word' id='word_1_701' title='bbox 2300 4148 2581 4205; x_wconf 89' lang='lat' dir='ltr'><strong>divinitus</strong></span> <span class='ocrx_word' id='word_1_702' title='bbox 2606 4148 3035 4206; x_wconf 88' lang='lat' dir='ltr'><strong>contradientes</strong></span> <span class='ocrx_word' id='word_1_703' title='bbox 3056 4161 3440 4220; x_wconf 90' lang='lat' dir='ltr'><strong>quoscunque</strong></span> <span class='ocrx_word' id='word_1_704' title='bbox 3458 4160 3590 4199; x_wconf 90' lang='lat' dir='ltr'><strong>con-</strong></span> 
     </span>
    </p>
   </div>
   <div class='ocr_carea' id='block_1_89' title="bbox 1949 4232 3592 4311">
    <p class='ocr_par' dir='ltr' id='par_1_89' title="bbox 1949 4232 3592 4311">
     <span class='ocr_line' id='line_1_89' title="bbox 1949 4232 3592 4311; baseline -0.004 -19"><span class='ocrx_word' id='word_1_705' title='bbox 1949 4262 1979 4292; x_wconf 85' lang='lat'><strong>«</strong></span> <span class='ocrx_word' id='word_1_706' title='bbox 2009 4239 2295 4295; x_wconf 89' lang='lat' dir='ltr'><strong>vincat.ln</strong></span> <span class='ocrx_word' id='word_1_707' title='bbox 2324 4238 2434 4295; x_wconf 90' lang='lat' dir='ltr'><strong>hoc</strong></span> <span class='ocrx_word' id='word_1_708' title='bbox 2463 4238 2620 4294; x_wconf 89' lang='lat' dir='ltr'><strong>enim</strong></span> <span class='ocrx_word' id='word_1_709' title='bbox 2650 4238 2837 4311; x_wconf 90' lang='lat' dir='ltr'><strong>liquet</strong></span> <span class='ocrx_word' id='word_1_710' title='bbox 2865 4236 2996 4293; x_wconf 90' lang='lat' dir='ltr'><strong>luce</strong></span> <span class='ocrx_word' id='word_1_711' title='bbox 3025 4232 3409 4307; x_wconf 85' lang='lat' dir='ltr'><strong>clarius,quin</strong></span> <span class='ocrx_word' id='word_1_712' title='bbox 3430 4235 3592 4306; x_wconf 87' lang='lat' dir='ltr'><strong>patet</strong></span> 
     </span>
    </p>
   </div>
   <div class='ocr_carea' id='block_1_90' title="bbox 1948 4324 3589 4401">
    <p class='ocr_par' dir='ltr' id='par_1_90' title="bbox 1948 4324 3589 4401">
     <span class='ocr_line' id='line_1_90' title="bbox 1948 4324 3589 4401; baseline -0.002 -21"><span class='ocrx_word' id='word_1_713' title='bbox 1948 4352 1978 4380; x_wconf 83' lang='grc'><strong><em>‹‹</em></strong></span> <span class='ocrx_word' id='word_1_714' title='bbox 2012 4328 2132 4384; x_wconf 90' lang='lat' dir='ltr'><strong>sole</strong></span> <span class='ocrx_word' id='word_1_715' title='bbox 2162 4327 2548 4401; x_wconf 87' lang='lat' dir='ltr'><strong>splendidius,</strong></span> <span class='ocrx_word' id='word_1_716' title='bbox 2580 4327 2736 4400; x_wconf 92' lang='lat' dir='ltr'><strong>quod</strong></span> <span class='ocrx_word' id='word_1_717' title='bbox 2770 4326 2924 4383; x_wconf 89' lang='lat' dir='ltr'><strong>inest</strong></span> <span class='ocrx_word' id='word_1_718' title='bbox 2962 4324 3280 4396; x_wconf 90' lang='lat' dir='ltr'><strong>unicuique</strong></span> <span class='ocrx_word' id='word_1_719' title='bbox 3330 4337 3589 4395; x_wconf 60' lang='lat' dir='ltr'><strong>persona</strong></span> 
     </span>
    </p>
   </div>
   <div class='ocr_carea' id='block_1_91' title="bbox 1946 4412 3590 4491">
    <p class='ocr_par' dir='ltr' id='par_1_91' title="bbox 1946 4412 3590 4491">
     <span class='ocr_line' id='line_1_91' title="bbox 1946 4412 3590 4491; baseline -0.002 -21"><span class='ocrx_word' id='word_1_720' title='bbox 1946 4441 1977 4470; x_wconf 88' lang='lat'>«</span> <span class='ocrx_word' id='word_1_721' title='bbox 2009 4436 2119 4474; x_wconf 92' lang='lat' dir='ltr'><strong>sua</strong></span> <span class='ocrx_word' id='word_1_722' title='bbox 2148 4417 2381 4491; x_wconf 90' lang='lat' dir='ltr'><strong>propria</strong></span> <span class='ocrx_word' id='word_1_723' title='bbox 2425 4417 2611 4473; x_wconf 91' lang='lat' dir='ltr'><strong>deitas</strong></span> <span class='ocrx_word' id='word_1_724' title='bbox 2658 4420 2836 4489; x_wconf 90' lang='lat' dir='ltr'><strong>atque</strong></span> <span class='ocrx_word' id='word_1_725' title='bbox 2885 4414 3180 4471; x_wconf 87' lang='lat' dir='ltr'><strong>divinitas.</strong></span> <span class='ocrx_word' id='word_1_726' title='bbox 3212 4412 3360 4479; x_wconf 88' lang='lat' dir='ltr'><strong>Quia</strong></span> <span class='ocrx_word' id='word_1_727' title='bbox 3394 4426 3590 4467; x_wconf 84' lang='lat' dir='ltr'><strong>revera</strong></span> 
     </span>
    </p>
   </div>
   <div class='ocr_carea' id='block_1_92' title="bbox 1948 4498 3588 4579">
    <p class='ocr_par' dir='ltr' id='par_1_92' title="bbox 1948 4498 3588 4579">
     <span class='ocr_line' id='line_1_92' title="bbox 1948 4498 3588 4579; baseline -0.004 -19"><span class='ocrx_word' id='word_1_728' title='bbox 1948 4531 1978 4560; x_wconf 86' lang='lat'><strong><em>«</em></strong></span> <span class='ocrx_word' id='word_1_729' title='bbox 2009 4523 2382 4579; x_wconf 90' lang='lat' dir='ltr'><strong>nequaquam</strong></span> <span class='ocrx_word' id='word_1_730' title='bbox 2413 4504 2739 4579; x_wconf 87' lang='lat' dir='ltr'><strong>assumpsit</strong></span> <span class='ocrx_word' id='word_1_731' title='bbox 2758 4503 3212 4573; x_wconf 87' lang='lat' dir='ltr'><strong>humanitatem,</strong></span> <span class='ocrx_word' id='word_1_732' title='bbox 3234 4500 3392 4576; x_wconf 91' lang='lat' dir='ltr'><strong>quod</strong></span> <span class='ocrx_word' id='word_1_733' title='bbox 3413 4498 3588 4571; x_wconf 87' lang='lat' dir='ltr'><strong>absit,</strong></span> 
     </span>
    </p>
   </div>
   <div class='ocr_carea' id='block_1_93' title="bbox 1946 4588 3590 4660">
    <p class='ocr_par' dir='ltr' id='par_1_93' title="bbox 1946 4588 3590 4660">
     <span class='ocr_line' id='line_1_93' title="bbox 1946 4588 3590 4660; baseline -0.005 -8"><span class='ocrx_word' id='word_1_734' title='bbox 1946 4621 1973 4646; x_wconf 93' lang='grc'><strong>‹‹</strong></span> <span class='ocrx_word' id='word_1_735' title='bbox 2008 4596 2125 4652; x_wconf 93' lang='lat' dir='ltr'><strong>ullo</strong></span> <span class='ocrx_word' id='word_1_736' title='bbox 2157 4596 2328 4651; x_wconf 90' lang='lat' dir='ltr'><strong>modo</strong></span> <span class='ocrx_word' id='word_1_737' title='bbox 2378 4599 2502 4651; x_wconf 90' lang='lat' dir='ltr'><strong>tota</strong></span> <span class='ocrx_word' id='word_1_738' title='bbox 2549 4595 2830 4660; x_wconf 88' lang='lat' dir='ltr'><strong>Trinitas,</strong></span> <span class='ocrx_word' id='word_1_739' title='bbox 2863 4595 2967 4651; x_wconf 93' lang='lat' dir='ltr'><strong>sed</strong></span> <span class='ocrx_word' id='word_1_740' title='bbox 3017 4592 3145 4651; x_wconf 87' lang='lat' dir='ltr'><strong>sola</strong></span> <span class='ocrx_word' id='word_1_741' title='bbox 3180 4588 3590 4648; x_wconf 86' lang='lat' dir='ltr'><strong>tantummodo</strong></span> 
     </span>
    </p>
   </div>
   <div class='ocr_carea' id='block_1_94' title="bbox 202 4674 3590 4765">
    <p class='ocr_par' dir='ltr' id='par_1_94' title="bbox 202 4674 3590 4765">
     <span class='ocr_line' id='line_1_94' title="bbox 202 4674 3590 4765; baseline 0 -32"><span class='ocrx_word' id='word_1_742' title='bbox 202 4699 228 4727; x_wconf 76' lang='grc' dir='ltr'>α</span> <span class='ocrx_word' id='word_1_743' title='bbox 256 4677 467 4750; x_wconf 85' lang='lat' dir='ltr'><strong>innata,</strong></span> <span class='ocrx_word' id='word_1_744' title='bbox 519 4686 579 4738; x_wconf 90' lang='lat' dir='ltr'><strong>et</strong></span> <span class='ocrx_word' id='word_1_745' title='bbox 634 4699 670 4738; x_wconf 87' lang='lat' dir='ltr'><strong>a</strong></span> <span class='ocrx_word' id='word_1_746' title='bbox 717 4682 941 4738; x_wconf 90' lang='lat' dir='ltr'><strong>Deitate</strong></span> <span class='ocrx_word' id='word_1_747' title='bbox 987 4682 1206 4755; x_wconf 88' lang='lat' dir='ltr'><strong>genita,</strong></span> <span class='ocrx_word' id='word_1_748' title='bbox 1261 4682 1528 4740; x_wconf 88' lang='lat' dir='ltr'><strong>nascibili</strong></span> <span class='ocrx_word' id='word_1_749' title='bbox 1572 4687 1631 4739; x_wconf 90' lang='lat' dir='ltr'><strong>et</strong></span> <span class='ocrx_word' id='word_1_750' title='bbox 1660 4689 1832 4753; x_wconf 90' lang='lat' dir='ltr'><strong>nata;</strong></span> <span class='ocrx_word' id='word_1_751' title='bbox 1870 4701 1915 4765; x_wconf 70' lang='grc' dir='ltr'><strong>ι)</strong></span> <span class='ocrx_word' id='word_1_752' title='bbox 1947 4707 1976 4735; x_wconf 90' lang='grc'><em>‹‹</em></span> <span class='ocrx_word' id='word_1_753' title='bbox 2011 4685 2139 4741; x_wconf 86' lang='lat' dir='ltr'><strong>Filii</strong></span> <span class='ocrx_word' id='word_1_754' title='bbox 2170 4684 2377 4740; x_wconf 82' lang='lat' dir='ltr'><strong>deitas.</strong></span> <span class='ocrx_word' id='word_1_755' title='bbox 2432 4685 2561 4739; x_wconf 67' lang='lat' dir='ltr'><strong>Haec</strong></span> <span class='ocrx_word' id='word_1_756' title='bbox 2607 4687 2697 4739; x_wconf 88' lang='lat' dir='ltr'><strong>est</strong></span> <span class='ocrx_word' id='word_1_757' title='bbox 2742 4699 2974 4756; x_wconf 89' lang='lat' dir='ltr'><strong>semper</strong></span> <span class='ocrx_word' id='word_1_758' title='bbox 3021 4682 3238 4738; x_wconf 85' lang='lat' dir='ltr'><strong>invicta</strong></span> <span class='ocrx_word' id='word_1_759' title='bbox 3280 4679 3488 4735; x_wconf 84' lang='lat' dir='ltr'><strong>victrix</strong></span> <span class='ocrx_word' id='word_1_760' title='bbox 3519 4674 3590 4733; x_wconf 87' lang='lat' dir='ltr'><strong>de</strong></span> 
     </span>
    </p>
   </div>
   <div class='ocr_carea' id='block_1_95' title="bbox 202 4768 1836 4843">
    <p class='ocr_par' dir='ltr' id='par_1_95' title="bbox 202 4768 1836 4843">
     <span class='ocr_line' id='line_1_95' title="bbox 202 4768 1836 4843; baseline 0.002 -18"><span class='ocrx_word' id='word_1_761' title='bbox 202 4768 446 4839; x_wconf 76' lang='lat' dir='ltr'><strong>«claret,</strong></span> <span class='ocrx_word' id='word_1_762' title='bbox 509 4770 753 4829; x_wconf 88' lang='lat' dir='ltr'><strong>omnino</strong></span> <span class='ocrx_word' id='word_1_763' title='bbox 805 4772 962 4843; x_wconf 92' lang='lat' dir='ltr'><strong>quod</strong></span> <span class='ocrx_word' id='word_1_764' title='bbox 1020 4771 1136 4835; x_wconf 79' lang='grc' dir='ltr'><strong>ἁγία</strong></span> <span class='ocrx_word' id='word_1_765' title='bbox 1161 4774 1313 4836; x_wconf 81' lang='grc' dir='ltr'><strong>τριὰς,</strong></span> <span class='ocrx_word' id='word_1_766' title='bbox 1373 4772 1431 4827; x_wconf 95' lang='lat' dir='ltr'><strong>id</strong></span> <span class='ocrx_word' id='word_1_767' title='bbox 1488 4776 1577 4828; x_wconf 92' lang='lat' dir='ltr'><strong>est</strong></span> <span class='ocrx_word' id='word_1_768' title='bbox 1632 4778 1836 4829; x_wconf 86' lang='lat' dir='ltr'><strong>sancta</strong></span> 
     </span>
    </p>
   </div>
   <div class='ocr_carea' id='block_1_96' title="bbox 203 4856 1831 4931">
    <p class='ocr_par' dir='ltr' id='par_1_96' title="bbox 203 4856 1831 4931">
     <span class='ocr_line' id='line_1_96' title="bbox 203 4856 1831 4931; baseline 0.004 -20"><span class='ocrx_word' id='word_1_769' title='bbox 203 4876 229 4902; x_wconf 82' lang='grc'><em>‹‹</em></span> <span class='ocrx_word' id='word_1_770' title='bbox 256 4856 692 4928; x_wconf 88' lang='lat' dir='ltr'><strong>Trinitas,sicut</strong></span> <span class='ocrx_word' id='word_1_771' title='bbox 720 4876 839 4915; x_wconf 89' lang='lat' dir='ltr'><strong>una</strong></span> <span class='ocrx_word' id='word_1_772' title='bbox 858 4859 1249 4916; x_wconf 88' lang='lat' dir='ltr'><strong>essentialiter</strong></span> <span class='ocrx_word' id='word_1_773' title='bbox 1269 4864 1445 4931; x_wconf 91' lang='lat' dir='ltr'><strong>atque</strong></span> <span class='ocrx_word' id='word_1_774' title='bbox 1470 4860 1831 4929; x_wconf 88' lang='lat' dir='ltr'><strong>naturaliter,</strong></span> 
     </span>
    </p>
   </div>
   <div class='ocr_carea' id='block_1_97' title="bbox 209 4947 1830 5020">
    <p class='ocr_par' dir='ltr' id='par_1_97' title="bbox 209 4947 1830 5020">
     <span class='ocr_line' id='line_1_97' title="bbox 209 4947 1830 5020; baseline 0.001 -17"><span class='ocrx_word' id='word_1_775' title='bbox 209 4967 227 4994; x_wconf 81' lang='grc' dir='ltr'>ι</span> <span class='ocrx_word' id='word_1_776' title='bbox 261 4947 339 5003; x_wconf 87' lang='lat' dir='ltr'><strong>sic</strong></span> <span class='ocrx_word' id='word_1_777' title='bbox 367 4948 569 5020; x_wconf 78' lang='lat' dir='ltr'><strong>procul</strong></span> <span class='ocrx_word' id='word_1_778' title='bbox 602 4949 783 5005; x_wconf 92' lang='lat' dir='ltr'><strong>dubio</strong></span> <span class='ocrx_word' id='word_1_779' title='bbox 813 4953 903 5005; x_wconf 91' lang='lat' dir='ltr'><strong>est</strong></span> <span class='ocrx_word' id='word_1_780' title='bbox 941 4949 1323 5020; x_wconf 90' lang='lat' dir='ltr'><strong>personaliter</strong></span> <span class='ocrx_word' id='word_1_781' title='bbox 1368 4949 1523 5004; x_wconf 90' lang='lat' dir='ltr'><strong>trina</strong></span> <span class='ocrx_word' id='word_1_782' title='bbox 1569 4950 1765 5006; x_wconf 88' lang='lat' dir='ltr'><strong>Deitas</strong></span> <span class='ocrx_word' id='word_1_783' title='bbox 1816 4968 1830 5004; x_wconf 90' lang='lat'>:</span> 
     </span>
    </p>
   </div>
   <div class='ocr_carea' id='block_1_98' title="bbox 204 5034 1831 5109">
    <p class='ocr_par' dir='ltr' id='par_1_98' title="bbox 204 5034 1831 5109">
     <span class='ocr_line' id='line_1_98' title="bbox 204 5034 1831 5109; baseline 0.002 -19"><span class='ocrx_word' id='word_1_784' title='bbox 204 5055 229 5081; x_wconf 76' lang='grc' dir='ltr'>κ</span> <span class='ocrx_word' id='word_1_785' title='bbox 258 5034 423 5092; x_wconf 85' lang='lat' dir='ltr'><strong>sicuti</strong></span> <span class='ocrx_word' id='word_1_786' title='bbox 450 5036 677 5094; x_wconf 90' lang='lat' dir='ltr'><strong>scilicet</strong></span> <span class='ocrx_word' id='word_1_787' title='bbox 704 5038 1006 5109; x_wconf 75' lang='lat' dir='ltr'><strong>majestas,</strong></span> <span class='ocrx_word' id='word_1_788' title='bbox 1037 5037 1224 5109; x_wconf 87' lang='lat' dir='ltr'><strong>pietas</strong></span> <span class='ocrx_word' id='word_1_789' title='bbox 1251 5041 1309 5093; x_wconf 93' lang='lat' dir='ltr'><strong>et</strong></span> <span class='ocrx_word' id='word_1_790' title='bbox 1344 5042 1622 5109; x_wconf 87' lang='lat' dir='ltr'><strong>potestas,</strong></span> <span class='ocrx_word' id='word_1_791' title='bbox 1654 5039 1727 5093; x_wconf 93' lang='lat' dir='ltr'><strong>ob</strong></span> <span class='ocrx_word' id='word_1_792' title='bbox 1774 5038 1831 5093; x_wconf 92' lang='lat' dir='ltr'><strong>id</strong></span> 
     </span>
    </p>
   </div>
   <div class='ocr_carea' id='block_1_99' title="bbox 204 5124 1831 5197">
    <p class='ocr_par' dir='ltr' id='par_1_99' title="bbox 204 5124 1831 5197">
     <span class='ocr_line' id='line_1_99' title="bbox 204 5124 1831 5197; baseline 0.001 -17"><span class='ocrx_word' id='word_1_793' title='bbox 204 5143 229 5171; x_wconf 88' lang='lat'><strong>«</strong></span> <span class='ocrx_word' id='word_1_794' title='bbox 259 5139 488 5195; x_wconf 86' lang='lat' dir='ltr'><strong>prorsus</strong></span> <span class='ocrx_word' id='word_1_795' title='bbox 518 5130 613 5189; x_wconf 87' lang='lat' dir='ltr'><strong>est</strong></span> <span class='ocrx_word' id='word_1_796' title='bbox 640 5142 759 5181; x_wconf 88' lang='lat' dir='ltr'><strong>una</strong></span> <span class='ocrx_word' id='word_1_797' title='bbox 787 5124 964 5182; x_wconf 92' lang='lat' dir='ltr'><strong>simul</strong></span> <span class='ocrx_word' id='word_1_798' title='bbox 998 5128 1055 5181; x_wconf 92' lang='lat' dir='ltr'><strong>ct</strong></span> <span class='ocrx_word' id='word_1_799' title='bbox 1083 5124 1258 5197; x_wconf 88' lang='lat' dir='ltr'><strong>trina,</strong></span> <span class='ocrx_word' id='word_1_800' title='bbox 1291 5125 1431 5197; x_wconf 89' lang='lat' dir='ltr'><strong>quia</strong></span> <span class='ocrx_word' id='word_1_801' title='bbox 1460 5143 1657 5181; x_wconf 86' lang='lat' dir='ltr'><strong>revera</strong></span> <span class='ocrx_word' id='word_1_802' title='bbox 1688 5145 1831 5183; x_wconf 89' lang='lat' dir='ltr'><strong>una-</strong></span> 
     </span>
    </p>
   </div>
   <div class='ocr_carea' id='block_1_100' title="bbox 208 5215 1833 5288">
    <p class='ocr_par' dir='ltr' id='par_1_100' title="bbox 208 5215 1833 5288">
     <span class='ocr_line' id='line_1_100' title="bbox 208 5215 1833 5288; baseline 0.002 -21"><span class='ocrx_word' id='word_1_803' title='bbox 208 5231 232 5257; x_wconf 88' lang='lat'><strong>«</strong></span> <span class='ocrx_word' id='word_1_804' title='bbox 259 5228 491 5286; x_wconf 66' lang='lat' dir='ltr'><strong>quaeque</strong></span> <span class='ocrx_word' id='word_1_805' title='bbox 522 5232 774 5288; x_wconf 89' lang='lat' dir='ltr'><strong>persona</strong></span> <span class='ocrx_word' id='word_1_806' title='bbox 803 5232 906 5286; x_wconf 91' lang='lat' dir='ltr'><strong>per</strong></span> <span class='ocrx_word' id='word_1_807' title='bbox 936 5231 995 5269; x_wconf 86' lang='lat' dir='ltr'><strong>se</strong></span> <span class='ocrx_word' id='word_1_808' title='bbox 1026 5217 1115 5270; x_wconf 91' lang='lat' dir='ltr'><strong>est</strong></span> <span class='ocrx_word' id='word_1_809' title='bbox 1147 5218 1403 5287; x_wconf 88' lang='lat' dir='ltr'><strong>potestas</strong></span> <span class='ocrx_word' id='word_1_810' title='bbox 1440 5215 1647 5286; x_wconf 89' lang='lat' dir='ltr'><strong>prima,</strong></span> <span class='ocrx_word' id='word_1_811' title='bbox 1680 5215 1833 5271; x_wconf 85' lang='lat' dir='ltr'><strong>sicut</strong></span> 
     </span>
    </p>
   </div>
   <div class='ocr_carea' id='block_1_101' title="bbox 207 5296 1835 5360">
    <p class='ocr_par' dir='ltr' id='par_1_101' title="bbox 207 5296 1835 5360">
     <span class='ocr_line' id='line_1_101' title="bbox 207 5296 1835 5360; baseline 0.003 -5"><span class='ocrx_word' id='word_1_812' title='bbox 207 5318 230 5346; x_wconf 87' lang='lat'><strong>«</strong></span> <span class='ocrx_word' id='word_1_813' title='bbox 256 5300 540 5359; x_wconf 87' lang='lat' dir='ltr'><strong>evidenter</strong></span> <span class='ocrx_word' id='word_1_814' title='bbox 596 5305 668 5359; x_wconf 88' lang='lat' dir='ltr'><strong>de</strong></span> <span class='ocrx_word' id='word_1_815' title='bbox 712 5304 828 5360; x_wconf 91' lang='lat' dir='ltr'><strong>Deo</strong></span> <span class='ocrx_word' id='word_1_816' title='bbox 876 5296 978 5359; x_wconf 91' lang='lat' dir='ltr'><strong>Dei</strong></span> <span class='ocrx_word' id='word_1_817' title='bbox 1029 5302 1172 5358; x_wconf 89' lang='lat' dir='ltr'><strong>Filio</strong></span> <span class='ocrx_word' id='word_1_818' title='bbox 1221 5302 1435 5358; x_wconf 90' lang='lat' dir='ltr'><strong>dicitur</strong></span> <span class='ocrx_word' id='word_1_819' title='bbox 1479 5303 1539 5358; x_wconf 89' lang='lat' dir='ltr'><strong>in</strong></span> <span class='ocrx_word' id='word_1_820' title='bbox 1594 5304 1835 5360; x_wconf 83' lang='lat' dir='ltr'><strong>Michaea</strong></span> 
     </span>
    </p>
   </div>
   <div class='ocr_carea' id='block_1_102' title="bbox 205 5390 1833 5463">
    <p class='ocr_par' dir='ltr' id='par_1_102' title="bbox 205 5390 1833 5463">
     <span class='ocr_line' id='line_1_102' title="bbox 205 5390 1833 5463; baseline 0.002 -18"><span class='ocrx_word' id='word_1_821' title='bbox 205 5408 229 5433; x_wconf 77' lang='grc' dir='ltr'>ιι</span> <span class='ocrx_word' id='word_1_822' title='bbox 262 5390 534 5463; x_wconf 83' lang='lat' dir='ltr'><strong>propheta</strong></span> <span class='ocrx_word' id='word_1_823' title='bbox 565 5408 580 5447; x_wconf 88' lang='lat'><strong>:</strong></span> <span class='ocrx_word' id='word_1_824' title='bbox 613 5393 680 5448; x_wconf 85' lang='lat' dir='ltr'><strong>Et</strong></span> <span class='ocrx_word' id='word_1_825' title='bbox 704 5399 784 5460; x_wconf 84' lang='lat' dir='ltr'><strong>tu,</strong></span> <span class='ocrx_word' id='word_1_826' title='bbox 815 5394 986 5449; x_wconf 81' lang='lat' dir='ltr'><strong>turris</strong></span> <span class='ocrx_word' id='word_1_827' title='bbox 1030 5393 1210 5463; x_wconf 78' lang='lat' dir='ltr'><strong>gregis</strong></span> <span class='ocrx_word' id='word_1_828' title='bbox 1250 5392 1512 5447; x_wconf 82' lang='lat' dir='ltr'><strong>nebulosa</strong></span> <span class='ocrx_word' id='word_1_829' title='bbox 1538 5394 1660 5463; x_wconf 78' lang='lat' dir='ltr'><strong>filia</strong></span> <span class='ocrx_word' id='word_1_830' title='bbox 1702 5393 1833 5448; x_wconf 83' lang='lat' dir='ltr'><strong>Hie-</strong></span> 
     </span>
    </p>
   </div>
   <div class='ocr_carea' id='block_1_103' title="bbox 212 5480 1833 5552">
    <p class='ocr_par' dir='ltr' id='par_1_103' title="bbox 212 5480 1833 5552">
     <span class='ocr_line' id='line_1_103' title="bbox 212 5480 1833 5552; baseline 0.001 -18"><span class='ocrx_word' id='word_1_831' title='bbox 212 5492 231 5520; x_wconf 73' lang='grc' dir='ltr'><strong>σ</strong></span> <span class='ocrx_word' id='word_1_832' title='bbox 259 5480 587 5548; x_wconf 74' lang='lat' dir='ltr'><strong>malem,ad</strong></span> <span class='ocrx_word' id='word_1_833' title='bbox 613 5488 663 5537; x_wconf 82' lang='lat' dir='ltr'><strong>te</strong></span> <span class='ocrx_word' id='word_1_834' title='bbox 707 5482 902 5550; x_wconf 80' lang='lat' dir='ltr'><strong>veniet,</strong></span> <span class='ocrx_word' id='word_1_835' title='bbox 936 5485 993 5536; x_wconf 92' lang='lat' dir='ltr'><strong>et</strong></span> <span class='ocrx_word' id='word_1_836' title='bbox 1020 5497 1190 5552; x_wconf 82' lang='lat' dir='ltr'><strong>usque</strong></span> <span class='ocrx_word' id='word_1_837' title='bbox 1218 5480 1295 5537; x_wconf 86' lang='lat' dir='ltr'><strong>ad</strong></span> <span class='ocrx_word' id='word_1_838' title='bbox 1325 5488 1373 5536; x_wconf 84' lang='lat' dir='ltr'><strong>te</strong></span> <span class='ocrx_word' id='word_1_839' title='bbox 1402 5482 1578 5537; x_wconf 80' lang='lat' dir='ltr'><strong>veniet</strong></span> <span class='ocrx_word' id='word_1_840' title='bbox 1600 5488 1833 5552; x_wconf 85' lang='lat' dir='ltr'><strong>potestas</strong></span> 
     </span>
    </p>
   </div>
   <div class='ocr_carea' id='block_1_104' title="bbox 209 5569 1836 5642">
    <p class='ocr_par' dir='ltr' id='par_1_104' title="bbox 209 5569 1836 5642">
     <span class='ocr_line' id='line_1_104' title="bbox 209 5569 1836 5642; baseline 0.002 -21"><span class='ocrx_word' id='word_1_841' title='bbox 209 5569 431 5635; x_wconf 81' lang='lat' dir='ltr'><strong>«prima</strong></span> <span class='ocrx_word' id='word_1_842' title='bbox 459 5570 648 5638; x_wconf 74' lang='lat' dir='ltr'><strong>(Mich.</strong></span> <span class='ocrx_word' id='word_1_843' title='bbox 701 5588 777 5641; x_wconf 79' lang='grc' dir='ltr'><strong>ιν,</strong></span> <span class='ocrx_word' id='word_1_844' title='bbox 832 5571 907 5642; x_wconf 93' lang='lat'><strong>8).</strong></span> <span class='ocrx_word' id='word_1_845' title='bbox 958 5571 1108 5642; x_wconf 89' lang='lat' dir='ltr'><strong>Ergo</strong></span> <span class='ocrx_word' id='word_1_846' title='bbox 1165 5570 1305 5641; x_wconf 91' lang='lat' dir='ltr'><strong>quia</strong></span> <span class='ocrx_word' id='word_1_847' title='bbox 1359 5586 1475 5624; x_wconf 89' lang='lat' dir='ltr'><strong>non</strong></span> <span class='ocrx_word' id='word_1_848' title='bbox 1529 5574 1619 5625; x_wconf 89' lang='lat' dir='ltr'><strong>est</strong></span> <span class='ocrx_word' id='word_1_849' title='bbox 1668 5570 1836 5625; x_wconf 87' lang='lat' dir='ltr'><strong>Pater</strong></span> 
     </span>
    </p>
   </div>
   <div class='ocr_carea' id='block_1_105' title="bbox 211 5656 1831 5732">
    <p class='ocr_par' dir='ltr' id='par_1_105' title="bbox 211 5656 1831 5732">
     <span class='ocr_line' id='line_1_105' title="bbox 211 5656 1831 5732; baseline 0.002 -22"><span class='ocrx_word' id='word_1_850' title='bbox 211 5672 235 5701; x_wconf 79' lang='grc' dir='ltr'>α</span> <span class='ocrx_word' id='word_1_851' title='bbox 263 5656 442 5726; x_wconf 87' lang='lat' dir='ltr'><strong>major</strong></span> <span class='ocrx_word' id='word_1_852' title='bbox 471 5657 635 5726; x_wconf 89' lang='lat' dir='ltr'><strong>Filio,</strong></span> <span class='ocrx_word' id='word_1_853' title='bbox 669 5677 857 5732; x_wconf 87' lang='lat' dir='ltr'><strong>neque</strong></span> <span class='ocrx_word' id='word_1_854' title='bbox 889 5658 1072 5716; x_wconf 89' lang='lat' dir='ltr'><strong>Filius</strong></span> <span class='ocrx_word' id='word_1_855' title='bbox 1122 5660 1312 5730; x_wconf 73' lang='lat' dir='ltr'><strong>major</strong></span> <span class='ocrx_word' id='word_1_856' title='bbox 1358 5658 1577 5730; x_wconf 90' lang='lat' dir='ltr'><strong>Spiritu</strong></span> <span class='ocrx_word' id='word_1_857' title='bbox 1610 5665 1831 5723; x_wconf 90' lang='lat' dir='ltr'><strong>saneto,</strong></span> 
     </span>
    </p>
   </div>
   <div class='ocr_carea' id='block_1_106' title="bbox 214 5744 1832 5819">
    <p class='ocr_par' dir='ltr' id='par_1_106' title="bbox 214 5744 1832 5819">
     <span class='ocr_line' id='line_1_106' title="bbox 214 5744 1832 5819; baseline 0.003 -21"><span class='ocrx_word' id='word_1_858' title='bbox 214 5761 238 5789; x_wconf 83' lang='lat'><strong><em>«</em></strong></span> <span class='ocrx_word' id='word_1_859' title='bbox 265 5744 356 5799; x_wconf 84' lang='lat' dir='ltr'><strong>sed</strong></span> <span class='ocrx_word' id='word_1_860' title='bbox 380 5746 616 5804; x_wconf 88' lang='lat' dir='ltr'><strong>omnino</strong></span> <span class='ocrx_word' id='word_1_861' title='bbox 645 5752 776 5804; x_wconf 71' lang='lat' dir='ltr'><strong>totaa</strong></span> <span class='ocrx_word' id='word_1_862' title='bbox 809 5752 925 5805; x_wconf 87' lang='lat' dir='ltr'><strong>tres</strong></span> <span class='ocrx_word' id='word_1_863' title='bbox 955 5764 1234 5819; x_wconf 67' lang='lat' dir='ltr'><strong>personae,</strong></span> <span class='ocrx_word' id='word_1_864' title='bbox 1270 5747 1382 5803; x_wconf 90' lang='lat' dir='ltr'><strong>sibi</strong></span> <span class='ocrx_word' id='word_1_865' title='bbox 1414 5752 1555 5802; x_wconf 90' lang='lat' dir='ltr'><strong>sunt</strong></span> <span class='ocrx_word' id='word_1_866' title='bbox 1586 5746 1832 5803; x_wconf 80' lang='lat' dir='ltr'><strong>invicem</strong></span> 
     </span>
    </p>
   </div>
   <div class='ocr_carea' id='block_1_107' title="bbox 1946 4768 3592 4839">
    <p class='ocr_par' dir='ltr' id='par_1_107' title="bbox 1946 4768 3592 4839">
     <span class='ocr_line' id='line_1_107' title="bbox 1946 4768 3592 4839; baseline -0.002 -14"><span class='ocrx_word' id='word_1_867' title='bbox 1946 4797 1973 4824; x_wconf 87' lang='lat'><strong><em>«</em></strong></span> <span class='ocrx_word' id='word_1_868' title='bbox 2007 4773 2162 4829; x_wconf 90' lang='lat' dir='ltr'><strong>trina</strong></span> <span class='ocrx_word' id='word_1_869' title='bbox 2192 4777 2249 4828; x_wconf 92' lang='lat' dir='ltr'><strong>et</strong></span> <span class='ocrx_word' id='word_1_870' title='bbox 2278 4790 2396 4828; x_wconf 91' lang='lat' dir='ltr'><strong>una</strong></span> <span class='ocrx_word' id='word_1_871' title='bbox 2416 4773 2641 4829; x_wconf 88' lang='lat' dir='ltr'><strong>Deitate</strong></span> <span class='ocrx_word' id='word_1_872' title='bbox 2662 4771 2961 4828; x_wconf 67' lang='lat' dir='ltr'><strong>catholicae</strong></span> <span class='ocrx_word' id='word_1_873' title='bbox 2992 4771 3124 4827; x_wconf 77' lang='lat' dir='ltr'><strong>fidei</strong></span> <span class='ocrx_word' id='word_1_874' title='bbox 3148 4768 3592 4839; x_wconf 69' lang='lat' dir='ltr'><strong>veritaaltaque</strong></span> 
     </span>
    </p>
   </div>
   <div class='ocr_carea' id='block_1_108' title="bbox 1948 4855 3585 4932">
    <p class='ocr_par' dir='ltr' id='par_1_108' title="bbox 1948 4855 3585 4932">
     <span class='ocr_line' id='line_1_108' title="bbox 1948 4855 3585 4932; baseline -0.006 -14"><span class='ocrx_word' id='word_1_875' title='bbox 1948 4884 1977 4913; x_wconf 85' lang='lat'><strong>«</strong></span> <span class='ocrx_word' id='word_1_876' title='bbox 2008 4863 2164 4918; x_wconf 89' lang='lat' dir='ltr'><strong>sicut</strong></span> <span class='ocrx_word' id='word_1_877' title='bbox 2193 4865 2283 4917; x_wconf 90' lang='lat' dir='ltr'><strong>est</strong></span> <span class='ocrx_word' id='word_1_878' title='bbox 2312 4865 2446 4917; x_wconf 90' lang='lat' dir='ltr'><strong>ante</strong></span> <span class='ocrx_word' id='word_1_879' title='bbox 2460 4860 2783 4927; x_wconf 72' lang='lat' dir='ltr'><strong>saecula,sic</strong></span> <span class='ocrx_word' id='word_1_880' title='bbox 2814 4878 2915 4932; x_wconf 90' lang='lat' dir='ltr'><strong>per</strong></span> <span class='ocrx_word' id='word_1_881' title='bbox 2946 4859 3177 4925; x_wconf 64' lang='lat' dir='ltr'><strong>saacula,</strong></span> <span class='ocrx_word' id='word_1_882' title='bbox 3194 4862 3253 4913; x_wconf 89' lang='lat' dir='ltr'><strong>et</strong></span> <span class='ocrx_word' id='word_1_883' title='bbox 3273 4858 3331 4912; x_wconf 91' lang='lat' dir='ltr'><strong>in</strong></span> <span class='ocrx_word' id='word_1_884' title='bbox 3354 4855 3585 4921; x_wconf 68' lang='lat' dir='ltr'><strong>smcula,</strong></span> 
     </span>
    </p>
   </div>
   <div class='ocr_carea' id='block_1_109' title="bbox 1944 4947 3589 5016">
    <p class='ocr_par' dir='ltr' id='par_1_109' title="bbox 1944 4947 3589 5016">
     <span class='ocr_line' id='line_1_109' title="bbox 1944 4947 3589 5016; baseline -0.006 -10"><span class='ocrx_word' id='word_1_885' title='bbox 1944 4974 1972 4999; x_wconf 83' lang='lat'><strong><em>«</em></strong></span> <span class='ocrx_word' id='word_1_886' title='bbox 2007 4950 2312 5006; x_wconf 90' lang='lat' dir='ltr'><strong>benedicta</strong></span> <span class='ocrx_word' id='word_1_887' title='bbox 2342 4950 2417 5005; x_wconf 90' lang='lat' dir='ltr'><strong>sit</strong></span> <span class='ocrx_word' id='word_1_888' title='bbox 2448 4949 2602 5005; x_wconf 89' lang='lat' dir='ltr'><strong>trina</strong></span> <span class='ocrx_word' id='word_1_889' title='bbox 2631 4955 2689 5004; x_wconf 90' lang='lat' dir='ltr'><strong>et</strong></span> <span class='ocrx_word' id='word_1_890' title='bbox 2719 4966 2837 5004; x_wconf 92' lang='lat' dir='ltr'><strong>una</strong></span> <span class='ocrx_word' id='word_1_891' title='bbox 2884 4949 3099 5013; x_wconf 89' lang='lat' dir='ltr'><strong>Deitas,</strong></span> <span class='ocrx_word' id='word_1_892' title='bbox 3132 4947 3429 5016; x_wconf 80' lang='lat' dir='ltr'><strong>majestas,</strong></span> <span class='ocrx_word' id='word_1_893' title='bbox 3481 4959 3589 5015; x_wconf 86' lang='lat' dir='ltr'><strong>po-</strong></span> 
     </span>
    </p>
   </div>
   <div class='ocr_carea' id='block_1_110' title="bbox 1942 5032 3590 5110">
    <p class='ocr_par' dir='ltr' id='par_1_110' title="bbox 1942 5032 3590 5110">
     <span class='ocr_line' id='line_1_110' title="bbox 1942 5032 3590 5110; baseline -0.005 -16"><span class='ocrx_word' id='word_1_894' title='bbox 1942 5043 2208 5105; x_wconf 85' lang='lat' dir='ltr'><strong>«testas,</strong></span> <span class='ocrx_word' id='word_1_895' title='bbox 2259 5038 2465 5110; x_wconf 88' lang='lat' dir='ltr'><strong>pietas,</strong></span> <span class='ocrx_word' id='word_1_896' title='bbox 2510 5037 2743 5104; x_wconf 89' lang='lat' dir='ltr'><strong>veritas,</strong></span> <span class='ocrx_word' id='word_1_897' title='bbox 2796 5036 3074 5103; x_wconf 79' lang='lat' dir='ltr'><strong>charitas,</strong></span> <span class='ocrx_word' id='word_1_898' title='bbox 3121 5039 3178 5089; x_wconf 89' lang='lat' dir='ltr'><strong>et</strong></span> <span class='ocrx_word' id='word_1_899' title='bbox 3224 5032 3308 5088; x_wconf 90' lang='lat' dir='ltr'><strong>sic</strong></span> <span class='ocrx_word' id='word_1_900' title='bbox 3358 5047 3590 5102; x_wconf 89' lang='lat' dir='ltr'><strong>semper</strong></span> 
     </span>
    </p>
   </div>
   <div class='ocr_carea' id='block_1_111' title="bbox 1947 5121 3584 5199">
    <p class='ocr_par' dir='ltr' id='par_1_111' title="bbox 1947 5121 3584 5199">
     <span class='ocr_line' id='line_1_111' title="bbox 1947 5121 3584 5199; baseline -0.005 -17"><span class='ocrx_word' id='word_1_901' title='bbox 1947 5148 1969 5175; x_wconf 73' lang='grc' dir='ltr'>κ</span> <span class='ocrx_word' id='word_1_902' title='bbox 2004 5127 2344 5183; x_wconf 90' lang='lat' dir='ltr'><strong>omnimoda</strong></span> <span class='ocrx_word' id='word_1_903' title='bbox 2373 5127 2485 5199; x_wconf 92' lang='lat' dir='ltr'><strong>ipsi</strong></span> <span class='ocrx_word' id='word_1_904' title='bbox 2530 5127 2637 5182; x_wconf 90' lang='lat' dir='ltr'><strong>soli</strong></span> <span class='ocrx_word' id='word_1_905' title='bbox 2668 5126 2817 5192; x_wconf 90' lang='lat' dir='ltr'><strong>laus,</strong></span> <span class='ocrx_word' id='word_1_906' title='bbox 2851 5124 3055 5197; x_wconf 88' lang='lat' dir='ltr'><strong>gloria,</strong></span> <span class='ocrx_word' id='word_1_907' title='bbox 3091 5121 3346 5187; x_wconf 89' lang='lat' dir='ltr'><strong>claritas,</strong></span> <span class='ocrx_word' id='word_1_908' title='bbox 3378 5121 3584 5174; x_wconf 84' lang='lat' dir='ltr'><strong>Amen.</strong></span> 
     </span>
    </p>
   </div>
   <div class='ocr_carea' id='block_1_112' title="bbox 1941 5211 3587 5283">
    <p class='ocr_par' dir='ltr' id='par_1_112' title="bbox 1941 5211 3587 5283">
     <span class='ocr_line' id='line_1_112' title="bbox 1941 5211 3587 5283; baseline -0.005 -11"><span class='ocrx_word' id='word_1_909' title='bbox 1941 5240 1968 5266; x_wconf 92' lang='grc'><strong>‹‹</strong></span> <span class='ocrx_word' id='word_1_910' title='bbox 2003 5216 2105 5282; x_wconf 85' lang='lat' dir='ltr'><strong>Da,</strong></span> <span class='ocrx_word' id='word_1_911' title='bbox 2141 5216 2314 5283; x_wconf 90' lang='lat' dir='ltr'><strong>Deus,</strong></span> <span class='ocrx_word' id='word_1_912' title='bbox 2350 5232 2478 5270; x_wconf 81' lang='lat' dir='ltr'><strong>vere</strong></span> <span class='ocrx_word' id='word_1_913' title='bbox 2524 5233 2588 5269; x_wconf 88' lang='lat' dir='ltr'><strong>ac</strong></span> <span class='ocrx_word' id='word_1_914' title='bbox 2631 5213 2772 5280; x_wconf 85' lang='lat' dir='ltr'><strong>vive,</strong></span> <span class='ocrx_word' id='word_1_915' title='bbox 2820 5211 3162 5268; x_wconf 86' lang='lat' dir='ltr'><strong>naturaliter</strong></span> <span class='ocrx_word' id='word_1_916' title='bbox 3209 5226 3345 5275; x_wconf 90' lang='lat' dir='ltr'><strong>unc,</strong></span> <span class='ocrx_word' id='word_1_917' title='bbox 3390 5224 3587 5280; x_wconf 83' lang='lat' dir='ltr'><strong>perso-</strong></span> 
     </span>
    </p>
   </div>
   <div class='ocr_carea' id='block_1_113' title="bbox 1941 5294 3590 5369">
    <p class='ocr_par' dir='ltr' id='par_1_113' title="bbox 1941 5294 3590 5369">
     <span class='ocr_line' id='line_1_113' title="bbox 1941 5294 3590 5369; baseline -0.005 -10"><span class='ocrx_word' id='word_1_918' title='bbox 1941 5328 1967 5354; x_wconf 87' lang='grc'><strong>‹‹</strong></span> <span class='ocrx_word' id='word_1_919' title='bbox 2003 5304 2214 5359; x_wconf 87' lang='lat' dir='ltr'><strong>nalitcr</strong></span> <span class='ocrx_word' id='word_1_920' title='bbox 2234 5304 2403 5369; x_wconf 89' lang='lat' dir='ltr'><strong>trine,</strong></span> <span class='ocrx_word' id='word_1_921' title='bbox 2440 5302 2555 5357; x_wconf 91' lang='lat' dir='ltr'><strong>tuis</strong></span> <span class='ocrx_word' id='word_1_922' title='bbox 2585 5302 2879 5357; x_wconf 88' lang='lat' dir='ltr'><strong>evidenter</strong></span> <span class='ocrx_word' id='word_1_923' title='bbox 2909 5299 3109 5355; x_wconf 88' lang='lat' dir='ltr'><strong>electis</strong></span> <span class='ocrx_word' id='word_1_924' title='bbox 3139 5298 3391 5365; x_wconf 90' lang='lat' dir='ltr'><strong>credere,</strong></span> <span class='ocrx_word' id='word_1_925' title='bbox 3424 5294 3590 5352; x_wconf 84' lang='lat' dir='ltr'><strong>intel-</strong></span> 
     </span>
    </p>
   </div>
   <div class='ocr_carea' id='block_1_114' title="bbox 1944 5386 3587 5465">
    <p class='ocr_par' dir='ltr' id='par_1_114' title="bbox 1944 5386 3587 5465">
     <span class='ocr_line' id='line_1_114' title="bbox 1944 5386 3587 5465; baseline -0.001 -23"><span class='ocrx_word' id='word_1_926' title='bbox 1944 5414 1973 5443; x_wconf 87' lang='lat'><strong>«</strong></span> <span class='ocrx_word' id='word_1_927' title='bbox 2002 5392 2199 5465; x_wconf 90' lang='lat' dir='ltr'><strong>ligere,</strong></span> <span class='ocrx_word' id='word_1_928' title='bbox 2233 5390 2495 5447; x_wconf 81' lang='lat' dir='ltr'><strong>conﬁteri</strong></span> <span class='ocrx_word' id='word_1_929' title='bbox 2527 5396 2584 5446; x_wconf 90' lang='lat' dir='ltr'><strong>et</strong></span> <span class='ocrx_word' id='word_1_930' title='bbox 2611 5388 3061 5460; x_wconf 85' lang='lat' dir='ltr'><strong>asscrcre,quod</strong></span> <span class='ocrx_word' id='word_1_931' title='bbox 3093 5386 3587 5459; x_wconf 88' lang='lat' dir='ltr'><strong>quemadmodam</strong></span> 
     </span>
    </p>
   </div>
   <div class='ocr_carea' id='block_1_115' title="bbox 1945 5474 3587 5550">
    <p class='ocr_par' dir='ltr' id='par_1_115' title="bbox 1945 5474 3587 5550">
     <span class='ocr_line' id='line_1_115' title="bbox 1945 5474 3587 5550; baseline -0.001 -18"><span class='ocrx_word' id='word_1_932' title='bbox 1945 5485 2090 5547; x_wconf 83' lang='lat' dir='ltr'><strong>«tu,</strong></span> <span class='ocrx_word' id='word_1_933' title='bbox 2138 5481 2311 5546; x_wconf 91' lang='lat' dir='ltr'><strong>Deus,</strong></span> <span class='ocrx_word' id='word_1_934' title='bbox 2364 5478 2464 5549; x_wconf 92' lang='lat' dir='ltr'><strong>qui</strong></span> <span class='ocrx_word' id='word_1_935' title='bbox 2516 5476 2917 5550; x_wconf 87' lang='lat' dir='ltr'><strong>interpretaris</strong></span> <span class='ocrx_word' id='word_1_936' title='bbox 2968 5475 3165 5544; x_wconf 88' lang='lat' dir='ltr'><strong>timor,</strong></span> <span class='ocrx_word' id='word_1_937' title='bbox 3211 5480 3270 5531; x_wconf 89' lang='lat' dir='ltr'><strong>et</strong></span> <span class='ocrx_word' id='word_1_938' title='bbox 3316 5479 3382 5530; x_wconf 93' lang='lat' dir='ltr'><strong>tu</strong></span> <span class='ocrx_word' id='word_1_939' title='bbox 3432 5474 3587 5531; x_wconf 89' lang='lat' dir='ltr'><strong>Deus</strong></span> 
     </span>
    </p>
   </div>
   <div class='ocr_carea' id='block_1_116' title="bbox 1942 5563 3586 5639">
    <p class='ocr_par' dir='ltr' id='par_1_116' title="bbox 1942 5563 3586 5639">
     <span class='ocr_line' id='line_1_116' title="bbox 1942 5563 3586 5639; baseline -0.001 -19"><span class='ocrx_word' id='word_1_940' title='bbox 1942 5593 1970 5621; x_wconf 93' lang='grc'><strong>‹‹</strong></span> <span class='ocrx_word' id='word_1_941' title='bbox 2004 5568 2386 5639; x_wconf 88' lang='lat' dir='ltr'><strong>eharitas,qui</strong></span> <span class='ocrx_word' id='word_1_942' title='bbox 2418 5566 2819 5638; x_wconf 88' lang='lat' dir='ltr'><strong>interpretaris</strong></span> <span class='ocrx_word' id='word_1_943' title='bbox 2840 5581 3167 5631; x_wconf 90' lang='lat' dir='ltr'><strong>amor,cum</strong></span> <span class='ocrx_word' id='word_1_944' title='bbox 3197 5563 3423 5621; x_wconf 87' lang='lat' dir='ltr'><strong>vocaris</strong></span> <span class='ocrx_word' id='word_1_945' title='bbox 3457 5581 3586 5636; x_wconf 83' lang='lat' dir='ltr'><strong>per-</strong></span> 
     </span>
    </p>
   </div>
   <div class='ocr_carea' id='block_1_117' title="bbox 1946 5652 3585 5724">
    <p class='ocr_par' dir='ltr' id='par_1_117' title="bbox 1946 5652 3585 5724">
     <span class='ocr_line' id='line_1_117' title="bbox 1946 5652 3585 5724; baseline -0.001 -16"><span class='ocrx_word' id='word_1_946' title='bbox 1946 5680 1973 5709; x_wconf 85' lang='grc'><em>‹‹</em></span> <span class='ocrx_word' id='word_1_947' title='bbox 2007 5657 2286 5714; x_wconf 89' lang='lat' dir='ltr'><strong>sonaliter</strong></span> <span class='ocrx_word' id='word_1_948' title='bbox 2317 5656 2504 5711; x_wconf 86' lang='lat' dir='ltr'><strong>trinus</strong></span> <span class='ocrx_word' id='word_1_949' title='bbox 2535 5656 2732 5719; x_wconf 89' lang='lat' dir='ltr'><strong>timor,</strong></span> <span class='ocrx_word' id='word_1_950' title='bbox 2763 5659 2819 5710; x_wconf 90' lang='lat' dir='ltr'><strong>et</strong></span> <span class='ocrx_word' id='word_1_951' title='bbox 2850 5654 3042 5710; x_wconf 88' lang='lat' dir='ltr'><strong>trinus</strong></span> <span class='ocrx_word' id='word_1_952' title='bbox 3072 5670 3378 5719; x_wconf 87' lang='lat' dir='ltr'><strong>amor,non</strong></span> <span class='ocrx_word' id='word_1_953' title='bbox 3409 5652 3585 5724; x_wconf 91' lang='lat' dir='ltr'><strong>(quod</strong></span> 
     </span>
    </p>
   </div>
   <div class='ocr_carea' id='block_1_118' title="bbox 1943 5744 3586 5819">
    <p class='ocr_par' dir='ltr' id='par_1_118' title="bbox 1943 5744 3586 5819">
     <span class='ocr_line' id='line_1_118' title="bbox 1943 5744 3586 5819; baseline -0.004 -17"><span class='ocrx_word' id='word_1_954' title='bbox 1943 5772 1968 5798; x_wconf 86' lang='grc'><strong>‹‹</strong></span> <span class='ocrx_word' id='word_1_955' title='bbox 2005 5747 2176 5819; x_wconf 84' lang='lat' dir='ltr'><strong>absit)</strong></span> <span class='ocrx_word' id='word_1_956' title='bbox 2212 5752 2330 5801; x_wconf 88' lang='lat' dir='ltr'><strong>tres</strong></span> <span class='ocrx_word' id='word_1_957' title='bbox 2361 5744 2707 5800; x_wconf 86' lang='lat' dir='ltr'><strong>naturaliter</strong></span> <span class='ocrx_word' id='word_1_958' title='bbox 2737 5744 2977 5801; x_wconf 90' lang='lat' dir='ltr'><strong>timores</strong></span> <span class='ocrx_word' id='word_1_959' title='bbox 3018 5748 3077 5800; x_wconf 91' lang='lat' dir='ltr'><strong>et</strong></span> <span class='ocrx_word' id='word_1_960' title='bbox 3106 5760 3354 5810; x_wconf 87' lang='lat' dir='ltr'><strong>amores,</strong></span> <span class='ocrx_word' id='word_1_961' title='bbox 3384 5756 3586 5797; x_wconf 89' lang='lat' dir='ltr'><strong>verum</strong></span> 
     </span>
    </p>
   </div>
  </div>
