4018 6508
375 441 504 504 δερ

1242 440 1700 504 HINC'MARUS
1747 437 2196 502 RHEMENSIS
2241 437 2926 504 ARCIIIEPISGOPUS.

3669 438 3796 504 486

389 595 422 628 «
453 571 962 633 naturaliterunus
974 573 1220 632 ettimor
1238 579 1296 630 et
1311 589 1477 630 amor
1499 591 1512 629 :
1538 573 1623 631 sic
1643 572 2030 630 nihilominus
2058 575 2118 644 Α
2137 572 2434 631 daemonia
2459 573 2520 631 in
2553 572 2885 632 simulacris
2913 565 3204 644 coluntur,
3223 571 3498 631 diabolus
3519 572 3799 631 scindens

384 685 419 714 α
444 679 581 721 cum
610 662 835 720 vocaris
863 663 1130 728 τριθεοτεία
1157 663 1315 719 trina
1343 663 1552 735 deitas,
1601 668 1660 719 et
1711 663 1867 719 trina
1903 663 2040 719 cha-

387 775 420 803 ‹‹
449 751 616 820 ritas,
648 769 788 820 non,
821 753 976 825 quod
1007 752 1183 818 absit,
1213 756 1333 809 tres
1379 752 1726 809 naturaliter
1772 752 2037 819 deitates,

391 863 422 892 «
453 845 514 898 et
541 841 879 908 cbaritates,
946 843 1050 898 sed
1111 841 1456 900 naturaliter
1487 859 1605 898 una
1640 859 1704 898 es
1733 841 1951 910 Deitas,
1984 845 2042 897 et

389 953 420 982 ‹‹
453 947 574 986 una
599 931 1008 996 tantummodo
1039 930 1480 998 charitas.Quod
1502 931 1758 1004 profecto
1781 947 1884 1002 per
1905 947 2042 1002 pris-

392 1039 423 1072 «
448 1017 765 1075 dicatorem
792 1020 1073 1087 veritatis,
1105 1024 1162 1076 et
1190 1021 1485 1077 doctorem
1525 1019 1788 1093 gentium
1817 1019 1878 1075 in
1929 1019 2041 1074 ﬁde

388 1131 424 1158 .‹‹
457 1112 516 1166 et
543 1106 804 1178 veritam,
839 1109 938 1182 qui
971 1109 1116 1165 dixit
1138 1109 1463 1176 verissime,
1511 1109 1630 1166 Non
1671 1126 1799 1179 ergo
1844 1125 2039 1181 possu-

400 1219 422 1247 α
455 1213 580 1253 ams
603 1198 820 1270 aliquid
847 1205 1034 1255 contra
1070 1200 1368 1264 veritatem,
1417 1199 1510 1256 sed
1554 1216 1654 1271 pro
1700 1200 1926 1254 veritate
1969 1199 2045 1265 (Η

390 1308 428 1338 ,α
461 1286 581 1343 Cor.
611 1304 736 1358 xm,
760 1290 842 1356 '8),
877 1291 1145 1360 patenter
1181 1303 1498 1360 possumus
1549 1287 1812 1360 probare.
1847 1286 2040 1360 Siqui-

395 1397 424 1426 «
457 1375 589 1431 dem
619 1376 856 1448 quando
901 1377 1289 1449 baptizamur,
1329 1377 1388 1432 id
1439 1382 1528 1432 est
1572 1377 1920 1448 tinguimur,
1953 1380 2044 1432 ter

391 1485 428 1514 «
455 1464 660 1536 procul
690 1465 869 1520 dubio
901 1466 1306 1538 mergimur,et
1335 1471 1530 1522 tamen
1555 1471 1858 1539 propterea
1887 1466 2043 1521 trina

397 1575 426 1604 α
459 1553 588 1626 ipsa
633 1553 867 1622 mersio,
917 1558 974 1609 et
1024 1555 1244 1610 trinum
1292 1555 1606 1628 baptisma,
1647 1555 1704 1611 id
1750 1558 1846 1610 est
1889 1553 2045 1610 trina

389 1663 428 1692 .«
458 1641 685 1714 tinctio,
717 1643 1040 1714 non,quod
1092 1644 1264 1710 absit,
1295 1647 1414 1700 tres
1461 1643 1802 1710 mersisnes,
1837 1649 1896 1700 et
1921 1648 2043 1698 tres

405 1752 425 1780 ο
460 1731 902 1799 tinctiones,aut
931 1733 1044 1790 tria
1071 1732 1446 1805 baptismate,
1469 1734 1571 1789 sed
1604 1751 1722 1789 una
1747 1737 1840 1788 est
1868 1749 2041 1805 gene-

397 1821 1008 1890 «mlitcr.mersio,.et
1037 1840 1156 1878 una
1183 1822 1409 1894 tinctio,
1442 1821 1500 1878 id
1547 1827 1640 1878 est
1683 1839 1867 1878 unum
1900 1823 2042 1895 bap-

2141 679 2212 720 se
2235 679 2275 719 a
2301 663 2604 722 charitatis
2633 664 2877 730 unitate,
2905 663 3080 721 verba
3106 662 3208 720 Dei
3243 663 3496 720 dicentis
3541 679 3555 720 :
3603 665 3800 720 Facia-

2145 768 2268 808 mus
2296 754 2573 809 hominem
2598 753 2668 808 ad
2697 745 2994 826 imaginem
3019 761 3073 810 et
3097 752 3524 810 similitudinem
3547 761 3803 810 nostmm

2149 840 2300 913 (Gen.
2333 859 2370 907 ι,
2403 841 2511 912 16),
2539 841 2718 912 male,
2753 845 2820 896 ut
2843 841 3009 909 solet,
3041 843 3433 914 interpretans
3473 841 3800 910 adinvenit,

2139 934 2208 986 et
2236 947 2344 986 sua
2373 930 2612 1000 invidia,
2644 948 2762 1004 qua
2792 947 2951 987 mors
2980 931 3040 986 in
3071 931 3270 988 orbem
3299 936 3590 988 terrarum
3621 931 3805 987 intra-

2150 1019 2313 1090 vit,in
2347 1035 2518 1077 succo
2551 1021 2708 1094 pomi
2731 1019 2874 1095 ligni
2893 1019 3278 1094 votitiprimis
3303 1019 3650 1078 hominibus
3673 1037 3806 1098 pro~

2141 1109 2390 1182 .pinavit,
2423 1109 2624 1166 dicens
2656 1127 2670 1166 :
2697 1111 2868 1166 Eritis
2913 1111 3057 1168 sicut
3099 1109 3187 1165 dii
3229 1109 3382 1180 (Gen.
3415 1127 3502 1176 ιιι,
3532 1110 3610 1178 5),
3659 1125 3803 1165 cum

2149 1198 2306 1256 Deus
2335 1199 2436 1272 qui
2459 1203 2548 1256 est
2573 1205 2782 1256 sancta
2803 1199 3162 1268 Trinitas,ut
3187 1198 3545 1255 Athanasius
3566 1198 3628 1253 in
3647 1197 3804 1254 libro

2143 1288 2222 1344 de
2250 1287 2500 1360 propriis
2527 1288 2816 1359 Personis,
2847 1294 2908 1346 et
2943 1289 3015 1344 de
3046 1287 3208 1344 unito
3239 1287 3500 1344 nomi-me
3523 1287 3804 1351 Deitatis,

2141 1381 2208 1432 et
2237 1375 2492 1433 Hilarius
2522 1382 2694 1451 atque
2720 1377 3066 1434 Ambrosius
3111 1377 3172 1434 in
3217 1375 3386 1432 libris
3429 1377 3505 1432 de
3555 1376 3714 1442 Fide,
3747 1380 3809 1431 et

2148 1466 2512 1538 Augustinus
2567 1466 2628 1522 in
2682 1466 2848 1524 libris
2894 1469 2967 1524 de
3013 1467 3298 1524 Trinitate
3351 1465 3700 1532 ostendunt,
3742 1465 3807 1520 in

2141 1554 2442 1612 creatione
2471 1556 2646 1629 primi
2688 1555 2950 1613 hominis
2977 1556 3188 1612 dixerit
3233 1571 3249 1610 :
3298 1556 3588 1610 Faciamus
3622 1554 3807 1610 homi-

2147 1661 2275 1702 nem
2299 1647 2372 1702 ad
2391 1648 2688 1718 imaginem
2705 1655 2757 1703 et
2771 1646 3196 1706 simititudivwm
3212 1652 3476 1702 nostmm.
3500 1641 3808 1714 Singulari

2152 1736 2365 1809 quippe
2398 1753 2644 1794 numero
2660 1735 2866 1792 dicens
2885 1735 2957 1792 ad
2977 1736 3273 1808 imaginem
3291 1732 3804 1812 etsuniiitudinem.

2147 1825 2408 1882 ostendit
2427 1843 2542 1882 non
2568 1825 2779 1882 trinam
2803 1825 2904 1882 sed
2927 1841 3105 1880 unam
3126 1840 3254 1880 esse
3271 1821 3692 1888 naturam,hoc
3713 1823 3810 1877 eet

391 1933 429 1962 ιι(
459 1909 657 2013 tisma,
702 1912 934 1968 dicente
977 1911 1254 1984 Apostolo
1311 1929 1324 1967 :
1375 1913 1526 1970 Unus
1590 1913 1872 1982 Dominus,
1930 1929 2044 1971 una
2071 1948 2121 2013 Β
2149 1914 2528 1984 deitatem,ad
2560 1916 2732 1988 cujus
2763 1913 3082 1988 imaginem
3110 1913 3286 1970 homo
3307 1913 3472 1968 ﬁeret
3503 1911 3622 1967 :ad
3657 1910 3808 1966 ima-

399 2021 432 2048 ιί
463 1999 618 2072 ﬁdes,
664 2017 840 2056 unum
883 2001 1160 2073 baptisma
1207 2001 1420 2073 (Ephes.
1454 2019 1532 2068 ιν,
1561 2000 1640 2072 5),
1690 2001 1818 2056 Pari
1866 2000 2044 2056 etiam
2075 1999 2120 2013 "
2146 2003 2347 2076 ginem
2363 2004 2634 2062 videlicet
2650 2021 2816 2062 suam
2831 2000 3302 2061 sanctaTrinitas
3322 1999 3811 2057 unusDeusfecit

401 2111 429 2138 κ
462 2087 659 2156 modo,
688 2106 822 2144 cum
855 2088 1071 2144 dicitur
1095 2088 1252 2145 trina
1293 2088 1382 2145 vel
1434 2092 1602 2144 terna
1650 2088 1816 2158 ﬁdes,
1849 2091 1914 2143 ut
1952 2091 2046 2144 est

403 2198 433 2228 ί(
465 2176 610 2234 illud
641 2177 864 2235 Sedulii
891 2177 1086 2234 ﬁdelis
1115 2183 1295 2250 poetae
1325 2179 1412 2234 tui
1447 2193 1460 2233 :

480 2320 584 2371 Iste
612 2320 770 2372 ﬁdem
801 2325 1030 2382 ternum,
1050 2325 1132 2372 ast
1157 2321 1246 2372 hic
1273 2335 1382 2378 non
1407 2322 1742 2386 amplectitur
1763 2335 1926 2372 unam
1957 2336 1970 2371 :

405 2468 434 2498 ‹‹
465 2464 580 2504 non
626 2451 766 2517 tres,
817 2449 972 2521 quod
1021 2449 1198 2517 absit,
1239 2448 1405 2515 ﬁdes,
1460 2447 1563 2504 sed
1612 2465 1730 2503 una
1757 2451 1848 2504 est
1878 2447 2044 2514 fides,

403 2558 433 2588 ‹‹
467 2537 694 2594 dicente
715 2537 1132 2610 Apostolo,una
1159 2537 1518 2610 ﬁdethaque
1549 2537 1651 2608 qui
1684 2536 1891 2594 nolunt
1910 2553 2044 2592 cum

402 2648 430 2677 «
465 2625 814 2683 Sabellianis
837 2625 1127 2684 haereticis
1173 2625 1233 2684 in
1282 2631 1562 2682 aeternum
1607 2625 1820 2682 habere
1865 2625 2046 2681 socie-

397 2737 435 2768 4(
466 2718 671 2784 tatem,
697 2715 960 2782 credant,
994 2716 1398 2784 conﬁteantur,
1432 2715 1646 2782 colant,
1668 2718 1882 2771 canant
1911 2731 2046 2770 eum

399 2827 433 2856 α
462 2803 768 2862 catholicis
815 2803 1085 2862 catholici
1127 2804 1436 2870 τριθεοτιίαν,
1474 2805 1692 2860 trinam
1748 2805 2046 2872 deitatem,

400 2917 433 2949 ι‹
464 2895 727 2960 τρισάτιον,
759 2893 976 2954 trinam
1027 2895 1420 2962 sanctitatem,
1450 2894 1669 2950 trinam
1718 2894 1917 2962 vitam,
1953 2910 2046 2949 sa-

399 3007 433 3044 μ
465 2983 768 3058 pientiam,
799 2982 1299 3058 gloriam,trinum
1329 2983 1622 3054 timorem,
1642 2983 1864 3039 trinum
1886 2998 2047 3038 amo-

403 3097 432 3133 μ(
469 3091 614 3140 rem,
643 3073 862 3130 trinam
892 3072 1259 3142 charitatem,
1282 3073 1499 3130 trinam
1525 3072 1739 3138 lucem,
1772 3070 2045 3139 salutem,

401 3185 433 3218 μ
464 3163 1000 3235 virtutem,pacem,
1025 3161 1370 3231 claritatem,
1406 3163 1622 3218 trinam
1654 3162 2045 3234 majestatem,

2151 2093 2512 2161 ilium,sieut
2538 2110 2706 2150 sacra
2733 2093 3038 2166 Scriptura
3065 2091 3374 2148 manifeste
3394 2090 3806 2155 demonstrat;

2151 2187 2212 2239 et
2233 2181 2432 2240 dicens
2452 2182 2777 2256 pluraliter,
2806 2184 3094 2240 Faciamus
3137 2188 3190 2237 et
3233 2186 3496 2245 nostram,
3539 2179 3812 2234 ostendit

2154 2273 2360 2336 Deum,
2392 2273 2466 2328 ad
2493 2273 2665 2345 cujus
2694 2271 3013 2346 imaginem
3041 2271 3218 2326 homo
3248 2269 3444 2335 fiebat,
3477 2284 3596 2323 non
3621 2284 3810 2323 unam

2147 2379 2250 2420 ese
2275 2379 2610 2436 personam,
2641 2363 2742 2418 sed
2773 2367 2892 2418 tres
2922 2377 3050 2418 esse
3079 2375 3380 2432 personas.
3405 2357 3508 2413 Sic
3535 2360 3598 2412 et
3625 2356 3703 2412 de
3741 2373 3812 2412 eo

2151 2452 2310 2524 quod
2341 2451 2627 2508 Dominus
2656 2450 2718 2506 in
2749 2449 3057 2524 Evangelio
3087 2447 3312 2505 dixerat
3341 2465 3356 2502 :
3389 2447 3496 2524 Ego
3544 2453 3600 2502 et
3643 2447 3816 2502 Pater

2153 2557 2330 2596 unum
2356 2557 2544 2598 sumus
2574 2543 2750 2610 (Joan.
2780 2557 2838 2612 x,
2867 2541 2980 2608 30),
3017 2537 3172 2594 idem
3219 2534 3489 2592 diabolus
3533 2533 3600 2589 in
3649 2535 3814 2591 vasis

2152 2629 2268 2686 sibi
2298 2629 2604 2703 condignis
2634 2629 2902 2702 loquens,
2927 2627 3203 2683 unionem
3231 2624 3293 2680 in
3323 2622 3587 2679 trinitate
3605 2639 3814 2696 perso-

2151 2736 2364 2775 narum
2396 2736 2498 2792 per
2527 2717 2846 2774 Sabellium
2893 2716 3112 2784 docuit,
3157 2713 3251 2770 cui
3301 2712 3360 2768 in
3408 2711 3567 2794 dicto
3613 2729 3814 2768 sumus

2153 2807 2370 2866 mentis
2397 2807 2597 2865 oculos
2627 2807 2860 2876 clausit,
2899 2810 2958 2862 et
2986 2822 3089 2878 per
3115 2803 3319 2860 Arium
3359 2800 3540 2858 unius
3568 2799 3814 2858 deitatis

2155 2896 2549 2956 substantiam
2577 2895 2898 2963 divisit,eui
2923 2893 3101 2951 veluti
3131 2897 3192 2949 et
3221 2891 3428 2966 primis
3457 2889 3812 2947 hominibus

2153 2989 2447 3044 mentiens
2475 2985 2680 3046 oculos
2707 2986 2778 3042 ad
2812 2983 3116 3042 scientiam
3139 2980 3281 3037 mali
3329 2979 3583 3054 aperuit,
3629 2983 3694 3035 et
3733 2979 3806 3034 ad

2155 3076 2292 3134 boni
2319 3093 2386 3133 ac
2415 3076 2532 3132 veri
2564 3073 2868 3132 scientiam
2896 3071 3128 3141 clausit,
3159 3070 3219 3127 in
3267 3086 3335 3126 eo
3383 3069 3541 3142 quod
3575 3068 3810 3127 dictum

2153 3170 2248 3223 est
2276 3181 2549 3230 unumne
2578 3166 2681 3222 ﬁat
2707 3163 2980 3222 discretio
3011 3159 3528 3236 potestatis.Cujus
3559 3157 3816 3231 inspira-

399 3275 450 3306 u-
467 3249 1367 3325 potestatem,pietatem.0uippe
1389 3268 1523 3308 eum
1541 3251 1860 3308 debeamus
1871 3249 2047 3305 etiam

2155 3255 2316 3312 tione
2363 3253 2780 3312 Gothescalcus
2824 3252 3030 3308 Arium
3079 3266 3259 3307 sensu
3307 3265 3583 3321 sequens,
3625 3263 3813 3319 quem

399 3362 435 3396 ι(
461 3321 692 3405 tamam
721 3356 820 3396 88"
844 3321 1068 3399 trinam
1097 3321 1371 3412 amplecti
1397 3340 1596 3408 ﬁdem,
1621 3355 1800 3412 quam
1833 3343 2048 3411 negant
2076 3321 2121 3390 θ
2155 3345 2504 3402 verbotenus
2535 3343 2875 3410 detestatur,
2899 3344 3032 3414 post
3058 3337 3353 3413 cognitam
3385 3334 3671 3394 immanis
3694 3351 3819 3393 sce-

402 3450 436 3482 ι(
469 3426 724 3501 perversi
731 3427 1052 3485 Sabelliani
1063 3445 1166 3501 per
1177 3446 1348 3486 suam
1358 3430 1542 3502 perﬁd
1549 3445 1644 3484 am
1665 3426 2022 3501 impietatem
2032 3469 2045 3483 .

401 3539 437 3570 .«
469 3517 691 3574 Cuncta
719 3514 805 3572 sic
824 3532 962 3574 esse
989 3534 1097 3583 ceu
1125 3517 1329 3588 dixi,in
1347 3518 1584 3574 duobus
1605 3517 1836 3592 probari
1858 3521 2052 3590 potest

410 3627 440 3656 ιι
470 3609 738 3680 patenter
764 3605 1105 3664 nominibus
1129 3607 1546 3664 tantummodo
1575 3605 1893 3678 singularis
1941 3623 2048 3662 nu-

405 3716 440 3750 ιι(
469 3695 638 3764 meri,
670 3694 781 3756 hoc
809 3699 898 3752 est
928 3695 988 3752 in
1017 3695 1148 3752 hace
1177 3695 1396 3768 pariter
1441 3699 1500 3751 et
1541 3711 1704 3766 pace.
1739 3695 1864 3750 Lux
1889 3694 2048 3751 enim

403 3807 436 3836 ια
467 3787 529 3841 et
555 3801 665 3858 pax
692 3784 1040 3859 ingenitmt
1067 3784 1167 3842 lux
1195 3789 1254 3842 et
1279 3802 1390 3858 pax
1412 3784 1629 3859 genita,
1663 3784 1804 3858 quin
1855 3789 1913 3841 et
1953 3784 2053 3841 lux

406 3897 438 3932 ί(
467 3877 646 3948 atque
675 3891 787 3948 pax
817 3875 1280 3948 pmcedensmon
1298 3878 1420 3932 tres
1447 3873 1753 3946 pluraliter
1771 3873 1932 3942 luces
1950 3878 2052 3930 aut

403 3985 438 4016 μ
473 3981 646 4036 paces
673 3963 787 4021 diei
819 3964 1098 4022 sinuntur
1147 3963 1220 4020 ab
1261 3967 1389 4020 arte
1427 3963 1831 4037 grammatica,
1862 3979 2052 4036 neque

403 4073 440 4104 ‹‹
463 4055 591 4109 .tres
618 4051 984 4118 naturaliter,
1015 4056 1084 4108 ut
1111 4051 1288 4108 latrat
1313 4051 1553 4108 haeresis
1577 4051 1812 4120 Ariana,
1861 4068 2052 4124 neque

405 4161 440 4190 ‹‹
451 4187 456 4192 ,
469 4139 1160 4211 pamonaliterunmsieut
1167 4140 1424 4197 somniat
1438 4140 1677 4198 haaresis
1686 4140 2022 4204 Sabelliana
2035 4155 2048 4196 :

403 4251 438 4280 ι(
467 4227 802 4299 sedprncnl
822 4228 1002 4284 dubio
1031 4227 1134 4284 lux
1161 4233 1219 4285 et
1242 4235 1358 4302 pax
1379 4229 1849 4287 estnaturaliter
1891 4246 2049 4298 una;

407 4335 438 4369 ς
471 4319 530 4372 et
553 4315 940 4388 personaliter
957 4316 1139 4384 trina,
1167 4317 1322 4374 sicut
1339 4318 1706 4391 amplectens
1743 4319 1958 4375 trinam
1998 4321 2056 4374 et

407 4427 438 4460 κ
473 4421 654 4462 unum
681 4405 1130 4474 ﬁdem,418ae
1159 4423 1264 4480 per
1283 4408 1400 4465 hoc
1437 4409 1700 4478 credens,
1745 4409 2050 4475 confitens,

409 4517 440 4555 ι(
463 4493 692 4562 solens,
722 4511 940 4566 canens
969 4496 1187 4553 trium
1210 4499 1480 4563 .etuaam
1525 4496 1718 4554 lucem
1739 4499 1805 4563 et
1825 4512 2050 4569 pacem,

409 4606 440 4633 ‹‹
471 4583 864 4655 majestatem,
899 4588 1266 4658 potestatem
1307 4629 1322 4656 ,
1355 4585 1652 4659 pietatem,
1719 4585 1933 4642 trinam
1996 4589 2054 4641 et

2153 3433 2295 3490 leris
2322 3432 2638 3489 vindictam
2670 3431 2731 3487 in
2753 3431 2960 3488 eodem
2981 3428 3110 3486 Ario
3123 3425 3458 3500 justissima
3477 3425 3629 3482 satis
3643 3442 3816 3497 aper-

2149 3520 2521 3588 tam,trinam
2545 3517 2825 3580 deitatem
2842 3517 3238 3591 dogmatizare
3257 3531 3373 3572 non
3394 3512 3816 3569 timet.Centra

2153 3626 2307 3684 quos
2334 3608 2536 3666 Arium
2565 3607 2850 3675 videlicet,
2868 3611 2933 3662 et
2959 3605 3078 3662 Arii
3103 3594 3228 3662 imo
3256 3603 3446 3676 ipsius
3473 3600 3720 3682 diabolu
3747 3603 3814 3656 ﬁ-

2155 3698 2303 3755 lium
2329 3695 2805 3763 Gnthescalcum,
2840 3697 3047 3752 beatus
3075 3692 3654 3760 Ambrosius,saneto
3688 3689 3819 3772 Spi-

2156 3787 2274 3844 ritu
2306 3786 2652 3860 inspirante,
2686 3785 2746 3840 in
2775 3783 2927 3840 libro
2955 3783 3028 3840 de
3051 3781 3278 3856 Spiritu
3309 3783 3692 3854 sancto-(cap.
3725 3780 3816 3850 l3)

2155 3893 2454 3950 exponens
2482 3873 2827 3947 Apostolum
2877 3888 2892 3928 :
2944 3872 3129 3930 Gratia
3175 3871 3396 3929 Domini
3439 3871 3621 3926 nostri
3669 3872 3820 3926 Iesu

2155 3967 2384 4034 Christi,
2441 3973 2494 4022 et
2547 3963 2785 4022 charitas
2830 3963 2949 4030 Dei,
2997 3969 3053 4019 et
3091 3960 3510 4018 communicatio
3565 3958 3820 4031 Spiritus

2157 4056 2336 4112 sancti
2361 4071 2490 4111 cum
2515 4053 2769 4109 omnibus
2796 4051 2947 4108 vobis
2971 4051 3050 4123 (II
3075 4051 3197 4108 Cor.
3227 4067 3322 4119 xv,
3357 4050 3448 4118 13)
3479 4065 3494 4104 :
3529 4069 3560 4100 «ι
3587 4047 3818 4104 Adver-

2155 4144 2342 4200 timus
2369 4141 2569 4216 igitur,
2598 4141 2812 4214 inquit,
2839 4141 3000 4213 quod
3031 4140 3288 4196 Deteret
3306 4137 3498 4218 ritilius
3527 4140 3586 4194 et
3623 4136 3817 4216 Spiri-

2158 4236 2257 4289 tus
2282 4235 2530 4289 sanetus
2558 4229 2620 4286 in
2651 4247 2770 4286 uno
2795 4231 3120 4302 eodemque
3163 4227 3385 4302 templo
3417 4243 3538 4300 per
3581 4229 3816 4306 natura:

2157 4321 2425 4394 ejusdem
2453 4322 2730 4375 maneant
2749 4317 3065 4374 unitatem.
3093 4318 3248 4390 Ergo
3285 4315 3503 4373 divinas
3527 4319 3626 4372 est
3646 4318 3817 4395 pote-

2158 4404 2332 4468 statis
2355 4408 2457 4482 qui
2488 4407 2716 4464 habitat
2760 4406 2822 4462 in
2872 4405 3112 4480 templo.
3146 4405 3311 4463 Sicut
3332 4405 3495 4486 enim
3528 4403 3728 4460 Patris
3749 4408 3819 4459 et

2160 4497 2314 4568 Filii,
2345 4497 2426 4554 ita
2455 4495 2794 4569 st'Bpiritus
2837 4495 3028 4554 sancti
3076 4511 3286 4554 sumus
3328 4491 3646 4566 templum,
3691 4509 3816 4548 non

2161 4588 2352 4646 multa
2377 4585 2619 4660 templa,
2652 4584 2755 4642 sed
2788 4602 2973 4642 unum
3002 4583 3312 4658 templum,
3331 4581 3435 4656 qui
3465 4582 3650 4638 unius
3669 4585 3820 4638 tem-

411 4696 439 4726 ‹‹
471 4689 657 4729 unam
687 4673 1100 4732 deitatem.Sed
1131 4674 1352 4732 trinum
1375 4681 1435 4733 et
1457 4693 1644 4732 unum
1665 4675 1850 4732 Deum
1871 4675 2054 4730 credit
2078 4695 2126 4760 Β
2157 4679 2322 4752 plum
2353 4677 2629 4734 Λευ-εει
2655 4672 2982 4747 potestatis,
3013 4671 3124 4730 Ubi
3153 4671 3310 4729 enim
3341 4689 3462 4728 una
3499 4669 3693 4760 duitas
3721 4670 3818 4726 in-

411 4781 444 4814 α
471 4764 532 4818 et
559 4760 868 4817 conﬁtetur
914 4761 1174 4819 Ecclesia
1207 4780 1448 4837 magna,
1489 4767 1712 4830 sancta,
1745 4763 2048 4833 catholica,

411 4871 442 4904 «τ
473 4847 570 4906 cui
598 4848 782 4922 gratis
811 4849 950 4907 data
975 4854 1084 4919 est,
1101 4851 1312 4923 datur,
1343 4856 1402 4908 et
1430 4851 1669 4908 dabitur
1709 4851 1811 4908 Dei
1841 4850 2052 4924 gratia,

410 4963 438 4988 «
465 4942 532 4996 .et
561 4939 634 4996 ob
661 4936 722 4994 id
753 4955 995 5010 prorsus
1021 4939 1100 4994 ab
1129 4955 1198 4995 ea
1225 4938 1486 4996 vicissim
1531 4939 1877 5012 suppliciter
1921 4939 2058 4995 data

415 5048 440 5078 ι
473 5031 584 5096 est,
613 5027 788 5084 datur
815 5031 874 5084 et
903 5025 1160 5096 dabitur,
1193 5027 1316 5101 ipsi
1365 5027 1531 5087 trina:
1575 5033 1636 5085 et
1681 5027 1784 5091 uni
1825 5026 2052 5097 deitati,

412 5139 442 5168 ι(
473 5121 594 5174 tam
629 5134 730 5191 per
757 5115 991 5186 saecula,
1023 5134 1201 5190 quam
1223 5117 1408 5174 simul
1448 5121 1508 5174 et
1553 5117 1615 5174 in
1658 5115 1896 5185 amula,
1921 5117 2056 5188 jure

412 5228 440 5255 «
474 5205 624 5276 laus,
640 5205 1064 5280 honor,gloria.
1085 5207 1290 5263 Amen.
1321 5207 1502 5263 Juxta
1519 5205 1682 5263 illam
1705 5206 2054 5264 sententiam

413 5316 444 5344 ‹‹
474 5295 616 5350 dent
635 5295 788 5352 mihi
819 5295 1192 5369 sapientiam,
1225 5296 1376 5353 dabo
1405 5295 1674 5370 gloriam.
1703 5298 1907 5352 Amen.
1927 5296 2054 5370 Vir-

414 5406 444 5435 κ
479 5383 704 5440 tutibus
731 5368 940 5457 plenus
968 5384 1190 5441 invitus
1219 5387 1293 5442 ad
1327 5368 1606 5459 regimem
1637 5385 1850 5451 veniat,
1873 5368 2053 5440 virtu-

417 5493 446 5523 «
475 5471 638 5528 tibus
665 5489 882 5535 vacuus
915 5493 1022 5533 nec
1046 5478 1284 5531 coactus
1308 5474 1565 5532 accedat.
1599 5495 1626 5524 »

485 5560 595 5616 ΧΡ.
620 5561 912 5620 Hactenus
941 5563 1248 5632 haereseos,
1283 5562 1496 5618 abhinc
1527 5580 1647 5618 sua)
1667 5561 2056 5620 inchoationis

414 5649 591 5707 verba
618 5655 758 5705 sunt
783 5651 1340 5719 Gotbescalci.0uod
1371 5651 1657 5708 haereseos
1688 5652 2056 5710 mortiferum

416 5740 578 5796 virus
598 5737 939 5796 idololatria
965 5740 1190 5798 scilicet
1212 5741 1438 5811 matris,
1461 5759 1580 5814 qua
1607 5740 1806 5815 plures
1829 5741 2058 5813 dii,imo

2160 4765 2442 4841 telligitur
2471 4765 2610 4838 (cap.
2644 4764 2754 4833 16),
2788 4779 2946 4819 unus
2966 4761 3128 4819 Deus
3157 4761 3374 4818 dicitur
3418 4775 3433 4815 :
3486 4755 3628 4833 quia
3657 4775 3821 4815 unus

2165 4857 2466 4923 Deus,una
2488 4851 2847 4920 divinitas,et
2865 4850 3063 4907 unitas
3089 4849 3440 4924 intelligitur
3461 4848 3776 4922 potestatis
3799 4863 3814 4904 :

2163 4949 2222 5002 et
2243 4949 2366 5000 tres
2393 4942 2534 4998 deos
2563 4958 2682 4998 non
2713 4939 3167 5010 asserimus',sed
3197 4937 3654 5012 negamus,quia
3681 4936 3817 5009 plu-

2164 5032 2454 5090 ralitatem
2486 5048 2602 5089 non
2633 5030 2834 5088 unitas
2859 5028 3020 5096 facit,
3069 5029 3172 5086 sed
3218 5026 3429 5084 divisio
3478 5025 3813 5100 potestatis.

2163 5121 2464 5190 Quomodo
2493 5120 2651 5178 enim
2679 5119 3076 5192 pluralitatem
3123 5116 3332 5191 recipit
3379 5115 3578 5172 unitas
3603 5113 3817 5172 divini-

2163 5211 2322 5278 tatis,
2355 5227 2490 5267 cum
2519 5208 2824 5282 pluralitas
2855 5207 3084 5264 numeri
3133 5207 3231 5276 sit,
3266 5207 3814 5262 numerumautem

2165 5317 2280 5356 non
2313 5297 2555 5371 recipiat
2579 5295 2780 5353 dlvina
2807 5299 3075 5352 natura.»
3101 5295 3251 5352 Hinc
3282 5293 3668 5350 manifestum
3697 5297 3813 5359 est,

2163 5387 2304 5462 quia
2331 5387 2484 5444 sicut
2511 5385 2708 5442 unitas
2739 5401 3053 5441 numerum
3085 5402 3200 5441 non
3231 5382 3517 5450 habet,ita
3539 5380 3706 5465 trina
3723 5380 3814 5438 vel

2162 5478 2398 5534 trinitas
2427 5491 2740 5532 numerum
2769 5474 3122 5548 babet.Ergo
3141 5474 3296 5546 quod
3317 5471 3534 5528 dicitur
3561 5469 3816 5538 trinum,

2163 5567 2251 5623 vel
2283 5567 2456 5634 trina,
2490 5581 2618 5637 quas
2647 5563 2868 5620 habent
2895 5579 3236 5632 numerum,
3255 5562 3315 5616 in
3347 5563 3551 5617 sancta
3577 5564 3638 5616 et
3663 5557 3816 5616 inse-

2166 5655 2412 5730 parabili
2449 5655 2713 5710 trinitate
2759 5652 2992 5710 deitatis
3041 5668 3157 5708 non
3203 5648 3409 5723 recipit
3453 5647 3677 5713 unitas,
3707 5646 3810 5703 sed

2167 5760 2551 5820 personarum
2603 5741 2948 5814 proprietas.
2989 5741 3340 5799 Prosecutus
3393 5753 3630 5810 quoque
3681 5753 3808 5809 per-
