4018 6448
170 438 274 500 493

1171 441 1273 500 DE
1321 440 1476 503 UNA
1521 443 1621 503 ET
1667 443 1825 502 NON
1867 444 2108 504 TRINA
2151 447 2518 510 DEITA'I‘E.

3427 461 3546 520 494

169 568 360 632 nitum,
390 565 672 639 481qui
723 570 856 624 ante
887 568 1088 624 omnia
1127 570 1341 626 saecula
1386 588 1455 627 ex
1505 589 1571 628 eo
1618 577 1790 629 natus
1817 574 1876 641 Α
1903 573 2120 630 fectum
2142 579 2415 634 eumdem
2440 579 2497 635 in
2521 581 2906 652 humanitate,
2925 585 3108 642 Deum
3127 605 3259 644 vere
3281 592 3337 644 ct
3357 589 3548 646 homi-

167 662 261 726 est,
292 672 484 711 verum
515 655 699 710 Dcum
741 656 811 712 de
859 657 976 712 Deo
1005 675 1160 725 vero,
1193 658 1392 716 lumen
1425 661 1496 716 de
1543 660 1787 727 lumine,

165 751 347 802 natum
379 761 490 799 non
537 744 778 811 factum,
811 747 1370 804 consubstantialem
1403 750 1579 817 Patri,
1611 749 1669 804 id
1700 753 1791 805 est

163 833 404 906 ejusdem
435 849 570 888 cum
621 833 788 890 Patre
836 834 1200 902 substantiae,
1235 853 1338 909 per
1375 855 1548 910 quem
1591 838 1790 894 omnia

161 922 295 978 facta
325 924 458 978 sunt
485 938 613 993 quae
646 921 706 977 in
735 921 878 978 coelo
915 927 974 978 et
1013 940 1140 996 quae
1171 925 1232 980 in
1265 930 1454 983 terra:
1479 931 1537 982 et
1566 926 1627 982 in
1658 927 1786 1000 Spi-

161 1011 322 1066 ritum
352 1014 619 1066 sanctum
655 1011 960 1068 dominum
991 1018 1048 1068 et
1071 1013 1510 1082 viviﬁcatorem,
1533 1033 1600 1071 ex
1623 1015 1787 1071 Patre

156 1099 566 1172 procedentem,
591 1117 724 1156 cum
758 1099 925 1158 Patre
968 1106 1026 1158 et
1075 1101 1218 1158 Filio
1266 1105 1700 1160 coadorandum
1731 1106 1789 1160 et

155 1187 696 1261 congloriﬁeandum
733 1207 746 1246 :
782 1189 1106 1247 trinitatem
1139 1192 1197 1247 in
1227 1192 1473 1258 unitate,
1499 1197 1556 1248 et
1593 1193 1786 1248 unita-

152 1283 258 1334 tem
288 1277 344 1332 in
367 1276 647 1347 trinitate,
677 1278 964 1335 unitatem
989 1280 1227 1353 quidem
1253 1281 1539 1352 essentise,
1562 1281 1788 1338 trinita-

151 1370 257 1422 tem
285 1383 414 1422 vero
445 1383 854 1438 personarum,
878 1369 998 1424 sive
1038 1370 1575 1426 subsistentiarum.
1599 1370 1783 1426 Deum

151 1455 357 1510 Patrem
391 1455 762 1526 conﬁtentes,
795 1457 980 1513 Deum
1014 1457 1248 1526 Filium,
1282 1459 1465 1515 Deum
1497 1457 1782 1531 Spiritum

147 1549 422 1600 sanctum.
447 1545 574 1600 Non
598 1549 718 1602 tres
739 1547 880 1603 deos
902 1547 1004 1604 sed
1033 1565 1218 1603 unum
1241 1548 1450 1615 Deum,
1473 1547 1702 1604 Patrem
1728 1551 1785 1604 et

147 1632 343 1688 Filium
373 1636 430 1690 et
459 1633 747 1706 Spiritum
775 1639 1046 1693 sanetum
1071 1653 1084 1690 :
1115 1653 1228 1692 non
1260 1637 1438 1692 trium
1473 1637 1780 1693 nominum

143 1721 594 1792 subsistentiam,
646 1725 747 1780 sed
794 1715 975 1781 trium
1033 1725 1550 1782 subsistentiarum
1601 1743 1780 1781 unam

143 1811 547 1878 substantiam,
573 1828 822 1884 quorum
851 1830 971 1870 una
989 1814 1265 1880 essentia,
1285 1813 1404 1869 sive
1425 1813 1778 1882 substantia,

140 1897 214 1954 vel
255 1903 483 1969 natura,
519 1900 578 1955 id
627 1906 718 1957 est
765 1919 884 1958 una
913 1903 1119 1970 deitas,
1145 1921 1264 1959 una
1314 1902 1628 1971 aeternitas,
1663 1920 1782 1960 una

139 1994 398 2064 potestas,
415 2007 606 2045 unum
636 1989 1108 2062 imperium,una
1135 1991 1478 2066 gloria,una
1499 1991 1780 2058 adoratio,

139 2097 242 2140 una
280 2077 618 2138 cssentialis
650 2085 866 2135 saneta:
917 2084 976 2136 et
1022 2080 1434 2153 inseparabilis
1480 2080 1785 2138 Trinitatis

133 2167 386 2228 voluntas
409 2170 467 2224 et
499 2169 781 2242 Operatio,
801 2185 928 2241 quae
952 2171 1152 2225 omnia
1177 2169 1460 2241 condidit,
1481 2170 1786 2242 dispensat,

133 2260 180 2312 et
199 2255 470 2314 continet.
490 2258 672 2324 »Quae
703 2257 802 2328 ita,
819 2261 886 2313 ut
906 2257 1098 2314 verbis
1123 2261 1362 2314 utamur
1391 2258 1578 2331 ipsius
1608 2263 1780 2314 sextae

132 2345 508 2417 synodi,eum
543 2343 801 2420 quinque
835 2348 968 2402 ante
997 2345 1217 2403 habitis
1259 2347 1477 2402 sanctis
1517 2345 1780 2403 conciliis

130 2433 573 2505 przedicabiliter
609 2434 1034 2508 receptissima,
1061 2439 1118 2490 et
1154 2435 1634 2509 irrel'ragabiliter
1663 2451 1780 2490 cre-

128 2523 304 2580 denda
325 2529 510 2596 atque
535 2524 802 2593 tenenda,
817 2523 877 2580 in
897 2523 1122 2580 actione
1146 2526 1211 2580 18
1232 2526 1576 2580 conﬁrmata
1596 2528 1772 2581 sunt:

129 2634 152 2660 ‹‹
173 2612 446 2669 Excitavit
467 2613 676 2688 igitur,
695 2613 974 2687 inquiens
995 2617 1156 2670 sexta
1175 2614 1436 2686 synodus
1455 2613 1676 2686 (synodi
1695 2631 1772 2683 v1,

123 2709 216 2756 act.
244 2702 352 2773 18),
377 2702 658 2759 Christus
679 2703 836 2760 Deus
857 2707 1058 2760 noster
1077 2701 1496 2757 ﬁdelissimum
1517 2701 1595 2757 im
1604 2719 1773 2775 pera—

124 2793 312 2859 torem,
337 2809 568 2848 novum
591 2790 771 2848 David
795 2792 985 2848 virum
1007 2791 1331 2848 secundum
1357 2808 1456 2846 cor
1485 2809 1656 2847 suum
1689 2791 1774 2846 ἰη-

119 2877 362 2948 veniens,
397 2881 508 2954 qui
563 2897 680 2936 non
711 2880 871 2937 dedit
913 2881 1088 2952 juxta
1117 2880 1270 2954 quod
1323 2879 1606 2952 scriptum
1659 2884 1766 2948 est,

120 2983 353 3026 somnum
381 2971 571 3027 oculis
611 2972 750 3040 suis,
781 2978 835 3027 et
854 2970 1135 3044 palpebris
1179 2970 1296 3027 suis
1318 2957 1771 3026 dormitationem

118 3057 272 3126 (Psat.
297 3075 490 3127 cxxxr,
523 3058 602 3133 4),
625 3059 809 3116 donec
839 3076 943 3131 per
972 3058 1127 3114 hunc
1149 3061 1414 3114 nostrum
1438 3075 1472 3112 a
1491 3059 1607 3114 Deo
1631 3075 1768 3114 con-

121 3151 412 3220 gregatum
445 3165 809 3221 sacrumque
839 3153 1208 3216 conventum,
1233 3146 1422 3220 ipsam
1455 3151 1606 3203 recte
1634 3147 1768 3203 ﬁdei

119 3236 316 3306 reperit
345 3237 676 3309 perfectam
721 3236 1215 3310 praedicationem,
1249 3237 1573 3292 secundum
1607 3237 1764 3292 enim

1901 680 2034 718 nem
2067 681 2198 720 vero
2229 669 2503 723 eumdem
2549 686 2617 724 ex
2663 669 2860 726 anima
2891 673 3157 730 rationali
3187 681 3244 732 et
3282 693 3543 754 corpore,

1898 753 2458 812 consubstantialem
2489 758 2639 813 Patri
2664 761 2987 816 secundum
3009 763 3309 835 deitatem,
3333 772 3389 822 et
3407 753 3544 831 con?

1899 842 2348 900 substantialem
2381 846 2549 904 nobis
2582 849 2909 905 secundum
2939 849 2974 905 h
2993 852 3397 910 umanitatem.
3425 878 3454 906 »
3476 858 3547 912 Et

1897 930 1981 986 sic
2011 931 2294 988 catholice
2323 951 2512 1006 usque
2543 936 2615 992 ad
2650 937 3292 1010 ﬁnempercurrentem
3323 959 3542 1000 sermo-

1897 1035 2028 1075 nem
2055 1021 2546 1078 conﬁrmaverunt
2562 1027 2619 1079 et
2635 1025 3114 1098 subscripserunt
3129 1032 3361 1084 centum
3381 1031 3548 1102 quin-

1896 1109 2178 1181 quaginta
2206 1109 2482 1184 episcOpi,
2507 1111 2766 1168 dicentes
2791 1130 2850 1168 :«
2875 1115 2978 1170 His
3008 1115 3190 1190 igitur
3219 1133 3352 1173 cum
3384 1120 3543 1174 omni

1896 1197 2156 1270 undique
2185 1199 2412 1254 cautela
2441 1203 2615 1274 atque
2654 1201 2961 1276 diligentia
2991 1222 3024 1260 a
3055 1205 3225 1261 nobis
3258 1206 3544 1278 formatis,

1894 1285 2220 1342 difﬁnimus
2243 1287 2419 1344 aliam
2442 1289 2614 1345 ﬁdem
2639 1289 2788 1346 nulli
2810 1291 2982 1347 licere
3011 1295 3266 1366 proferre
3288 1300 3389 1351 aut
3407 1313 3544 1352 eon-

1893 1374 2169 1442 scribere,
2194 1392 2609 1448 componereve
2649 1383 2760 1449 aut,
2797 1397 3020 1452 sapere,
3046 1381 3134 1438 vel
3171 1383 3347 1440 etiam
3379 1385 3547 1440 aliter

1892 1463 2118 1519 docere.
2143 1463 2250 1530 Qui
2281 1482 2413 1521 vero
2453 1469 2936 1540 praesumpserint
2965 1469 3139 1526 ﬁdem
3180 1470 3422 1528 alteram
3452 1467 3544 1529 vel

1892 1565 2258 1624 componere,
2289 1551 2378 1609 vel
2436 1555 2713 1626 proferre,
2755 1556 2842 1612 vel
2893 1557 3117 1626 docere,
3148 1559 3238 1614 vel
3289 1561 3542 1634 tradere,

1891 1643 1997 1694 aut
2035 1640 2367 1712 symbolum
2396 1641 2728 1701 volentibus
2757 1646 3011 1702 converti
3060 1648 3133 1702 ad
3185 1649 3540 1723 agnitionem

1888 1727 2151 1784 veritatis
2200 1746 2268 1784 ex
2325 1730 2673 1803 gentilitate,
2706 1731 2794 1789 vel
2844 1751 2914 1790 ex
2959 1735 3286 1806 Judaismo,
3319 1741 3422 1793 aut
3474 1755 3540 1794 ex

1890 1816 2151 1888 qualibet
2171 1817 2410 1886 haerese,
2425 1823 2526 1874 aut
2555 1820 2655 1892 qui
2688 1821 3007 1879 novitatem
3027 1823 3184 1880 vocis
3205 1825 3292 1880 vel
3319 1842 3540 1882 sermo-

1889 1904 1984 1960 nis
2026 1905 2518 1980 adinventionem,
2549 1909 2623 1964 ad
2672 1910 3108 1968 subversionem
3157 1929 3358 1970 eorum
3409 1931 3538 1988 quea

1896 2012 2051 2050 nunc
2081 2012 2116 2051 a
2144 1996 2314 2052 nobis
2344 1997 2731 2054 determinata
2759 2004 2898 2055 sunt
2923 1999 3466 2076 introducere,_hos,
3487 2004 3536 2060 si

1893 2083 2128 2156 quidem
2179 2084 2435 2158 episcopi
2483 2085 2698 2143 fuerint
2742 2091 2844 2143 aut
2888 2088 3101 2158 clerici,
3133 2089 3356 2146 alienos
3409 2107 3538 2148 esse

1891 2171 2194 2244 episcopos
2232 2173 2305 2228 ab
2345 2173 2703 2247 episcopatu,
2737 2175 2976 2233 clericos
3013 2194 3146 2233 vero
3179 2194 3214 2234 a
3249 2177 3404 2234 clero
3437 2195 3452 2234 :
3485 2177 3536 2235 si

1891 2253 2086 2315 autem
2119 2260 2390 2316 monachi
2429 2261 2648 2316 fuerint
2673 2260 2762 2317 vel
2800 2261 2952 2332 laici,
2978 2264 3154 2320 etiam
3194 2265 3536 2320 anathema-

1888 2347 2052 2403 tizari
2101 2366 2220 2406 eos.
2246 2371 2273 2398 »
2295 2351 2360 2405 Et
2401 2350 2824 2422 subscriptiones
2855 2370 2873 2406 :
2906 2351 3247 2409 Theodorus
3294 2353 3538 2411 humilis

1885 2437 2188 2510 presbyter
2216 2443 2428 2494 sanctae
2469 2440 2742 2495 Romanae
2780 2441 3070 2510 Ecclesiae,
3093 2441 3288 2498 locum
3327 2459 3536 2517 gerens

1883 2525 2206 2598 Agathonis
2252 2530 2342 2582 ter
2396 2527 2720 2584 beatissimi
2755 2528 3100 2586 universalis
3157 2547 3320 2604 papae
3369 2531 3536 2588 urbis

1887 2613 2082 2670 Romae
2112 2615 2455 2688 subscripsi.
2482 2617 2552 2672 Et
2581 2617 2854 2689 deinceps
2882 2634 2985 2690 per
3003 2618 3266 2675 ordinem
3289 2619 3530 2693 singuli.

1881 2703 1952 2758 Et
1970 2720 2074 2774 per
2092 2703 2570 2759 acclamationem
2597 2721 2757 2760 more
2785 2722 2911 2774 suo,
2937 2705 3090 2762 sicut
3109 2710 3166 2762 et
3188 2707 3246 2761 in
3268 2707 3532 2764 conciliis

1883 2789 2012 2846 aliis
2035 2791 2308 2865 legimus,
2328 2791 2963 2849 anathematizaverunt
2981 2811 3186 2850 omnes
3207 2795 3526 2863 haereticos,

1879 2884 1936 2934 et
1959 2895 2162 2936 omnes
2183 2879 2283 2952 qui
2309 2881 2706 2952 suffragantur
2729 2881 3036 2938 haereticis.
3061 2883 3217 2938 Inter
3235 2899 3383 2955 quos
3404 2899 3528 2938 om-

1879 2983 1984 3023 nes
2015 2967 2491 3024 anathematizati
2536 2971 2676 3023 sunt
2723 2973 2780 3024 et
2826 2969 3347 3038 Praedestinatiani,
3380 2987 3524 3042 quo-

1877 3073 2008 3112 rum
2041 3056 2298 3123 haeresis,
2323 3055 2668 3112 auctoritate
2695 3073 2856 3130 papae
2887 3056 3178 3114 Caelestini
3203 3074 3271 3114 ex
3293 3057 3524 3132 delega-

1875 3143 2032 3200 tione
2060 3143 2269 3216 ipsius,
2305 3161 2408 3216 per
2438 3148 2710 3200 sanctum
2745 3146 3092 3218 Prosperum
3123 3146 3184 3202 in
3205 3146 3407 3204 Galliis
3437 3151 3526 3203 est

1875 3231 2087 3289 revicta
2120 3233 2310 3306 (seu?
2337 3233 2536 3306 synodi
2563 3241 2666 3290 act.
2694 3234 2802 3306 18).
2829 3233 2898 3290 Et
2927 3235 2986 3289 in
3019 3235 3209 3291 edicto
3240 3236 3522 3292 Constan-

121 3341 149 3377 a
174 3305 416 3383 Domino
458 3327 686 3383 editam
713 3305 950 3382 vocem:
983 3327 1082 3384 Ubi
1121 3325 1228 3382 duo
1275 3311 1358 3382 vel
1406 3334 1512 3382 tres
1558 3328 1770 3398 fuerint
1795 3305 1838 3372 C
1875 3320 1982 3376 tini
2016 3320 2406 3392 imperatoris,
2432 3322 2585 3394 quod
2617 3305 2950 3394 petentibus
2971 3323 3258 3398 episcopis
3285 3325 3358 3380 ad
3388 3341 3523 3381 con-

115 3417 415 3487 congregati
443 3419 510 3474 in
540 3417 767 3472 nomine
797 3431 936 3485 meo,
969 3415 1052 3472 ibi
1075 3433 1198 3472 sum
1249 3411 1337 3471 ἐπ’
1355 3415 1532 3472 medio
1580 3433 1770 3474 eorum

117 3501 307 3568 (Mat'h.
330 3521 500 3576 xvm,
523 3503 641 3576 20).
667 3505 801 3570 Qua:
833 3517 1090 3576 praesens
1111 3507 1316 3560 sancta
1336 3507 1394 3559 et
1423 3503 1770 3562 universalis

114 3593 390 3663 synodus,
427 3592 690 3650 ﬁdeliter
719 3592 1050 3666 suscipiens
1091 3597 1148 3648 et
1185 3593 1458 3665 expansis
1492 3592 1769 3650 manibus

113 3679 464 3750 amplectens
488 3681 1094 3755 suggestionem,quae
1115 3698 1149 3737 a
1167 3681 1540 3738 sanctissimo
1555 3699 1622 3738 ac
1642 3683 1771 3738 bea-

111 3761 326 3825 tissimo
346 3771 667 3844 Agathone
697 3769 954 3843 antiquae
987 3771 1182 3826 Romae
1213 3770 1366 3826 faeta
1386 3774 1494 3838 est,
1519 3771 1590 3826 ad
1615 3771 1768 3826 Con-

110 3857 425 3914 stantinum
458 3859 806 3933 piissimum
832 3876 900 3916 ac
932 3857 1344 3916 ﬁdelissimum
1370 3863 1636 3916 nostrum
1659 3860 1767 3916 im-

107 3949 592 4022 peratorem,qu.'e
612 3947 961 4004 nominatim
985 3947 1198 4018 abjecit
1213 3965 1311 4004 eos
1331 3948 1430 4021 qui
1444 3950 1772 4004 docuerunt

105 4033 184 4089 vel
212 4037 708 4108 praedicaverunt,
736 4036 892 4094 sicut
911 4037 1184 4110 superius
1209 4037 1434 4093 dictum
1458 4043 1567 4113 est,
1591 4056 1768 4094 unam

105 4121 457 4183 voluntatem
492 4131 557 4183 et
588 4143 770 4182 unam
803 4125 1200 4198 operationem
1247 4126 1306 4180 in
1348 4126 1771 4183 incarnationis

106 4208 546 4284 dispensatione
593 4215 830 4272 Domini
877 4213 1062 4270 nostri
1092 4214 1231 4270 Jcsu
1263 4214 1475 4271 Chrisii
1518 4215 1637 4271 veri
1668 4216 1772 4276 Dei

107 4302 277 4356 nostri
319 4305 579 4378 adaeque
627 4301 896 4376 amplexa
925 4308 1015 4360 est
1042 4308 1100 4358 et
1131 4303 1376 4360 alteram
1432 4304 1771 4376 synodalem

105 4391 574 4464 suggestionem,
601 4409 731 4466 quae
763 4391 950 4448 missa
969 4395 1059 4448 est
1089 4409 1123 4448 a
1153 4409 1318 4448 sacro
1341 4391 1770 4466 concilio,quod

106 4481 187 4532 est
201 4481 311 4536 sub
329 4483 549 4538 eodem
569 4480 948 4538 sanctissimo
965 4498 1117 4554 papa
1133 4485 1368 4540 centum
1385 4481 1589 4554 viginti
1609 4482 1774 4554 quin-

104 4582 208 4638 que
257 4569 377 4627 Deo
430 4569 792 4628 amabilium
843 4569 1369 4644 episcoporum,ad
1421 4571 1549 4642 ejus
1579 4587 1613 4624 a
1653 4571 1770 4626 Deo

1877 3409 2266 3466 ﬁrmationem
2287 3409 2459 3466 istius
2480 3416 2651 3467 sextae
2673 3412 2877 3486 synodi
2902 3413 3036 3468 fecit
3054 3417 3112 3468 et
3137 3413 3522 3482 conﬁrmavit,

1875 3497 1956 3554 ita
1985 3499 2270 3570 scriptum
2301 3503 2389 3556 est
2413 3516 2425 3556 :
2451 3522 2480 3550 «
2503 3501 2807 3556 Credimus
2838 3502 2898 3556 in
2928 3501 3178 3572 Patrem,
3200 3505 3258 3558 et
3287 3500 3522 3568 Filium,

1875 3593 1934 3644 et
1954 3587 2238 3660 Spiritum
2261 3592 2532 3644 sanctum
2559 3607 2571 3644 :
2597 3587 2942 3645 Trinitatem
2970 3589 3030 3645 in
3057 3591 3368 3658 unitate,et
3391 3591 3522 3646 uni-

1874 3680 2054 3732 tatem
2075 3677 2133 3731 in
2159 3676 2462 3746 Trini'tate,
2483 3693 2661 3732 unam
2685 3678 3076 3734 substantiam
3097 3676 3157 3732 in
3179 3676 3368 3733 tribus
3390 3678 3522 3734 sub-

1876 3763 2476 3822 sistentiis.Unitatem
2497 3765 2734 3838 quidem
2755 3770 2990 3838 propter
3011 3769 3176 3822 natu:
3189 3765 3340 3821 alem
3361 3765 3522 3820 unio-
3562 3761 3566 3765 ’

1877 3871 2012 3910 nem
2067 3871 2132 3910 ac
2189 3853 2693 3910 dominationem:
2728 3854 3071 3910 Trinitatem
3101 3871 3234 3910 vero
3290 3859 3526 3927 propter

1876 3943 2057 3998 trium
2090 3941 2606 3998 subsistentiarum
2637 3943 3145 4016 perl'ectionem,et
3165 3943 3400 3998 divitias
3431 3960 3525 3999 su-

1878 4030 2284 4106 perexistentis
2311 4031 2614 4087 bonitatis.
2637 4031 2844 4088 Unitas
2875 4033 3090 4105 quippe
3118 4049 3250 4090 vere
3279 4035 3367 4088 est
3396 4031 3524 4088 Tri-

1879 4121 2054 4189 nitas,
2079 4120 2219 4193 quia
2238 4119 2405 4176 unita
2423 4126 2513 4176 est
2537 4119 2774 4188 deitate,
2789 4125 2846 4177 et
2866 4121 3123 4178 Trinitas
3143 4138 3272 4178 vere
3293 4125 3383 4178 est
3402 4121 3528 4177 uni-

1879 4215 1990 4277 tas,
2015 4209 2203 4265 divisa
2227 4208 2704 4282 proprietatibus,
2729 4215 2785 4266 et
2814 4227 2928 4266 non
2961 4210 3269 4283 dispertita
3297 4209 3524 4266 aeterni-

1879 4303 1998 4356 tate
2023 4317 2036 4356 :
2062 4298 2191 4371 ipsa
2226 4297 2380 4353 enim
2432 4297 2671 4353 sibimet
2717 4299 3188 4372 consempiterna
3215 4303 3324 4367 est,
3346 4302 3403 4354 et
3429 4315 3526 4354 es-

1881 4387 2071 4444 sentia
2096 4383 2336 4458 aequalis
2367 4385 2608 4440 honoris
2637 4390 2745 4441 est.
2771 4386 2885 4442 Nec
2915 4385 3068 4442 enim
3105 4386 3324 4442 exstitit
3352 4404 3528 4443 saecu-

1881 4479 2028 4543 lum,
2046 4476 2280 4549 quando
2301 4491 2434 4530 cum
2459 4474 2624 4530 Patre
2646 4491 2760 4531 non
2773 4481 2908 4532 erat
2926 4479 2983 4531 et
3004 4476 3204 4545 Filius,
3225 4477 3396 4548 cujus
3417 4477 3527 4532 uti-

1881 4584 1994 4640 que
2015 4565 2330 4621 vocabatur
2352 4567 2540 4636 pater,
2566 4563 2616 4618 si
2647 4581 2763 4621 non
2793 4563 2967 4620 simul
2993 4577 3128 4620 cum
3151 4582 3218 4621 eo
3247 4569 3370 4620 erat
3401 4564 3527 4621 sine

104 4653 454 4717 instructam
479 4659 1627 4732 tranquillitatem,utpoteconsonantos
1645 4677 1774 4715 san-
1802 4675 1850 4740 ι)
1883 4656 2168 4736 principio
2215 4653 2411 4710 ﬁlius?
2441 4655 2556 4710 Nec
2603 4658 2728 4710 erat
2772 4655 3006 4727 quando
3056 4673 3171 4710 non
3221 4660 3344 4711 erat
3389 4671 3524 4709 cum

102 4750 187 4800 eto
210 4747 692 4806 Chalcedononsi
725 4746 994 4814 concilio,
1016 4751 1073 4804 et
1103 4752 1259 4802 torno
1297 4747 1676 4803 sacratissimi
1711 4752 1770 4804 et

104 4833 423 4894 beatissimi
449 4855 626 4912 papae
648 4837 913 4909 ejusdem
939 4835 1192 4908 antiqua;
1215 4837 1409 4892 Roma:
1433 4836 1767 4910 Leonis,qui

103 4921 352 4984 directus
375 4932 473 4984 est
495 4927 578 4984 ad
607 4931 876 4983 sanctum
907 4925 1446 4998 Flavianum,qucm
1469 4929 1524 4981 et
1546 4925 1767 4982 colum-

106 5028 233 5070 nam
264 5023 440 5073 rectae
485 5015 632 5072 ﬁdei
664 5014 1008 5087 hujusmodi
1039 5015 1300 5088 synodus
1330 5013 1660 5088 appellavit.
1683 5015 1768 5070 Ad

105 5099 218 5160 haec
241 5110 299 5162 ct
319 5103 639 5181 synodicis
659 5103 946 5178 epistolis,
973 5121 1098 5176 qua:
1121 5102 1347 5176 scriptae
1371 5108 1510 5160 sunt
1541 5121 1576 5160 a
1603 5105 1770 5160 beato

105 5191 310 5264 Cyr-illo
333 5197 638 5252 adversus
658 5194 908 5266 impium
929 5192 1261 5250 Nestorium
1283 5197 1340 5248 et
1367 5194 1437 5249 ad
1462 5193 1772 5250 orientales

106 5281 428 5359 episcopos.
455 5284 738 5342 Assecuti
761 5299 995 5356 quoque
1025 5288 1228 5339 sancta
1259 5281 1518 5355 quinque
1550 5283 1778 5339 univer-

105 5371 243 5430 salia
269 5373 558 5445 concilia,
599 5377 657 5430 et
686 5376 922 5429 sanctos
969 5377 1142 5446 atque
1193 5371 1521 5452 probabiles
1553 5371 1771 5442 Patres,

107 5467 628 5537 consonanterque
655 5461 919 5519 conﬁteri
951 5460 1305 5517 difﬁnientes
1332 5460 1648 5517 Dominum
1675 5479 1772 5518 no-

107 5554 285 5608 strum
307 5554 528 5610 Jesum
553 5551 1085 5620 Christum,verum
1107 5551 1282 5606 Deum
1303 5554 1568 5606 nostrum
1587 5567 1772 5606 unum

108 5637 172 5695 de
200 5645 409 5699 sancta
448 5646 512 5700 et
542 5639 1042 5699 consubstantiali
1071 5643 1128 5697 et
1154 5639 1281 5694 vitae
1313 5639 1596 5714 originem
1627 5658 1772 5714 prae-

108 5727 271 5790 bente
302 5731 638 5802 Trinitate,
659 5731 980 5806 perfectum
1011 5730 1073 5788 in
1104 5729 1258 5789 432
1289 5729 1526 5808 deitate,
1554 5734 1612 5790 et
1641 5747 1771 5807 per-

1308 5915 1340 5932 κ

1877 4749 2141 4821 utrisque
2159 4743 2414 4816 Spiritus
2433 4742 2867 4800 sanctus.Unus
2887 4743 3068 4816 igitur
3083 4743 3204 4800 haec
3220 4743 3332 4798 tria
3347 4743 3524 4813 Deus,

1876 4858 2004 4914 quae
2027 4835 2273 4892 invicem
2291 4851 2425 4890 eum
2444 4833 2565 4890 sola
2589 4833 2932 4907 singillatim
2953 4832 3278 4888 differentia
3297 4831 3356 4886 in
3375 4848 3528 4887 com-

1878 4927 2162 4986 munitate
2179 4914 2444 4981 essentia:
2463 4923 2930 4996 inseparabiliter
2945 4922 3308 4978 discernente
3325 4937 3526 4976 unam-

1877 5031 2175 5092 quamque
2232 5027 2541 5087 perSOnam
2596 5011 3021 5085 intelliguntur.
3066 5011 3237 5066 Solus
3284 5009 3526 5080 proinde

1881 5107 2052 5163 Pater
2108 5105 2277 5160 Pater
2331 5107 2438 5169 est,
2483 5101 2645 5156 solus
2702 5100 2885 5156 Filius
2944 5099 3144 5168 Filius,
3180 5097 3340 5154 solus
3396 5097 3525 5170 Spi-

1879 5197 2028 5252 ritus
2078 5196 2318 5250 sanctus
2370 5190 2624 5262 Spiritus
2654 5194 2912 5245 sanctus.
2948 5189 3050 5244 His
3095 5187 3311 5244 etenim
3361 5187 3523 5244 diffe-

1882 5284 2086 5341 rentiis
2117 5269 2232 5339 non
2275 5283 2692 5337 convertuntur
2739 5279 2810 5334 ad
2860 5277 3124 5333 invicem.
3161 5277 3272 5333 Sed
3322 5276 3383 5332 in
3431 5276 3528 5334 his

1882 5374 2120 5448 quidem
2159 5369 2628 5443 inseparabiliter
2669 5368 3011 5424 dividuntur
3041 5385 3055 5424 :
3089 5369 3529 5426 communicant

1882 5467 2074 5520 autem
2127 5461 2392 5518 essentiae
2439 5459 2682 5530 unitate,
2717 5458 2976 5514 Trinitas
3022 5456 3289 5530 simplex,
3321 5461 3380 5514 et
3417 5458 3528 5516 im-

1883 5553 2099 5626 pertita
2155 5555 2328 5624 atque
2384 5549 2793 5622 incomposita.
2843 5548 2924 5603 Ex
2984 5547 3174 5604 tribus
3229 5548 3524 5622 perfectis,

1881 5660 1952 5700 ex
2007 5641 2200 5715 seipsa
2257 5638 2537 5714 perfecta,
2603 5641 2660 5694 et
2723 5637 3186 5712 superperfecta,
3247 5655 3365 5694 una
3421 5655 3526 5695 na-

1879 5736 2010 5793 tura
2040 5735 2214 5808 atque
2241 5728 2475 5800 deitate,
2505 5731 2564 5790 et
2601 5745 2720 5788 una
2746 5727 3042 5788 voluntate
3087 5729 3244 5789 488
3294 5746 3528 5806 unaque
