4018 6456
179 440 296 502 493

1211 451 1313 508 DE
1360 450 1517 512 UNA
1561 451 1662 512 ET
1707 453 1866 512 NON
1908 453 2149 514 TRINA
2192 458 2558 522 DEITATE.

3467 475 3586 534 494

179 570 392 636 nitum,
426 573 712 646 datqui
763 577 896 632 ante
926 576 1127 632 omnia
1167 579 1381 635 sarcula
1427 597 1495 636 ex
1545 598 1611 638 eo
1658 585 1832 639 natus
1858 584 1916 650 Α
1944 584 2161 641 fectum
2183 590 2455 646 eumdem
2481 591 2538 646 in
2561 593 2946 664 humanitate,
2966 598 3148 655 Deum
3169 618 3299 658 vere
3321 607 3377 658 ct
3397 603 3588 660 homi-

177 665 283 728 est,
317 677 524 717 verum
556 662 739 718 Deum
781 664 851 719 de
899 664 1015 720 Deo
1045 683 1200 733 vero,
1233 667 1433 725 lumen
1464 670 1536 725 de
1583 669 1828 736 lumine,

177 753 379 804 natum
415 767 530 806 non
577 751 818 819 factum,
851 755 1410 813 consubstantialem
1442 759 1619 825 Patri,
1651 758 1709 814 id
1740 763 1831 814 est

174 837 442 908 ejusdem
473 855 609 894 cum
661 839 828 897 Patre
876 842 1240 911 substantizn,
1275 862 1378 918 per
1414 863 1588 919 quem
1631 847 1829 904 omnia

173 925 323 981 facta
355 931 498 982 sunt
525 945 652 1000 qua:
687 929 744 984 in
774 929 916 986 coelo
955 935 1013 986 et
1051 949 1178 1004 qua:
1211 934 1271 988 in
1303 939 1494 992 terra:
1518 941 1576 991 et
1605 935 1666 991 in
1697 937 1826 1009 Spi-

173 1014 352 1070 ritum
386 1021 658 1073 sanctum
694 1017 999 1076 dominum
1031 1025 1087 1076 et
1110 1022 1548 1091 viviﬁcatorem,
1571 1042 1640 1081 ex
1661 1025 1827 1081 Patre

169 1105 605 1175 procedentem,
630 1123 763 1163 cum
798 1107 964 1164 Patre
1007 1115 1064 1165 et
1113 1109 1256 1167 Filio
1305 1113 1739 1170 coadorandum
1771 1117 1828 1170 et

168 1193 734 1266 congloriﬁcandum
773 1214 786 1252 :
821 1197 1144 1255 trinitatem
1177 1200 1236 1255 in
1267 1201 1512 1268 unitate,
1538 1207 1595 1258 et
1632 1203 1824 1258 unita-

167 1287 282 1338 tem
316 1281 377 1338 in
402 1283 686 1354 trinitate,
715 1285 1003 1342 unitatem
1027 1289 1265 1361 quidem
1292 1290 1577 1360 essentiae,
1601 1291 1826 1347 trinita-

165 1374 280 1427 tem
313 1389 452 1428 vero
484 1390 892 1446 personarum,
916 1377 1036 1432 sive
1076 1379 1614 1435 subsistentiarum.
1637 1380 1822 1436 Deum

165 1459 392 1516 Patrem
429 1463 800 1533 conﬁtentes,
834 1464 1018 1520 Deum
1053 1465 1286 1535 Filium,
1319 1467 1502 1524 Deum
1535 1467 1820 1540 Spiritum

163 1554 461 1606 sanctum.
486 1551 612 1607 Non
635 1556 756 1609 tres
778 1553 918 1610 deos
940 1555 1042 1612 sed
1071 1573 1255 1612 unum
1279 1557 1487 1625 Deum,
1512 1557 1740 1614 Patrem
1766 1562 1823 1614 et

162 1637 378 1694 Filium
410 1643 470 1696 et
499 1640 784 1714 Spiritum
813 1647 1122 1700 sanctum:
1153 1662 1265 1700 non
1298 1647 1476 1702 trium
1512 1645 1818 1702 nominum

1942 691 2074 728 nem
2107 692 2239 731 vere
2271 679 2542 734 eumdem
2589 697 2656 736 ex
2703 682 2900 739 anima
2931 686 3196 743 rationali
3226 695 3284 745 et
3321 707 3583 768 corpore,

1939 765 2497 823 consubstantialem
2528 769 2678 824 Patri
2703 775 3026 830 secundum
3050 776 3348 848 deitatem,
3373 765 3584 844 eticon;

1938 853 2388 912 substantialem
2421 858 2590 914 nobis
2621 861 2948 918 secundum
2979 861 3437 925 humanitatem.
3464 893 3492 920 ››
3515 872 3586 927 Et

1937 941 2021 996 sic
2051 942 2334 1000 catholice
2364 962 2551 1018 usque
2583 949 2654 1003 ad
2689 949 3331 1022 ﬁnempcrcurrentem
3363 973 3582 1014 sermo-

1936 1046 2066 1085 nem
2095 1032 2585 1090 conﬁrmaverunt
2601 1039 2658 1092 et
2674 1037 3153 1112 subscripserunt
3168 1046 3400 1098 centum
3419 1045 3588 1116 quin-

1935 1119 2218 1192 quaginta
2245 1121 2521 1196 episcOpi,
2546 1123 2806 1182 dicentes
2831 1143 2889 1181 :«
2915 1127 3016 1183 His
3049 1129 3229 1203 igitur
3258 1147 3390 1187 cum
3423 1135 3582 1189 omni

1934 1207 2194 1280 undique
2223 1210 2450 1266 cautela
2479 1216 2654 1284 atque
2693 1213 3000 1288 diligentia
3029 1235 3063 1272 a
3095 1219 3264 1274 nobis
3297 1220 3582 1292 formatis,

1933 1295 2259 1354 difﬁnimus
2281 1297 2458 1355 aliam
2479 1301 2653 1356 ﬁdem
2678 1302 2826 1358 nulli
2849 1303 3020 1360 licere
3050 1308 3305 1378 proferre
3327 1313 3428 1365 aut
3445 1327 3582 1366 con-

1931 1385 2207 1452 scribere,
2233 1404 2648 1460 componereve
2687 1397 2798 1462 aut,
2835 1409 3060 1466 sapere,
3083 1395 3172 1452 vel
3210 1397 3386 1454 etiam
3418 1399 3586 1455 aliter

1931 1473 2156 1529 docere.
2182 1475 2288 1542 Qui
2319 1493 2451 1533 vero
2491 1482 2974 1552 praesumpserint
3005 1483 3178 1539 ﬁdem
3218 1484 3460 1542 alterum
3492 1483 3580 1544 vel

1930 1576 2298 1635 componere,
2328 1563 2416 1620 vel
2474 1567 2752 1638 proferre,
2794 1569 2880 1624 vel
2931 1570 3155 1640 docere,
3186 1573 3276 1628 vel
3327 1575 3580 1650 tradere,

1929 1654 2034 1704 aut
2073 1651 2405 1724 symbolum
2434 1653 2766 1712 volentibus
2795 1659 3050 1714 converti
3098 1661 3170 1716 ad
3222 1662 3578 1736 agnitionem

159 1727 632 1799 subsistentiam,
683 1732 784 1787 sed
833 1723 1012 1789 trium
1071 1733 1587 1790 subsistentiarum
1639 1753 1818 1791 unam
1925 1723 2188 1794 veritatis
2238 1757 2305 1796 ex
2363 1742 2710 1815 gentilitate,
2743 1745 2832 1801 vel
2881 1763 2951 1802 ex
2995 1723 3324 1820 Judaismo,
3357 1755 3460 1807 aut
3512 1769 3578 1808 ex

158 1817 584 1885 substantiam,
609 1836 860 1892 quorum
889 1838 1008 1878 una
1027 1823 1302 1890 essentia,
1323 1822 1442 1878 sive
1463 1823 1816 1892 substantia,
1928 1826 2188 1898 qualibet
2209 1827 2564 1897 haerese,aut
2592 1833 2694 1904 qui
2725 1835 3044 1892 novitatem
3065 1837 3222 1894 vocis
3243 1817 3329 1894 vel
3357 1856 3578 1896 sermo-

156 1904 238 1961 vel
279 1911 522 1976 natura,
556 1907 614 1962 id
664 1914 755 1964 est
803 1927 922 1965 una
950 1911 1156 1979 deitas,
1183 1929 1301 1968 una
1351 1911 1666 1980 aeternitas,
1699 1930 1819 1970 una
1849 1953 1897 2002 η
1926 1915 2020 1971 nis
2063 1917 2555 1992 adinventionem,
2587 1921 2660 1976 ad
2709 1922 3145 1980 subversionem
3194 1943 3396 1983 eorum
3446 1945 3576 2002 quae

155 2000 642 2072 potestas,unum
674 1997 1145 2070 imperium,una
1171 1999 1515 2074 gloria,una
1536 2001 1817 2067 adoratio,
1848 1997 1897 2019 ³³
1933 2023 2088 2062 nunc
2117 2023 2152 2062 a
2181 2007 2352 2063 nobis
2381 2009 2768 2067 determinata
2795 2016 2935 2068 sunt
2960 1997 3502 2090 iutroducere,hos,
3523 2018 3572 2074 si

155 2103 268 2146 una
311 2085 655 2144 essentialis
687 2092 902 2142 sancta
954 2093 1012 2144 et
1058 2089 1470 2162 inseparabilis
1517 2089 1822 2148 Trinitatis
1929 2094 2165 2166 quidem
2215 2095 2470 2169 episcopi
2520 2097 2735 2155 fuerint
2779 2105 2881 2156 aut
2925 2101 3138 2172 clerici,
3171 2085 3392 2160 alienos
3447 2121 3575 2162 esse

150 2175 428 2236 voluntas
451 2178 509 2231 et
539 2176 818 2248 operatio,
838 2193 965 2249 quae
989 2179 1188 2234 omnia
1215 2178 1496 2251 condidit,
1517 2179 1822 2252 dispensat
1928 2181 2230 2256 episcopos
2269 2184 2342 2240 ab
2381 2185 2740 2259 episcopatu,
2774 2187 3012 2246 clericos
3049 2207 3182 2247 vero
3215 2208 3250 2247 a
3286 2191 3440 2248 clero
3474 2209 3488 2250 :
3522 2192 3573 2249 si

149 2268 201 2320 et
221 2263 512 2321 continet.
531 2266 708 2331 nouae
739 2265 922 2336 ita,ut
942 2266 1134 2322 verbis
1159 2271 1398 2322 utamur
1429 2267 1614 2340 ipsius
1644 2273 1817 2324 sexta;

149 2351 384 2425 synodi,
405 2369 545 2408 cum
579 2351 838 2426 quinque
870 2357 1004 2410 ante
1033 2354 1252 2412 habitis
1294 2355 1513 2412 sanctis
1553 2355 1816 2413 conciliis

148 2439 609 2514 praedicabiliter
646 2441 1070 2516 receptissima,
1095 2447 1153 2499 et
1191 2443 1670 2518 irrefragabiliter
1698 2461 1816 2500 cre-

147 2531 344 2587 denda
367 2535 547 2604 atque
571 2531 837 2600 tenenda,
852 2531 912 2588 in
932 2532 1157 2588 actione
1182 2534 1247 2589 18
1268 2535 1612 2589 conﬁrmata
1631 2539 1808 2592 sunt:

148 2643 174 2668 «
196 2620 490 2676 Excitavit
510 2619 712 2694 igitur,
731 2619 1008 2694 inquiens
1029 2626 1192 2678 sexta
1211 2623 1471 2694 synodus
1491 2623 1712 2695 (synodi
1731 2641 1807 2693 v1,

144 2717 243 2765 act.
274 2711 397 2780 18),
422 2709 694 2766 Christus
714 2709 870 2768 Deus
892 2715 1093 2768 noster
1113 2709 1531 2766 ﬁdelissimum
1552 2712 1630 2767 im
1640 2730 1808 2785 pera-

145 2803 355 2867 torem,
381 2815 602 2855 novum
625 2798 806 2856 David
830 2799 1020 2856 virum
1043 2801 1366 2857 secundum
1391 2817 1492 2855 cor
1519 2818 1691 2856 suum
1726 2801 1810 2856 in-

143 2887 408 2955 veniens,
445 2887 547 2960 qui
598 2904 714 2944 non
747 2888 906 2945 dedit
949 2889 1123 2960 juxta
1152 2889 1305 2962 quod
1357 2889 1641 2962 scriptum
1694 2895 1802 2958 est,

143 2993 400 3034 somnum
429 2977 606 3034 oculis
645 2980 784 3047 suis,
817 2985 869 3034 et
889 2979 1170 3052 palpebris
1213 2979 1331 3035 suis
1353 2966 1806 3036 dormitationem

143 3067 306 3136 (Psal.
338 3082 534 3133 cmi,
559 3066 636 3140 4),
660 3067 843 3124 donec
873 3084 978 3139 per
1006 3067 1162 3122 hunc
1183 3070 1449 3122 nostrum
1472 3085 1506 3122 a
1526 3068 1641 3123 Deo
1665 3085 1802 3124 con-

142 3159 456 3229 gregatum
489 3173 843 3229 sacrumque
873 3161 1242 3225 conventum,
1267 3155 1456 3230 ipsam
1490 3160 1640 3213 recte
1668 3156 1801 3214 ﬁdei

141 3245 356 3316 reperit
387 3244 710 3317 perfectam
755 3245 1248 3319 praedicationem,
1283 3247 1606 3302 secundum
1641 3247 1798 3302 enim

1927 2273 2122 2326 autem
2155 2272 2426 2328 monachi
2466 2273 2684 2329 fuerint
2710 2273 2799 2330 vel
2837 2275 2989 2345 laici,
3015 2277 3191 2333 etiam
3231 2279 3573 2336 anathema-

1924 2357 2088 2414 tizari
2137 2377 2255 2416 eos.
2282 2382 2309 2410 ››
2332 2361 2395 2417 Et
2437 2363 2860 2435 subscriptiones
2891 2383 2909 2418 :
2942 2365 3283 2423 Theodorus
3331 2367 3574 2426 humilis

1921 2449 2224 2522 presbyter
2252 2456 2464 2506 sancta:
2504 2451 2777 2508 Romanae
2816 2454 3106 2524 Ecclesiae,
3131 2455 3324 2512 locum
3363 2473 3572 2531 gerens

1919 2536 2241 2609 Agathonis
2288 2541 2377 2594 ter
2431 2540 2755 2596 beatissimi
2791 2541 3136 2599 universalis
3192 2561 3356 2618 papae
3406 2545 3571 2603 urbis

1923 2624 2118 2681 Romae
2147 2627 2490 2700 subscripsi.
2517 2629 2587 2684 Et
2616 2629 2890 2702 deinceps
2917 2647 3020 2702 per
3039 2631 3302 2688 ordinem
3325 2633 3565 2707 singuli.

1917 2713 1987 2768 Et
2006 2731 2109 2786 per
2127 2714 2605 2771 acclamationem
2632 2733 2792 2772 more
2819 2735 2946 2786 suo,
2971 2719 3126 2775 sicut
3143 2725 3201 2776 et
3223 2721 3280 2775 in
3303 2721 3567 2778 conciliis

1918 2801 2048 2856 aliis
2070 2802 2342 2876 legimus,
2363 2803 2997 2862 anathematizaverunt
3017 2825 3221 2864 omnes
3241 2809 3561 2877 haareticos,

1913 2894 1970 2945 et
1993 2907 2197 2946 omnes
2218 2891 2317 2964 qui
2344 2893 2742 2965 suffragantur
2763 2893 3070 2951 haereticis.
3097 2896 3251 2952 Inter
3269 2914 3418 2970 quos
3439 2914 3562 2953 om-

1913 2994 2018 3034 nes
2050 2978 2525 3035 anathematizati
2571 2984 2711 3036 sunt
2757 2986 2814 3036 et
2861 2981 3382 3052 Prmdestinatiani,
3415 3001 3559 3057 quo-

1911 3084 2043 3123 rum
2075 3067 2332 3135 haeresis,
2357 3067 2702 3124 auctoritate
2729 3086 2890 3143 papae
2921 3069 3210 3128 Coelestini
3237 3088 3305 3128 ex
3327 3071 3558 3147 delega-

1909 3154 2066 3212 tione
2094 3154 2302 3228 ipsius,
2339 3172 2442 3228 per
2473 3161 2744 3214 sanctum
2779 3159 3126 3232 Prosperum
3157 3160 3217 3216 in
3239 3160 3441 3217 Galliis
3471 3165 3561 3218 est

1908 3242 2121 3300 revicta
2154 3245 2344 3317 (sext?
2371 3245 2570 3316 synodi
2596 3253 2699 3302 act.
2728 3247 2836 3319 18).
2863 3247 2933 3303 Et
2961 3249 3020 3303 in
3053 3249 3244 3306 edicto
3273 3249 3557 3306 Constan-

143 3351 173 3388 a
200 3315 460 3390 Domino
500 3333 719 3390 editam
747 3315 983 3390 vocem:
1017 3335 1115 3392 Ubi
1155 3334 1261 3392 duo
1309 3335 1391 3391 vel
1439 3343 1546 3392 tres
1591 3337 1804 3408 fuerint
1829 3315 1872 3384 (ἶ
1910 3331 2016 3386 tini
2049 3315 2440 3404 imperatoris,
2466 3334 2618 3406 quod
2650 3315 2984 3407 petentibus
3005 3337 3292 3412 episcopis
3319 3339 3391 3395 ad
3421 3356 3556 3396 con-

139 3424 458 3496 congregati
487 3425 550 3480 in
578 3425 800 3480 nomine
831 3440 970 3494 meo,
1002 3424 1085 3480 ibi
1109 3442 1231 3480 sum
1283 3420 1369 3480 in'
1389 3425 1566 3481 medio
1613 3443 1803 3484 eorum

141 3511 345 3580 (Hat'h.
372 3529 540 3582 xvm,
562 3511 674 3583 20).
699 3513 834 3578 Quae
867 3526 1122 3584 praesens
1144 3517 1349 3568 sancta
1369 3516 1426 3568 et
1457 3513 1803 3572 universalis

139 3603 434 3674 synodus,
471 3599 723 3656 ﬁdeliter
752 3601 1082 3673 suscipiens
1123 3606 1180 3657 et
1217 3602 1491 3674 expansis
1525 3603 1802 3660 manibus

139 3689 506 3760 amplectens
529 3689 1126 3762 suggestionem,quae
1147 3708 1181 3746 a
1199 3690 1572 3748 sanctissimo
1588 3709 1654 3747 ac
1675 3693 1804 3748 bea-

137 3774 368 3834 tissimo
389 3777 699 3851 Agathone
729 3777 986 3850 antiquae
1020 3779 1214 3835 Romae
1246 3779 1398 3835 facta
1418 3784 1526 3848 est,
1551 3781 1622 3835 ad
1648 3781 1800 3837 Con-

137 3867 468 3923 stantinum
499 3866 839 3940 piissimum
865 3885 931 3924 ac
964 3867 1375 3924 ﬁdelissimum
1402 3873 1668 3926 nostrum
1692 3871 1800 3927 im-

137 3960 626 4028 peratoremque:
645 3955 992 4012 nominatim
1016 3956 1229 4028 abjecit
1245 3973 1343 4012 eos
1363 3959 1462 4030 qui
1477 3959 1804 4014 docuerunt

134 4045 217 4100 vel
246 4045 740 4118 prmdicaverunt,
767 4044 924 4102 sicut
943 4047 1216 4118 superius
1241 4047 1466 4102 dictum
1490 4052 1599 4115 est,
1623 4066 1801 4104 unam

133 4133 499 4192 voluntatem
533 4138 591 4190 et
621 4150 800 4190 unam
834 4133 1231 4206 operationem
1278 4135 1337 4189 in
1380 4135 1802 4193 incarnationis

137 4219 582 4295 dispensatione
626 4221 860 4279 Domini
908 4222 1093 4278 nostri
1123 4223 1262 4279 Jesu
1295 4224 1506 4281 Chrisii
1550 4225 1667 4281 veri
1700 4226 1803 4286 Dei

137 4311 316 4366 nostri
363 4312 612 4384 adaeque
657 4309 927 4384 amplexa
956 4316 1046 4368 est
1073 4317 1131 4368 et
1161 4312 1407 4368 alteram
1463 4313 1802 4387 synodalem

138 4399 605 4474 suggestionem,
633 4417 762 4473 quae
795 4399 980 4456 missa
1001 4404 1090 4456 est
1120 4418 1154 4456 a
1184 4418 1349 4456 sacro
1372 4402 1801 4476 concilio,quod

139 4492 224 4543 est
239 4489 355 4546 sub
373 4490 583 4546 eodem
601 4489 979 4545 sanctissimo
996 4507 1148 4562 papa
1163 4494 1398 4550 centum
1416 4491 1619 4564 viginti
1640 4493 1804 4564 quin-

139 4593 248 4650 que
299 4579 422 4636 Deo
473 4577 822 4635 amabilium
873 4578 1400 4652 epiSCOporum,ad
1451 4581 1580 4651 ejus
1610 4597 1644 4634 a
1685 4581 1801 4637 Deo

1911 3421 2299 3478 ﬁrmationem
2320 3421 2492 3478 istius
2513 3429 2684 3479 sexta:
2705 3425 2910 3498 synodi
2935 3427 3069 3481 fecit
3087 3431 3145 3482 et
3170 3427 3555 3497 confirmavit,

1909 3509 1989 3564 ita
2018 3509 2303 3582 scriptum
2334 3515 2422 3567 est
2446 3528 2458 3567 :
2484 3535 2513 3561 «
2535 3513 2840 3569 Credimus
2872 3515 2931 3570 in
2962 3515 3211 3586 Patrem,
3233 3520 3291 3572 et
3321 3515 3554 3583 Filium,

1908 3603 1966 3654 et
1987 3599 2270 3671 Spiritum
2295 3605 2564 3656 sanctum
2591 3619 2604 3656 :
2630 3601 2976 3658 Trinitatem
3004 3602 3063 3659 in
3090 3604 3400 3672 unitate,et
3424 3606 3555 3660 uni-

1907 3691 2087 3743 tatem
2108 3688 2166 3742 in
2191 3687 2494 3758 Trinitate,
2517 3706 2694 3745 unam
2717 3690 3109 3746 substantiam
3129 3691 3190 3746 in
3212 3691 3401 3748 tribus
3423 3693 3556 3748 sub-

1909 3775 2508 3833 sistentiis.Unitatem
2530 3778 2766 3850 quidem
2789 3783 3024 3851 propter
3043 3779 3373 3836 naturalem
3395 3780 3555 3836 unio-

1910 3881 2044 3920 nem
2099 3882 2165 3921 ac
2221 3865 2725 3922 dominationem:
2760 3867 3102 3923 Trinitatem
3133 3885 3266 3924 vero
3322 3874 3557 3942 propter

1909 3954 2090 4009 trium
2123 3953 2638 4010 subsistentiarum
2671 3957 3178 4029 perfectionem,et
3198 3957 3432 4014 divitias
3463 3975 3556 4014 su-

1910 4042 2316 4116 perexistentis
2345 4042 2646 4099 bonitatis.
2671 4044 2877 4101 Unitas
2907 4047 3122 4120 quippe
3150 4063 3282 4104 vere
3310 4049 3400 4103 est
3427 4047 3556 4102 Tri-

1911 4132 2086 4199 nitas,
2111 4131 2251 4204 quia
2271 4131 2436 4188 unita
2455 4138 2544 4188 est
2568 4132 2806 4200 deitate,
2821 4139 2878 4190 et
2897 4134 3154 4192 Trinitas
3174 4153 3303 4193 vere
3325 4140 3414 4192 est
3434 4136 3559 4192 uni-

1910 4225 2022 4288 tas,
2047 4221 2234 4276 divisa
2259 4221 2735 4294 proprietatibus,
2760 4227 2817 4278 et
2846 4241 2960 4280 non
2993 4224 3300 4297 dispertita
3328 4225 3554 4280 aeterni-

1909 4315 2028 4365 tate
2055 4328 2068 4366 :
2094 4309 2222 4382 ipsa
2257 4309 2410 4365 enim
2463 4309 2702 4365 sibimet
2748 4313 3219 4384 consempiterna
3246 4317 3354 4382 est,
3377 4317 3434 4369 et
3460 4330 3556 4369 es-

1913 4398 2102 4454 sentia
2127 4395 2368 4469 aaqualis
2399 4397 2639 4453 honoris
2669 4403 2776 4454 est.
2801 4399 2916 4456 Nec
2947 4399 3100 4455 enim
3135 4401 3354 4457 exstitit
3383 4418 3560 4457 seacu-

1911 4490 2058 4554 lum,
2077 4487 2311 4560 quando
2333 4503 2466 4542 cum
2489 4485 2654 4543 Patre
2677 4505 2791 4544 non
2805 4493 2940 4544 erat
2957 4495 3013 4544 et
3035 4490 3236 4559 Filius,
3256 4491 3426 4563 cujus
3448 4491 3557 4546 uti-

1912 4595 2025 4650 que
2045 4577 2360 4632 vocabatur
2384 4579 2570 4648 pater,
2597 4576 2646 4631 si
2677 4594 2794 4634 non
2824 4576 2998 4633 simul
3025 4591 3158 4634 cum
3182 4596 3248 4636 eo
3277 4583 3401 4634 erat
3431 4579 3558 4636 sine

138 4665 496 4724 instructam
521 4666 1252 4740 tranquillitatem,utpote
1269 4673 1657 4724 consonantes
1675 4687 1804 4724 san-
1833 4685 1880 4750 ῃ
1913 4667 2198 4746 principio
2245 4665 2441 4722 ﬁlius?
2473 4667 2586 4722 Nec
2633 4671 2758 4722 erat
2802 4669 3038 4740 quando
3086 4686 3201 4724 non
3251 4675 3374 4725 erat
3419 4686 3554 4724 cum

139 4760 228 4812 cto
252 4755 722 4813 Chalcedonensi
755 4755 1024 4823 concilio,
1046 4760 1103 4812 et
1132 4761 1288 4811 tome
1328 4756 1706 4813 sacratissimi
1741 4762 1800 4814 et

140 4845 466 4902 beatissimi
491 4863 654 4919 papa:
677 4845 943 4916 ejusdem
969 4843 1221 4918 antiqua:
1246 4846 1438 4901 Roma:
1463 4846 1797 4920 Leonis,qui

142 4932 399 4991 directus
423 4939 514 4991 est
534 4935 607 4990 ad
636 4938 904 4990 sanctum
938 4933 1475 5007 Flavianum,quem
1499 4940 1553 4991 et
1575 4936 1796 4991 colum-

144 5038 278 5079 nam
310 5029 482 5080 rccta:
525 5023 661 5079 ﬁdei
695 5022 1037 5096 hujusmodi
1068 5025 1328 5097 synodus
1359 5023 1690 5097 appellavit.
1713 5025 1797 5080 Ad

143 5109 262 5168 haec
287 5118 348 5169 et
368 5111 668 5187 synodicis
687 5111 974 5186 epistolis,
1001 5129 1126 5184 quae
1150 5111 1376 5185 scripta:
1400 5118 1539 5168 sunt
1569 5131 1604 5169 a
1632 5114 1799 5170 beato

145 5201 358 5274 Cyrillo
382 5204 666 5259 adversus
687 5201 936 5274 impium
958 5201 1290 5259 Nestorium
1313 5207 1369 5258 et
1396 5203 1466 5258 ad
1491 5203 1801 5260 orientales

146 5290 472 5365 episcopos.
497 5292 767 5348 Assecuti
791 5307 1023 5365 quoque
1054 5296 1257 5348 sancta
1287 5291 1546 5364 quinque
1581 5293 1805 5349 univer-

146 5380 290 5437 salia
318 5380 590 5452 concilia,
627 5386 685 5437 et
715 5385 951 5438 sanctos
997 5385 1171 5454 atque
1221 5381 1550 5461 probabiles
1582 5381 1799 5452 Patres,

149 5474 657 5544 consonantcrque
683 5469 946 5527 conﬁteri
979 5469 1333 5526 difﬁnientes
1361 5469 1676 5526 Dominum
1704 5489 1800 5528 no-

149 5562 336 5614 strum
359 5560 564 5617 Jesum
585 5559 1114 5628 Cbristum,verum
1136 5561 1310 5616 Deum
1332 5564 1596 5615 nostrum
1616 5577 1800 5616 unum

150 5646 218 5702 de
247 5653 454 5704 sancta
490 5653 549 5707 et
576 5648 1070 5707 consubstantiali
1099 5653 1156 5706 et
1183 5649 1310 5704 vitae
1341 5649 1624 5723 originem
1655 5667 1799 5724 prae-

149 5734 320 5796 bente
354 5738 662 5811 Trinitate,
685 5739 1008 5815 perfectum
1039 5738 1101 5797 in
1132 5739 1286 5798 432
1317 5739 1553 5818 deitate,
1581 5743 1639 5800 et
1669 5757 1799 5818 per-

1336 5924 1366 5940 κ

1906 4760 2172 4831 utrisque
2189 4755 2444 4828 Spiritus
2465 4755 2897 4813 sanctus.Unus
2917 4756 3098 4830 igitur
3113 4758 3234 4814 haec
3250 4759 3362 4813 tria
3377 4758 3554 4828 Deus,

1907 4868 2034 4925 quae
2057 4846 2304 4903 invicem
2321 4863 2454 4901 cum
2475 4845 2594 4902 sola
2619 4845 2962 4918 singillatim
2982 4847 3308 4902 diﬁ‘crentia
3327 4847 3385 4901 in
3405 4863 3557 4902 com-

1908 4938 2192 4996 munitate
2209 4925 2473 4992 essentia
2492 4935 2960 5008 inseparabiliter
2975 4935 3338 4991 discernente
3355 4952 3556 4991 unam-

1907 5043 2204 5103 quamque
2262 5041 2570 5098 personam
2625 5024 3050 5098 intelliguntur.
3096 5025 3266 5080 Solus
3315 5023 3555 5096 proinde

1911 5119 2080 5174 Pater
2138 5116 2306 5171 Pater
2359 5119 2467 5181 est,
2511 5113 2674 5168 solus
2732 5113 2914 5168 Filius
2973 5113 3174 5181 Filius,
3209 5111 3370 5168 solus
3425 5113 3554 5185 Spi-

1909 5207 2057 5262 ritus
2107 5208 2348 5261 sanctus
2399 5201 2652 5275 Spiritus
2683 5206 2940 5258 sanctus.
2977 5202 3078 5258 His
3125 5201 3340 5258 etenim
3390 5202 3552 5259 diﬁ'e-

1911 5295 2116 5352 rentiis
2145 5280 2260 5350 non
2304 5296 2721 5348 convertuntur
2767 5292 2838 5346 ad
2887 5289 3152 5347 invicem.
3191 5291 3302 5347 Sed
3351 5291 3411 5347 in
3461 5291 3556 5348 his

1911 5385 2148 5458 quidem
2187 5381 2656 5454 inseparabiliter
2697 5381 3040 5436 dividuntur
3070 5397 3083 5437 :
3117 5383 3558 5441 communicant

1909 5479 2102 5530 autem
2154 5473 2419 5530 essentia:
2467 5471 2710 5542 unitate,
2745 5470 3004 5527 Trinitas
3051 5471 3318 5544 simplex,
3350 5476 3408 5530 et
3445 5473 3556 5530 im-

1909 5563 2128 5636 partita
2183 5567 2356 5635 atque
2411 5561 2821 5634 incomposita.
2871 5561 2952 5616 Ex
3013 5560 3203 5618 tribus
3257 5562 3552 5635 perfectis,

1909 5670 1979 5710 ex
2035 5651 2229 5726 seipsa
2285 5650 2564 5725 perfecta,
2631 5653 2687 5705 et
2751 5651 3213 5724 superperfecta,
3274 5669 3393 5708 una
3450 5670 3553 5710 na-

1906 5746 2038 5803 tura
2067 5745 2242 5818 atque
2269 5740 2502 5812 deitate,
2533 5743 2590 5801 et
2629 5758 2747 5800 una
2773 5741 3070 5802 voluntate
3115 5743 3271 5802 488
3322 5761 3555 5821 unaque
