4018 6450
435 460 553 522 495

1361 454 1751 518 HINC-MM“
1797 448 2242 515 BHEMENSTS
2283 448 2902 512 ARCHIEPlSCOPl.

3741 436 3851 503 ξπ

435 591 768 665 speratione
825 589 1228 665 gloriﬁcanda.
1277 590 1535 656 Quorum
1593 586 1750 644 enim
1804 602 1924 643 una
1983 601 2088 642 na-
2113 579 2170 654 Α
2199 601 2233 640 a
2263 581 2556 640 consortio
2581 577 2874 650 ﬁdelium;
2906 594 2980 636 ne
3006 575 3140 636 aliis
3169 592 3377 637 nocere
3394 576 3589 637 valeat
3609 576 3713 653 qui
3739 566 3851 638 sibi

436 685 570 738 tura
611 683 720 752 est,
751 679 964 736 horum
993 684 1051 735 et
1076 678 1347 736 voluntas
1392 681 1453 734 et
1497 674 1754 750 operatio
1810 691 1929 732 una
1973 677 2082 743 est,

435 769 591 826 sicut
638 786 748 826 nos
779 768 979 825 docuit
1027 767 1124 824 Dei
1175 767 1363 824 cultor
1398 764 1707 822 Basilius»
1741 768 1798 821 et
1851 763 1911 820 in
1971 763 2086 818 ﬁne

437 858 628 932 ipsius
656 856 833 914 edicti
870 873 884 914 :
910 880 939 909 «
971 854 1156 926 Unus,
1188 855 1400 928 inquit,
1435 854 1742 923 Dominus,
1769 869 1890 910 una
1916 852 2084 919 ﬁdes,

438 964 625 1004 unum
658 946 972 1021 baptisma,
996 963 1116 1003 una
1142 945 1203 1001 in
1233 945 1349 1002 Deo
1379 961 1537 1000 nunc
1581 948 1671 1000 est
1714 941 1993 999 Ecclesia.
2022 938 2086 998 Si

441 1036 576 1111 quis
604 1035 786 1110 igitur
809 1035 1025 1094 Christi
1052 1039 1279 1092 amator
1306 1038 1416 1104 est,
1439 1037 1496 1090 et
1515 1031 1726 1089 metuit
1748 1029 2085 1099 Dominum,

440 1129 821 1200 optatamque
867 1123 1118 1182 salutem
1147 1124 1462 1192 desiderat,
1496 1123 1647 1179 hanc
1694 1120 1871 1176 ﬁdem
1902 1118 2092 1176 ortho-

440 1214 656 1270 doxam
684 1213 1023 1271 teneat.Nec
1043 1212 1201 1270 enim
1229 1213 1340 1269 erit
1369 1228 1472 1286 per
1499 1211 1674 1267 aliam
1704 1209 1878 1266 fidem
1910 1207 2093 1264 salva-

442 1307 560 1360 tus.
577 1302 636 1360 Si
661 1300 795 1377 quis
811 1319 945 1360 vero
966 1301 1275 1359 hominum
1299 1300 1535 1374 quidem
1554 1298 1820 1374 personis
1841 1297 2090 1370 gratiam

444 1392 697 1461 exhibet,
719 1391 1024 1449 charitatis
1061 1395 1256 1448 autem
1285 1391 1344 1446 in
1387 1388 1572 1446 Deum
1602 1386 1999 1444 aemulatorem
2030 1399 2093 1441 se

444 1498 562 1538 non
592 1481 976 1551 demonstrat,
1006 1483 1472 1554 praesentemque
1499 1479 1655 1552 piam
1680 1480 1944 1533 nostram
1965 1490 2096 1531 con-

444 1569 813 1628 stitutionem
844 1588 959 1627 non
1004 1568 1226 1643 recipit,
1249 1567 1298 1625 si
1351 1566 1591 1641 quidem
1625 1565 1937 1639 episcopus
1982 1566 2094 1630 est,

443 1658 532 1717 vel
555 1657 826 1728 clericus,
852 1663 954 1715 aut
972 1657 1317 1715 monachico
1337 1656 1738 1714 circumdatus
1755 1658 1846 1711 est
1866 1652 2093 1722 habitu,

443 1746 830 1821 depositionis
858 1762 1090 1821 poenam
1112 1746 1436 1820 persolvet:
1461 1744 1509 1804 si
1530 1761 1666 1801 vero
1695 1744 1757 1801 in
1783 1743 1987 1801 ordine
2009 1740 2096 1798 di-

444 1837 736 1911 gnitatum
759 1836 1019 1893 insertus
1041 1839 1150 1903 est,
1174 1834 1465 1909 supplicio
1485 1832 1932 1908 proscriptionis
1952 1829 2099 1888 mul-

445 1929 656 1994 ctetur,
681 1924 853 1999 eique
884 1924 1185 1998 cingulum
1207 1924 1543 1981 adimatur:
1571 1923 1664 1980 sin
1693 1925 1888 1979 autem
1911 1920 2102 1978 idioti-

446 2031 526 2072 ca:
559 2014 737 2072 sortis
767 2018 878 2082 est,
903 2031 973 2070 ex
1011 2031 1078 2070 ac
1107 2013 1269 2087 regia
1296 2013 1574 2087 omnique
1605 2011 1840 2086 penitus
1868 2009 2101 2066 civitate

447 2104 659 2161 exteris
689 2103 1019 2172 addicatur,
1043 2106 1101 2160 et
1128 2119 1306 2176 super
1333 2100 1456 2158 haec
1486 2100 1687 2158 omnia
1713 2096 1992 2157 terribilis
2020 2101 2102 2156 at-

449 2208 565 2266 que
590 2190 965 2265 inexpiabilis
987 2191 1198 2264 judicii
1230 2207 1345 2246 non
1378 2189 1616 2264 effugiet
1645 2187 1991 2245 cruciatum.
2021 2210 2050 2240 »

521 2283 882 2355 Quapropter
908 2279 1002 2337 his
1030 2296 1157 2353 quae
1187 2278 1627 2351 Gothesealcus,
1662 2276 1810 2334 alter
1832 2277 2102 2337 videlicet

453 2384 558 2444 pro
589 2366 829 2427 modulo
860 2386 966 2426 suo
996 2368 1199 2425 Simon
1229 2383 1460 2441 magus,
1486 2366 1546 2422 in
1579 2367 1814 2440 scriptis
1844 2366 1970 2424 suis
1994 2367 2102 2422 fre-

454 2462 701 2532 quenter
729 2458 928 2532 posuit
967 2457 1180 2532 spiritu
1215 2457 1433 2513 furioso
1472 2455 1818 2530 exagitatus,
1849 2455 2098 2513 cxaltato

453 2547 647 2615 corde,
677 2550 735 2604 et
764 2546 931 2604 elatis
952 2546 1158 2614 oculis,
1181 2563 1244 2602 se
1275 2545 1633 2602 mendaciter
1660 2543 2009 2618 promittens
2036 2542 2096 2603 in

368 2706 375 2716 .
453 2634 827 2692 mirabilibus
856 2653 1033 2708 super
1052 2653 1113 2692 se
1135 2633 1595 2702 ambulaturum,
1619 2634 1866 2706 petendo
1898 2636 1965 2690 ut
1984 2631 2095 2688 sibi

452 2723 564 2780 tria
592 2722 749 2780 dolia
774 2728 1069 2797 parentur,
1098 2741 1287 2780 unum
1317 2723 1578 2780 vieelicet
1603 2723 1825 2779 dolium
1856 2721 2096 2795 plenum

451 2812 694 2869 ferventi
724 2812 913 2885 adipe,
936 2817 995 2868 et
1027 2811 1183 2869 aliud
1215 2812 1456 2886 plenum
1487 2811 1724 2868 ferventi
1753 2810 1878 2868 oleo
1903 2816 1959 2868 et
1986 2815 2097 2867 lcr-

450 2899 600 2957 tium
619 2900 857 2973 plenum
876 2900 1141 2957 bullienti
1163 2900 1369 2974 pice,et
1387 2916 1521 2957 cum
1538 2900 1797 2957 vicissim
1815 2900 1872 2955 in
1892 2916 2103 2956 unum-

451 2990 726 3063 quodque
754 2989 978 3047 dolium
1014 3007 1201 3062 usque
1249 2990 1319 3046 ad
1369 2989 1587 3046 collum
1627 2989 1856 3046 intrans
1884 2989 1955 3046 de
1983 2987 2101 3044 illis

354 3098 367 3108 '
450 3079 642 3153 tribus
665 3078 839 3135 doliis
862 3079 1079 3136 illzesus
1101 3078 1322 3147 exierit,
1337 3080 1608 3135 credatur
1628 3079 1702 3134 ab
1719 3078 1994 3135 omnibus
2014 3095 2102 3137 as-

450 3167 630 3224 sertio
661 3167 821 3224 illius
849 3185 978 3224 esse
1012 3167 1338 3237 verissima,
1363 3185 1479 3241 qua
1501 3167 1664 3236 dicit,
1685 3172 1894 3240 praeter
1921 3168 2098 3222 istam

2195 673 2474 748 prodesse
2499 686 2615 728 non
2635 669 2810 741 volet,
2833 668 2962 726 sine
2988 668 3398 727 retractatione
3417 667 3574 726 male
3603 667 3855 742 pertina-

2195 761 2343 818 citer
2372 760 2634 818 sentiens
2656 759 2829 816 debet
2852 757 3097 829 retrudi,
3119 760 3179 815 et
3203 757 3265 815 in
3292 757 3427 833 ipsa
3445 756 3641 815 exsilii
3656 753 3751 815 vel
3771 760 3854 812 re-

2194 848 2480 908 trusionis
2501 847 2836 924 alligatione
2863 850 3149 922 perpetua
3175 860 3542 921 permanere,
3570 845 3690 904 nisi
3712 846 3857 903 forte

2195 942 2311 997 Deo
2331 937 2676 1012 respiciente
2704 936 3014 1012 resipiscat
3033 954 3068 994 a
3088 934 3302 993 diaboli
3331 936 3543 1010 laqueo
3565 950 3604 993 a
3623 950 3744 1009 quo
3765 946 3856 991 ca-

2198 1032 2336 1107 ptus
2353 1030 2608 1097 tenetur,
2635 1026 2710 1085 ad
2736 1026 2926 1101 ipsius
2946 1024 3482 1084 misericordissimi
3513 1028 3574 1082 et
3595 1023 3861 1099 omnipo-

2197 1116 2518 1174 tentissimi
2556 1115 2789 1175 Domini
2816 1113 3202 1187 voluntatem,
3227 1114 3381 1172 sicut
3410 1127 3478 1170 ex
3508 1112 3859 1171 auctoritate

2200 1205 2458 1280 epistolae
2489 1205 2687 1280 magni
2719 1222 2881 1280 papae
2913 1203 3125 1262 Leonis
3153 1192 3633 1261 ad'Pulcheriam
3661 1203 3857 1276 Augu-

2202 1299 2352 1352 stam
2385 1296 2564 1368 (epist.
2587 1294 2679 1366 47)
2716 1292 3106 1368 percepimus,
3135 1291 3194 1348 in
3227 1306 3345 1366 qua
3390 1291 3689 1366 scriptum
3723 1294 3857 1348 est:

2203 1406 2231 1435 α
2255 1382 2336 1440 De
2364 1382 2645 1457 Eutyche,
2672 1382 2886 1457 inquit,
2923 1381 3105 1439 totius
3133 1378 3394 1438 scandali
3441 1384 3502 1438 et
3551 1378 3861 1454 pravitatis

2203 1471 2568 1554 auctore‘hoc
2590 1471 2898 1528 clementia
2914 1473 3110 1528 vestra
3126 1469 3446 1544 precipiat,
3459 1473 3529 1526 ut
3549 1468 3626 1527 ab
3646 1482 3720 1526 eo
3739 1464 3861 1527 loco

2205 1560 2305 1636 qui
2325 1559 2980 1635 Constantinopolitanm
3005 1558 3139 1616 urbi
3169 1558 3348 1617 nimis
3372 1558 3611 1616 vicinus
3632 1562 3728 1616 est
3744 1557 3864 1616 lon-

2204 1650 2338 1725 gius
2356 1655 2484 1708 tran
2493 1650 2764 1721 sferatur,
2777 1666 2850 1707 ne
2869 1646 3364 1724 frequentioribus
3381 1647 3616 1707 solatiis
3632 1657 3859 1720 comm,

2206 1756 2355 1816 quos
2375 1739 2447 1797 ad
2468 1739 2827 1813 impietatem
2844 1756 3013 1797 suam
3034 1736 3474 1809 traxit,utatur;
3496 1737 3860 1795 monasterio

2208 1845 2440 1904 quoque
2469 1827 2678 1902 ipsius,
2702 1827 2796 1885 cui
2821 1828 3144 1902 perniciose
3169 1826 3531 1902 indigneque
3561 1825 3858 1901 praesedit,

2209 1917 2562 1976 catholicum
2595 1917 2865 1975 abbatem
2888 1917 3095 1990 jubete
3119 1916 3400 1992 praeponi,
3423 1916 3526 1991 qui
3558 1915 3729 1974 illam
3750 1924 3862 1975 ser-

2202 2022 2412 2064 vorum
2467 2006 2571 2064 Dei
2625 2007 3156 2082 congregationem,
3187 2010 3246 2064 et
3282 2023 3319 2064 a
3357 2021 3538 2080 pravo
3587 2005 3862 2081 dogmate

2206 2095 2475 2168 liberare,
2505 2099 2563 2152 et
2606 2095 2896 2153 institutis
2948 2094 3211 2153 veritatis
3267 2095 3457 2169 possit
3511 2094 3860 2153 imbuere.»

2209 2185 2354 2254 Quia
2381 2202 2514 2243 vero
2545 2186 2617 2242 de
2643 2185 2986 2259 hujusmodi
3014 2188 3296 2258 tanquam
3329 2184 3400 2242 de
3428 2182 3636 2243 dubiis
3663 2184 3862 2259 diapa-

2207 2279 2333 2332 tare
2351 2291 2467 2331 non
2491 2275 2832 2341 debeamus,
2846 2272 3006 2331 idem
3028 2274 3140 2330 Leo
3163 2273 3235 2331 ad
3256 2272 3619 2332 Martianum
3639 2274 3862 2349 Augus-

2207 2368 2337 2421 tum
2369 2365 2546 2438 (epist.
2569 2364 2658 2436 45)
2683 2381 2697 2422 :
2721 2385 2752 2416 «
2781 2362 2889 2420 Per
2943 2361 3167 2438 ipsum,
3198 2361 3499 2437 inquiens,
3537 2362 3858 2423 Dominum

2207 2456 2473 2510 nostrum
2490 2453 2692 2510 Jesum
2711 2451 3028 2520 Christum,
3044 2450 3145 2526 qui
3160 2451 3323 2526 regni
3343 2448 3521 2509 vestri
3541 2454 3641 2510 est
3659 2457 3863 2510 auctor

2207 2545 2266 2599 et
2294 2547 2500 2611 rector,
2521 2541 2782 2599 obtestor
2808 2545 2867 2599 et
2907 2542 3146 2599 obsecro
3176 2539 3548 2599 clementiam
3578 2542 3860 2611 vestram,

2206 2631 2352 2688 utin
2381 2631 2653 2705 praesenti
2674 2632 2892 2706 synodo
2922 2631 3120 2703 ﬁdem,
3143 2644 3322 2704 quam
3344 2629 3500 2687 beati
3530 2630 3739 2688 Patres
3758 2644 3858 2688 no-

2205 2721 2311 2778 stri
2343 2721 2415 2777 ab
2446 2719 2726 2794 apostolis
2756 2720 2867 2776 sibi
2921 2720 3194 2777 traditam
3225 2718 3711 2794 praedicaverunt,
3744 2734 3858 2777 non

2208 2809 2516 2884 patiamini
2538 2809 2706 2883 quasi
2728 2808 2967 2885 dubiam
2997 2809 3323 2879 retractari,
3347 2812 3406 2866 et
3425 2814 3563 2884 quae
3578 2806 3723 2868 olim
3746 2823 3861 2867 ma-

2199 2900 2401 2972 jorum
2459 2902 2598 2956 sunt
2652 2898 2996 2955 auctoritate
3042 2899 3341 2969 damnata,
3374 2898 3650 2956 redivivis
3706 2909 3860 2957 nunc

2209 3005 2327 3045 non
2364 2986 2717 3061 permittatis
2746 2987 3054 3047 conatibus
3081 2987 3320 3044 excitari
3364 2986 3636 3062 illudque
3666 2986 3860 3062 potius

2199 3076 2480 3150 jubeatis,
2503 3081 2570 3134 ut
2599 3076 2845 3150 antiqua
2883 3077 3126 3133 Nicaanae
3173 3076 3377 3151 synodi
3408 3079 3863 3152 constituta,»

2208 3170 2370 3223 mota
2388 3165 2793 3223 haereticorum
2813 3164 3307 3239 interpretatione,
3334 3166 3865 3240 permaneant.»Et

450 3255 877 3329 blasphemiam
910 3258 1063 3329 quod
1098 3257 1283 3312 dcitas
1313 3256 1396 3312 sic
1427 3255 1810 3329 personaliter
1838 3256 1915 3313 sit
1943 3257 2100 3313 trina
2207 3254 2347 3312 item
2391 3256 2461 3312 ad
2519 3256 2766 3312 Leonem
2811 3256 3146 3328 Augustum
3175 3254 3318 3330 (Leo,
3350 3257 3509 3328 epist.
3541 3257 3639 3330 84)
3671 3256 3819 3314 dicit
3849 3270 3867 3315 :

450 3348 517 3401 ut
545 3348 632 3402 est
661 3344 1006 3402 naturaliter
1033 3358 1170 3414 una,
1205 3345 1346 3418 quia
1386 3345 1541 3401 sicut
1577 3345 1733 3401 Deus
1780 3344 1995 3401 electos
2024 3345 2098 3401 ad
2127 3333 2171 3400 C
2205 3368 2232 3396 ‹‹
2268 3343 2613 3414 Praenoscat,
2636 3342 2935 3417 inquiens,
2957 3343 3146 3417 pietas
3172 3347 3277 3401 tua
3298 3343 3656 3402 venerabilis
3686 3345 3870 3420 impe-

450 3450 697 3508 regnum
729 3438 1031 3504 aeternum,
1064 3432 1145 3489 ita
1189 3434 1467 3508 reprobos
1507 3435 1579 3490 ad
1621 3434 1917 3490 interitum
1952 3451 2096 3506 pra:-

449 3522 764 3579 destinavit
809 3526 1116 3592 teternum,
1147 3528 1206 3579 ct
1234 3541 1350 3580 non
1398 3523 1524 3579 vult
1570 3539 1775 3580 omnes
1826 3522 2098 3580 homines

447 3609 640 3669 salvos
668 3610 816 3681 ﬁeri,
848 3611 961 3667 nisi
1014 3615 1242 3668 tantum
1278 3629 1378 3669 eos
1407 3611 1506 3685 qui
1547 3610 1862 3680 salvantur,
1894 3615 1952 3667 et
1979 3628 2095 3668 non

446 3705 538 3759 est
565 3717 779 3775 passus
810 3701 923 3759 nisi
964 3703 1374 3758 tantummodo
1413 3718 1518 3774 pro
1557 3698 1777 3767 electis,
1800 3703 1858 3756 et
1895 3699 2097 3757 nullus

447 3788 518 3846 de
548 3789 619 3848 iis
648 3788 851 3864 periei,
873 3808 978 3865 pro
1009 3791 1226 3865 quibus
1255 3790 1424 3848 fusus
1467 3793 1556 3848 est
1585 3788 1828 3863 sanguis
1856 3788 2092 3861 Christi,

445 3894 615 3937 nemo
637 3879 830 3937 ﬁdelis
847 3897 913 3936 ac
934 3880 1168 3937 sobrius
1186 3896 1426 3935 sensum
1446 3879 1614 3935 debet
1631 3879 2093 3949 accommodare,

443 3969 764 4040 praesertim
795 3986 929 4025 cum
961 3969 1248 4025 Dominus
1288 3967 1424 4023 hinc
1451 3968 1626 4024 verbo
1654 3971 1712 4024 et
1741 3967 2002 4041 exemplo
2033 3968 2092 4024 in

443 4057 856 4130 congressione
877 4061 1079 4113 contra
1105 4056 1425 4126 diabolum,
1451 4055 1659 4113 dixerit
1682 4073 1694 4113 :
1717 4057 1832 4113 Non
1864 4057 2095 4115 tentabis

440 4144 735 4200 Dominum
761 4147 931 4202 Deum
962 4153 1116 4202 tuum
1145 4145 1350 4215 (Matth.
1384 4163 1460 4215 iV,
1491 4146 1570 4220 7),
1605 4144 1705 4219 qui
1739 4149 1806 4202 ut
1833 4146 2093 4219 omnipo-

441 4235 572 4288 tens
612 4248 783 4305 agere
827 4236 1051 4306 poterat
1083 4234 1237 4306 quod
1269 4234 1540 4291 diabolus
1588 4233 2002 4308 postulaverat,
2035 4239 2094 4292 et

441 4320 553 4377 iste
582 4319 823 4394 implere
855 4339 969 4378 non
1015 4322 1203 4396 possit
1233 4322 1387 4396 quod
1420 4322 1567 4380 falso
1606 4328 1663 4380 et
1704 4324 2092 4380 inverecunde

441 4409 752 4484 conﬁngit;
775 4410 877 4467 sed
909 4409 1226 4485 apostolico
1246 4411 1366 4468 zelo
1389 4430 1729 4480 succensus,
1754 4417 1957 4470 contra
1980 4412 2090 4470 hu-

431 4498 694 4571 jusmodi
729 4500 1058 4556 mortiferas
1103 4500 1531 4574 suggestiones,
1562 4501 1721 4558 velut
1758 4502 2089 4559 antidotum

439 4586 674 4645 salubre
722 4589 892 4645 debet
938 4591 1109 4646 corde
1139 4595 1197 4646 et
1239 4607 1335 4646 ore
1366 4592 1622 4664 proferre
1650 4609 1664 4648 :
1690 4592 1749 4649 Si
1792 4592 1946 4666 quis,
1998 4591 2087 4649 in-

2207 3436 2384 3501 rator,
2398 3433 2507 3489 hos
2519 3449 2668 3507 quos
2684 3433 2943 3506 spondeo
2959 3430 3439 3506 dirigendos,non
3456 3432 3529 3490 ad
3547 3434 3869 3510 conﬂigen-

2206 3522 2349 3579 dum
2374 3538 2510 3579 cum
2553 3521 2826 3580 hostibus
2858 3521 3015 3590 ﬁdei,
3039 3536 3147 3579 nec
3177 3537 3244 3578 ac
3282 3520 3631 3579 certandum
3664 3528 3873 3580 contra

2204 3609 2358 3682 illos,
2385 3627 2420 3667 a
2448 3611 2585 3668 sede
2618 3609 2940 3686 apostolica
2959 3611 3322 3684 proﬁacturos
3345 3627 3360 3667 :
3385 3610 3487 3685 qui
3507 3609 3583 3668 de
3612 3611 3797 3669 rebus
3815 3612 3873 3668 et

2209 3701 2364 3774 apud
2396 3700 2650 3758 Nicaeam
2681 3704 2740 3757 ct
2764 3700 2919 3774 apud
2939 3698 3390 3770 Chalcedonam,
3414 3699 3570 3756 sicut
3598 3698 3721 3758 Deo
3750 3699 3873 3776 pla-

2204 3788 2348 3861 cuit,
2381 3789 2672 3862 difﬂnitis,
2707 3787 2937 3846 nullum
2984 3787 3134 3846 inire
3175 3788 3465 3847 audemus
3522 3792 3869 3858 tractatum,

2203 3881 2488 3952 tanquam
2521 3877 2702 3934 dubia
2717 3876 2805 3934 vel
2834 3876 3070 3934 inﬁrma
3099 3876 3237 3946 sint,
3257 3892 3385 3950 quae
3416 3881 3588 3935 tanta
3616 3892 3724 3953 per
3741 3878 3869 3954 Spi.

2204 3967 2382 4025 ritum
2414 3970 2683 4024 sanctum
2719 3965 2845 4022 ﬁxit
2873 3964 3212 4024 auctoritas.
3248 3965 3633 4024 Instructioni
3665 3968 3871 4025 autem

2202 4055 2578 4129 parvulorum
2610 4059 2966 4124 nostrorum,
2997 4055 3097 4128 qui
3131 4059 3265 4128 post
3286 4053 3476 4112 ’lactis
3515 4053 3865 4114 alimoniam

2203 4145 2332 4202 cibo
2363 4145 2698 4202 desiderant
2742 4143 3016 4202 solidiore
3063 4143 3287 4213 satiari,
3318 4144 3637 4203 ministerii
3670 4144 3867 4203 nostri

2201 4233 2541 4307 prtesidium
2572 4250 2687 4290 non
2718 4249 3026 4308 negamus,
3045 4237 3104 4290 et
3133 4232 3287 4291 sicut
3316 4233 3713 4307 simpliciores
3742 4248 3862 4292 non

2201 4322 2556 4396 spernimus,
2591 4322 2671 4379 ita
2699 4339 2735 4380 a
2761 4321 3079 4380 rebellibus
3126 4321 3414 4381 haereticis
3463 4323 3860 4394 abstinemus,

2200 4427 2490 4468 memores
2512 4410 2780 4486 prmcepti
2805 4411 3091 4468 Dominici
3112 4411 3393 4470 dicentis:
3411 4411 3594 4470 Nolite
3607 4421 3863 4471 sanctum

2197 4501 2330 4560 dare
2356 4503 2607 4569 canibus,
2629 4518 2802 4576 neque
2842 4502 3108 4560 miseritis
3134 4503 3468 4572 margaritas
3498 4511 3707 4561 vestra:
3734 4511 3867 4562 ante

2193 4608 2382 4664 porros
2414 4591 2617 4666 (Matth.
2651 4608 2750 4660 vn,
2780 4590 2858 4665 6).
2890 4590 3080 4647 Nimis
3127 4588 3345 4665 quippe
3392 4590 3727 4665 indignum,
3759 4593 3862 4648 ni—

438 4677 666 4774 qu‘i-cns,
689 4676 860 4734 aliter
886 4677 1364 4751 evangelizaverit
1393 4686 1604 4751 praeter
1630 4680 1688 4737 id
1721 4683 1876 4754 quod
1908 4699 2086 4738 evan-o
2117 4707 2165 4774 Β
2198 4682 2429 4754 misque
2459 4681 2748 4752 injustum
2787 4684 2896 4747 est,
2927 4695 3027 4736 eos
3075 4680 3145 4736 ad
3196 4678 3527 4741 libertatem
3558 4681 3857 4756 discepta-

434 4764 746 4839 gelizatum
763 4771 1116 4824 cstasancto
1134 4767 1592 4842 Spiritupcrora
1611 4771 2084 4844 supradictorum
2119 4764 2158 4774 ”
2197 4769 2375 4828 tionis
2407 4770 2661 4837 admitti,
2689 4786 2838 4843 quos
2869 4769 3164 4844 signiﬁcat
3193 4769 3448 4843 Spiritus
3476 4775 3721 4828 sanctus
3750 4790 3861 4848 per

434 4854 741 4912 doctorum
772 4859 827 4912 et
857 4860 1195 4913 sanctorum
1218 4857 1626 4931 episcoporum
1659 4859 1716 4915 in
1749 4878 1849 4916 sex
1877 4861 2082 4932 praefa-

430 4944 509 5000 tis
530 4945 815 5013 conciliis,
831 4945 901 5002 de
926 4946 1151 5003 unitate
1171 4946 1426 5015 deitatis,
1441 4965 1568 5021 qum
1590 4953 1679 5004 est
1704 4948 1902 5005 unitas
1922 4949 2086 5005 trini-

432 5033 594 5104 tatis,
616 5036 764 5092 etde
785 5035 1061 5092 omnibus
1081 5034 1356 5109 capitulis
1386 5038 1458 5093 ad
1489 5038 1871 5095 orthodoxam
1904 5039 2081 5096 ﬁdem

431 5122 761 5196 specialiter
781 5123 1361 5198 pertinentibus,qua-
1384 5125 1674 5182 catholica
1688 5131 1743 5182 et
1764 5127 2081 5199 apostolica

429 5211 707 5284 praedicat
736 5218 792 5269 et
823 5216 979 5269 tenet
1006 5212 1282 5283 Ecclesia,
1313 5214 1628 5270 anathema
1666 5215 1762 5271 sit.
1786 5215 1857 5270 Et
1886 5217 1957 5272 de
1986 5217 2079 5275 his

427 5315 556 5373 qua:
573 5303 897 5359 secundum
915 5300 1212 5358 tramitem
1226 5301 1664 5377 Scripturarum
1681 5303 2080 5362 traditionem-

427 5405 540 5462 que
569 5391 861 5463 majorum
894 5391 1149 5448 diﬂiuita
1185 5397 1344 5462 sunt,
1371 5397 1576 5448 contra
1606 5391 2075 5467 Gothescalcum,

422 5477 511 5534 vel
546 5484 752 5536 contra
780 5497 1190 5554 quemcunque
1220 5481 1422 5550 alium,
1448 5481 1508 5536 in
1531 5497 1942 5555 quamcunque
1964 5483 2078 5544 dis.

423 5568 786 5640 putationem
842 5570 1063 5627 intrare
1118 5587 1290 5627 nemo
1337 5570 1510 5626 debet
1563 5587 1937 5646 praesumere,
1971 5576 2072 5632 sed

422 5656 759 5728 damnatus,
792 5662 857 5715 ut
886 5659 1088 5733 spuria
1106 5658 1453 5716 vitulamina
1472 5658 1533 5715 in
1554 5659 1684 5733 ipsa
1702 5660 1897 5718 radice
1918 5680 2074 5720 ama-

2194 4859 2543 4932 Propbetam
2562 4859 2783 4927 dicens,
2796 4861 2931 4916 Filii
2947 4858 3123 4917 alieni
3138 4862 3359 4917 mentiti
3375 4869 3503 4917 sunt
3519 4861 3667 4918 mihi
3675 4860 3852 4936 (Pani,

2190 4966 2329 5018 xvu,
2353 4950 2464 5020 46).
2483 4948 2590 5015 Qui
2617 4949 2793 5006 etiam
2825 4948 2874 5004 si
2906 4947 3212 5024 Evangelis
3244 4966 3355 5007 non
3390 4949 3753 5022 resisterent,
3774 4950 3854 5008 de

2190 5037 2310 5094 illis
2330 5042 2526 5095 tamen
2551 5054 2613 5093 se
2633 5055 2762 5094 esse
2783 5041 3198 5108 monstrarent,
3223 5038 3295 5095 de
3317 5037 3535 5113 quibus
3554 5039 3851 5112 scriptum

2189 5132 2279 5184 est
2302 5145 2316 5184 :
2345 5132 2517 5184 Deum
2544 5144 2602 5185 se
2622 5128 2950 5200 proﬁtentur
2975 5128 3135 5196 scire,
3161 5127 3325 5199 factis
3352 5134 3533 5184 autem
3557 5135 3789 5202 negant.
3816 5150 3850 5179 ιο

2186 5216 2258 5274 Et
2286 5217 2426 5274 item
2461 5216 2532 5274 ad
2571 5218 2844 5274 eumdem
2880 5218 3213 5292 Augustum
3253 5215 3395 5273 dicit
3425 5233 3493 5273 τί(
3517 5216 3655 5284 Quae
3687 5221 3852 5291 pate-

2190 5305 2343 5362 facta
2371 5308 2512 5362 sunt
2555 5320 2831 5378 quaerere,
2855 5321 2982 5378 qum
3016 5305 3274 5378 perfecta
3315 5307 3457 5362 sunt
3499 5309 3844 5376 retractare,

2187 5398 2245 5451 et
2287 5410 2417 5468 quae
2474 5398 2614 5452 sunt
2660 5393 2912 5452 ditiinita
2959 5393 3300 5464 convellere,
3333 5392 3475 5467 quid
3532 5392 3696 5451 aliud
3750 5398 3851 5452 est

2186 5501 2364 5559 quam
2395 5484 2467 5541 de
2497 5482 2724 5556 adeptis
2763 5482 3012 5556 gratiam
3044 5498 3162 5540 non
3209 5482 3442 5552 referre,
3467 5486 3525 5539 et
3552 5480 3625 5539 ad
3655 5482 3843 5538 inter-

2183 5575 2348 5632 dictae
2380 5573 2606 5632 arboris
2634 5571 2833 5629 cibum
2863 5572 3163 5647 improbos
3193 5572 3488 5646 appetitus
3519 5572 3839 5629 mortifere

2179 5662 2520 5739 cupiditatis
2549 5660 2893 5720 extendere?
2914 5683 2944 5713 »
2967 5662 3182 5719 Beatus
3212 5674 3448 5735 quoque
3483 5659 3839 5721 Ambrosius

421 5744 720 5821 ritudinis,
743 5749 900 5809 484
927 5749 1016 5809 vel
1046 5749 1268 5822 exsilio,
1290 5746 1380 5807 vel
1410 5747 1728 5825 ergastulo,
1761 5756 2070 5830 separatus
2175 5754 2239 5815 in
2269 5752 2419 5814 libro
2439 5752 2632 5831 primo
2651 5751 2722 5812 de
2742 5751 2880 5814 Fide
2897 5751 2971 5813 ad
2991 5750 3360 5825 Gratianum,
3390 5751 3835 5830 imperatorem,
