4018 6486
215 447 324 520 497

1229 447 1333 510 DE
1377 447 1537 524 UNA
1580 448 1680 511 ET
1724 449 1882 512 NON
1927 451 2168 514 TBINA
2211 453 2577 518 DEITATE.

3487 465 3608 528 498

212 578 356 650 4³5
377 580 432 636 et
453 579 692 638 sanctus
709 577 1080 672 Augustinus
1109 580 1170 638 in
1199 579 1348 638 libro
1369 584 1572 640 contra
1591 581 1850 656 quinque
1882 583 1934 652 Α
1961 589 2019 641 et
2049 586 2277 644 decreto
2311 606 2556 648 numero
2577 589 2983 666 episcoporum
3013 594 3072 651 in
3095 613 3274 654 causa
3293 599 3448 658 480
3474 615 3610 672 pre-

207 669 455 736 hostium
496 685 733 742 genera,
785 673 844 726 et
893 669 1119 743 Agatho
1168 689 1341 745 papa,
1374 688 1440 728 ac
1491 672 1854 744 Sophronius

204 756 732 831 Hierosolymorum
765 757 1097 832 episcopus,
1119 759 1390 817 similiter
1409 761 1748 829 sentientes,
1775 765 1857 818 at-

205 863 314 923 qua
327 845 558 902 Proclus
572 845 1258 920 Constantinopolitanus
1275 849 1588 922 episcopus
1609 849 1810 906 dicens
1834 873 1847 910 :

207 935 507 1010 Fugiamus
555 934 928 994 turbulentos
959 941 1016 992 et
1063 954 1327 995 caenosos
1380 939 1627 995 fallaciis
1676 939 1848 1015 rivos,

205 1031 382 1084 sectas
413 1029 596 1084 Deum
627 1025 1202 1098 impugnantes,Arii
1233 1027 1362 1083 dico
1394 1027 1674 1096 furorem,
1705 1029 1848 1084 divi-

200 1114 417 1176 dentem
465 1112 832 1170 individuam
867 1115 1224 1172 Trinitatem
1278 1115 1336 1170 in
1372 1117 1578 1189 quinta
1627 1119 1848 1190 synodo

199 1203 525 1273 scribentes,
549 1207 607 1259 et
637 1208 880 1261 sanctus
910 1205 1275 1262 Athanasius
1303 1204 1362 1260 in
1395 1205 1560 1262 libris
1591 1206 1715 1261 suis
1747 1207 1845 1262 de-

203 1296 478 1352 monstrat
517 1293 640 1348 haec
688 1309 816 1366 quae
852 1293 1270 1352 Gothescalcus
1321 1293 1546 1362 didicit,
1579 1294 1847 1352 videlicet

199 1381 326 1456 quia
358 1381 514 1439 sicut
543 1381 698 1438 Deus
741 1381 1128 1456 personaliter
1163 1387 1253 1440 est
1298 1384 1510 1450 trinus,
1543 1384 1626 1441 sic
1656 1385 1844 1442 deitas

196 1469 566 1544 personaliter
593 1474 684 1530 est
712 1471 888 1540 trina,
921 1473 1180 1528 sensisse
1210 1473 1518 1546 praafatum
1548 1473 1753 1528 Arium
1788 1477 1845 1530 et

194 1557 490 1633 complices
523 1560 654 1632 ejus
684 1559 744 1616 in
783 1577 952 1617 sacra
981 1561 1214 1618 Nicaena
1245 1563 1464 1633 synodo
1495 1563 1844 1619 condemna-

195 1652 306 1710 tos:
333 1665 478 1721 quos
499 1665 638 1704 cum
660 1649 938 1706 omnibus
957 1650 1057 1722 qui
1081 1654 1283 1706 contra
1305 1649 1639 1723 symbolum
1666 1650 1838 1707 Nicae-

194 1753 324 1806 num
351 1737 570 1796 sentire
599 1743 986 1812 praesumunt,
1011 1739 1212 1795 omnia
1253 1739 1502 1796 concilia
1547 1740 1839 1796 catholica

195 1826 617 1896 damnaverunt
640 1832 698 1884 et
717 1828 1022 1886 damnant.
1043 1829 1206 1885 Unde
1229 1829 1286 1886 S.
1305 1829 1571 1886 Gelasius
1596 1830 1668 1884 ad
1701 1830 1836 1885 uni-

190 1932 370 1988 versos
391 1915 703 1992 episcopos
733 1934 836 1990 per
874 1917 1232 1975 Darnaniam
1275 1917 1626 1974 canstitutos
1657 1919 1832 1990 (epist.
1867 1955 1914 2024 Β

193 2005 269 2076 ll,
300 2006 355 2063 in
398 2007 726 2079 principio),
755 2029 782 2058 ‹‹
809 2007 1028 2075 Patres,
1073 2006 1286 2080 inquit,
1331 2005 1516 2063 nostri
1565 2007 1834 2064 catholici

189 2093 442 2166 videlicet
471 2095 748 2168 doctique
785 2096 1096 2169 pontiﬁces
1127 2095 1191 2152 in
1226 2113 1590 2168 unaquaque,
1629 2095 1836 2152 haeresi

190 2181 434 2256 quolibet
462 2188 729 2258 tempore
759 2183 1066 2254 suscitata,
1091 2183 1379 2258 quidquid
1427 2202 1530 2256 pro
1562 2185 1698 2256 ﬁde,
1729 2201 1834 2256 pro

187 2263 428 2342 veritate,
453 2289 560 2347 pro
598 2273 1012 2330 communione
1052 2273 1342 2330 catholica
1381 2279 1556 2347 atque
1603 2277 1833 2346 aposto-

188 2359 305 2430 lica,
326 2362 656 2420 secundum
675 2361 1112 2434 Scripturarum
1136 2363 1456 2430 tramitem,
1478 2362 1833 2436 przedicatio-

189 2466 426 2526 nemque
445 2451 768 2524 majorum,
788 2451 944 2508 facta
963 2451 1143 2507 semel
1168 2450 1614 2525 congregatione
1635 2471 1834 2512 sanxe-

192 2545 316 2610 runt
355 2537 773 2598 inconvulsum
803 2539 1116 2598 voluerunt
1151 2540 1424 2612 deinceps
1474 2542 1832 2614 ﬁrmumque

191 2632 460 2700 constare,
479 2645 591 2687 nec
613 2629 674 2686 in
695 2629 806 2687 hac
823 2629 1028 2688 eadem
1043 2645 1222 2688 causa
1245 2629 1434 2686 denuo
1451 2647 1578 2702 quae
1600 2632 1834 2702 praeﬁxa

192 2717 410 2788 fuerant
458 2720 764 2782 retractari
809 2719 1070 2792 qualibet
1115 2720 1330 2776 recenti
1376 2720 1831 2792 praesumptione

196 2808 598 2880 permiserunt,
640 2809 1073 2882 sapientissime
1125 2809 1512 2882 pervidentes,
1552 2809 1829 2882 quoniam

195 2895 240 2952 si
266 2897 492 2956 decreta
519 2898 838 2955 salubriter
867 2899 1078 2972 cuique
1105 2897 1306 2954 liceret
1344 2888 1574 2966 iterare,
1599 2899 1829 2957 nullum

195 2991 383 3044 contra
406 2987 678 3062 singulos
694 3003 959 3060 quosque
980 3003 1221 3059 prorsus
1239 3003 1462 3044 errores
1483 2987 1690 3044 stabile
1705 3005 1834 3061 per-

195 3073 410 3155 sisteret
428 3075 703 3134 Ecclesiae
735 3075 1144 3144 constitutum,
1160 3093 1226 3132 ac
1248 3093 1480 3150 semper
1507 3076 1716 3134 iisdem
1738 3079 1827 3134 fu-

194 3163 408 3230 roribus
427 3164 703 3224 recidivis
717 3165 911 3222 omnis
931 3165 1160 3240 integra
1177 3164 1450 3222 difﬁnitio
1470 3167 1826 3224 turbaretur.

193 3253 324 3311 Nam
353 3254 402 3312 si
429 3255 728 3311 limitibus
758 3253 935 3311 etiam
981 3253 1233 3328 praeﬁxis
1271 3255 1596 3328 positarum
1649 3256 1828 3313 semel

193 3343 547 3416 synodalium
598 3343 958 3417 regularum,
989 3327 1105 3400 non
1151 3327 1385 3400 cessant
1433 3343 1588 3402 elisa
1635 3350 1828 3418 pestes
1859 3327 1904 3394 (ἶ

192 3433 492 3506 resumptis
523 3433 949 3492 certaminibus
979 3437 1180 3490 centra
1219 3434 1668 3491 fundamentum
1701 3453 1828 3492 sese

189 3521 435 3582 veritatis
465 3521 754 3590 attollere,
779 3525 836 3578 et
871 3521 1166 3595 simplicia
1195 3539 1438 3595 quaeque
1481 3524 1656 3580 corda
1698 3541 1826 3597 per-

193 3611 539 3686 cutere,quid
563 3611 734 3667 ﬁeret
761 3609 812 3668 si
837 3609 1086 3668 subinde
1116 3611 1204 3668 fas
1233 3616 1388 3668 esset
1415 3611 1652 3685 perﬁdis
1679 3611 1829 3668 inire

193 3699 526 3776 concilium?
546 3717 686 3758 cum
707 3699 1034 3774 quamlibet
1051 3700 1154 3756 illa
1183 3701 1495 3756 manifesta
1515 3701 1591 3757 sit
1617 3701 1825 3756 verita-

194 3786 280 3862 tis,
301 3806 609 3864 nunquam
641 3788 792 3846 desit
809 3789 966 3862 quod
997 3788 1322 3863 perniciosa
1341 3791 1646 3862 depromat
1674 3789 1828 3846 falsi~

195 3880 292 3946 tas,
306 3883 362 3936 et
380 3878 429 3938 si
442 3869 682 3946 ratione
701 3877 790 3934 vel
810 3877 1155 3936 auctoritate
1175 3879 1468 3948 deﬁciens,
1486 3878 1610 3936 sola
1628 3883 1826 3935 tamen

194 3963 499 4025 intentione
539 3985 659 4024 non
690 3967 922 4024 cedens.
957 3969 1090 4033 Quae
1131 3968 1381 4039 majores
1412 3967 1594 4024 nostri
1633 3966 1829 4023 divina

193 4053 562 4130 inspiratione
607 4059 931 4124 cernentes,
955 4055 1284 4112 necessario
1323 4059 1736 4127 praecaverunt,
1761 4061 1828 4112 ut

195 4144 333 4220 quod
361 4149 493 4202 acta
519 4143 705 4202 semel
735 4145 996 4218 synodus
1023 4161 1128 4218 pro
1150 4144 1283 4200 ﬁdei
1315 4145 1747 4213 communione,
1771 4148 1829 4201 et

192 4230 717 4310 veritatetcatbolica
728 4236 906 4306 atque
921 4231 1242 4306 apostolica
1253 4233 1828 4308 promulgasset,non

195 4318 432 4388 sinerent
458 4310 599 4396 post
639 4321 761 4378 haec
799 4322 966 4379 novis
1003 4323 1514 4380 retractationibus
1543 4323 1824 4394 mutilari,

195 4426 257 4468 ne
273 4411 459 4484 pravis
482 4411 713 4469 occasio
744 4411 1104 4486 praeberetur
1119 4429 1247 4484 quae
1271 4411 1694 4470 medicinaliter
1712 4415 1828 4470 fue-

193 4504 314 4558 rant
340 4505 562 4559 statuta
595 4499 872 4574 pulsandi
897 4517 910 4558 :
935 4501 1038 4558 sed
1069 4505 1305 4557 auctore
1333 4501 1648 4574 cujuslibet
1676 4503 1830 4560 insa-

195 4587 291 4646 nia:
319 4607 384 4646 ac
409 4591 632 4665 pariter
661 4606 852 4648 errore
873 4591 1150 4648 damnato
1173 4591 1440 4649 sufﬁcere
1459 4591 1824 4664 judicarunt,

1965 675 2182 748 sbyteri
2209 677 2295 734 vel
2337 679 2584 748 diaconi,
2611 699 2805 736 verum
2837 687 2892 738 ct
2922 683 2968 739 si
3003 703 3104 756 pro
3153 687 3464 743 manifesta
3493 687 3608 744 hae-

1963 765 2078 822 resi
2108 784 2142 825 a
2171 767 2294 823 solo
2327 785 2434 824 suo
2462 769 2736 842 episcopo
2770 771 2978 827 fuisset
3008 773 3340 844 damnatus,
3370 792 3484 833 non
3517 777 3610 833 de-

1963 854 2124 909 beret
2147 855 2215 911 de
2245 873 2312 911 eo
2345 858 2601 913 refricari
2632 859 2949 929 judicium,
2981 861 3132 916 sicut
3163 863 3426 920 Gelasius
3457 882 3607 937 papa

1959 942 2021 998 in
2043 943 2499 1001 Commonitorio
2523 949 2732 1003 Fausto
2756 948 3034 1020 magistro
3058 950 3310 1006 militum
3330 953 3606 1010 Constan-

1960 1031 2267 1105 tinopolim
2291 1035 2556 1108 fungenti
2581 1037 2770 1092 officio
2795 1037 3100 1110 legationis
3119 1039 3606 1114 delegato,osten-

1957 1123 2103 1178 dens
2134 1123 2556 1181 rationabiliter
2577 1144 2610 1181 a
2633 1127 2819 1183 Felice
2850 1145 2999 1201 papa
3017 1131 3292 1186 Acacium
3317 1131 3602 1189 Constan-

1955 1210 2406 1284 tinopolitanum
2439 1214 2780 1286 episcopum
2819 1217 3000 1272 fuisse
3038 1219 3383 1276 damnatum
3415 1221 3553 1278 dicit
3583 1238 3594 1276 :

1955 1321 1983 1350 «
2008 1300 2402 1370 Decessorem,
2427 1303 2718 1376 inquiens.
2755 1323 2952 1360 meum
2992 1312 3388 1364 exsecutorem
3421 1309 3602 1368 fuisse

1950 1389 2160 1446 veteris
2176 1391 2500 1460 constituti,
2517 1410 2632 1448 non
2652 1411 2808 1448 novae
2827 1396 3264 1452 constitutionis
3279 1403 3596 1469 auctorem,

1951 1479 2108 1549 quod
2139 1496 2254 1534 non
2282 1479 2472 1536 solum
2502 1483 2742 1553 praesuli
2765 1483 3082 1556 apostolico
3104 1486 3290 1543 facere
3319 1487 3469 1558 licet,
3497 1489 3598 1544 sed

1949 1571 2007 1624 et
2036 1567 2367 1640 cuicunque
2399 1570 2680 1642 pontiﬁci.
2705 1595 2731 1622 η
2759 1573 2826 1626 Et
2855 1572 3196 1643 hujusmodi
3223 1581 3600 1649 praesumpto-

1947 1672 2060 1724 res,
2103 1660 2168 1711 ut
2222 1657 2519 1713 Nicaenum
2570 1659 2712 1714 dicit
2759 1661 3094 1729 concilium,
3144 1664 3599 1724 anathematizat

1946 1743 2236 1800 catholica
2253 1751 2313 1800 et
2343 1747 2661 1818 apostolica
2680 1749 2955 1806 Ecclesia.
2983 1752 3052 1806 Et
3071 1753 3596 1826 Constantinopoli-

1945 1837 2150 1889 tanum
2200 1835 2533 1903 concilium,
2571 1837 2744 1892 ﬁdem
2807 1857 2920 1894 non
2973 1840 3302 1898 violandam
3353 1843 3588 1900 Patrum

1943 1927 2334 1979 trecentorum
2367 1924 2565 1979 decem
2595 1931 2651 1981 et
2680 1931 2828 1995 octo,
2862 1929 2962 2001 qui
3005 1931 3160 2002 apud
3209 1932 3460 1988 Nicaeam
3492 1933 3588 1989 Bi-

1943 2009 2156 2084 thynia:
2191 2018 2596 2082 convenerant,
2624 2019 2680 2071 et
2709 2034 2942 2073 manere
2974 2035 3100 2073 eam
3134 2021 3363 2075 ﬁrmam
3387 2025 3445 2077 et
3466 2027 3587 2076 sta-

1943 2100 2140 2170 bilem,
2175 2107 2232 2158 et
2274 2102 2881 2160 anathematizandam
2917 2123 3150 2164 omnem
3199 2107 3486 2164 haeresim.
3518 2111 3590 2166 Et

1943 2207 2175 2247 sacrum
2217 2191 2684 2248 Chalcedonensc
2723 2193 3038 2250 concilium
3077 2195 3393 2268 (concilium
3421 2197 3588 2253 Chalv

1941 2279 2077 2347 ced.,
2105 2281 2314 2335 actione
2339 2281 2394 2346 5,
2425 2281 2524 2335 sub
2553 2281 2681 2352 fine)
2707 2298 2753 2335 :u
2789 2282 3008 2338 Statuit
3038 2289 3239 2339 saneta
3270 2289 3328 2340 ct
3358 2285 3586 2342 univer-

1942 2367 2084 2424 salis
2103 2369 2362 2441 synodus
2392 2368 2632 2424 alteram
2655 2371 2830 2426 ﬁdem
2855 2371 2996 2426 nulli
3022 2371 3192 2427 licere
3219 2374 3586 2446 profcrre,vel

1941 2456 2326 2528 conscribere,
2349 2461 2450 2513 aut
2481 2475 2846 2530 componere,
2870 2464 2972 2515 aut
2999 2461 3235 2528 sentire,
3260 2467 3363 2518 aut
3383 2463 3587 2520 docere

1940 2545 2109 2602 aliter
2149 2563 2248 2602 eos
2295 2550 2490 2602 autem
2523 2547 2624 2619 qui
2673 2549 2801 2604 ausi
2849 2549 2969 2604 sint
3017 2567 3361 2622 componere
3409 2552 3586 2608 ﬁdem

1941 2635 2206 2701 alteram,
2230 2639 2330 2690 aut
2359 2636 2635 2708 proferre,
2663 2641 2766 2691 aut
2797 2637 3020 2704 docere,
3055 2643 3157 2694 aut
3185 2640 3413 2695 tradere
3441 2639 3582 2695 alte-

1940 2741 2072 2778 rum
2106 2723 2437 2795 symbolum
2467 2723 2682 2779 volenti
2716 2725 2801 2780 vel
2833 2727 3110 2798 converti,
3130 2727 3218 2782 vel
3250 2745 3318 2782 ex
3345 2727 3583 2802 gentili-

1939 2811 2050 2867 bus
2082 2812 2151 2866 ad
2177 2811 2567 2884 cognitionem
2603 2813 2860 2870 veritatis
2890 2815 3102 2882 venire,
3127 2814 3214 2874 vel
3244 2835 3312 2872 ex
3338 2817 3580 2885 Judaeis,

1936 2885 2026 2956 VH
2057 2900 2262 2956 heresi
2302 2917 2673 2972 quacunque,
2695 2919 2812 2971 cos,
2848 2902 2895 2956 si
2927 2903 3185 2977 episcopi
3234 2905 3451 2962 fuerint
3481 2911 3584 2962 aut

1937 2989 2152 3060 clerici,
2177 2990 2398 3047 alienos
2429 3007 2556 3047 esse
2575 2990 2878 3064 episcopos
2909 2993 2981 3046 ab
3012 2993 3352 3066 episcopatu
3381 2999 3439 3050 et
3466 2995 3578 3051 cle-

1938 3079 2088 3136 ricos
2110 3098 2144 3137 a
2163 3079 2334 3156 clero,
2354 3080 2404 3136 si
2424 3097 2558 3136 vero
2589 3080 2860 3136 monachi
2882 3085 2984 3137 aut
3012 3081 3144 3152 laici
3176 3082 3414 3150 fuerint,
3434 3102 3580 3140 ana-

1936 3169 2358 3226 thematizari.»
2382 3171 2452 3226 Et
2471 3169 2593 3225 haec
2615 3170 2814 3226 omnia
2833 3175 3116 3227 venerunt
3139 3189 3315 3245 super
3334 3173 3578 3230 Gothes-

1937 3259 2080 3316 ealci
2102 3263 2298 3332 caput,
2323 3261 2378 3313 ct
2400 3276 2504 3314 nec
2529 3257 2612 3314 sic
2637 3263 2726 3314 est
2753 3260 2824 3314 ad
2856 3277 2919 3316 se
2943 3260 3362 3333 pereutientem
3392 3279 3578 3318 rever-

1937 3364 2058 3403 sus.
2083 3347 2234 3402 Bene
2285 3345 2496 3402 facient
2543 3346 2724 3419 igitur
2750 3348 3110 3404 venerabiles
3143 3349 3349 3407 fratres
3397 3349 3584 3407 nostri

1937 3435 2207 3492 monachi
2227 3435 2333 3491 viri
2365 3435 2644 3509 religiosi,
2668 3435 2716 3491 si
2749 3437 2831 3492 ita
2851 3441 2916 3492 ut
2937 3436 3218 3510 scriptum
3249 3439 3501 3496 habetur
3519 3440 3580 3496 in

1936 3525 2089 3581 beati
2115 3525 2407 3581 Benedicti
2440 3525 2660 3599 regula,
2685 3544 2860 3598 quam
2881 3527 3267 3599 jurejurando
3299 3547 3361 3586 se
3390 3530 3584 3586 obser-

1933 3618 2172 3670 vaturos
2229 3613 2474 3685 professi
2533 3619 2695 3680 sunt,
2740 3615 3132 3671 obedientiam
3189 3617 3581 3688 dependentes

1934 3700 2123 3758 eidem
2170 3701 2322 3758 Patri
2373 3703 2767 3771 sanctissimo,
2791 3702 2908 3758 imo
2957 3709 3158 3759 sancto
3190 3704 3431 3776 Spiritui
3478 3705 3580 3777 qui

1935 3807 2038 3862 per
2067 3807 2199 3846 eum
2233 3789 2462 3846 loeutus
2495 3796 2601 3859 est,
2627 3791 2842 3847 relictis
2865 3810 2979 3848 non
3004 3793 3350 3848 necessariis
3371 3811 3578 3865 super-

1935 3878 2296 3936 stitiosorum
2319 3880 2860 3951 compositionibus,
2880 3881 3065 3935 sancti
3087 3880 3398 3949 Ambrosii,
3425 3882 3582 3938 sicut

1935 3967 2060 4042 ipse
2091 3974 2328 4024 sanctus
2361 3969 2708 4024 Benedictus
2747 3969 3026 4041 praecipit,
3061 3968 3144 4024 vel
3179 3969 3580 4026 nominatissi-

1935 4073 2168 4112 morum
2219 4061 2391 4130 atque
2438 4057 2892 4114 orthodoxorum
2941 4057 3210 4130 hymnos,
3245 4059 3314 4114 de
3363 4057 3584 4130 quibus

1935 4145 2292 4202 sufﬁcienter
2307 4146 2542 4216 habent,
2559 4147 2619 4200 in
2641 4146 2870 4202 diurnis
2888 4164 2953 4202 ac
2978 4147 3281 4202 nocturnis
3303 4145 3580 4205 laudibus

1935 4235 2027 4290 usi
2059 4233 2294 4303 fuerint,
2321 4233 2382 4289 in
2413 4234 2630 4307 quibus
2659 4239 2714 4290 et
2744 4235 3030 4292 catholica
3059 4237 3206 4292 ﬁdes
3255 4235 3492 4302 redolet,
3524 4241 3582 4294 et

1935 4324 2042 4398 piae
2065 4328 2204 4380 sunt
2232 4341 2446 4396 preces,
2474 4329 2530 4380 ct
2561 4324 2846 4380 mirabilis
2883 4328 2971 4380 est
2991 4325 3355 4398 compositio,
3378 4343 3452 4382 ne
3475 4343 3579 4398 pro

1933 4413 2174 4483 talibus,
2223 4414 2378 4469 sicut
2425 4431 2492 4470 ex
2521 4414 2746 4486 hymni,
2769 4415 2939 4486 cujus
2981 4414 3214 4470 initium
3245 4419 3334 4472 est
3359 4415 3579 4472 Sancto-

1934 4519 2060 4558 rum
2087 4505 2300 4559 meritis
2331 4504 2536 4574 inclyta
2565 4503 2788 4574 gaudia,
2813 4505 3102 4576 cujusque
3131 4503 3580 4576 composit-orem

1935 4591 2218 4648 hactenus
2239 4591 2498 4647 invenire
2523 4587 2915 4663 nequivimus,
2943 4592 3246 4660 ﬁnalitate,
3271 4593 3370 4649 ubi
3394 4611 3429 4648 a
3449 4593 3579 4666 qui-

195 4679 255 4739 ut.
273 4679 542 4754 quisquis
560 4678 880 4753 aliquando
907 4679 1252 4752 hujusmodi
1278 4679 1490 4737 erroris
1509 4681 1830 4738 communi—
1859 4697 1908 4762 υ
1936 4681 2186 4736 busdam
2216 4684 2504 4747 cantatur,
2528 4680 2618 4736 vel
2648 4679 2842 4754 potius
2873 4681 3330 4754 blaSphemalur,
3351 4690 3406 4739 te
3431 4684 3583 4738 trina

195 4769 340 4824 cator
353 4769 648 4835 existeret,
663 4768 970 4842 principali
989 4770 1276 4826 sententia
1292 4771 1684 4826 damnationis
1701 4773 1830 4843 ejus

195 4861 343 4930 esset
381 4857 720 4932 obstrictus,
755 4857 1034 4932 quoniam
1092 4859 1400 4916 manifeste
1450 4859 1696 4932 quilibet
1735 4860 1826 4917 ‘vel

197 4945 534 5016 professione
565 4965 676 5004 sua
703 4947 792 5004 vel
821 4947 1234 5006 communione
1281 4953 1476 5022 posset
1514 4950 1772 5024 agnosci.
1795 4973 1826 5002 ››

197 5031 258 5106 Et
281 5041 408 5110 post
435 5035 748 5116 aliquanta
774 5054 822 5093 τι(
849 5037 1136 5104 Quoniam
1166 5037 1320 5093 idem
1349 5037 1476 5110 ipse
1503 5055 1662 5094 error
1691 5055 1825 5095 cum

199 5135 292 5185 suo
317 5128 554 5188 auctore
581 5125 898 5183 damnatus
935 5125 997 5182 in
1040 5127 1320 5200 participe
1349 5127 1611 5200 quolibet
1641 5146 1826 5200 pravas

197 5214 615 5278 communionis
660 5216 866 5296 affecto
913 5215 1368 5273 exsecrationem
1419 5217 1510 5274 sui
1557 5222 1746 5291 gestat
1773 5221 1831 5273 et

198 5312 434 5374 panem.
462 5326 484 5352 υ

263 5389 356 5472 llis
392 5392 725 5465 apostolica:
776 5392 934 5450 sedis
985 5393 1432 5450 auctoritatibus
1481 5399 1728 5464 constat,
1761 5395 1832 5451 de

199 5473 314 5546 hac,
337 5479 488 5548 sicut
508 5485 567 5537 et
583 5481 654 5537 de
675 5481 835 5538 omni
856 5482 1060 5538 haeresi
1085 5480 1224 5538 olim
1249 5481 1480 5550 revicta,
1499 5489 1672 5556 atque
1696 5501 1831 5541 cum

201 5570 570 5628 sectatoribus
600 5571 725 5628 suis
754 5572 1052 5640 damnata,
1078 5587 1193 5626 non
1225 5571 1432 5628 debere
1464 5573 1676 5628 iterum
1707 5573 1830 5647 dis-

202 5657 376 5728 putari
409 5675 421 5714 :
455 5676 564 5716 nec
595 5661 940 5718 damnatum
976 5659 1252 5716 canonice
1281 5661 1727 5718 Gotbcsealcum
1759 5664 1832 5720 ad

495 5747 888 5820 revocari.Qui
907 5748 1084 5818 etiam
1107 5749 1156 5806 si
1180 5766 1294 5806 non
1318 5749 1508 5806 solum
1526 5769 1660 5808 cum
1677 5759 1833 5810 certo

1937 4771 2124 4838 deitas,
2151 4773 2254 4826 aut
2291 4769 2540 4826 scienter
2586 4774 2688 4826 aut
2735 4771 3062 4827 nescienter
3116 4771 3461 4828 scandalum
3519 4771 3579 4826 in

1933 4859 2190 4916 Ecclesia
2210 4863 2499 4927 moveant,
2516 4877 2640 4932 qute
2663 4859 2792 4916 aliis
2816 4859 3018 4916 multis
3039 4859 3578 4932 perturbationibus

1935 4948 2268 5006 concutitur
2296 4952 2354 5004 et
2381 4954 2656 5006 vexatur:
2691 4949 2938 5005 scientes
2970 4949 3107 5021 quid
3141 4950 3450 5014 mereatur,
3476 4948 3577 5020 qui

1937 5057 2042 5095 suo
2073 5037 2208 5094 vitio
2239 5055 2424 5093 unum
2447 5037 2922 5094 scandalizavcrit
2947 5038 3016 5092 de
3042 5036 3270 5109 pusillis
3297 5036 3580 5092 credenti-

1936 5129 2067 5198 bus,
2092 5129 2332 5183 docente
2368 5127 2544 5182 Paulo
2567 5143 2580 5181 :
2605 5127 2697 5181 Sic
2724 5135 2903 5182 autem
2929 5134 3203 5197 peccantes
3253 5127 3312 5180 in
3356 5125 3577 5196 fratres,

1935 5225 1986 5274 et
2008 5218 2363 5289 percutimztes
2382 5216 2766 5272 conscientiam
2795 5233 2981 5270 eorum
3012 5216 3310 5285 inﬁrmam,
3345 5214 3403 5268 in
3429 5213 3582 5269 Chri-

1937 5315 2083 5363 stum
2119 5308 2351 5378 peccatis
2381 5305 2426 5374 (Ι
2453 5309 2574 5363 Cor.
2600 5321 2722 5368 VIII,
2749 5305 2864 5376 12);
2897 5307 2954 5358 ct
2986 5319 3218 5358 necesse
3250 5303 3327 5359 sit
3355 5320 3454 5358 eos
3484 5319 3579 5358 ca-

1941 5395 2152 5452 nonica
2169 5393 2473 5450 severitate
2494 5391 2726 5464 percelli
2749 5409 2971 5464 magna:
2991 5391 3475 5448 Chalcedonensis
3495 5409 3586 5465 sy-

1941 5485 2103 5551 nodi,
2129 5486 2531 5540 sexcentorum
2559 5481 2802 5554 triginta
2825 5486 2965 5536 eteo
2989 5479 3244 5553 amplius
3293 5479 3588 5554 episcopo-

1942 5592 2094 5643 rum,
2109 5573 2317 5646 quacdc
2335 5571 2672 5642 hujusmodi
2689 5569 3084 5643 dil'ﬁnivit,qui
3101 5571 3376 5626 debentes
3394 5571 3589 5626 stude-

1943 5682 2002 5720 re
2031 5662 2264 5719 silentio
2293 5665 2350 5716 et
2381 5660 2584 5732 quieti,
2605 5661 2898 5716 interdum
2925 5661 3107 5716 etiam
3132 5661 3320 5717 zelum
3353 5661 3451 5716 Dei
3484 5661 3586 5717 ha-

1943 5751 2272 5818 bentes,sed
2290 5767 2404 5805 non
2423 5750 2744 5806 secundum
2765 5750 3490 5818 scientiam,ecclesiastica
3501 5747 3586 5805 vel
