4018 6480
415 437 536 497 499

1346 432 1725 495 HINCMARI
1771 430 2220 494 RHEMENSIS
2271 431 2902 497 ARClllEPISCOPI.

3723 430 3834 493 500

411 567 603 625 civilia
639 569 788 625 487
845 566 1078 641 negotia
1107 571 1500 636 commovent;
1555 565 1876 638 praesertim
1925 563 2064 637 quia
2093 565 2148 632 Α
2179 583 2297 622 una
2327 571 2417 622 est
2461 567 2758 639 divinitas,
2792 565 3037 640 aequalis
3085 561 3288 641 gloria,
3315 568 3609 622 coaeterna
3657 565 3808 638 majc

408 657 538 729 ipsa
559 675 729 714 sacra
761 659 1089 714 auctoritas
1116 674 1428 726 canonum,
1455 657 1675 728 Spiritu
1699 655 1798 710 Dei
1822 653 2076 720 condita,

407 750 466 802 et
499 747 682 802 totius
717 747 926 802 mundi
977 746 1299 802 reverentia
1328 750 1684 813 consecrata,
1718 743 1776 799 in
1806 743 2078 798 Africano

409 835 658 891 concilio
699 837 1089 892 ducentorum
1131 841 1260 890 octo
1301 835 1731 907 episcoporum,
1767 832 1952 905 capite
1986 849 2076 888 se-

413 923 784 998 ptuagesimo
818 923 1006 996 primo
1030 925 1307 998 praecepit
1327 929 1390 980 ut
1422 941 1536 978 non
1568 940 1770 996 preces
1790 921 1914 977 alia:
1937 919 2079 976 cele-

416 1013 686 1082 brentur,
705 1013 816 1069 nisi
841 1012 950 1068 illae
967 1031 1093 1085 qua:
1113 1013 1168 1068 in
1189 1013 1578 1069 conciliocum
1598 1009 2076 1084 prudentioribus

417 1101 641 1158 collata:
676 1103 908 1177 fuerint,
944 1120 1016 1159 nc
1057 1104 1202 1160 forte
1234 1107 1439 1158 contra
1479 1103 1676 1169 ﬁdem,
1701 1101 1860 1173 quod
1899 1098 2074 1174 absit,

417 1191 479 1247 in
511 1191 733 1248 eisdem
781 1193 1074 1268 precibus,
1102 1192 1321 1266 quibus
1365 1192 1560 1248 ﬁdelis
1609 1191 1862 1264 quisque
1907 1191 2079 1245 debet

419 1281 536 1336 Deo
569 1281 888 1350 conciliari,
913 1283 984 1338 ab
1017 1282 1213 1354 aliquo
1241 1281 1591 1354 proferatur,
1616 1284 1679 1335 ut
1699 1279 2078 1336 audientibus

418 1369 762 1425 scandalum
780 1372 902 1426 ﬁat.
925 1372 1144 1444 Legant
1165 1370 1341 1427 etiam
1361 1370 1523 1427 horis
1539 1369 1650 1426 sibi
1670 1369 1742 1425 ad
1765 1368 2076 1441 legendum

417 1456 768 1530 regulariter
779 1459 1080 1532 deputatis
1098 1460 1552 1516 orthodoxorum
1583 1459 1846 1527 libros,et
1867 1457 1938 1514 ab
1960 1475 2080 1512 om-

416 1545 606 1603 nibus
635 1545 933 1604 invenient
955 1549 1275 1605 contradici
1297 1551 1361 1605 ut
1383 1548 1537 1606 trina
1555 1547 1740 1604 deitas
1773 1555 2077 1620 nunquam

421 1635 712 1704 credatur,
729 1654 1032 1710 nunquam
1055 1655 1089 1693 a
1110 1637 1268 1694 ﬁdeli
1289 1642 1352 1694 ut
1367 1638 1635 1693 videatur
1655 1635 1931 1692 credibile
1949 1653 2076 1708 pro-

417 1723 660 1780 feratur.
677 1725 976 1783 Invenient
990 1726 1375 1784 nihilominus
1393 1727 1453 1782 in
1471 1725 1643 1782 dictis
1655 1724 2075 1781 catholicorum

418 1811 612 1884 inepte
643 1814 946 1887 imperitos
977 1816 1145 1889 quasi
1179 1817 1250 1872 ad
1284 1815 1690 1872 auctoritatem
1723 1814 2070 1885 sumpsisse,

420 1902 560 2000 quia
590 1903 744 2000 sicut
774 1905 968 1962 trinus
1011 1906 1168 1962 Deus
1206 1905 1442 2000 dicitur,
1468 1905 1577 2000 itaﬂ
1595 1908 1652 2000 et
1679 1901 1886 2000 deitas
1917 1902 2074 2000 trina
2102 1934 2149 2000 Β

417 1989 666 2048 dicatur.
700 1992 868 2050 Pater
895 1994 1111 2066 quippe
1141 2001 1198 2050 et
1228 1993 1410 2050 Filius
1447 1999 1504 2050 et
1543 1991 1798 2066 Spiritus
1829 1994 2068 2046 sanctus

419 2080 637 2136 idcirco
660 2098 816 2138 unus
845 2082 999 2138 Deus
1021 2082 1256 2152 dicitur,
1281 2083 1418 2156 quia
1448 2100 1566 2138 una
1594 2086 1682 2138 est
1711 2081 1919 2145 deitas,
1942 2097 2069 2152 quae

418 2167 725 2226 Trinitatis
745 2175 835 2226 est
853 2172 1048 2227 unitas
1070 2171 1257 2228 Patris
1276 2177 1334 2228 et
1355 2171 1481 2228 Filii
1503 2176 1562 2227 et
1583 2169 1838 2243 Spiritus
1859 2167 2068 2234 sancti,

418 2261 485 2313 ut
502 2263 707 2314 sancta
728 2259 1016 2316 catholica
1033 2265 1091 2316 et
1112 2260 1432 2334 apostolica
1448 2259 1704 2316 Ecclesia
1721 2277 1822 2331 per
1833 2259 2068 2314 beatum

417 2351 478 2403 et
520 2364 803 2421 magnum
852 2367 1064 2422 papam
1114 2351 1363 2406 Leonem
1393 2351 1536 2420 (Leo,
1570 2352 1726 2420 epist.
1761 2364 1878 2420 cap.
1915 2349 1965 2414 1)
1996 2347 2068 2402 ad

422 2435 732 2492 Turibium
762 2439 1197 2495 Asturicensem
1221 2439 1558 2512 episcopum
1591 2437 1841 2494 breviter
1867 2437 2073 2492 conﬁr-

416 2525 635 2581 mando
665 2525 959 2599 explanat,
988 2531 1062 2597 et,
1094 2526 1460 2600 explanando
1491 2529 1801 2585 conﬁrmat
1829 2527 2067 2582 dicens:

418 2634 447 2662 «
468 2613 626 2669 Hanc
649 2614 945 2672 catholica:
969 2617 1100 2673 fidei
1123 2635 1250 2674 esse
1273 2617 1863 2689 confessionem,qua3
1885 2615 2072 2671 Trini-

419 2705 601 2757 tatem
633 2703 866 2761 deitatis
895 2705 980 2762 sic
1009 2714 1267 2777 δμοοὺσιον
1297 2707 1626 2774 conﬁtetur,
1651 2711 1718 2762 ut
1755 2705 1981 2761 Patrem
2015 2708 2072 2760 et

421 2789 636 2848 Filium
666 2797 725 2848 et
755 2794 1040 2866 Spiritum
1063 2801 1333 2852 sanctum
1357 2795 1482 2853 sine
1503 2796 1844 2852 confusione
1869 2793 2072 2866 indixi-

421 2811 636 2848 riuum
666 2811 725 2848 et
755 2811 1040 2866 Spiritum
1063 2811 1333 2852 sanctum
1357 2813 1482 2853 sine
1503 2811 1844 2852 conluslone
1869 2811 1991 2850 mai
2051 2825 2071 2836 -

420 2896 538 2948 sos,
555 2880 680 2937 sine
697 2886 958 2956 tempore
976 2901 1097 2940 sem
1105 2884 1514 2957 piternos,sine
1528 2883 1854 2941 differentia
1873 2811 2071 2940 (ιι-θέε

420 2969 691 3042 aequales,
707 2971 847 3044 quia
869 2972 1154 3030 unitatem
1178 2974 1236 3028 in
1258 2973 1564 3045 Trinitate,
1585 2991 1699 3030 non
1723 2973 1925 3029 eadem
1948 2989 2072 3044 per-

421 3073 585 3124 sona,
615 3060 717 3115 sed
747 3061 952 3116 eadem
984 3061 1189 3134 implet
1219 3063 1492 3119 essentia.
1521 3085 1548 3111 ››
1581 3062 1687 3129 Qui
1721 3066 1920 3118 autem
1953 3079 2067 3117 non

418 3146 610 3204 solum
643 3149 914 3215 absurde,
941 3151 1040 3205 sed
1071 3155 1129 3206 et
1157 3150 1470 3208 inﬁdeliter
1495 3152 1720 3218 dicunt,
1747 3149 1886 3224 quia
1917 3151 2071 3206 trina

417 3235 665 3293 dicenda
685 3242 774 3293 est
789 3237 1068 3304 deitas,eo
1085 3240 1241 3312 quod
1257 3240 1508 3313 singulis
1526 3241 1775 3314 quisque
1796 3238 1854 3295 in
1877 3239 2068 3298 tribus

2187 661 2362 712 stas.»
2391 657 2554 712 Unde
2583 657 2722 713 item
2755 662 2995 714 sanctus
3017 656 3358 713 Ambrosius
3389 657 3449 712 in
3483 655 3602 712 alio
3623 655 3837 728 hymno

2185 745 2480 800 evidenter
2498 747 3072 819 ostendit,quomodo
3091 747 3244 802 Deus
3261 747 3455 802 trinus
3471 750 3530 802 et
3545 746 3838 817 quomodo

2187 850 2342 890 unus
2371 834 2528 889 credi
2555 840 2614 891 et
2641 835 2885 908 intelligi
2918 836 3146 900 debeat,
3169 835 3406 892 dicens:
3446 835 3677 891 Summe
3707 836 3840 890 Deus

2184 923 2505 991 clmnentiaz,
2537 924 2836 998 mundique
2869 927 3043 997 factor
3069 925 3362 991 machinae,
3393 941 3542 980 unus
3571 926 3837 996 potentia-

2187 1012 2330 1081 liter,
2357 1013 2510 1085 quod
2549 1013 2918 1086 Augustinus
2957 1013 3192 1086 exponit
3229 1012 3839 1081 substantialiter,tri-

2184 1118 2399 1174 nasque
2415 1104 2795 1174 personaliter.
2818 1104 2886 1158 Et
2907 1107 3144 1159 sanctus
3165 1102 3480 1176 Gregorius
3512 1103 3572 1158 in
3601 1102 3844 1158 homilia

2185 1189 2502 1246 Ezechielis
2525 1192 2688 1263 (hom.
2717 1193 2801 1264 16)
2826 1209 2840 1247 :
2865 1217 2890 1242 ‹‹
2917 1192 3142 1248 Veteris
3185 1197 3244 1248 ct
3291 1191 3432 1248 Novi
3474 1192 3839 1248 Tcstamenti

2187 1278 2478 1350 spiritales
2507 1285 2704 1353 patres
2753 1287 2967 1338 sanctae
2998 1281 3303 1338 Trinitatis
3349 1299 3636 1354 personas
3669 1281 3840 1337 unius

2185 1366 2420 1424 deitatis
2440 1369 2757 1426 credidisse
2779 1375 2836 1426 et
2856 1371 3224 1443 praedicasse,
3251 1355 3305 1427 et
3325 1371 3597 1444 angelica
3619 1369 3680 1426 in
3703 1371 3841 1427 coelo

2186 1457 2424 1532 agmina
2452 1458 2880 1517 incessabiliter
2907 1459 3160 1516 clamare
3193 1461 3428 1516 fatetur.
3447 1483 3476 1510 ››

2260 1547 2358 1602 llis
2379 1564 2515 1620 ergo
2537 1549 2863 1621 perpensis,
2878 1549 3213 1604 discernunt
3233 1548 3612 1605 honorabiles
3634 1550 3840 1605 fratres

2187 1637 2369 1692 nostri
2393 1637 2686 1706 monachi,
2712 1643 2912 1694 utrum
2936 1637 3146 1694 melius
3165 1638 3244 1694 sit
3268 1635 3685 1710 blasphemare
3706 1654 3836 1694 cum

2185 1724 2560 1782 Gothescalco
2581 1731 2638 1782 et
2670 1727 3008 1798 Ratramno,
3031 1727 3274 1783 dicendo
3303 1729 3367 1784 Te
3395 1728 3547 1784 trina
3575 1727 3753 1784 deitas
3781 1727 3836 1784 in

2184 1813 2402 1887 hymno
2423 1816 2594 1888 cujus
2618 1820 2915 1872 auctorem
2946 1817 3236 1884 nesciunt,
3261 1832 3332 1871 an
3355 1817 3595 1872 credere
3613 1820 3673 1872 et
3702 1834 3837 1873 can-

2184 1907 2306 1959 tare
2335 1920 2470 1958 cum
2501 1905 2753 1961 summis
2782 1904 3060 1962 cmlorum
3090 1905 3427 1974 virtutibus,
3442 1910 3501 1963 et
3533 1923 3671 1962 cum
3697 1907 3837 1963 bea-

2177 1995 2371 2048 torum
2402 1992 2728 2066 spiritibus,
2763 1999 2819 2050 ct
2847 2011 2980 2050 cum
3013 1994 3288 2051 omnibus
3322 1995 3546 2052 sanctis
3577 1995 3723 2053 viris
3751 2013 3841 2053 ca-

2178 2080 2432 2147 tholicis,
2458 2083 2516 2136 in
2551 2083 2740 2140 tribus
2771 2084 3038 2156 personis
3079 2100 3258 2140 unam
3289 2083 3526 2141 deitatis
3555 2086 3838 2142 substan-

2176 2167 2341 2238 tiam,
2365 2168 2424 2224 id
2447 2174 2536 2226 est
2555 2170 2850 2228 deitatem.
2876 2171 3126 2228 Videant
3147 2173 3325 2230 etiam
3358 2176 3559 2229 utrum
3583 2173 3840 2230 debeant

2179 2259 2344 2330 sequi
2378 2259 2774 2332 blasphemias
2804 2261 3190 2329 Gothescalci,
3220 2278 3368 2334 quas
3397 2262 3469 2318 de
3498 2263 3676 2318 corde
3707 2279 3836 2331 suo,

2176 2346 2266 2402 vel
2287 2348 2481 2420 potius
2505 2349 2761 2422 maligno
2784 2350 2992 2423 spiritu
3016 2350 3359 2422 inspirante,
3377 2351 3838 2409 mendacissime

2179 2435 2440 2508 protulit,
2464 2441 2520 2492 et
2541 2439 2820 2510 ﬁgmenta
2842 2428 3166 2506 Ratramni,
3183 2457 3309 2513 qua:
3333 2439 3480 2496 falso
3499 2440 3837 2513 composuit

2178 2525 2250 2581 de
2279 2525 2446 2580 libris
2478 2526 2630 2582 beati
2673 2527 2874 2584 Hilarii
2923 2532 2980 2584 et
3027 2527 3215 2584 sancti
3259 2528 3600 2602 Augustini,
3631 2528 3835 2602 impu-

2179 2613 2412 2686 gnando
2440 2615 2764 2683 veritatem,
2792 2620 2856 2672 ut
2883 2614 3068 2672 deitas
3106 2616 3262 2674 trina
3292 2617 3543 2688 dicatur,
3576 2634 3652 2673 an
3684 2617 3836 2673 veri-

2179 2706 2355 2758 tatem
2380 2703 2633 2776 Spiritus
2676 2705 2886 2775 sancti,
2912 2703 3012 2779 qui
3042 2704 3274 2762 locutus
3303 2711 3394 2762 est
3438 2723 3544 2778 per
3593 2711 3835 2763 sanctos

2178 2791 2575 2864 prophetas,et
2591 2793 2884 2867 apostolos
2901 2793 3418 2867 apostolorumque
3434 2811 3833 2863 successores,

2178 2880 2438 2937 dicentes
2457 2886 2514 2938 et
2533 2884 2968 2948 conﬁrmantes,
2990 2883 3130 2956 quia
3151 2887 3269 2940 tres
3299 2889 3437 2940 sunt
3458 2889 3677 2940 sanctae
3699 2884 3833 2940 Tri-

2180 2969 2380 3025 nitatis
2402 2977 2746 3044 personze,et
2767 2990 2885 3029 una
2905 2973 3111 3041 deitas,
3135 2990 3262 3046 quae
3283 2972 3568 3028 trinitatis
3589 2977 3681 3030 est
3702 2972 3835 3029 uni-

2177 3063 2288 3114 tas.
2307 3059 2453 3114 Nam
2477 3067 2718 3116 sanctus
2739 3061 3101 3135 Augustinus
3119 3061 3178 3117 in
3211 3061 3400 3135 primo
3433 3061 3586 3118 libro
3607 3063 3679 3118 de
3700 3061 3837 3118 Tri-

2177 3147 2569 3222 nitate,quasi
2603 3151 2675 3206 ad
2729 3151 3108 3207 Retramnum
3149 3150 3480 3224 specialiter
3522 3144 3834 3208 confutan-

2177 3237 2340 3308 dum,
2357 3239 2456 3310 qui
2480 3240 2551 3295 de
2572 3241 2699 3311 ejus
2721 3239 2886 3296 libris
2905 3257 3079 3296 suum
3102 3240 3475 3296 mendacium
3499 3241 3656 3312 quod
3677 3239 3836 3296 trina

417 3325 706 3396 personis,
741 3325 908 3382 Pater
936 3301 1203 3384 videlicet
1231 3329 1309 3386 sit
1338 3301 1514 3392 Deus,
1537 3301 1719 3385 Pilius
1765 3329 1843 3386 sit
1889 3329 2064 3396 Deus,
2097 3301 2141 3369 (ἶ
2173 3301 2422 3382 dicenda
2441 3327 2518 3383 sit
2538 3301 2722 3384 deitas
2747 3329 3118 3402 compilando
3141 3301 3608 3396 voluitsolidare,
3634 3329 3834 3401 ipsum

417 3412 674 3486 Spiritus
705 3420 947 3472 sanctus
967 3415 1045 3472 sit
1073 3417 1248 3484 Deus,
1270 3436 1336 3474 ac
1369 3436 1471 3491 per
1490 3418 1598 3474 hoc
1623 3418 1680 3474 in
1706 3418 1870 3474 Patre
1895 3418 2065 3490 pleno

416 3505 476 3558 et
506 3502 760 3574 perfecto
792 3503 906 3560 Deo
939 3505 1108 3576 plena
1137 3511 1195 3561 et
1217 3507 1470 3578 perfecta
1498 3505 1576 3562 sit
1605 3507 1812 3574 deitas,
1837 3507 1896 3562 in
1921 3507 2064 3564 Filio

417 3589 590 3662 pleno
610 3594 667 3646 et
687 3592 939 3663 perfecto
963 3594 1077 3649 Deo
1110 3594 1279 3666 plena
1309 3599 1366 3650 et
1398 3597 1650 3666 perfecta
1674 3595 1749 3651 sit
1769 3597 1976 3662 deitas,
2004 3595 2062 3652 in

417 3679 638 3750 Spiritu
661 3685 862 3736 sancto
886 3681 1054 3754 pleno
1076 3687 1132 3738 et
1149 3684 1400 3754 perfecto
1418 3684 1532 3739 Deo
1550 3682 1722 3754 plena
1737 3689 1793 3740 et
1816 3685 2066 3756 perfecta
2105 3690 2120 3698 '

417 3766 494 3822 sit
515 3766 702 3824 deitas
717 3785 729 3822 :
747 3768 1042 3826 inveniant
1062 3770 1111 3826 si
1131 3776 1379 3843 possunt
1399 3788 1514 3843 quo
1533 3771 1768 3828 nomine
1792 3771 1892 3828 illa
1910 3773 2066 3830 trina

415 3855 601 3912 deitas
641 3857 754 3912 dici
787 3858 977 3914 valeat
1023 3877 1159 3915 una.
1181 3859 1240 3916 Si
1288 3859 1540 3916 dixerint
1584 3860 1740 3916 trina
1783 3861 1972 3917 deitas
2003 3862 2062 3918 in

417 3944 702 4016 personis,
744 3963 862 4002 una
899 3946 956 4001 in
998 3947 1232 4018 deitatc,
1257 3966 1370 4004 non
1413 3954 1677 4005 constat:
1705 3951 1753 4006 si
1788 3950 2060 4020 dixerint,

414 4031 570 4087 trina
587 4033 775 4089 deitas
805 4034 863 4088 in
887 4035 1171 4106 personis,
1197 4053 1315 4092 una
1335 4035 1392 4091 in
1415 4037 1745 4094 substantia
1766 4038 1852 4094 vel
1873 4057 2065 4096 essen-

413 4119 517 4184 tia,
542 4119 659 4176 sive
681 4121 980 4178 divinitate
1003 4129 1352 4191 autnatura,
1379 4143 1481 4180 nec
1507 4125 1615 4181 hoc
1638 4133 1902 4184 constare
1925 4145 2060 4184 con-

415 4211 534 4262 stat
563 4225 691 4264 esse
723 4209 1138 4268 certissimum.
1165 4213 1353 4268 Unum
1377 4214 1534 4270 enim
1559 4214 1830 4288 idemque
1857 4217 1914 4272 in
1945 4217 2060 4273 Deo

415 4300 506 4350 est
551 4301 780 4361 natura,
813 4297 1164 4367 substantia,
1215 4299 1490 4371 essentia,
1523 4301 1817 4367 divinitas,
1851 4303 2058 4360 deitas.

418 4383 735 4438 Fateantur
754 4402 889 4457 ergo
913 4403 1148 4444 necessc
1168 4393 1256 4444 est
1278 4388 1499 4444 trinum
1517 4389 1701 4446 Deum
1725 4391 1836 4447 dici
1860 4391 1916 4446 in
1940 4409 2062 4463 per-

416 4470 598 4537 sonis,
624 4490 806 4528 unum
832 4473 888 4529 in
910 4475 1126 4532 deitatc
1153 4493 1166 4530 :
1191 4481 1248 4533 ct
1276 4478 1568 4534 fateantur
1587 4479 1742 4552 quod
1767 4497 1880 4535 non
1909 4479 2062 4537 trina

415 4560 515 4615 sed
552 4578 667 4616 una
697 4561 776 4616 sit
805 4562 1012 4629 deitas,
1036 4583 1163 4637 quae
1195 4566 1501 4624 Trinitatis
1529 4575 1619 4624 est
1649 4568 1863 4624 unitas.
1901 4569 2061 4626 Unde

2175 3415 2308 3471 ﬁdei
2332 3415 2585 3489 lapidem
2620 3418 2836 3490 posuit,
2861 3435 3038 3490 super
3067 3435 3242 3491 quem
3265 3417 3532 3475 Christus
3561 3419 3836 3474 videlicet

2173 3521 2351 3560 manu
2377 3505 2540 3560 fortis
2557 3523 2725 3562 suam
2749 3506 3013 3562 fundavit
3033 3506 3372 3573 Ecclesium,
3388 3512 3576 3578 etquo
3597 3506 3830 3563 Goliam

2172 3593 2578 3664 designantcm
2609 3595 2929 3662 diabolum,
2978 3597 3148 3668 cujus
3177 3595 3409 3652 insania
3436 3611 3644 3652 omnes
3675 3596 3830 3651 anti-

2171 3680 2398 3752 christi,
2431 3682 2487 3738 id
2519 3687 2609 3739 est
2637 3683 2910 3751 haeretici,
2936 3684 3138 3757 repleti
3168 3683 3514 3758 loquuntur,
3539 3683 3600 3738 in
3632 3684 3832 3740 fronte

2174 3771 2480 3842 percussit,
2506 3788 2608 3844 pro
2631 3789 2692 3828 se
2715 3777 2769 3827 et
2791 3789 2894 3844 pro
2917 3773 3193 3830 omnibus
3217 3771 3543 3842 catholicis,
3569 3789 3832 3846 quorum

2173 3858 2353 3915 libros
2373 3861 2443 3915 de
2464 3861 2577 3917 ﬁde
2599 3867 2810 3917 sanctae
2835 3862 3138 3919 Trinitatis
3159 3862 3396 3936 legerat,
3416 3867 3622 3918 contra
3643 3865 3831 3920 istum

2172 3949 2414 4022 protulit
2445 3951 2563 4021 (lib.
2588 3969 2606 4006 ι
2627 3951 2691 4008 de
2725 3953 2897 4012 Τι’ίη..
2918 3969 3038 4024 cap.
3074 3952 3146 4024 4),
3171 3951 3371 4008 dicens
3395 3969 3444 4008 :«
3470 3952 3716 4024 Omnes,
3738 3953 3830 4009 in-

2171 4039 2318 4110 quit,
2341 4057 2488 4111 quos
2523 4038 2712 4112 legere
2732 4040 2916 4112 potui,
2939 4040 3039 4113 qui
3072 4045 3204 4096 ante
3233 4058 3327 4096 me
3356 4039 3728 4114 scripserunt
3757 4044 3832 4100 de

2170 4127 2452 4183 Trinitate
2471 4145 2598 4200 qua:
2620 4129 2774 4184 Deus
2790 4129 3232 4195 est,divinorum
3258 4129 3544 4185 librorum
3561 4135 3830 4187 veterum

2168 4221 2224 4272 et
2257 4235 2536 4272 novorum
2586 4217 2854 4274 catholici
2903 4223 3244 4276 tractatores
3292 4217 3402 4275 hoc
3446 4217 3834 4276 intenderunt

2169 4307 2494 4361 secundum
2525 4307 2858 4380 Scripturas
2886 4308 3112 4374 docere,
3139 4307 3294 4380 quod
3327 4307 3514 4376 Pater,
3537 4313 3598 4364 et
3619 4309 3827 4378 Filius,

2170 4400 2226 4450 et
2255 4395 2512 4467 Spiritus
2542 4402 2781 4453 sanctus
2811 4397 2988 4452 unius
3027 4397 3410 4468 ejusdemque
3453 4397 3826 4464 substantiae,

2169 4483 2542 4556 inseparabili
2565 4485 2892 4556 mqualitatc
2910 4486 3164 4542 divinam
3187 4485 3485 4540 insinuent
3507 4485 3824 4554 unitatem,

2171 4573 2416 4646 ideoque
2439 4592 2552 4630 non
2577 4574 2694 4630 sint
2715 4578 2834 4630 tres
2855 4575 3074 4640 dii,sed
3100 4592 3252 4631 unus
3273 4573 3486 4630 Deus.»
3498 4576 3827 4632 Attendant

415 4654 655 4706 sanctus
701 4651 1064 4720 Ambrosius,
1093 4653 1247 4710 sicut
1284 4654 1342 4710 in
1375 4655 1542 4713 libris
1590 4657 1714 4713 suis
1763 4656 1959 4727 latius,
1981 4657 2062 4715 ita
2089 4673 2136 4738 D
2169 4662 2346 4735 igitur
2368 4662 2726 4720 venerabiles
2757 4663 2962 4720 fratres
2993 4663 3178 4720 nostri
3223 4662 3494 4718 monachi
3533 4664 3642 4718 viri
3688 4665 3824 4721 reli-

414 4737 664 4793 breviter
691 4739 749 4794 in
782 4739 996 4813 hymno
1029 4759 1135 4798 suo
1167 4743 1329 4812 dicit,

535 4862 611 4912 Tu
637 4863 908 4914 Trinitatis
936 4866 1128 4926 unitas,
1151 4867 1335 4918 orbem
1366 4874 1614 4932 potenter
1640 4870 1731 4932 qui
1762 4871 1917 4934 regis.

410 4959 478 5014 Et
509 4959 646 5016 item
677 4961 737 5018 in
769 4961 882 5018 alio
914 4963 1152 5035 hymno,

533 5068 573 5116 Ο
602 5068 694 5118 lux
721 5069 878 5120 beata
904 5071 1190 5128 Trinitatis,
1224 5075 1276 5122 et
1304 5074 1616 5138 principalis
1649 5075 1843 5124 unitas.

409 5184 570 5255 Quoq
589 5185 752 5256 quasi
772 5189 1440 5260 cxponcnsAugustinus
1463 5190 1520 5244 in
1541 5189 1728 5262 primo
1745 5190 1893 5248 libro
1910 5198 2049 5266 (cap.

407 5272 460 5340 8)
482 5271 552 5326 dc
573 5279 777 5330 sancta
797 5275 1082 5331 Trinitate
1105 5276 1248 5332 dicit
1276 5295 1322 5333 τι(
1349 5278 1652 5334 Trinitatis
1675 5281 1830 5335 enim
1857 5282 2052 5340 unitas

2166 4751 2335 4823 giosi,
2361 4753 2515 4824 quod
2549 4752 2703 4808 idem
2734 4753 2940 4809 beatus
2971 4752 3336 4826 Augustinus
3379 4752 3438 4808 in
3479 4750 3631 4808 libro
3666 4771 3721 4808 Ix
3749 4755 3826 4810 de

2165 4839 2532 4896 Trioit.dicit
2551 4845 2692 4913 (cap.
2721 4843 2768 4913 1)
2798 4857 2846 4896 ;‹‹
2872 4842 2954 4898 De
2984 4841 3309 4911 credendis,
3337 4841 3632 4914 inquiens,
3657 4842 3826 4899 nulla

2163 4926 2506 4985 inﬁdelitate
2528 4929 2883 4997 dubitemus,
2899 4930 2970 4985 de
2993 4929 3387 5001 intelligendis
3407 4929 3569 4986 nulla
3591 4933 3826 4987 temeri-

2163 5020 2282 5071 tate
2312 5018 2674 5073 at‘ﬁrmemus
2699 5036 2711 5074 :
2748 5017 2805 5074 in
2838 5019 2954 5074 illis
2982 5022 3072 5074 est
3101 5019 3424 5075 auctoritas
3454 5021 3730 5089 tenenda,
3757 5020 3820 5077 in

2162 5105 2256 5160 his
2280 5105 2487 5161 veritas
2509 5107 2922 5179 exquirenda.»
2944 5107 3264 5180 Exquirant
3284 5124 3420 5180 ergo
3445 5125 3546 5179 per
3565 5109 3816 5165 catholi-

2162 5210 2259 5249 cos
2282 5195 2544 5250 doctores
2568 5195 2716 5252 hanc
2737 5196 3036 5252 veritatem
3053 5195 3304 5268 qualiter
3327 5197 3544 5252 sentire
3562 5197 3818 5254 debeant

2161 5283 2231 5338 de
2263 5283 2568 5340 Trinitatis
2600 5285 2835 5351 deitatc,
2861 5283 3128 5340 videlicet
3155 5285 3228 5340 de
3257 5290 3471 5341 sanctae
3503 5286 3816 5343 Trinitatis

405 5363 496 5412 est
525 5358 709 5417 deitas
741 5362 1078 5436 incorporea
1107 5370 1162 5418 et
1188 5364 1707 5431 incommutabilis,
1732 5373 1788 5422 et
1816 5368 2052 5427 sibimet
2157 5372 2463 5438 unitate,et
2479 5373 2822 5429 catholicam
2842 5374 3710 5439 teneantauctoritatem,elnon
3727 5394 3814 5432 se-

405 5448 944 5512 consubstantialis.
967 5458 1024 5506 et
1053 5460 1338 5510 coaeterna
1377 5459 1601 5509 natura.
1629 5479 1655 5505 ››
1679 5457 1746 5511 Ει
1791 5458 2044 5514 Athana-

2155 5469 2417 5534 quantur
2440 5463 2588 5518 male
2606 5463 2957 5518 sententium
2986 5463 3352 5536 pravitatem,
3370 5482 3474 5520 nec
3496 5465 3816 5521 defendant

405 5534 530 5588 sius
562 5535 708 5590 hanc
739 5539 882 5594 dixit
913 5558 1038 5596 esse
1084 5545 1254 5598 ﬁdem
1289 5544 1658 5602 catholicam.
1687 5551 1747 5600 ut
1775 5548 2046 5604 credatur
2152 5552 2596 5623 pertinaciter,si
2622 5552 2762 5624 quid
2787 5551 3070 5608 hactenus
3093 5550 3814 5610 non'senseruntﬁdeliter

404 5623 542 5696 quia
565 5649 590 5674 ‹‹
625 5627 738 5682 alia
768 5631 920 5685 438
942 5637 1030 5684 est
1079 5650 1325 5702 persona
1364 5633 1568 5698 Patris,
1593 5633 1707 5689 alia
1758 5637 1905 5702 Filii,
1929 5638 2041 5694 alia

403 5713 656 5786 Spiritus
682 5718 888 5784 sancti,
914 5721 1011 5775 sed
1046 5721 1230 5778 Patris
1251 5725 1309 5778 et
1332 5721 1458 5777 Filii
1489 5727 1546 5777 et
1577 5723 1829 5796 Spiritus
1850 5729 2036 5783 sancti

2151 5642 2252 5696 sed
2270 5642 2577 5696 audiantet
2594 5642 2908 5696 exaudiant
2929 5643 3165 5697 beatum
3184 5643 3814 5715 Augustinum,quem—

2148 5747 2381 5802 cunque
2400 5731 2553 5788 489
2580 5735 2846 5787 nostrum
2881 5736 3216 5787 monentem
3240 5731 3300 5786 in
3323 5736 3570 5788 tractatu
3594 5716 3806 5804 psalmi
