4018 6482
188 472 286 537 501

1183 470 1287 532 DE
1330 471 1496 534 UNA
1537 471 1638 534 ET
1681 473 1839 536 NON
1882 475 2124 537 TRINA
2165 476 2528 540 DElTATE.

3438 483 3556 546 502

189 599 465 667 centesimi
494 597 784 676 trigesimi
815 617 868 656 :«
900 599 959 658 Si
990 601 1155 674 forte,
1189 602 1401 677 inquit,
1420 621 1581 663 erras
1610 604 1669 662 in
1700 605 1800 664 ali-
1826 607 1884 676 Α
1911 609 2202 685 telligunt,
2227 612 2296 669 de
2319 611 2541 670 lumine
2561 615 2999 688 tenebrescunt;
3023 635 3170 690 quos
3198 615 3467 674 videlicet
3482 617 3556 676 ad

189 714 311 773 quo,
341 709 509 768 quare
539 709 655 749 non
693 691 852 750 redis
897 693 970 748 ad
1018 691 1108 750 lac
1158 693 1410 753 matris?
1439 695 1576 768 quia
1606 696 1655 754 si
1687 714 1802 754 non

188 781 677 855 extollimini,quia
703 781 752 838 si
779 799 897 839 non
929 783 1200 841 exaltatis
1230 802 1328 840 cor
1357 791 1636 854 vestrum,
1669 786 1805 859 quia

191 877 232 934 si
261 891 366 930 non
398 870 769 945 ingredimini
802 871 862 928 in
894 872 1266 931 mirabilibus
1316 892 1493 948 super
1537 893 1658 943 vos,
1702 877 1803 932 sed

189 962 408 1023 servatis
428 959 1126 1029 humilitatem,revelabit
1153 963 1315 1020 vobis
1348 964 1501 1020 Deus
1531 966 1685 1037 quod
1709 965 1808 1021 ali-

190 1059 266 1111 ter
291 1049 504 1124 sapitis.
539 1048 600 1106 Si
629 1053 825 1106 autem
857 1049 967 1106 hoc
998 1050 1193 1124 ipsum
1227 1054 1379 1126 quod
1403 1053 1572 1110 aliter
1601 1055 1807 1127 sapitis

191 1140 470 1199 defendere
490 1137 688 1210 vultis,
713 1143 770 1194 et
799 1139 1179 1212 pertinaciter
1207 1146 1488 1210 astruere,
1520 1146 1577 1198 et
1607 1145 1808 1198 contra

188 1245 368 1304 pacem
389 1226 675 1294 Ecclesiae,
694 1231 752 1284 et
772 1227 934 1284 vobis
957 1227 1334 1285 maledictum
1354 1230 1466 1286 hoc
1487 1232 1641 1303 quod
1665 1229 1810 1286 dixit

188 1334 332 1392 super
347 1323 572 1372 matrem
591 1333 726 1374 cum
757 1317 918 1385 estis,
944 1321 1009 1373 ut
1039 1317 1180 1374 foris
1201 1337 1234 1374 a
1254 1318 1403 1375 lacte
1433 1319 1809 1394 separemini,

188 1407 312 1464 foris
332 1422 363 1462 a
381 1404 700 1461 visceribus
732 1404 939 1462 matris
971 1407 1123 1462 fame
1151 1407 1507 1464 moriemini.
1531 1408 1588 1464 Si
1614 1413 1808 1464 autem

189 1493 668 1568 perseveraveritis
695 1494 753 1549 in
775 1512 916 1568 pace
947 1495 1250 1565 catholica,
1273 1495 1322 1552 si
1347 1497 1488 1569 quid
1520 1499 1666 1553 forte
1700 1497 1810 1553 ali-

188 1589 264 1640 ter
281 1583 478 1656 sapitis
500 1600 680 1656 quam
703 1588 927 1656 oportet
953 1585 1337 1658 sapere,Dcus
1354 1585 1515 1642 vobis
1535 1586 1812 1642 revelabit

188 1672 894 1748 humilibus.Quare?quia
912 1674 1068 1731 Deus
1089 1675 1358 1748 superbis
1379 1675 1813 1744 resistit,humi-

187 1761 324 1818 libus
344 1766 534 1818 autem
556 1763 656 1818 dat
667 1764 976 1836 gratiam.»
990 1765 1060 1820 Et
1078 1763 1218 1836 quia
1239 1765 1309 1821 de
1330 1770 1536 1821 caetero
1555 1766 1812 1821 nescien-

187 1856 264 1908 ter
281 1868 460 1908 errare
479 1868 598 1908 non
623 1855 915 1924 poterunt,
943 1853 1191 1910 timeant
1213 1855 1368 1926 quod
1390 1855 1526 1910 item
1545 1855 1812 1927 egregius

1911 701 2272 759 intellectum
2306 721 2549 776 pravum
2582 703 2826 762 intentio
2866 723 3133 778 perversa
3162 725 3276 764 non
3307 711 3554 780 raperet,

1913 791 2026 848 nisi
2057 793 2222 866 prius
2251 793 2524 866 superbia
2555 793 2958 852 inflaret.Dum
2993 794 3148 852 enim
3172 815 3234 853 se
3254 814 3368 870 pra:
3389 800 3556 854 caete-

1912 881 1994 939 ris
2024 883 2318 956 sapientes
2348 883 2726 956 arbitrantur,
2759 886 2925 958 sequi
2955 885 3099 942 alios
3133 887 3204 942 ad
3236 885 3445 943 melius
3477 887 3560 942 in-

1913 971 2141 1028 tellecta
2175 973 2544 1046 despiciunt:
2581 979 2758 1047 atque
2787 980 2852 1030 ut
2881 977 3037 1048 apud
3068 974 3403 1048 imperitum
3426 974 3559 1031 vul-

1915 1079 2025 1136 gus
2056 1060 2308 1118 scientiae
2341 1063 2450 1119 sibi
2485 1082 2697 1120 nomen
2729 1066 3373 1138 cxtorqueant,student
3394 1081 3560 1120 sum-

1915 1167 2170 1224 mopere,
2195 1156 2251 1207 et
2271 1153 2342 1208 ab
2374 1153 2504 1208 aliis
2538 1157 2686 1209 recte
2716 1153 3010 1210 intellecta
3038 1155 3428 1224 destruere,et
3454 1170 3565 1210 sua

1915 1258 2186 1314 perversa
2206 1243 2666 1299 roborare.Unde
2688 1243 2833 1299 bene
2855 1262 2958 1316 per
2970 1244 3312 1317 prophetam
3327 1241 3560 1299 dicitur:

1915 1330 2213 1388 Secuerunt
2225 1341 2580 1405 praegnantes
2599 1332 2801 1389 Galaad
2817 1333 2886 1389 ad
2905 1333 3250 1390 dilatandam
3272 1336 3567 1390 terminum

1915 1437 2080 1476 suum
2101 1420 2278 1492 (Amos
2301 1439 2338 1490 ι,
2366 1424 2474 1491 15).
2499 1421 2715 1480 Galaad
2749 1441 3004 1496 namque
3033 1439 3274 1480 acervus
3302 1423 3564 1478 testimo-

1919 1508 2000 1564 nii
2031 1509 2544 1582 interpretatur.Et
2573 1513 2851 1585 quoniam
2883 1519 3096 1570 cuncta
3125 1511 3302 1570 simul
3334 1529 3568 1585 congre-

1919 1599 2075 1673 gatio
2104 1600 2370 1656 Ecclesiae
2402 1619 2506 1674 per
2543 1603 2969 1659 confessionem
3020 1602 3194 1660 servit
3237 1600 3566 1658 testimonio

1917 1689 2197 1759 veritatis,
2223 1707 2336 1744 non
2366 1691 2682 1764 incongrue
2713 1710 2816 1764 per
2865 1693 3068 1748 Galaad
3093 1690 3352 1748 Ecclesia
3379 1689 3566 1762 expri-

1919 1777 2252 1850 mitur,quze
2277 1797 2374 1834 ore
2406 1785 2752 1835 cunctorum
2773 1765 3042 1836 ﬁdelium
3075 1781 3146 1836 de
3178 1781 3292 1835 Deo
3323 1795 3568 1851 quaeque

1920 1871 2060 1924 sunt
2074 1885 2208 1924 vera
2223 1873 2492 1924 testatur.
2510 1871 2880 1943 Praegnantes
2901 1875 3096 1926 autem
3121 1869 3335 1926 Galaad
3356 1885 3564 1924 vocan-

187 1940 366 1998 doctor
394 1940 450 1996 in
481 1944 696 2014 quarto
744 1941 894 1998 libro
925 1945 1075 2013 (cap.
1109 1943 1164 2015 5)
1195 1943 1264 1998 de
1296 1943 1590 2015 baptismo
1623 1942 1764 1998 dicit
1797 1961 1809 1999 :

1928 1959 2017 2010 tur
2045 1956 2275 2028 animm,
2309 1975 2438 2030 quze
2472 1940 2830 2014 intellectum
2862 1959 3019 2014 verbi
3051 1977 3120 2015 ex
3149 1957 3342 2014 divino
3370 1974 3568 2013 amore

187 2053 211 2080 α
231 2032 360 2087 Cum
385 2031 766 2088 manifestum
789 2031 887 2100 sit,
911 2031 1314 2104 inquit,multo
1330 2031 1564 2105 gravius
1576 2049 1814 2106 peccare

187 2117 443 2176 scientem
469 2137 649 2192 quam
673 2119 1049 2188 nescientem,
1072 2120 1276 2176 vellem
1300 2121 1445 2176 mihi
1476 2121 1692 2194 aliquis
1724 2123 1813 2177 di-

189 2212 344 2276 ceret,
363 2209 409 2264 si
432 2207 568 2282 quis
591 2209 650 2265 in
672 2207 942 2266 haeresim
963 2207 1220 2265 incurrat
1243 2209 1507 2266 nesciens
1527 2215 1815 2283 quantum

189 2297 387 2354 malum
430 2298 528 2366 sit,
557 2301 619 2354 et
647 2297 800 2354 alius
837 2298 910 2354 ab
939 2298 1184 2354 avaritia
1222 2315 1337 2354 non
1368 2300 1598 2356 recedat
1629 2299 1818 2356 sciens

187 2390 448 2459 quantum
475 2386 701 2443 malum
727 2386 823 2455 sit,
848 2385 982 2458 quis
1011 2403 1213 2443 eorum
1246 2386 1322 2444 sit
1353 2389 1535 2460 pejor.
1572 2389 1817 2444 Possum

188 2475 343 2532 etiam
365 2475 444 2532 ita
459 2492 804 2550 proponere,
827 2475 878 2532 si
899 2475 1050 2532 alius
1072 2475 1338 2533 nesciens
1360 2476 1419 2531 in
1439 2477 1710 2534 haeresim
1735 2477 1814 2532 ir-

187 2569 320 2633 ruat,
341 2569 396 2623 et
413 2565 611 2622 sciens
633 2563 785 2622 alius
807 2565 880 2621 ab
902 2565 1232 2622 idololatria
1253 2583 1367 2622 non
1397 2567 1648 2634 recedat,
1680 2566 1820 2639 quia

189 2657 239 2710 et
253 2654 555 2728 Apostolus
579 2654 758 2712 dicit:
793 2655 1060 2724 Avaritia,
1085 2670 1210 2728 quae
1238 2663 1317 2712 est
1349 2655 1620 2712 idolorum
1647 2657 1816 2713 servi-

187 2749 261 2800 tus
287 2745 492 2818 (Ephes.
523 2763 584 2814 v,
618 2747 674 2814 5)
706 2761 720 2801 :
756 2762 950 2818 quaero
983 2761 1120 2818 ergo
1156 2745 1290 2818 quis
1334 2749 1532 2818 peccet
1559 2747 1816 2819 gravius,

188 2832 275 2905 qui
304 2835 567 2892 nesciens
589 2834 649 2890 in
671 2835 940 2891 heresim
971 2833 1238 2902 incurrit,
1265 2839 1365 2890 aut
1394 2834 1495 2908 qui
1525 2835 1716 2891 sciens
1747 2835 1818 2892 ab

187 2922 494 2991 avaritia,id
515 2929 610 2980 est
630 2924 702 2980 ab
735 2922 1064 2980 idololatria
1091 2941 1206 2979 non
1240 2921 1562 2980 recesserit.
1596 2925 1816 2980 Secun-

189 3009 314 3068 dum
345 3013 585 3086 quidem
615 3012 778 3068 illam
810 3011 1220 3086 regulam,qua
1240 3017 1479 3086 peccata
1509 3013 1820 3069 scientium

187 3101 416 3173 peccatis
437 3101 784 3177 ignorantia
806 3105 1458 3174 prazponuntur,avarus
1483 3119 1617 3158 cum
1643 3101 1822 3158 scien-

187 3189 260 3245 tia
284 3190 455 3247 vincit
485 3191 547 3248 in
583 3190 820 3248 scelere.
853 3191 963 3248 Sed
998 3207 1069 3247 ne
1101 3191 1244 3247 forte
1293 3191 1401 3248 hoc
1452 3191 1552 3248 ﬁat
1598 3191 1736 3247 facit
1763 3191 1820 3246 in

191 3277 375 3336 haeresi
399 3279 642 3337 sceleris
663 3279 850 3352 ipsius
872 3279 1236 3352 magnitudo,
1262 3279 1415 3352 quod
1449 3279 1584 3335 facit
1601 3278 1661 3334 in
1685 3297 1822 3335 ava-

189 3367 306 3424 ritia
331 3369 572 3426 scientis
606 3367 909 3440 admissio,
935 3373 998 3424 ut
1028 3367 1333 3424 haereticus
1364 3369 1632 3424 nesciens
1653 3386 1823 3424 avaro

187 3455 374 3513 scienti
401 3461 765 3531 coaequatur,
799 3457 1108 3514 amborum
1135 3461 1372 3529 peccata
1399 3455 1701 3529 aequaliter
1729 3474 1824 3530 ap-

186 3547 518 3618 pendantur,
546 3547 880 3621 ignorantis
902 3545 1286 3618 blasphemia,
1309 3550 1367 3602 et
1387 3545 1625 3603 scientis
1646 3545 1822 3601 idolo-

184 3631 356 3703 latria,
379 3641 436 3693 et
458 3637 668 3694 eadem
693 3635 985 3692 sententia
1006 3635 1370 3707 judicentur,
1397 3634 1494 3691 ille
1525 3635 1625 3707 qui
1657 3633 1822 3690 Chri-

186 3727 327 3781 stum
355 3726 672 3798 quierendo
704 3725 765 3781 in
792 3723 1168 3781 verisimilem
1199 3741 1528 3781 sermonem
1553 3722 1824 3780 falsitatis

185 3809 496 3884 incurrit,et
517 3813 620 3870 ille
637 3813 737 3887 qui
768 3813 1036 3871 nesciens
1067 3813 1296 3870 Christo
1321 3812 1541 3870 resistit
1562 3813 1822 3885 loquenti

185 3915 276 3972 per
291 3903 638 3976 Apostolum
668 3921 681 3960 :
705 3902 996 3975 Quoniam
1019 3903 1205 3958 omnis
1221 3902 1572 3974 fornicator,
1597 3913 1704 3959 aut
1722 3902 1824 3958 im-

185 3992 440 4060 mundus,
455 3998 565 4049 aut
587 3991 988 4065 avarugquod
1006 3999 1087 4046 est
1109 3989 1415 4048 idolorum
1435 3991 1824 4057 sereitm,non

185 4080 336 4136 habet
368 4083 790 4140 Iwreditatem
810 4082 872 4138 in
903 4097 1087 4154 regno
1119 4079 1346 4136 Christi
1371 4088 1426 4136 et
1459 4078 1567 4134 Dei
1595 4077 1820 4152 (Ep/aes.

183 4182 234 4234 γ,
253 4169 362 4238 5).»
385 4169 569 4228 Nemo
592 4169 776 4244 igitur
802 4167 1124 4226 catholicus
1158 4173 1361 4224 contra
1391 4166 1820 4234 auctoritatem,

185 4272 340 4314 nemo
397 4260 686 4333 paciﬁcus
743 4262 946 4314 contra
1015 4256 1286 4314 Ecclesiae
1342 4273 1544 4329 pacem
1603 4259 1824 4312 certare

187 4346 400 4417 audeat,
435 4366 508 4405 ne
539 4346 980 4414 schismaticus,
1013 4349 1070 4402 et
1117 4363 1232 4402 non
1283 4343 1628 4412 catholicus,
1662 4345 1826 4400 inve-

187 4432 384 4506 niatur,
447 4441 506 4494 et
569 4454 608 4493 a
661 4434 877 4492 Christi
933 4451 1176 4508 corpore
1231 4437 1550 4506 separetur.
1608 4433 1824 4488 Admo-

187 4525 347 4582 nendi
368 4531 510 4583 sunt
529 4543 671 4600 ergo
693 4524 912 4582 subditi
935 4525 1008 4580 ab
1030 4523 1298 4580 Ecclesiae
1320 4527 1532 4580 sanctae
1559 4521 1828 4595 praeposi-

186 4611 273 4682 tis,
297 4619 359 4671 ut
402 4633 585 4673 sacrae
631 4614 777 4688 legis
804 4613 983 4670 verba
1011 4617 1164 4669 recte
1195 4610 1544 4684 intelligant,
1567 4610 1693 4668 etsi
1725 4627 1829 4684 per

1923 2045 2282 2118 concipiunt,
2317 2047 2365 2102 si
2398 2048 2470 2102 ad
2501 2049 2821 2120 perfectum
2869 2054 3101 2120 tempus
3149 2047 3402 2115 veniant,
3427 2063 3565 2102 con-

1924 2139 2152 2208 ceptam
2183 2136 2628 2208 intelligentiam
2659 2137 2850 2210 operis
2892 2138 3226 2194 ostensione
3271 2136 3564 2208 pariturae.

1925 2226 2266 2282 Terminum
2296 2243 2430 2282 vero
2474 2245 2649 2283 suum
2702 2227 2946 2284 dilatare
2993 2233 3104 2294 est,
3131 2225 3424 2298 opinionis
3450 2241 3568 2280 suae

1927 2333 2140 2372 nomen
2170 2319 2496 2373 extendere.
2532 2319 2855 2374 Secuerunt
2882 2335 3018 2389 ergo
3058 2319 3423 2390 praegnantes
3454 2313 3570 2370 Ga-

1927 2405 2058 2462 laad
2106 2407 2176 2462 ad
2226 2405 2593 2462 dilatandum
2653 2407 2972 2463 terminum
3023 2421 3245 2463 suum:
3294 2402 3571 2477 quoniam

1927 2495 2208 2551 nimirum
2233 2495 2490 2551 haeretici
2513 2500 2739 2552 mentes
2761 2496 3042 2563 ﬁdelium,
3063 2513 3188 2568 quae
3203 2495 3329 2566 jam
3352 2489 3573 2563 aliquid

1927 2586 1998 2640 de
2018 2585 2278 2640 veritatis
2303 2584 2598 2641 intellectu
2637 2589 3040 2656 conceperant,
3067 2599 3338 2656 perversa
3367 2578 3573 2654 praedi-

1927 2675 2154 2730 catione
2180 2674 2494 2746 perimunt,
2517 2679 2573 2730 et
2595 2674 2848 2730 scientiae
2871 2673 2980 2730 sibi
3006 2689 3213 2728 nomen
3235 2669 3571 2726 extendunt.

1928 2763 2306 2819 Parvulorum
2329 2764 2524 2830 corda,
2539 2763 2666 2835 jam
2693 2764 2764 2818 de
2785 2762 2944 2819 verbi
2973 2759 3351 2834 conceptione
3381 2757 3571 2832 gravi-

1927 2853 2021 2919 da,
2051 2852 2264 2908 erroris
2297 2851 2490 2924 gladio
2521 2851 2816 2918 scindunt,
2849 2855 2905 2906 et
2933 2851 3104 2922 quasi
3151 2847 3428 2904 doctrinae
3459 2844 3571 2902 sibi

1927 2938 2264 3010 opinionem
2277 2938 2640 2996 faciunt.Hos
2657 2957 2792 3011 ergo
2807 2956 2941 2994 cum
2959 2955 3244 2994 conamur
3258 2935 3570 3002 instruere,

1913 3046 2001 3089 ,ne
2017 3045 2288 3100 perversa
2303 3028 2654 3097 sentiant,ad
2666 3044 3007 3083 moneamus
3029 3026 3192 3099 prius
3213 3039 3451 3080 necesse
3461 3025 3570 3100 est,

1929 3135 2001 3173 ne
2023 3117 2256 3173 inanem
2278 3121 2562 3190 quaerant.
2585 3118 2644 3173 Si
2675 3117 2832 3172 enim
2859 3115 3024 3171 radix
3051 3111 3320 3170 elationis
3349 3111 3576 3168 abscin-

1929 3207 2536 3284 ditur,consequenter
2557 3207 2699 3262 rami
2726 3224 2909 3278 prava:
2940 3203 3280 3261 assertionis
3302 3202 3574 3258 areﬁunt.

1931 3295 2296 3352 Admonendi
2327 3301 2464 3352 sunt
2493 3296 2690 3362 etiam,
2726 3313 2798 3351 ne
2827 3293 3039 3350 erroris
3067 3291 3392 3348 discordias
3411 3306 3577 3364 gene-

1934 3386 2117 3441 rando
2147 3385 2333 3458 legem
2369 3386 2484 3451 Dei,
2509 3403 2636 3458 quae
2671 3385 2884 3440 idcirco
2914 3385 3050 3439 data
3079 3387 3168 3438 est
3196 3385 3263 3438 ut
3291 3378 3578 3438 sacriﬁcia

1931 3474 2157 3529 Satanae
2180 3473 2504 3546 prohibeat,
2529 3475 2794 3530 eamdem
2818 3473 3002 3545 ipsam
3027 3472 3084 3526 in
3103 3469 3461 3527 sacriﬁcium
3477 3469 3578 3525 Sa-

1928 3565 2078 3618 tanae
2105 3567 2350 3618 vertant.
2385 3563 2546 3619 Unde
2577 3581 2680 3635 per
2707 3563 3049 3635 prophetam
3080 3559 3364 3616 Dominus
3385 3557 3578 3631 queri-

1929 3654 2045 3715 tur,
2069 3651 2302 3708 dicens:
2325 3653 2470 3708 Dedi
2481 3654 2563 3706 eis
2581 3653 2964 3725 linamentum,
2981 3660 3034 3706 et
3067 3651 3261 3706 vinum
3281 3654 3337 3704 et
3358 3647 3572 3714 oleum,

1929 3746 1984 3796 et
2005 3746 2315 3814 argentum
2348 3743 2734 3810 m-uttipticavi
2747 3743 2831 3796 eis
2845 3749 2898 3796 et
2919 3756 3149 3808 aurum,
3164 3753 3291 3812 quae
3311 3736 3578 3811 fecerunt

1929 3829 2090 3886 Βααι
2119 3829 2275 3900 (Ose.
2307 3833 2452 3898 11,8).
2485 3831 2866 3913 Frumeptum
2901 3827 3117 3900 quippe
3148 3845 3183 3882 a
3211 3825 3457 3913 Domino
3479 3841 3574 3880 ac—

1931 3917 2215 3990 cepimus,
2247 3919 2482 3990 quando
2515 3918 2573 3972 in
2606 3912 2778 3973 dictis
2805 3914 3244 3972 obscurioribus
3286 3912 3576 3970 subducto

1929 4007 2186 4080 tegmine
2207 4006 2431 4074 litterae,
2457 4024 2558 4079 per
2577 4005 2895 4061 medullam
2921 4003 3165 4076 spiritus
3180 4001 3326 4075 legis
3347 4001 3579 4056 interna

1931 4095 2462 4152 sentimus.Vinum
2487 4111 2660 4150 suum
2685 4094 2853 4150 nobis
2871 4093 3155 4149 Dominus
3180 4093 3576 4162 praestat,cum

1933 4184 2245 4257 Scripturae
2306 4202 2424 4241 suae
2481 4187 2704 4240 attenta
2753 4180 3160 4255 praedicatione
3196 4197 3302 4236 nos
3331 4177 3575 4234 debriat.

1933 4273 2138 4331 Oleum
2169 4291 2402 4346 quoque
2431 4290 2606 4330 suum
2639 4271 2805 4328 nobis
2838 4259 3061 4342 tribuit,
3093 4286 3229 4326 cum
3276 4266 3580 4340 praceptis

1933 4362 2322 4436 apertioribus
2333 4363 2512 4418 vitam
2525 4365 2783 4419 nostram
2801 4359 3020 4418 blanda
3037 4358 3276 4415 lenitate
3296 4353 3578 4428 disponit.

1931 4453 2254 4525 Argentum
2276 4451 2648 4524 multiplicat,
2670 4468 2806 4507 cum
2831 4449 2999 4506 nobis
3019 4448 3149 4505 luce
3167 4443 3430 4502 veritatis
3459 4442 3580 4516 plc-

1935 4541 2035 4596 nia
2063 4539 2295 4613 eloquia
2324 4540 2758 4596 subministrat.
2787 4541 2941 4595 Auro
2986 4553 3217 4610 quoque
3266 4549 3373 4590 nos
3411 4532 3578 4599 ditat,

1937 4631 2170 4701 quando
2193 4647 2292 4685 cor
2312 4634 2578 4686 nostrum
2603 4629 2899 4686 intellectu
2923 4626 3142 4684 summi
3173 4622 3418 4698 fulgoris
3436 4621 3581 4676 irra-

188 4715 242 4756 se
257 4700 578 4779 intelligere
600 4720 715 4760 non
740 4701 1052 4776 potuerint,
1053 4702 1223 4774 juxta
1245 4703 1597 4774 praeceptum
1620 4699 1820 4756 divina:

1938 4699 2078 4774 diat.
2113 4721 2246 4784 Quae
2291 4724 2502 4775 cuncta
2545 4718 2798 4775 haeretici
2831 4717 2966 4773 Baal
2999 4716 3268 4782 otl‘erunt,
3302 4709 3582 4784 quoniam

187 4791 930 4866 auctoritatis,interrogent
945 4795 1147 4865 patres
1165 4806 1299 4845 suos
1317 4797 1372 4845 et
1401 4789 1830 4846 annuntiabunt

188 4877 583 4954 illismwjores
614 4898 751 4939 suos
779 4889 836 4938 et
865 4881 1153 4938 docebunt
1181 4877 1318 4935 illos
1348 4878 1536 4951 (Deut.
1554 4895 1728 4947 xxxn,
1750 4881 1828 4946 7).

189 4965 250 5022 Et
275 4969 372 5041 qui
405 4987 588 5028 sacrae
619 4967 767 5044 legis
796 4969 974 5026 verba
1003 4975 1118 5024 non
1151 4972 1305 5024 recte
1334 4965 1692 5040 intelligunt,
1725 4968 1832 5024 ad-

191 5059 450 5114 monendi
480 5059 983 5131 sunt,secundum
1014 5056 1276 5131 regulam
1307 5055 1658 5130 pastoralem
1678 5057 1832 5114 beati

193 5141 436 5218 Gregorii
458 5147 662 5220 (parte
683 5146 1020 5220 m,cap.25),
1035 5169 1054 5196 ε
1082 5150 1148 5202 ut
1168 5147 1532 5218 perpendant
1553 5146 1833 5218 quoniam

193 5231 640 5292 saluberrimum
688 5235 809 5292 vini
857 5239 1060 5308 potum
1091 5234 1152 5290 in
1182 5234 1386 5291 veneni
1418 5233 1528 5290 sibi
1557 5234 1833 5306 poculum

191 5325 505 5394 vertunt,ac
525 5341 634 5398 per
653 5323 999 5381 medicinale
1020 5323 1239 5380 ferrum
1259 5322 1496 5379 vulnere
1517 5341 1580 5380 se
1601 5323 1835 5381 mortali

195 5408 418 5482 feriunt,
439 5415 600 5469 .dum
623 5431 727 5487 per
747 5414 856 5470 hoc
878 5413 937 5469 in
960 5429 1022 5470 se
1042 5430 1187 5468 sana
1207 5411 1521 5484 perimunt,
1548 5431 1651 5484 per
1678 5414 1834 5486 quod

196 5497 494 5558 salubriter
505 5502 850 5560 abscindere
865 5501 1126 5559 sauciata
1143 5501 1490 5557 debuerunt.
1502 5501 1833 5559 Admonen-

197 5585 248 5642 di
262 5594 395 5646 sunt
413 5596 478 5646 ut
495 5593 865 5664 perpendant
886 5593 1038 5664 quod
1063 5591 1365 5662 Scriptura
1395 5606 1561 5644 sacra
1586 5589 1644 5645 in
1668 5597 1834 5649 nocte

197 5679 486 5746 praesentis
517 5680 649 5736 vita:
673 5681 844 5754 quasi
876 5681 1146 5752 quaedam
1178 5677 1346 5735 nobis
1376 5677 1614 5733 lucerna
1643 5679 1720 5734 sit
1741 5698 1834 5752 po-

199 5762 319 5835 sita,
340 5769 511 5842 cujus
542 5768 824 5828 nimirum
857 5771 1013 5828 440
1037 5768 1232 5835 verba,
1251 5768 1393 5823 dum
1421 5782 1535 5822 non
1569 5773 1720 5825 recte
1751 5771 1834 5828 in-

1939 4809 2094 4880 apud
2116 4808 2447 4865 auditorum
2495 4825 2734 4866 suorum
2765 4808 2940 4864 corda
2969 4807 3237 4876 corrupte
3266 4799 3464 4856 omnia
3493 4798 3582 4852 in-

1940 4897 2254 4970 telligendo
2311 4901 2670 4970 pervertunt,
2701 4901 2758 4952 et
2800 4897 2872 4952 de
2918 4895 3210 4950 frumento
3254 4887 3375 4954 Dei,
3409 4890 3584 4956 atque

1941 4987 2088 5054 oleo,
2133 4992 2374 5061 argento
2422 4988 2640 5059 pariter
2685 4992 2741 5042 et
2778 5003 2940 5052 auro,
2975 4985 3200 5039 Satanae
3231 4973 3584 5061 sacriﬁcium

1943 5060 2554 5148 immolant,quoniam
2577 5075 2646 5130 ad
2664 5091 2915 5129 errorem
2929 5068 3230 5128 discordiae
3242 5064 3414 5120 verba
3423 5060 3586 5135 pacis

1943 5164 2422 5222 inclinant.Unde
2442 5163 2792 5220 admonendi
2815 5165 2954 5217 sunt
2975 5165 3042 5215 ut
3063 5149 3588 5231 perpendant,quia

1945 5253 2088 5310 dum
2119 5270 2389 5326 perversa
2418 5256 2610 5308 mente
2639 5249 2893 5320 deceptis
2925 5247 3084 5318 pacis
3114 5238 3469 5326 discordiam
3499 5237 3585 5292 fa-

1944 5325 2135 5412 ciunt,
2152 5343 2316 5414 justo
2337 5341 2436 5398 Dei
2458 5340 2721 5398 examine
2744 5338 2854 5410 ipsi
2877 5337 2946 5390 de
2968 5332 3155 5390 verbis
3177 5331 3294 5385 vita
3325 5325 3586 5384 moriun-

1945 5436 2097 5486 tur.»
2114 5430 2359 5487 Docendi
2382 5434 2522 5486 sunt
2541 5429 2715 5486 etiam
2740 5432 2804 5482 ut
2827 5443 2940 5480 non
2967 5423 3437 5496 ignorentneque
3457 5433 3589 5472 con-

1943 5524 2210 5576 temnant
2234 5520 2462 5575 decreta
2483 5517 2678 5591 magni
2703 5515 2908 5572 Leonis
2935 5530 3091 5585 papae
3115 5511 3186 5567 ad
3212 5505 3587 5564 Anastasium

1941 5607 2367 5666 Antiochenum
2381 5607 2716 5680 episc0pum
2730 5601 3186 5676 (epist.62,cap.6,
3201 5599 3270 5656 ad
3290 5598 3590 5653 Maximum

1942 5698 2213 5772 Antioch.)
2233 5699 2291 5753 in
2321 5697 2533 5769 quibus
2569 5697 2854 5768 scriptum
2895 5697 2985 5750 est
3013 5691 3169 5764 quod
3194 5685 3512 5762 apostolica
3533 5685 3590 5737 et

1945 5791 2095 5846 441
2121 5787 2408 5862 generalis
2428 5787 2632 5860 synodi
2656 5783 2998 5843 auctoritate
3019 5780 3350 5839 constituit:
3377 5799 3404 5828 «
3420 5773 3592 5832 Illudv
