4018 6454
145 431 253 495 505

1165 435 1267 496 DE
1313 435 1472 498 UNA
1521 436 1620 498 ET
1664 436 1820 496 NON
1864 434 2103 498 TRINA
2150 437 2516 498 DEITATE.

3425 431 3543 499 508

143 566 208 630 de
235 563 516 638 mysterio
545 565 728 624 divini
755 565 916 622 verbi
947 571 1248 640 penetrare
1279 586 1394 624 non
1443 587 1780 642 possumus,
1815 571 1869 637 Α
1898 567 2110 638 lorum,
2144 571 2526 644 omniumque
2582 570 2870 626 bonorum
2923 573 3012 626 est
3067 567 3538 646 fundamentum,

144 655 412 729 potestati
446 655 639 712 sancti
673 655 932 728 Spiritus
961 656 1267 713 humiliter
1313 675 1694 724 reservemus,
1725 662 1790 712 ut

145 761 250 800 non
284 745 542 817 superbe
574 745 708 817 quis
748 746 980 814 audeat,
1013 747 1102 802 vel
1153 753 1546 816 contemnere,
1580 747 1667 802 vel
1693 749 1788 802 de-

143 833 416 889 nuntiare
441 835 596 906 quod
620 851 732 890 non
756 835 1163 908 intelligit,sed
1178 835 1284 891 hoc
1308 836 1792 908 ignitradat,cum

145 927 338 980 saneto
371 923 619 996 Spiritui
644 924 1132 980 reservat.Credat
1151 930 1344 980 tamen
1367 925 1789 994 indubitanter,

143 1017 203 1069 ut
221 1012 596 1086 Augustinus
615 1013 1066 1086 explanat,quod
1087 1031 1278 1070 sermo
1297 1014 1530 1070 divinus
1552 1015 1792 1085 dieit,ad

144 1102 306 1173 cujus
329 1102 675 1175 mysterium
702 1108 1010 1175 penetrare
1027 1103 1403 1176 intelligendo
1418 1122 1530 1160 non
1544 1105 1790 1161 sufﬁcit:

144 1189 446 1268 quoniam,
467 1195 536 1246 ut
568 1191 775 1248 beatus
807 1190 1155 1248 leestinus
1177 1193 1234 1246 in
1254 1193 1501 1248 decretis
1519 1193 1644 1249 suis
1657 1199 1796 1266 (post

143 1281 290 1352 epist.
325 1283 381 1346 8,
418 1281 478 1336 in
515 1282 640 1352 ﬁn.)
687 1280 848 1348 dicit,
881 1305 909 1332 «
944 1281 1370 1354 profundiores,
1403 1282 1789 1338 difﬁciliores-

143 1385 248 1442 que
285 1373 488 1440 partes
518 1369 944 1428 incurrentium
993 1370 1389 1440 questionum,
1422 1389 1569 1443 quas
1614 1371 1792 1428 latius

143 1462 580 1530 pertractarunt
610 1457 711 1530 qui
751 1457 1037 1516 haereticis
1086 1459 1445 1528 restiterunt,
1479 1460 1631 1516 sicut
1676 1479 1792 1518 non

147 1547 436 1603 audemus
489 1552 882 1617 contemnere,
915 1547 996 1604 ita
1043 1565 1157 1604 non
1216 1566 1451 1606 necesse
1506 1550 1793 1607 habemus

145 1639 429 1696 astruere.
467 1658 489 1686 ι

204 1727 275 1780 At
307 1723 360 1780 si
383 1723 520 1798 quis
539 1725 692 1782 hanc
714 1727 1231 1784 commonitionem
1255 1731 1790 1795 nostram,auctori-

145 1815 256 1874 tate
295 1814 744 1887 Scripturarum
775 1819 831 1872 et
859 1815 1313 1872 orthodoxorum
1345 1817 1609 1874 Ecclesia:
1642 1838 1792 1892 prce~

143 1903 469 1978 positorum
511 1903 741 1974 fultam,
775 1922 891 1962 non
938 1905 1284 1973 obaudierit,
1317 1907 1593 1982 quoniam
1643 1910 1791 1964 sacri

141 1991 488 2049 Antiocheni
523 2010 796 2060 canones,
826 1993 1038 2066 spiritu
1079 1994 1182 2050 Dei
1229 1996 1466 2066 conditi,
1501 2001 1558 2051 et
1587 2001 1651 2051 ut
1679 1998 1791 2052 Leo

145 2080 297 2149 dicit,
326 2080 514 2136 totius
545 2080 751 2138 mundi
784 2081 1101 2138 reverentia
1122 2084 1794 2154 consecrati,dccernunt

143 2194 167 2219 α
191 2170 525 2243 perfectum
551 2187 676 2226 esse
694 2170 1136 2238 concilium,ubi
1155 2172 1636 2244 metropolitanus
1659 2193 1725 2230 cu
1738 2191 1792 2230 n1

144 2258 259 2316 suis
291 2257 690 2332 suﬂ'ragancis
719 2259 1070 2316 interfuerit.
1097 2283 1125 2309 ››
1159 2262 1228 2316 Et
1253 2259 1389 2317 item
1414 2262 1594 2319 S.Leo
1615 2265 1791 2335 (epist.

141 2351 223 2419 66,
254 2349 365 2405 sub
393 2350 522 2421 ﬁn.)
551 2349 624 2405 ad
659 2348 978 2406 Maximum
1005 2350 1430 2407 Antiochcnum
1455 2352 1793 2425 episcopum

145 2437 348 2496 scribit
383 2454 396 2494 :
433 2461 461 2488 «
497 2437 1643 2514 Quidquid,inquiens,prtcterspeciales
1666 2459 1798 2499 caus

142 2543 231 2582 sas
261 2525 647 2600 synodalium
679 2527 1058 2585 conciliorum
1092 2530 1163 2586 ad
1196 2547 1436 2586 examen
1467 2531 1796 2606 episcopale

144 2616 426 2683 defertur,
476 2620 668 2687 potest
726 2615 941 2672 habere
999 2617 1362 2689 diiudicandi
1411 2620 1715 2690 rationem,
1746 2621 1797 2677 si

144 2705 283 2764 nihil
320 2706 397 2760 de
428 2721 496 2760 eo
527 2709 662 2762 esta
678 2705 896 2762 sanctis
918 2707 1184 2782 patribus
1203 2709 1357 2780 apud
1374 2711 1626 2766 Nicaam
1643 2711 1796 2766 difﬁ-

145 2795 360 2852 nilum.
383 2795 534 2854 Nam
553 2794 706 2867 quod
727 2795 800 2852 ab
818 2794 1048 2852 illorum
1072 2797 1288 2870 regulis
1309 2803 1366 2854 et
1385 2798 1798 2856 constitutione

146 2883 468 2950 discordat,
503 2883 832 2956 apostolica:
865 2885 1022 2942 sedis
1049 2903 1356 2960 nunquam
1401 2889 1614 2960 poterit
1645 2889 1798 2944 obti-

146 2990 274 3030 nere
303 2989 691 3030 consensum.
719 2996 746 3022 »
771 2975 840 3029 Et
869 2974 1017 3030 sacri
1048 2974 1260 3030 Niczeni
1285 2993 1560 3046 canones,
1585 2994 1799 3049 eosque

147 3067 464 3136 sequentes
484 3062 831 3120 Antiocheni
853 3069 910 3119 et
929 3063 1797 3138 Chalcedonenses,hujusmodi

146 3151 529 3224 quaestiones,
565 3170 692 3224 qua:
740 3171 844 3226 per
893 3153 1220 3226 provincias
1267 3154 1556 3224 oriuutur,
1589 3155 1802 3228 jubent

145 3240 463 3310 discutere,
496 3245 555 3297 et
586 3240 634 3297 si
667 3259 794 3314 quae
821 3241 1085 3300 fortassis
1114 3243 1459 3300 emerserint
1485 3243 1546 3300 in
1576 3244 1803 3317 provin-

1898 657 2234 731 ignoranter
2262 677 2375 716 non
2406 659 2599 716 valent
2622 659 2932 728 offendere,
2952 658 2999 714 si
3018 675 3119 731 per
3139 662 3539 731 contemptum

1899 747 2171 820 deinceps
2188 749 2721 820 oli'enderint,quod
2739 746 2990 804 dicimus
3012 747 3154 802 satis
3173 747 3539 820 inviti,quem

1900 855 2016 892 non
2047 838 2400 892 correxerint
2445 838 2640 904 verba,
2675 835 2997 908 suscipient
3036 836 3293 904 verbera,
3319 841 3374 892 et
3405 853 3539 892 cum

1899 927 2117 997 gradus
2167 926 2508 999 privatione,
2557 931 2732 998 atque
2765 943 2798 980 a
2828 923 3086 996 corporis
3133 928 3190 978 et
3236 923 3542 996 sanguinis

1900 1015 2111 1070 Christi
2169 1014 2552 1088 separatione,
2612 1019 2676 1070 ut
2732 1012 3148 1070 Gothescalcus
3201 1011 3541 1084 pertinacis-

1900 1103 2088 1160 simus
2135 1105 2448 1162 damnatus
2505 1108 2614 1172 est,
2666 1101 3156 1160 condemnabitur
3194 1099 3400 1156 “exsilii
3456 1099 3543 1157 vel

1899 1193 2177 1266 ergastuli
2236 1193 2630 1266 relegatione:
2665 1197 2957 1265 quatenus
3014 1191 3168 1248 sicut
3213 1189 3542 1264 apostolicae

1901 1281 2056 1338 sedis
2087 1287 2306 1338 statuta
2335 1284 2676 1350 decernunt,
2712 1281 2814 1354 qui
2837 1287 3041 1338 contra
3083 1284 3303 1338 statuta
3348 1285 3542 1336 tenere

1899 1371 2228 1439 tentaverit,
2263 1375 2322 1428 et
2359 1371 2653 1444 prohibita
2701 1371 2876 1428 fuerit
2922 1389 3104 1428 ausus
3153 1369 3480 1436 admittere,
3510 1384 3545 1424 a

1851 1478 1860 1484 ·
1901 1477 2008 1516 suo
2041 1478 2102 1516 se
2132 1461 2356 1516 noverit
2383 1461 2573 1516 ofﬁcio
2605 1461 3096 1529 submovendum,
3129 1477 3234 1516 nec
3280 1474 3542 1516 commu-

1902 1549 2095 1605 nionis
2126 1554 2336 1606 nostris
2368 1549 2634 1606 futurum
2680 1567 2809 1606 esse
2850 1555 3182 1606 consortem
3218 1547 3319 1622 qui
3349 1546 3544 1604 socius

1900 1655 2029 1695 esse
2061 1637 2249 1694 noluit
2279 1637 2620 1710 disciplinae,
2655 1643 2712 1694 et
2760 1655 2896 1694 cum
2945 1655 3012 1694 eo
3059 1637 3272 1694 habeat
3317 1639 3544 1709 partem

1900 1729 2070 1800 cujus
2101 1727 2264 1800 sequi
2291 1726 2504 1801 delegit
2532 1744 2844 1783 eorrorem.
2878 1728 2990 1784 Sed
3016 1731 3074 1782 et
3098 1725 3301 1802 regula.
3341 1729 3547 1784 sancta

1901 1817 2280 1890 professionis
2310 1815 2730 1873 monachorum
2757 1815 3010 1888 capitulo
3057 1815 3338 1889 vigesimo
3383 1817 3544 1870 sexto

1901 1905 2180 1972 decernit,
2209 1910 2274 1960 ut
2308 1905 2526 1960 talibus
2574 1922 2635 1961 se
2687 1905 2947 1978 quolibet
2993 1905 3164 1960 modo
3214 1904 3544 1960 inconsulte

1901 2011 2004 2050 con
2005 1995 2264 2067 jungens
2277 1994 2557 2050 sortiatur
2569 1993 3192 2050 excommunicationis
3203 1992 3542 2049 vindictam.

1906 2082 2063 2138 Unde
2096 2082 2244 2138 scire
2274 2081 2525 2138 ﬁdeliter
2554 2081 2827 2155 quisquis
2859 2081 3048 2138 ﬁdelis
3069 2081 3545 2153 debet,quoniam

1902 2170 2036 2226 licet
2067 2176 2167 2226 aut
2197 2171 2642 2244 praepositorum
2669 2170 2946 2230 Ecclesiae.
2978 2170 3283 2244 scientiam
3333 2169 3545 2238 latens,

1905 2265 2006 2316 aut
2034 2259 2319 2316 desidiam
2350 2259 2437 2314 vel
2470 2259 2908 2332 negligentiam,
2941 2275 3044 2315 seu
3065 2258 3435 2324 eludens,aut
3453 2274 3548 2330 po-

1904 2354 2176 2405 testatem
2209 2349 2380 2404 modo
2411 2347 2672 2421 quolibet
2699 2347 3158 2420 subter-fugiens,
3183 2347 3254 2403 ab
3277 2345 3370 2402 his
3393 2346 3550 2417 judi-

1905 2437 2152 2496 cialibus
2183 2437 2489 2494 sententiis
2520 2455 2554 2494 a
2585 2437 2804 2510 Spiritu
2845 2442 3068 2504 sancto,
3103 2435 3203 2510 qui
3251 2438 3549 2494 scrutatur

1905 2528 2080 2590 etiam
2111 2528 2402 2600 profunda
2432 2526 2532 2582 Dei
2563 2531 2618 2582 et
2649 2525 2832 2598 replet
2861 2526 3063 2582 orbem
3103 2529 3416 2594 terrarum,
3449 2524 3546 2582 (ἰθ-

1905 2618 2079 2675 cretis
2105 2621 2237 2674 ante
2267 2614 2468 2672 oculos
2505 2615 2795 2671 humanos
2844 2614 3110 2685 evaserit,
3143 2614 3202 2669 in
3235 2618 3549 2688 conspectu

1905 2713 2102 2766 tamen
2130 2706 2254 2776 Dei,
2279 2706 2450 2777 cujus
2480 2703 2666 2760 oculis
2697 2705 2856 2760 nuda
2875 2709 2932 2762 et
2951 2708 3152 2776 aperta
3170 2709 3310 2760 sunt
3328 2704 3547 2770 omnia,

1907 2801 1965 2854 et
1994 2797 2094 2870 qui
2129 2795 2264 2852 fecit
2293 2812 2420 2867 quae
2453 2795 2650 2850 futura
2670 2798 2826 2862 sunt,
2843 2809 2944 2864 per
2965 2791 3408 2865 eorumjudicia
3428 2791 3552 2865 qui-—

1907 2887 2019 2942 bus
2049 2883 2193 2942 dixit
2223 2901 2236 2939 :
2270 2885 2384 2940 Non
2416 2899 2505 2940 vos
2535 2885 2662 2938 estis
2707 2885 2805 2955 qui
2851 2882 3162 2954 loquimini,
3188 2881 3280 2937 sed
3308 2881 3548 2950 Spiritus

1907 2977 2088 3031 Patris
2120 2975 2302 3041 vestri,
2336 2974 2432 3046 qui
2461 2973 2704 3045 loquitur
2735 2973 2793 3026 in
2823 2971 2970 3026 vobis
3001 2970 3202 3039 (Matth.
3236 2988 3291 3036 x,
3315 2971 3430 3036 20),
3453 2973 3546 3025 et:

1907 3065 2142 3136 Accipite
2175 3062 2444 3134 Spiritum
2489 3067 2754 3129 sanctum,
2787 3075 3017 3132 quorum
3065 3059 3387 3114 remiseritis
3431 3072 3548 3129 pec-

1907 3161 2027 3210 cata
2071 3154 2413 3208 remittantur
2454 3152 2556 3219 eis,
2586 3157 2638 3208 et
2683 3164 2914 3222 quorum
2959 3147 3296 3205 retinueritis
3344 3153 3550 3202 retenta

1906 3250 2035 3300 sunt
2065 3244 2238 3314 (Joan.
2271 3244 2480 3309 xv,22),
2511 3238 2728 3310 quique
2757 3236 2816 3292 in
2849 3236 2992 3292 creto
3015 3253 3150 3293 cum
3181 3253 3248 3294 eo
3281 3239 3550 3309 regnant,

145 3331 398 3387 cialibus
441 3331 704 3405 synodis,
731 3331 966 3405 singula
1014 3351 1259 3406 qumque
1305 3333 1613 3407 corrigere.
1643 3337 1800 3407 Aga-
1829 3309 1875 3379 (ἶ
1909 3335 1966 3388 et
1997 3332 2055 3386 in
2089 3330 2258 3386 terris
2289 3327 2587 3385 miraculis
2615 3330 2944 3394 coruscant,
2977 3331 3034 3382 et
3071 3329 3138 3382 ut
3183 3325 3388 3382 beatus
3438 3324 3550 3381 Leo

146 3420 355 3477 thense
382 3419 704 3476 concilium
735 3421 925 3493 capite
968 3421 1268 3494 trigesimo
1300 3427 1500 3478 octavo
1531 3427 1676 3493 (can.
1709 3425 1800 3493 31)

144 3510 422 3578 decrevit,
459 3507 662 3565 dicens
687 3527 700 3565 :
730 3533 750 3558 ι
777 3510 1111 3578 Monaclios,
1129 3527 1276 3583 quos
1292 3512 1600 3568 verborum
1622 3512 1804 3569 incre-

144 3598 298 3670 patio
332 3617 457 3654 non
486 3599 901 3666 emendaverit,
926 3599 1103 3654 etiam
1125 3600 1463 3656 verberibus
1485 3602 1802 3659 statuimus

147 3687 425 3746 coerceri.
463 3711 492 3738 »
526 3688 689 3754 Quod
720 3693 777 3743 et
821 3694 1024 3744 sancta
1073 3689 1275 3762 regula
1321 3691 1524 3745 eodem
1580 3691 1802 3763 Spiritu

149 3783 376 3849 sancto,
401 3794 522 3851 quo
543 3781 601 3833 et
621 3777 771 3832 sacri
796 3795 1049 3834 canones
1070 3779 1128 3833 in
1149 3780 1494 3835 venerandis
1516 3779 1798 3848 conciliis,

146 3886 248 3940 per
262 3885 332 3927 os
352 3867 513 3926 beati
542 3867 836 3924 Benedicti
867 3867 1256 3942 promulgata,
1276 3871 1533 3925 secundo
1549 3869 1802 3942 capitulo

141 3958 312 4029 jubet
345 3955 824 4030 indisciplinatos
854 3957 1076 4014 scilicet
1103 3956 1470 4030 etinquietos
1493 3958 1698 4016 durius
1718 3977 1805 4016 ar-

146 4064 346 4120 guere,
382 4045 795 4120 etimprobos,
829 4050 886 4102 et
917 4047 1094 4103 duros
1143 4064 1209 4102 ac
1257 4047 1541 4120 superbos
1585 4047 1672 4103 vel
1709 4049 1801 4103 in-

147 4136 492 4194 obedientes
507 4135 812 4192 verberum
831 4135 919 4192 vel
935 4135 1194 4208 corporis
1211 4135 1592 4208 castigatione
1607 4137 1661 4192 in
1676 4137 1801 4210 ipso

143 4222 311 4281 initio
347 4223 576 4298 peccati
606 4242 890 4294 coercere,
925 4223 1078 4282 sicut
1107 4225 1394 4297 scriptum
1424 4230 1546 4280 est:
1573 4225 1802 4282 Stultus

144 4314 338 4371 verbis
373 4332 491 4370 non
521 4313 855 4386 corrigitur,
879 4318 936 4369 et
961 4319 1192 4386 percute
1220 4313 1407 4370 filium
1429 4318 1597 4372 tuum
1618 4315 1799 4388 virga,

144 4407 200 4460 et
231 4403 521 4462 liberabis
551 4401 812 4460 animam
843 4404 973 4474 ejus
1005 4422 1038 4460 a
1069 4409 1274 4459 morte.
1309 4404 1594 4460 Memores
1626 4405 1804 4478 igitur

144 4491 565 4565 promissionis
581 4509 701 4548 suae
720 4490 1044 4551 doctrinam
1063 4493 1396 4550 communis
1412 4493 1597 4566 patris
1619 4495 1801 4550 nostri

143 4581 298 4656 beati
333 4578 638 4640 Benedicti
669 4585 1010 4654 sequantur,
1044 4582 1144 4654 qui
1172 4581 1230 4638 in
1261 4586 1422 4638 sexto
1463 4581 1676 4656 regula.-
1707 4601 1799 4638 ca-
1843 4605 1848 4612 ·

1911 3420 2136 3486 scribit,
2169 3418 2360 3476 adhuc
2390 3416 2699 3476 nobiscum
2747 3415 2808 3471 in
2857 3415 2984 3478 suis
3033 3411 3552 3473 constitutionibus

1907 3509 2128 3576 vivunt,
2161 3524 2510 3580 permanens
2540 3507 2598 3560 in
2622 3503 2944 3578 pertinacia
2971 3511 3081 3560 sm
3109 3503 3326 3576 ligatus
3374 3499 3553 3564 exibit

1912 3600 1982 3656 de
2011 3599 2124 3655 isto
2155 3597 2386 3664 saaculo,
2422 3595 2536 3652 nisi
2565 3612 2669 3668 per
2697 3595 2906 3668 dignos
2935 3591 3284 3666 pcenitentiaa
3321 3592 3552 3649 fructus

1910 3687 2314 3744 ecclesiastica:
2330 3684 2730 3740 communioni
2745 3682 3063 3756 episcopali
3079 3679 3420 3738 auctoritate
3436 3680 3554 3736 fue-

1911 3775 1988 3832 rit
2016 3775 2343 3832 restitutus.
2376 3771 2732 3829 Pontiﬁcalis
2762 3788 2896 3828 vero
2938 3769 3277 3836 auctoritas,
3309 3774 3367 3825 et
3395 3767 3553 3842 regia

1911 3868 2421 3937 potestas,nccnon
2453 3865 2511 3918 et
2539 3859 2758 3933 quique
2783 3859 3038 3933 praefecti
3069 3857 3432 3928 Ecclesiae,id
3463 3859 3553 3919 est

1911 3952 2231 4026 presbyteri
2279 3956 2337 4007 et
2387 3949 2874 4006 monasteriorum
2930 3951 3202 4014 rectores,
3231 3962 3336 4019 pro
3394 3949 3551 4002 certo

1911 4043 2064 4099 sicut
2093 4042 2388 4100 credimus
2418 4039 2614 4096 sciunt
2643 4056 2710 4095 ex
2755 4055 2922 4102 sacra
2964 4037 3237 4104 lectione,
3267 4033 3370 4092 ubi
3398 4035 3552 4094 inter

1911 4131 2026 4188 alia
2055 4129 2341 4187 desidiam
2377 4127 2497 4184 Heli
2529 4126 2847 4183 sacerdotis
2874 4143 3014 4205 erga
3039 4128 3370 4204 peccatores
3399 4121 3554 4181 ﬁlios

1911 4239 2050 4279 suos
2091 4218 2428 4276 terribiliter
2473 4215 2780 4272 multatam
2826 4215 3048 4288 legunt,
3081 4218 3138 4269 et
3165 4213 3452 4284 scriptum
3482 4211 3553 4266 de

1911 4311 2168 4384 quodam
2227 4325 2360 4380 rege
2418 4306 2740 4372 inveniunt,
2781 4305 2919 4374 Quia
2973 4303 3259 4370 dimisisti,
3286 4299 3555 4358 videlicet

1911 4400 2036 4457 sine
2068 4398 2286 4454 ultione
2317 4395 2531 4461 debita,
2568 4397 2748 4450 virum
2779 4401 2946 4452 morte
2973 4391 3220 4463 dignum,
3243 4391 3349 4446 erit
3365 4391 3557 4448 anima

1911 4499 2005 4546 tua
2025 4506 2124 4560 pro
2153 4488 2339 4543 animo
2368 4486 2546 4551 illius,
2576 4493 2627 4540 et
2647 4484 2882 4556 papulas
2907 4489 3031 4538 tuus
3055 4497 3156 4554 pro
3178 4480 3378 4552 papula
3399 4479 3554 4538 illius

1909 4579 2010 4648 (III
2036 4581 2160 4648 Reg.
2191 4565 2284 4643 ax,
2319 4577 2442 4644 4:2);
2471 4573 2622 4630 sicut
2651 4577 2889 4629 sanctus
2919 4569 3233 4645 Gregorius
3253 4568 3325 4628 ad
3373 4569 3551 4626 Eusc-

142 4655 331 4744 pitulo
365 4687 437 4728 ex
463 4668 805 4742 prophetico
831 4669 1166 4728 testimonio
1197 4670 1338 4730 dicit
1361 4688 1374 4726 :
1401 4671 1480 4739 Si,
1504 4655 1798 4744 inquiens,
1837 4681 1879 4746 ι)
1909 4669 2072 4724 bium
2107 4663 2609 4738 archiepiscopum
2631 4660 3100 4734 (lib.vn,epist.6)
3125 4657 3365 4717 scribit:
3393 4680 3420 4707 α
3445 4655 3556 4726 Qui

141 4775 176 4814 a
205 4757 386 4816 bonis
415 4757 669 4832 eloquiis
714 4759 1012 4818 interdum
1062 4765 1298 4833 propter
1338 4760 1800 4838 taciturnitatem

142 4847 320 4906 debet
351 4847 556 4926 taceri,
585 4853 805 4921 quanto
838 4849 1028 4922 magis
1059 4867 1093 4905 a
1121 4849 1290 4907 malis
1327 4850 1520 4906 verbis
1567 4854 1803 4924 propter

141 4955 387 5016 poenam
405 4937 628 5012 peccati
649 4937 818 4995 debet
833 4937 1087 4996 cessari?
1101 4939 1415 5006 Quidenim
1426 4939 1518 5014 pej
1531 4957 1597 4997 us
1613 4943 1804 5012 potest

142 5027 259 5084 dici
291 5045 476 5100 quam
508 5027 644 5083 ﬁdei
677 5027 1008 5100 symbolum
1031 5046 1066 5086 a
1086 5027 1314 5084 Christo
1342 5029 1706 5097 traditum,ct
1728 5029 1800 5085 ab

143 5115 434 5190 apostolis
463 5115 984 5190 apostolorumque
1030 5117 1468 5174 successoribus
1517 5119 1801 5191 praedtca-

144 5210 295 5276 tum,
313 5204 376 5260 in
400 5223 614 5280 magno
638 5205 866 5264 Nicaeno
889 5206 1132 5263 concilio
1152 5212 1412 5280 mystyeo
1433 5209 1800 5263 sacerdotum

143 5311 400 5352 numero
421 5297 858 5363 confirmatum,
883 5295 1383 5369 pestilentissimo,
1407 5297 1798 5368 pertinaciter,

141 5389 199 5439 et
229 5402 304 5440 ex
332 5384 530 5442 studio
560 5384 776 5442 violare
799 5391 972 5458 atque
995 5385 1331 5456 convellere,
1353 5403 1487 5442 cum
1505 5385 1806 5458 Scriptura

143 5471 306 5530 dicat
330 5491 344 5530 :
371 5473 502 5532 Sine
519 5474 626 5547 ﬁde
649 5477 984 5548 impossibile
1003 5484 1084 5533 est
1098 5477 1311 5549 placere
1329 5479 1470 5532 Deo?
1491 5479 1559 5531 Et
1581 5477 1720 5550 quia
1743 5477 1801 5532 in

140 5567 266 5618 tam
303 5564 563 5622 maxima
591 5583 926 5637 causa,qua:
946 5565 1044 5621 illa
1075 5566 1269 5639 magni
1303 5565 1448 5620 Petri
1477 5549 1642 5620 recte:
1666 5583 1800 5622 con-

145 5651 428 5708 fessionis
453 5659 620 5726 petra
649 5659 762 5722 est,
794 5672 974 5728 supra
1005 5673 1184 5728 quam
1215 5654 1502 5710 Dominus
1542 5654 1806 5713 fundavit

146 5739 475 5806 Ecclesium
507 5762 700 5816 suam,
729 5745 826 5802 cui
857 5749 1013 5822 444
1043 5745 1202 5802 dedit
1241 5745 1428 5806 claves
1479 5744 1641 5817 regni
1689 5761 1800 5807 coe-

1911 4775 2026 4812 non
2085 4754 2322 4826 corrigit
2377 4753 2710 4821 resccanda,
2759 4749 3093 4806 committit.
3129 4771 3156 4798 »
3187 4749 3257 4804 Et
3313 4750 3554 4804 sanctus

1913 4846 2279 4919 Augustinus
2309 4861 2377 4899 ex
2407 4841 2696 4898 sententia
2721 4841 2877 4897 beati
2926 4838 3087 4896 Pauli
3135 4835 3402 4910 apostoli,
3435 4850 3556 4914 qua.

1909 4935 2051 4992 dicit
2083 4951 2096 4990 :
2130 4935 2304 4991 Nolite
2331 4933 2734 4989 communicare
2761 4929 3015 4994 operibus
3037 4925 3389 4999 infructuosi:
3406 4931 3550 4978 tene-

1911 5027 2156 5096 brarum,
2203 5025 2379 5095 magis
2421 5029 2601 5076 autem
2646 5028 2696 5075 et
2741 5018 3052 5087 redarguitc
3100 5013 3311 5087 (Ephes.
3353 5029 3406 5077 ν,
3441 5009 3547 5083 11),

1911 5115 1970 5172 in
2003 5129 2269 5170 sermone
2309 5112 2380 5166 de
2429 5109 2620 5165 verbis
2667 5105 2959 5179 Evangelii
3009 5108 3192 5174 (serm.
3228 5101 3312 5172 18)
3344 5101 3550 5155 eodem

1911 5222 2090 5261 sensu
2119 5201 2391 5276 explanat
2425 5217 2437 5254 :
2473 5224 2499 5250 ι(
2534 5200 2680 5263 Νοιι,
2715 5195 3008 5268 inquiens,
3041 5191 3400 5264 negligentes
3423 5187 3554 5244 s—itis

1913 5295 1970 5354 in
2003 5289 2360 5366 corrigendis
2397 5288 2627 5354 vestris,
2659 5287 2731 5340 ad
2781 5299 2980 5340 curam
3029 5279 3249 5336 scilicet
3295 5283 3552 5334 vestram

1911 5400 2146 5456 quoquo
2195 5379 2366 5436 modo
2425 5375 2868 5449 pertinentibus,
2922 5370 3232 5436 monendo,
3267 5367 3552 5436 docendo,

1911 5472 2218 5539 hortando,
2252 5467 2540 5524 terruncio.
2573 5463 3031 5534 Quibuscunque
3069 5458 3260 5516 modis
3309 5457 3552 5532 potestis

1913 5563 2085 5636 agite,
2121 5577 2190 5614 ne
2221 5575 2354 5614 cum
2389 5554 2660 5610 invenitis
2693 5553 2749 5606 in
2773 5549 3090 5622 Scripturis
3113 5547 3247 5604 etin
3270 5546 3552 5620 exemplis

1912 5657 2268 5714 sanctorum,
2303 5647 2420 5701 sive
2451 5644 2550 5716 qui
2585 5647 2736 5713 ante,
2769 5642 2890 5697 sive
2920 5639 3023 5714 qui
3063 5643 3196 5712 post
3238 5639 3552 5697 adventum

1912 5743 1972 5800 in
2003 5742 2113 5801 hac
2137 5738 2255 5796 vita
2296 5737 2549 5804 fuerunt,
2583 5733 2738 5806 quod
2795 5729 2935 5796 mali
2985 5730 3170 5791 bonos
3220 5729 3278 5784 in
3327 5726 3552 5792 unitate
