4018 6476
427 455 543 521 507

1339 465 1731 530 HINGMABI
1775 463 2226 529 ltHEMENSIS
2270 465 2889 532 ARCHIEPISGOPL

3701 461 3815 524 508

426 611 543 652 non
597 593 915 664 maculant,
965 595 1302 656 efﬁciamini
1355 599 1502 674 pigri
1561 600 1633 656 ad
1691 599 2065 673 corrigendos
2093 598 2148 666 Α
2175 599 2410 658 habeant
2438 601 2484 674 (1
2515 603 2648 658 Tim.
2683 621 2740 670 v,
2768 603 2880 675 20).
2913 598 3075 669 Quod
3115 601 3186 658 de
3231 599 3326 658 his
3373 601 3532 658 440
3565 595 3818 674 peccatis

427 684 580 742 445
613 686 820 742 malos.
852 687 1091 744 Duobus
1124 689 1314 746 modis
1342 707 1454 746 non
1486 694 1542 746 te
1569 691 1823 746 maculat
1855 689 2064 756 malus,

427 773 476 830 si
508 791 621 829 non
653 777 986 833 consentias
1017 783 1074 833 et
1105 780 1440 852 redarguas,
1467 779 1576 838 hoc
1627 785 1716 835 est
1763 797 1878 836 non
1909 797 2065 836 com-

429 863 753 933 municare,
785 883 901 922 non
933 869 1258 925 consentire
1291 887 1304 924 :
1339 874 1397 926 et
1417 870 1558 942 quia
1578 888 1786 943 parum
1807 874 1930 926 erat
1952 887 2065 924 non

429 953 779 1022 consentire,
829 955 878 1011 si
928 962 1268 1029 sequeretur
1323 959 1679 1031 negligentia
1723 958 2065 1031 disciplinae,

429 1041 599 1110 Μαθίδ
629 1045 1042 1118 autem,inquit,
1063 1055 1114 1104 et
1138 1047 1467 1117 redarguite.
1502 1049 1624 1104 Non
1659 1065 1793 1120 ergo
1825 1065 2066 1104 consen-

431 1131 642 1188 tientes
671 1133 801 1188 sitis
831 1135 1020 1203 malis,
1047 1140 1110 1191 ut
1131 1154 1245 1192 non
1278 1137 1612 1209 approbetis
1640 1154 1652 1192 ε
1677 1155 1865 1210 neque
1887 1135 2038 1209 negli

431 1227 656 1292 gentes,
688 1227 752 1279 ut
781 1241 894 1279 uon
926 1227 1225 1297 arguatis:
1251 1244 1438 1298 neque
1469 1224 2069 1298 superbientes.utin-

433 1311 718 1367 sultanter
745 1313 1024 1384 arguatis.
1062 1338 1090 1364 »
1121 1319 1188 1370 Et
1215 1315 1355 1372 item
1387 1333 1455 1372 ex
1484 1333 1751 1373 sermone
1780 1317 1851 1372 de
1880 1315 2070 1370 verbis

432 1401 750 1473 Evangelii,
777 1421 1071 1475 exponens
1098 1405 1441 1476 Apostolum
1479 1389 1764 1461 dicentem
1801 1423 1812 1460 :
1847 1406 2073 1477 Pr0pter

435 1491 576 1562 quod
603 1493 746 1547 exite
768 1493 834 1548 de
860 1493 1035 1551 medio
1078 1511 1284 1560 eorum,
1316 1505 1368 1552 et
1393 1497 1758 1568 sapa-mmini,
1789 1494 1924 1550 dicit
1967 1496 2069 1549 Do-

433 1581 620 1635 minus
667 1581 740 1647 (11
789 1581 908 1637 Cor.
951 1600 1026 1647 v1,
1070 1585 1157 1653 17)
1191 1601 1204 1639 :
1241 1608 1268 1634 «
1303 1585 1452 1650 Quid
1502 1588 1608 1650 est,
1659 1583 1868 1654 inquit,
1919 1581 2072 1636 exire

432 1665 589 1738 inde,
624 1669 735 1724 nisi
767 1671 951 1727 facere
981 1673 1134 1743 quod
1162 1672 1410 1742 pertinet
1425 1673 1496 1728 ad
1515 1671 1938 1744 correptionem
1957 1687 2074 1725 ma-

432 1755 938 1830 lorum,quantum
955 1779 1056 1833 pro
1069 1762 1539 1832 uniuscujusque
1549 1762 1732 1831 gradu
1756 1765 1930 1832 atque
1953 1776 2076 1831 per-

433 1863 579 1902 sona
609 1848 767 1904 salva
795 1867 936 1920 pace
975 1851 1096 1907 ﬁeri
1147 1851 1378 1922 potest?
1407 1850 1716 1922 Displicuit
1763 1849 1869 1904 tibi
1919 1848 2072 1920 quod

432 1935 682 2034 quisque
711 1939 990 2034 peccavit,
1023 1957 1136 1995 non
1177 1940 1416 2010 tetigisti
1449 1940 1859 1994 immundum:
1888 1939 2074 1993 redar—
2107 1969 2153 2034 Β

433 2026 635 2098 guisti,
669 2027 1025 2098 corripuisti,
1046 2029 1348 2095 monuisti,
1371 2028 1690 2084 adhibuisti
1713 2028 1888 2082 etiam
1913 2025 1961 2082 si
1983 2043 2076 2080 res

435 2114 625 2186 exegit
652 2131 973 2188 congruam
1004 2122 1062 2173 et
1090 2134 1217 2188 qua
1248 2117 1532 2172 unitatem
1567 2135 1680 2172 non
1700 2115 1877 2170 violet
1897 2113 2076 2170 disci-

435 2203 682 2275 plinam,
712 2205 878 2260 existi
910 2205 1064 2261 inde.
1102 2228 1129 2255 »
1151 2207 1219 2260 Et
1237 2223 1303 2260 ex
1323 2222 1592 2261 sermone
1613 2207 1683 2260 de
1696 2203 2078 2282 generalitate

435 2290 938 2365 eleemosynarum
971 2293 1188 2366 (incipit
1217 2313 1235 2349 :
1265 2295 1418 2350 Sunt
1445 2293 1544 2366 qui
1577 2293 1954 2358 existimant),
1989 2309 2080 2347 ex-

437 2397 663 2454 ponens
693 2383 1064 2448 sententiam,
1096 2385 1176 2439 Da
1212 2383 1576 2449 misericordi,
1609 2391 1660 2440 et
1701 2400 1770 2438 ne
1813 2383 2078 2454 suscipias

432 2479 768 2543 peccatorem
815 2472 1012 2542 (Eccli.
1056 2490 1156 2538 xu,
1192 2473 1244 2544 4)
1278 2489 1292 2528 :
1325 2495 1354 2523 «
1383 2473 1528 2539 Duo,
1560 2472 1772 2543 inquit,
1821 2469 1935 2526 ista
1976 2488 2076 2525 no-

438 2559 620 2626 mina,
653 2577 788 2616 cum
819 2560 1072 2617 dicimus
1101 2561 1276 2618 homo
1299 2565 1713 2635 peccator,non
1739 2559 1938 2633 utique
1960 2559 2078 2614 fru-

438 2652 561 2704 stra
591 2649 884 2706 dicuntur.
920 2651 1066 2717 Quia
1105 2655 1372 2723 peccator
1417 2653 1524 2719 est,
1556 2650 1779 2722 corripe
1811 2666 1825 2704 :
1859 2653 1916 2704 et
1944 2648 2083 2721 quia

439 2736 615 2792 homo
633 2741 722 2794 est
737 2737 1045 2807 miserere;
1071 2757 1176 2796 nec
1196 2739 1434 2795 omnino
1457 2738 1734 2794 liberabis
1758 2737 2079 2802 hominem,

439 2825 554 2882 nisi
586 2842 717 2882 eum
750 2833 1092 2900 persecutus
1123 2827 1301 2884 fueris
1325 2832 1704 2900 peccatorem.
1727 2827 1869 2882 lluic
1889 2826 2080 2882 ofﬁcio

439 2915 633 2972 omnis
661 2915 925 2990 invigilat
955 2917 1447 2989 disciplina,sicut
1467 2917 1680 2989 cuique
1705 2915 1921 2988 regenti
1945 2919 2085 2988 apta

441 3007 499 3060 et
515 3006 958 3061 accommodata
973 3009 1202 3072 est,non
1217 3004 1408 3061 solum
1429 3005 1699 3076 episcopo
1723 3001 1942 3076 regenti
1963 3002 2081 3074 ple-

437 3092 572 3148 bem
589 3095 892 3163 suam,sed
918 3093 1092 3150 etiam
1121 3094 1359 3167 pauperi
1382 3093 1600 3165 regenti
1624 3094 1864 3148 domum
1888 3109 2080 3155 suam,

438 3181 648 3238 marito
673 3184 892 3255 regenti
917 3185 1227 3260 conjugem
1250 3200 1440 3246 suam,
1456 3182 1603 3256 patri
1618 3181 1838 3255 regenti
1861 3181 2082 3254 prolem

440 3288 631 3338 suam,
654 3271 842 3342 judici
874 3273 1092 3344 regenti
1126 3273 1480 3344 provinciam
1509 3271 1836 3343 suam,regi
1861 3269 2082 3342 regenti

439 3363 672 3432 gentem
705 3378 893 3416 suam.
928 3361 1143 3416 Omnes
1175 3361 1253 3427 hi,
1289 3378 1420 3416 cum
1455 3361 1590 3416 boni
1624 3364 1780 3427 sunt,
1811 3359 1896 3415 eis
1932 3376 2080 3431 quos
2110 3337 2154 3404 (ἶ

441 3453 654 3554 regunt
669 3449 813 3506 bene
839 3450 1040 3554 utique
1060 3451 1280 3506 volunt.
1293 3452 1362 3506 Et
1379 3449 1526 3505 servi
1535 3449 1705 3521 juxta
1725 3447 2082 3521 impertitam

442 3538 517 3594 ab
549 3538 972 3596 universorum'
985 3538 1230 3594 Domino
1261 3542 1628 3611 potestatem,
1661 3538 1762 3610 qui
1793 3539 1970 3594 etiam
2005 3554 2087 3592 re-

441 3631 644 3699 gentes
673 3627 839 3700 regit,
864 3629 1007 3683 dant
1024 3645 1258 3700 cperam
1278 3632 1342 3683 ut
1365 3627 1537 3682 iidem
1555 3627 1665 3700 ipsi
1687 3644 1836 3698 quos
1854 3629 2082 3698 regunt,

443 3721 502 3771 et
529 3721 946 3772 conserventur
972 3716 1260 3786 homines,
1293 3721 1349 3770 et
1378 3720 1616 3788 pereant
1642 3717 2087 3787 peccatores.|ta

443 3803 693 3878 implent
732 3807 888 3878 quod
937 3805 1220 3878 scriptum
1267 3811 1374 3872 est,
1407 3807 1487 3862 Da
1531 3804 1894 3871 misericordi,
1926 3812 1977 3860 et
2018 3820 2090 3860 ne

439 3896 708 3966 suscipias
737 3903 1081 3966 peccatorcm,
1106 3912 1178 3952 ne
1193 3895 1306 3950 hoc
1327 3895 1384 3950 in
1404 3893 1506 3950 illo
1527 3892 1750 3949 salvum
1777 3895 1930 3965 quod
1958 3909 2086 3964 pec-

443 3987 606 4039 cator
635 3987 726 4040 est
750 3985 952 4040 velint.
987 3986 1051 4039 Et
1077 3987 1264 4057 impiis
1293 3992 1344 4040 et
1370 3984 1736 4056 peccatoribus
1775 3982 1936 4040 redde
1965 3985 2086 4038 vin-

442 4071 738 4127 dictam.Et
762 4073 872 4128 hoc
903 4073 1098 4144 ipsum
1132 4073 1285 4144 quod
1309 4071 1474 4144 impii
1495 4077 1552 4128 et
1574 4077 1904 4144 peccatores
1925 4077 2085 4138 sunt,

445 4159 708 4214 deleatur
738 4160 795 4214 in
827 4160 931 4217 eis.
964 4162 1196 4230 Reme/"ac
1229 4161 1452 4226 humili,
1487 4165 1726 4234 pr0pter
1771 4160 1881 4216 hoc
1932 4161 2087 4232 quod

445 4246 688 4303 humilis
719 4252 828 4312 est,
861 4257 1007 4304 etne
1034 4249 1244 4306 dederis
1275 4251 1465 4321 impio,
1497 4253 1731 4322 propter
1776 4249 1885 4305 hoc
1933 4250 2086 4321 quod

445 4334 665 4406 impius
693 4339 801 4402 est,
836 4339 1095 4408 quoniam
1123 4345 1175 4394 et
1203 4338 1511 4393 Altissimus
1549 4337 1670 4393 odio
1719 4337 1878 4394 habet
1905 4354 2088 4408 pecca-

445 4431 608 4488 tores,
634 4431 686 4479 et
732 4426 919 4496 impiis
965 4425 1150 4482 reddet
1191 4427 1506 4482 vindictam.
1541 4425 1648 4492 Qui
1698 4430 1918 4493 tamen,
1951 4426 2091 4496 quia

447 4528 564 4566 non
596 4511 788 4568 solum
819 4518 1150 4586 peccatores
1179 4518 1238 4569 et
1265 4513 1454 4586 impii,
1484 4530 1686 4570 verum
1719 4513 1895 4569 etiam
1917 4518 1974 4570 et
1993 4514 2092 4570 ho-

447 4599 637 4655 mines
667 4606 826 4667 sunt,
859 4602 996 4658 facit
1024 4603 1162 4658 oriri
1193 4602 1376 4659 solem
1408 4620 1583 4659 suum
1617 4619 1794 4673 super
1823 4602 2006 4658 bonos
2034 4607 2092 4658 et

2175 690 2577 762 accipiendum
2608 697 2697 748 est
2725 709 2850 764 quae
2881 709 2996 748 non
3024 690 3224 759 latent,
3249 707 3320 748 ne
3349 695 3558 746 contra
3587 685 3822 744 Domini

2177 781 2530 836 sententiam
2563 785 2803 854 putetur
2829 781 3080 838 locutus.
3105 779 3205 837 Ille
3233 778 3388 836 enim
3413 777 3558 852 dicit
3582 793 3596 832 :
3619 776 3685 832 Si
3701 791 3820 848 pec-

2175 870 2380 925 caverit
2407 871 2466 924 in
2495 878 2542 926 te
2569 873 2744 942 frater
2767 879 2913 939 tuus,
2944 871 3158 942 corripe
3185 886 3311 925 eum
3336 871 3482 924 inter
3499 875 3552 924 te
3570 874 3625 922 et
3645 867 3824 937 ipsum

2176 959 2354 1014 solum
2383 959 2583 1026 (Matth.
2606 977 2766 1028 xvm,
2799 959 2905 1033 15).
2932 959 3346 1015 Verumtamen
3379 961 3438 1014 et
3482 956 3612 1029 ipse
3661 971 3823 1010 seve-

2179 1047 2410 1103 ritatem
2441 1047 2821 1120 correptionis
2851 1065 2917 1104 eo
2963 1064 3148 1120 usque
3195 1046 3483 1119 perducit,
3517 1047 3587 1100 ut
3615 1043 3778 1098 dicat
3805 1059 3819 1094 :

2177 1137 2240 1194 Si
2267 1155 2366 1193 nec
2411 1138 2706 1194 Ecclesium
2751 1137 3010 1204 audierit,
3041 1139 3116 1193 sit
3161 1136 3265 1192 tibi
3307 1137 3452 1192 sicut
3495 1134 3750 1190 ethnicus
3778 1137 3829 1186 et

2176 1227 2524 1299 publicanus.
2561 1250 2588 1277 »
2621 1228 2764 1292 Quia
2801 1227 3109 1298 pastoralis
3155 1224 3480 1282 necessitas
3526 1221 3729 1285 habet,
3757 1235 3825 1274 ne

2181 1333 2283 1390 per
2313 1316 2507 1388 plures
2528 1322 2764 1389 serpant
2783 1316 2912 1372 dira
2927 1315 3214 1389 contagia,
3235 1329 3505 1386 separare
3525 1311 3600 1368 ab
3621 1310 3827 1366 ovibus

2182 1405 2342 1461 sanis
2373 1405 2722 1470 morbidam,
2755 1405 2826 1461 ab
2858 1403 2956 1460 illo
2986 1404 3079 1460 cui
3113 1402 3255 1459 nihil
3299 1398 3674 1474 impossibile
3705 1398 3828 1470 ipsa

2181 1493 2424 1550 forsitan
2447 1495 2812 1566 separatione
2833 1494 3178 1550 sanandam.
3192 1491 3356 1548 Unde
3372 1491 3555 1546 etiam
3580 1489 3826 1544 formam

2183 1583 2350 1657 regiae
2384 1584 2652 1656 potestati
2683 1587 2924 1639 sanctus
2954 1584 3065 1638 Leo
3095 1582 3168 1638 ad
3206 1582 3456 1638 Leonem
3491 1579 3828 1650 Augustum

2181 1678 2287 1745 (ep.
2319 1673 2408 1744 81)
2436 1672 2697 1729 scribens
2729 1673 2838 1728 hoc
2869 1673 3041 1728 modo
3065 1672 3465 1726 demonstrat:
3493 1691 3523 1718 «
3554 1665 3830 1733 Cum,in-

2183 1761 2786 1836 quiens.clementiam
2807 1766 2965 1817 tuam
2983 1761 3270 1818 Dominus
3289 1763 3456 1816 tanta
3476 1755 3830 1814 sacramenti

2185 1851 2274 1906 sui
2310 1849 2734 1906 illuminatione
2766 1849 3054 1916 ditaverit,
3086 1848 3264 1904 debes
3295 1847 3713 1902 incunctanter
3740 1841 3835 1897 ad-

2183 1945 2423 2010 vertere,
2446 1939 2664 2012 regiam
2687 1943 3032 2011 potestatem
3054 1937 3158 1993 tibi
3176 1954 3290 1992 non
3307 1935 3380 1991 ad
3406 1933 3602 1990 solum
3627 1929 3834 1986 mundi

2185 2029 2466 2102 regimen,
2501 2029 2600 2084 sed
2635 2027 2887 2082 maxime
2916 2027 2988 2082 ad
3019 2023 3286 2082 Ecclesiae
3331 2018 3678 2096 praesidium
3708 2035 3836 2076 esse

2185 2119 2479 2184 collatam,
2512 2122 2578 2172 ut
2607 2134 2787 2173 ausus
2820 2115 3075 2172 nefarios
3116 2112 3583 2186 comprimendo,
3618 2115 3679 2166 et
3709 2126 3836 2182 quae

2185 2209 2331 2264 bene
2361 2211 2502 2263 sunt
2529 2211 2753 2263 statuta
2781 2205 3080 2273 defendas,
3114 2207 3172 2260 et
3214 2219 3406 2259 veram
3461 2216 3670 2274 pacem
3722 2196 3836 2263 bis,

2185 2315 2312 2370 quae
2343 2301 2484 2352 sunt
2511 2297 2745 2352 turbata
2774 2294 3068 2353 restituas.
3104 2289 3534 2351 Sacerdotalem
3577 2304 3840 2360 namque

2187 2392 2244 2442 et
2272 2385 2656 2458 apostolicum
2688 2389 2800 2441 tua:
2831 2382 3062 2457 pietatis
3091 2383 3356 2438 animum
3378 2379 3560 2436 etiam
3583 2379 3700 2435 hoc
3721 2394 3843 2432 ma-

2187 2474 2310 2531 lum
2343 2475 2416 2530 ad
2455 2473 2750 2545 justitiam
2802 2471 3044 2530 ultionis
3090 2472 3262 2528 debet
3307 2469 3648 2534 accendere,
3685 2465 3843 2540 quod

2189 2563 2842 2636 Constantinopolitanaa
2871 2560 3138 2619 Ecclesiae
3159 2559 3474 2634 puritatem
3496 2556 3845 2631 pestilenter

2189 2655 2484 2721 obscurat,
2518 2652 2576 2708 in
2609 2670 2724 2724 qua
2757 2651 3134 2707 inveniuntur
3163 2647 3356 2705 clerici
3388 2645 3634 2721 quidam
3668 2644 3846 2701 haere—

2189 2742 2438 2798 ticorum
2470 2741 2669 2798 sensui
2698 2745 3105 2806 consumantes,
3137 2743 3196 2796 et
3223 2737 3378 2794 intra
3414 2736 3548 2809 ipsa
3594 2733 3846 2792 catholi-

2189 2849 2391 2888 corum
2424 2831 2646 2888 viscera
2675 2829 3102 2887 assertionibus
3142 2827 3270 2886 suis
3315 2825 3623 2884 haereticos
3675 2825 3844 2896 adju-

2187 2927 2412 2978 vantes.
2447 2921 2510 2978 In
2541 2920 2760 2994 quibus
2789 2916 3194 2985 deturbandis,
3217 2915 3264 2973 si
3292 2917 3470 2972 frater
3499 2932 3672 2970 meus
3691 2915 3844 2969 Ana-

2189 3011 2369 3066 tolius
2401 3027 2534 3066 cum
2566 3009 2743 3065 nimis
2773 3007 3026 3081 benigne
3056 3004 3244 3079 parcit
3265 3002 3844 3078 segniorinvenitur,

2191 3097 2516 3172 dignamini
2549 3115 2651 3170 pro
2673 3097 2787 3153 fide
2804 3100 2997 3152 vestra
3017 3093 3191 3150 etiam
3218 3092 3392 3150 istam
3411 3091 3688 3148 Ecclesiae
3706 3108 3852 3164 pra--

2192 3193 2344 3244 stare
2373 3185 2746 3254 medicinam,
2775 3189 2841 3241 ut
2866 3183 3014 3240 tales
3045 3200 3160 3238 non
3192 3181 3382 3238 solum
3405 3181 3478 3237 ab
3501 3181 3710 3238 ordine
3729 3179 3848 3235 cle-

2191 3278 2430 3344 ricatus,
2466 3277 2565 3333 sed
2599 3275 2774 3332 etiam
2806 3274 2878 3331 ab
2905 3273 3069 3330 urbis
3106 3271 3471 3328 habitatione
3520 3267 3848 3342 pellantur,

2191 3383 2264 3421 ne
2295 3365 2539 3421 ulterius
2569 3363 2756 3422 sancti
2802 3363 2896 3420 Dei
2948 3360 3148 3436 populi
3197 3375 3606 3434 perversorum
3657 3357 3850 3414 homi-

2192 3472 2336 3510 num
2367 3453 2634 3528 contagio
2665 3453 3021 3526 polluantur.
3049 3474 3076 3501 ››

2263 3544 2380 3600 Nos
2405 3560 2636 3616 quoque
2667 3547 2929 3616 pastores
2958 3545 3016 3597 et
3045 3541 3310 3596 doctores
3340 3537 3512 3594 nobis
3557 3536 3850 3594 commis-

2193 3650 2392 3690 sarum
2427 3631 2706 3704 plebium,
2741 3636 2796 3686 et
2825 3629 3080 3702 episcopi
3103 3647 3169 3685 ac
3190 3628 3619 3702 gubernatores
3649 3625 3853 3682 Eccle-

2195 3721 2314 3786 site,
2349 3725 2523 3794 atque
2561 3719 3052 3776 monasteriorum
3101 3721 3372 3785 rectores,
3407 3715 3508 3788 qui
3563 3719 3854 3771 vocantur

2194 3811 2457 3877 abbates,
2492 3809 2562 3866 ad
2598 3809 2867 3880 nosipsos
2899 3807 3087 3864 redire
3117 3806 3421 3872 debemus,
3443 3809 3501 3860 et
3529 3802 3856 3878 diligenter

2195 3897 2658 3970 attendere,quia
2677 3897 2724 3954 si
2757 3896 3082 3952 inebriatus
3103 3899 3194 3952 est
3211 3892 3446 3968 gladius
3467 3893 3571 3949 Dei
3595 3891 3656 3948 in
3679 3891 3852 3959 caelo,

2195 3991 2252 4044 et
2281 3992 2348 4043 ut
2378 4003 2628 4059 magnus
2663 3987 2868 4042 Petrus
2906 3983 3047 4040 dicit
3077 4001 3090 4038 :
3123 3983 3188 4040 Si
3231 3983 3454 4052 Angelis
3496 3981 3858 4054 peccantibus

2193 4078 2456 4134 Dominus
2475 4092 2584 4132 non
2604 4073 2956 4147 pepercit,sed
2984 4072 3308 4130 rudentibus
3339 4073 3552 4144 inferni
3587 4071 3859 4127 detractos

2197 4167 2258 4220 in
2283 4173 2549 4221 tartarum
2579 4163 2805 4219 tradidit
2833 4161 3174 4227 cruciandos,
3201 4161 3262 4216 in
3275 4158 3556 4232 judicium
3577 4159 3861 4214 reservari

2197 4253 2276 4324 (Il
2299 4253 2444 4308 Petr.
2476 4267 2538 4318 ιι,
2571 4251 2646 4318 4),
2681 4266 2787 4305 nec
2816 4247 2985 4305 nobis
3015 4251 3211 4321 parcet
3240 4246 3354 4304 fide
3383 4250 3441 4302 et
3470 4245 3708 4302 actibus
3733 4263 3775 4301 a
3796 4264 3860 4302 se

2198 4338 2686 4412 apostatantibus,
2721 4337 2874 4394 sicut
2912 4354 3016 4392 nec
3066 4351 3233 4392 sacra
3280 4331 3547 4402 concilia,
3582 4338 3648 4389 ut
3673 4333 3734 4390 in
3769 4335 3860 4391 eis

2195 4427 2457 4485 valemus
2487 4425 2758 4500 relegere,
2789 4427 3170 4498 pepercerunt
3197 4421 3488 4496 episcopis
3536 4421 3716 4479 etiam
3748 4440 3858 4479 no-

2197 4516 2728 4573 minatissimarum
2750 4515 3000 4581 sedium,
3015 4513 3283 4569 videlicet
3301 4510 3860 4568 Alexandﬁnaz.An-

2195 4604 2498 4672 tiochenaa,
2549 4603 3105 4677 Hierosolymitanaa,
3167 4599 3861 4672 Constantinopolitanae,

447 4687 654 4758 malos,
689 4694 747 4745 et
775 4689 924 4762 pluit
951 4709 1128 4763 super
1139 4692 1336 4761 justos
1361 4695 1416 4747 et
1439 4690 1807 4762 injustos.lta
1825 4690 1969 4746 nulli
1993 4691 2092 4746 bo-
2119 4707 2167 4772 D
2200 4692 2566 4750 Nicodcmize.
2592 4694 2838 4765 Insuper
2857 4697 2915 4748 et
2935 4691 3256 4748 Honorium
3283 4707 3510 4764 magna;
3531 4689 3734 4746 Romae
3759 4709 3863 4764 pa-

447 4777 591 4834 mini
615 4777 941 4836 claudenda
958 4785 1048 4837 est
1068 4779 1488 4850 misericordia,
1517 4779 1658 4835 nulli
1683 4779 1968 4851 peccatori
1989 4780 2094 4836 im-

446 4867 902 4940 punitapeccata
917 4867 1229 4925 relaxanda
1245 4874 1444 4925 sunt.»
1457 4867 1597 4924 Etin
1611 4872 1864 4923 tractatu
1879 4867 2089 4941 psalmi

447 4957 747 5014 centesimi
771 4956 1035 5030 vigesimi
1061 4958 1198 5014 noni
1214 4975 1227 5012 :
1244 4982 1270 5008 ‹‹
1289 4957 1565 5030 Quisquis
1587 4957 1946 5012 consenserit
1959 4975 2089 5028 pec-

447 5045 651 5116 catori,
699 5064 814 5102 non
865 5045 1091 5113 alienis,
1132 5048 1230 5103 sed
1282 5045 1406 5102 suis
1456 5050 1750 5118 gravatur.
1785 5045 2092 5104 Consentis

446 5134 623 5200 enim,
657 5139 715 5191 et
745 5139 1047 5208 peccatum
1079 5135 1320 5192 alterius
1358 5139 1526 5190 tuum
1575 5135 1640 5190 fit
1679 5139 2003 5206 peccatum,
2035 5141 2093 5192 et

448 5240 560 5278 non
595 5228 684 5280 est
715 5241 896 5296 quare
924 5225 1188 5296 queraris
1220 5223 1373 5297 quod
1406 5228 1463 5279 te
1495 5227 1732 5295 peccata
1761 5223 1948 5280 aliena
1971 5243 2094 5298 pre-

449 5317 612 5367 mant
643 5329 656 5366 :
693 5317 967 5384 premunt
999 5318 1074 5380 te,
1097 5315 1198 5370 sed
1221 5317 1342 5369 tua.
1369 5335 1396 5361 »ι
1417 5313 1486 5367 Et
1506 5311 1566 5366 in
1589 5311 1736 5368 libro
1755 5312 1826 5371 de
1846 5313 2086 5385 Correp-

449 5401 606 5456 tione
636 5404 692 5456 et
721 5401 918 5456 Gratia
949 5419 962 5457 :
997 5425 1025 5452 «
1056 5401 1258 5458 Videte
1291 5419 1360 5456 ne
1391 5401 1525 5473 quis
1557 5400 1778 5456 malum
1808 5419 1910 5474 pro
1933 5403 2088 5458 malo

449 5487 621 5544 alicui
658 5489 874 5546 reddat.
915 5491 1019 5546 Ubi
1069 5489 1516 5560 intelligendum
1567 5495 1676 5556 est,
1708 5493 1846 5545 tunc
1895 5492 2088 5562 potius

450 5577 671 5632 malum
695 5595 796 5649 pro
823 5579 976 5636 malo
999 5578 1180 5644 reddi,
1201 5578 1248 5633 si
1267 5577 1671 5649 corripiendus
1688 5595 1803 5632 non
1821 5579 2092 5651 corripia-

448 5666 671 5726 tur.sed
687 5683 860 5738 prava
881 5664 1350 5724 dissimulatione
1374 5665 1869 5739 negligitur.Dicit
1890 5668 2046 5724 enim
2071 5686 2085 5724 :

447 5755 729 5812 Peccantes
758 5772 942 5812 coram
970 5758 1222 5814 omnibus
1251 5756 1478 5827 corripe,
1513 5763 1572 5812 ut
1615 5758 1801 5812 caueri
1844 5759 2093 5815 timorem

2201 4799 2358 4855 pam,
2391 4782 2532 4854 quia
2554 4785 2757 4838 contra
2786 4781 2962 4836 fidem
2991 4779 3268 4846 sensisse,
3299 4783 3357 4835 et
3386 4794 3560 4852 prave
3592 4779 3860 4836 sentien-

2197 4871 2356 4928 tibus
2377 4870 2748 4928 consensisse
2772 4871 3034 4926 detectus
3051 4886 3118 4926 ac
3135 4868 3573 4925 evidentissime
3588 4885 3859 4942 compro-

2199 4961 2372 5017 batus
2399 4964 2506 5027 est,
2541 4959 2695 5017 sicut
2722 4959 2782 5014 in
2827 4963 2992 5014 sexta
3037 4958 3258 5032 synodo
3289 4957 3509 5030 (synodi
3537 4973 3596 5013 v1
3626 4966 3734 5014 act.
3767 4959 3858 5030 13)

2197 5048 2509 5117 invenitur,
2531 5049 2710 5104 etiam
2743 5052 2876 5120 post
2907 5051 3156 5104 mortem
3185 5045 3856 5115 anathematizaverunt,

2199 5139 2258 5194 in
2281 5138 2390 5194 hoc
2421 5137 2630 5194 szeculo
2661 5137 3038 5193 manifestata
3067 5135 3262 5209 culpa,
3280 5136 3446 5206 justo
3479 5135 3584 5192 Dei
3617 5151 3861 5192 concor-

2199 5228 2407 5284 dantes
2428 5227 2673 5298 judicio,
2707 5225 2862 5299 quod
2887 5226 3013 5297 jam
3045 5229 3240 5298 egerat
3271 5225 3331 5279 in
3362 5222 3781 5281 occulto.Nam
3806 5224 3858 5282 si

2194 5315 2351 5372 idem
2383 5316 2671 5372 Honorius
2703 5315 2812 5371 hoc
2844 5314 2902 5370 in
2939 5314 3210 5387 praesenti
3231 5313 3445 5370 saeculo
3467 5330 3586 5370 non
3609 5313 3861 5370 meruis-

2197 5410 2304 5474 set,
2339 5409 2396 5460 et
2424 5422 2558 5460 cum
2584 5403 2712 5476 ipso
2747 5403 2954 5458 merito
2989 5403 3058 5459 de
3090 5403 3196 5459 hoc
3228 5401 3440 5459 saeculo
3472 5419 3589 5458 non
3613 5403 3855 5472 exisset,

2198 5493 2309 5550 sibi
2326 5495 2519 5566 potius
2531 5509 2710 5566 quam
2724 5491 2809 5548 illi
2825 5497 3098 5549 nocerent
3111 5491 3486 5548 maledictum
3492 5491 3855 5564 jaculantcs,

2199 5581 2835 5655 nonjudiciojustitizn,
2857 5582 2956 5637 sed
2981 5581 3180 5650 livore,
3196 5581 3282 5637 vel
3308 5581 3642 5637 temeritate
3664 5601 3678 5649 ;
3700 5581 3860 5636 sicut

2199 5673 2353 5728 bona
2381 5672 2530 5728 facta
2563 5687 2666 5744 pro
2697 5670 2986 5727 defunctis
3010 5671 3134 5728 suis
3156 5671 3353 5745 potius
3373 5671 3460 5728 eis
3481 5676 3732 5744 prosunt
3751 5669 3858 5743 qui

2201 5762 2300 5819 illa
2313 5762 2740 5834 faciunt,quam
2755 5759 2873 5817 illis
2897 5777 2999 5834 pro
3022 5760 3236 5832 quibus
3254 5760 3502 5818 ﬁuntzsi
3518 5764 3721 5818 tamen
3739 5759 3854 5834 ipsi
