4018 6458
154 467 260 529 509

1152 461 1254 522 DE
1298 461 1460 523 UNA
1505 459 1608 520 ΕΤ
1651 456 1811 518 NON
1852 455 2090 516 TBINA
2140 457 2503 520 DEITATE.

3411 457 3534 520 510

151 598 386 658 defuncti
408 597 466 653 in
487 595 595 652 hac
617 595 736 651 vita
757 612 871 650 non
898 594 1434 661 meruerunt,uteis
1457 594 1514 666 in
1538 591 1772 648 illavita
1800 589 1850 656 Α
1883 593 2010 645 tum
2041 590 2355 663 prophetiae
2393 591 2618 648 Veteris
2648 609 2714 648 ac
2761 591 2900 649 Novi
2937 591 3316 650 Testamenti.
3352 591 3529 659 Quid-

152 691 285 748 447
319 703 553 744 suorum
576 684 891 740 viventium
915 685 1220 740 benefacta
1254 685 1528 756 prodesse
1556 699 1769 755 praeva-

149 779 309 834 leant.
327 773 513 848 Legite
535 775 768 829 beatum
789 773 1185 846 Augustinum
1203 773 1260 827 in
1285 771 1589 828 sententiis
1611 788 1775 842 apos-

150 865 267 924 stoli
286 863 535 937 epistola:
557 864 628 918 ad
665 861 1309 928 Tbcssalonicenses,et
1339 866 1608 917 sanctum
1633 861 1769 916 Gre-

148 954 359 1030 gorium
386 953 524 1008 hinc
559 951 874 1024 apostolico
905 951 1290 1007 disserentem
1327 968 1340 1006 :
1378 973 1402 1000 (ε
1440 951 1550 1005 Sed
1591 954 1646 1006 et
1677 948 1774 1020 pia

147 1048 316 1100 mater
342 1040 596 1098 Ecclesia
627 1058 730 1113 pro
761 1040 1039 1096 omnibus
1089 1040 1146 1113 in
1191 1040 1440 1106 Christo,
1477 1039 1535 1094 id
1581 1043 1669 1094 est
1709 1037 1770 1094 in

148 1131 347 1188 unitate
371 1128 662 1186 catholica:
694 1131 856 1202 pacis
888 1147 954 1185 ac
987 1129 1141 1199 fidei,
1175 1133 1231 1185 et
1259 1127 1317 1183 in
1360 1128 1778 1184 communione

144 1220 381 1294 corporis
427 1236 493 1274 ac
537 1218 844 1292 sanguinis
893 1218 1298 1291 Redemptoris
1345 1234 1410 1272 ac
1453 1215 1770 1273 Salvatoris

143 1307 306 1366 nostri
327 1308 997 1382 quiescentibus,verum
1019 1313 1075 1363 et
1098 1307 1394 1380 singulare
1415 1305 1766 1361 sacrificium

141 1399 290 1455 offert
312 1415 324 1452 :
347 1414 595 1469 quorum
607 1397 1042 1470 derogationem
1065 1413 1175 1451 non
1201 1395 1510 1468 palitur,ut
1528 1398 1768 1450 sanctus

141 1485 462 1542 leestinus
483 1485 556 1540 ad
579 1485 908 1542 Gallicanos
943 1484 1147 1540 scribit
1185 1484 1678 1557 episcopos(epist.
1712 1484 1768 1556 8)

139 1573 317 1630 dicens
335 1591 346 1630 :
363 1574 534 1631 Nefas
557 1578 644 1630 est
659 1574 780 1630 hazc
800 1574 918 1648 pati
941 1573 1242 1647 religiosas
1259 1574 1766 1646 animus,quarum

140 1661 445 1733 alllictione,
477 1663 616 1736 quia
646 1665 912 1720 membra
941 1667 1141 1720 nostra
1185 1668 1344 1730 sunt,
1374 1681 1480 1719 nos
1532 1680 1766 1734 quoque

139 1752 380 1808 convenit
409 1753 714 1821 macerari,
749 1753 1017 1826 quamvis
1049 1759 1282 1809 maneat
1329 1753 1424 1808 his
1467 1753 1765 1808 beatitudo

139 1841 420 1912 promissa,
440 1842 780 1915 quicunque
805 1843 1130 1916 probantur
1150 1841 1609 1915 persecutionem
1633 1859 1764 1913 pro-

1881 679 2019 750 quid
2053 680 2210 735 enim
2243 683 2396 737 448
2428 682 2672 754 spiritus
2706 683 3020 755 prophetiae
3069 681 3235 751 dixit,
3269 682 3530 738 testimo-

1883 767 2046 823 nium
2075 774 2162 824 est
2193 771 2354 838 Jesu,
2375 771 2496 843 qui,
2531 772 2684 827 sicut
2714 772 2998 844 scriptum
3031 775 3140 836 est,
3159 773 3529 828 testimonium

1881 857 2037 914 habet
2064 877 2097 913 α
2129 859 2244 927 lege
2271 868 2322 914 et
2346 862 2641 932 prophetis.
2674 861 2743 914 Et
2771 860 2894 933 ipse
2941 860 3081 916 dicit
3127 855 3426 933 apostolis,
3461 879 3526 918 ac

1881 962 1984 1018 per
2010 946 2117 1002 hoc
2148 949 2423 1005 omnibus
2445 949 2780 1022 apostolicis
2799 949 2960 1018 viris,
2981 950 3080 1022 qui
3113 950 3199 1006 vel
3229 951 3524 1018 verbo,vel

1879 1035 2217 1108 seripto,vel
2242 1037 2414 1094 etiam
2439 1044 2594 1094 recta
2627 1039 3100 1112 operatione,aut
3135 1056 3238 1111 pro
3260 1041 3387 1112 ejus
3419 1057 3526 1096 no-

1879 1125 2035 1180 mine
2065 1127 2354 1198 passione,
2388 1127 2470 1182 illi
2505 1128 2904 1184 testimonium
2936 1121 3246 1200 perhibeﬁt
3275 1143 3289 1182 :
3321 1130 3387 1184 Et
3411 1145 3524 1198 vos,

1879 1215 2176 1287 inquiens.
2199 1217 2340 1271 mihi
2363 1219 2729 1273 testimonium
2744 1219 3119 1290 perhibebitis,
3154 1220 3252 1290 qui
3278 1219 3346 1273 ab
3367 1219 3526 1274 initio

1875 1321 2086 1359 mecum
2105 1307 2232 1360 estis
2262 1309 2446 1374 (Joan.
2477 1325 2570 1375 xv,
2607 1307 2713 1378 17).
2747 1307 2911 1363 Sicut
2940 1311 2998 1362 et
3027 1307 3337 1379 promissio
3366 1305 3525 1363 illius

1875 1391 2130 1448 veridica
2151 1395 2220 1449 de
2243 1395 2518 1452 omnibus
2549 1395 2672 1452 suis
2700 1401 2788 1452 est
2822 1397 2928 1452 rite
2977 1395 3375 1469 intelligenda,
3408 1414 3526 1469 qua

1877 1483 2022 1539 dixit
2055 1501 2067 1539 :
2096 1486 2225 1540 Ecce
2251 1501 2344 1556 ego
2370 1486 2645 1542 vobiscum
2671 1505 2796 1543 sum
2821 1489 3074 1543 omnibus
3119 1487 3309 1543 diebus
3357 1503 3528 1560 usque

1875 1573 1947 1627 ad
1973 1576 2491 1630 consummationem
2535 1578 2749 1632 smeuli.
2783 1577 2963 1648 Cujus
3009 1573 3432 1644 testimonium,
3465 1575 3522 1631 id

1875 1666 1964 1717 est
1985 1679 2159 1716 sacrae
2183 1663 2494 1735 Scriptura:
2511 1665 2876 1736 explanation
2888 1683 2988 1720 um
3010 1664 3313 1739 ipsiusque
3335 1665 3526 1738 expla-

1876 1755 2170 1819 natorum,
2195 1751 2536 1808 Theodorus
2562 1753 2619 1808 in
2653 1754 2862 1827 quinta
2887 1755 3126 1827 synodo,
3147 1757 3204 1810 et
3233 1754 3524 1811 Macarius

1873 1838 1934 1894 in
1957 1844 2117 1895 sexta
2137 1841 2356 1913 synodo
2385 1841 2758 1914 detractores,
2782 1849 2840 1899 et
2871 1843 3191 1900 falsitatum
3225 1843 3522 1917 apposito-

137 1934 249 2003 ptcr
267 1930 556 2002 justitiam
589 1931 1137 2004 sustinere,quibus
1165 1931 1304 2004 quid
1329 1931 1629 2002 promittat
1654 1931 1761 1986 Do-
1795 1961 1842 2025 B
1876 1946 1966 1984 res
1998 1929 2213 1984 inventi
2264 1933 2438 2002 atque
2467 1931 2735 2000 convicti,
2765 1931 3182 2005 ab-episcopali
3213 1933 3397 2006 gradu
3429 1933 3524 1988 de-

139 2017 313 2076 minus
341 2019 400 2076 in
433 2021 700 2076 futurum
731 2038 982 2093 sequens
1009 2037 1200 2076 sermo
1233 2019 1515 2088 declarat;
1551 2042 1578 2069 »
1613 2037 1761 2092 quo-

136 2106 274 2163 niam
305 2109 565 2181 ipsorum
595 2114 704 2178 est,
738 2109 948 2182 inquit,
981 2125 1226 2182 regnum
1259 2109 1558 2164 emlorum.
1600 2108 1762 2164 Unde

136 2202 356 2266 constat,
392 2203 456 2254 ut
487 2199 649 2255 Felix
697 2216 847 2272 papa
893 2197 1052 2266 dicit,
1086 2203 1144 2254 et
1179 2217 1248 2254 ex
1291 2198 1538 2271 epistola
1576 2196 1761 2253 sancti

131 2285 413 2359 Augustini
445 2287 520 2344 ad
553 2287 916 2348 B.nifacium
965 2288 1270 2357 discimus,
1305 2310 1333 2337 «
1370 2286 1760 2359 periculosum

137 2389 247 2430 esse
273 2375 339 2432 de
367 2393 573 2432 eorum
606 2376 830 2434 meritis
844 2376 1132 2450 judicare,
1153 2377 1252 2450 qui
1278 2394 1383 2431 nos
1397 2377 1523 2448 jam
1545 2376 1617 2430 ad
1650 2377 1760 2431 Do-

139 2461 338 2520 minum
364 2471 806 2537 praecesserunt,
843 2465 954 2523 nisi
987 2483 1235 2539 quorum
1271 2464 1578 2521 manifesta
1624 2468 1763 2520 sunt

137 2551 346 2620 scelera,
375 2553 459 2610 vel
488 2573 524 2611 a
555 2557 714 2611 recta
742 2557 856 2612 fide
885 2555 1200 2628 apostasia,
1224 2556 1279 2611 id
1313 2558 1399 2611 est
1431 2573 1464 2611 a
1493 2556 1610 2610 Deo
1641 2556 1759 2610 dis-

138 2641 389 2710 cessio,et
407 2643 463 2698 in
487 2643 578 2700 eis
597 2661 785 2717 usque
804 2645 861 2700 in
886 2646 1060 2700 finem
1085 2645 1569 2717 perseverantia.»
1589 2643 1756 2699 lllum

140 2729 274 2785 enim
294 2735 543 2800 tantum,
559 2733 609 2789 si
631 2733 806 2790 etiam
829 2752 943 2790 non
967 2734 1268 2806 judicetur
1287 2734 1358 2789 al)
1388 2733 1647 2800 homine,
1671 2751 1759 2788 se-

140 2824 329 2890 quetur
351 2822 686 2892 anathema,
701 2823 758 2878 id
791 2827 880 2878 est
909 2841 944 2878 a
971 2823 1088 2878 Deo
1117 2822 1411 2893 alienatio,
1441 2822 1540 2895 qui
1566 2839 1758 2894 perse-

139 2910 376 2965 Veranter
402 2911 461 2966 in
490 2911 614 2967 vita
643 2911 758 2968 ista
778 2912 890 2968 fide
911 2911 998 2967 vel
1020 2910 1293 2984 operibus
1311 2916 1507 2966 manet
1526 2916 1758 2984 aposta-

140 2997 204 3050 ta.
233 3000 587 3074 Quapropter
615 3002 981 3057 attendentes
1033 3005 1244 3056 sanctae
1296 3001 1606 3072 Scriptura:
1634 3018 1762 3056 sen-

136 3085 341 3156 tentias,
391 3089 612 3161 quibus
679 3089 883 3145 dicunt
912 3085 1173 3157 :‘Medice,
1235 3106 1368 3144 cura
1423 3091 1760 3161 tmnetipsum

137 3172 263 3238 (Luc.
293 3193 364 3244 1v,
395 3179 505 3251 27),
543 3181 604 3233 et
635 3195 650 3233 :
685 3179 791 3248 Qui
815 3178 1084 3252 pradicas
1112 3195 1222 3234 non
1265 3177 1569 3249 furandum
1595 3179 1758 3248 fura-

135 3262 378 3330 ri8(Rom.
411 3283 472 3334 ιι,
503 3268 627 3335 21),
660 3267 760 3340 qui
792 3267 1151 3323 abominaris
1192 3266 1347 3322 idola
1384 3265 1754 3340 sacrilegium

135 3347 274 3419 facis,
305 3370 614 3412 caveamus
644 3357 741 3427 qui
775 3355 920 3412 alios
951 3356 1238 3430 corrigere
1269 3360 1326 3412 et
1355 3357 1561 3412 docere
1583 3357 1754 3410 debe-
1787 3329 1830 3396 (ί

135 3446 339 3508 mus,ut
368 3461 482 3500 non
503 3444 791 3519 sacrilege
822 3462 1020 3501 sacras
1051 3445 1384 3517 Scripturas
1405 3444 1755 3518 interprete-

135 3541 265 3583 mur.
279 3531 423 3588 sicut
441 3533 639 3601 Arius,
657 3534 1051 3602 Macedonius,
1067 3533 1452 3600 Nestorius,et
1468 3533 1756 3607 Eutyches

134 3629 280 3687 agere
297 3627 820 3694 prmsumpserunt,
835 3623 990 3678 unde
1018 3621 1234 3677 ultione
1257 3622 1448 3678 divina
1473 3627 1527 3678 et
1548 3640 1754 3678 censu-

136 3719 190 3759 ra
213 3709 494 3780 canonica,
517 3710 694 3768 Arius
720 3713 778 3766 in
811 3713 1061 3778 Nicena,
1095 3711 1468 3766 Macedonius
1516 3711 1576 3765 in
1617 3712 1758 3766 Con-

136 3794 649 3870 stantinopolitana,
685 3799 986 3857 Nestorius
1019 3799 1076 3853 in
1109 3799 1299 3870 prima
1319 3798 1572 3871 Ephesia
1597 3800 1758 3865 ’,Ευ-

133 3881 305 3952 tycbes
349 3888 502 3960 apud
553 3886 1004 3956 Chalcedonam,
1039 3904 1172 3942 eum
1223 3887 1498 3942 omnibus
1553 3904 1753 3942 eorum

135 3971 484 4044 complicibus
515 3981 579 4031 et
609 3975 934 4032 fautoribus
957 3979 1096 4032 sunt
1123 3975 1404 4032 damnati.
1437 3976 1756 4031 Caveamus

135 4061 188 4112 ut
213 4060 526 4136 Scripturas
549 4082 666 4120 non
689 4065 1236 4132 detruncemus,nec
1257 4063 1534 4136 quiddam
1566 4065 1626 4120 in
1647 4065 1754 4134 eis,

135 4147 193 4202 ad
221 4153 684 4210 concinnandum
734 4154 1320 4226 eonﬁrmandumque
1359 4153 1752 4221 mendacium,

135 4245 339 4312 propter
358 4249 620 4300 nostram
647 4244 1019 4301 statuendam
1043 4241 1415 4309 sententiam,
1439 4247 1641 4298 contra
1667 4261 1756 4298 ca-

135 4322 380 4388 tholicam
403 4334 582 4390 fidem
605 4333 1068 4406 interponamus,
1093 4337 1148 4387 et
1173 4331 1540 4387 inveniamur
1553 4336 1755 4388 contra

137 4411 350 4477 Paulum
369 4421 702 4495 apostolum
726 4421 1121 4478 adulterantes
1150 4421 1390 4476 verbum
1424 4420 1544 4476 Dei.
1571 4422 1752 4477 Reve-

137 4518 340 4564 l‘eamur
352 4511 528 4568 etiam
555 4529 627 4567 ne
638 4511 832 4568 veniat
851 4527 1030 4583 super
1051 4527 1157 4566 nos
1170 4509 1322 4582 quod
1341 4509 1482 4564 dicit
1497 4509 1753 4565 Joannes

133 4595 400 4661 apostolus
430 4598 489 4654 in
521 4598 868 4673 Apocalypsi
901 4615 915 4653 :
949 4597 1240 4665 Contestor,
1275 4597 1567 4670 inquiens,
1603 4601 1756 4653 omni

135 4681 352 4742 audienti
393 4690 562 4745 verba
601 4690 907 4760 prapheliw
949 4687 1082 4744 libri
1127 4687 1310 4756 hums,
1343 4689 1396 4742 si
1441 4688 1558 4759 quis
1587 4703 1749 4759 appo-
1783 4702 1829 4766 D

132 4771 281 4826 tuerit
304 4773 371 4828 ad
395 4776 534 4843 haec,
556 4783 791 4848 apponet
818 4777 957 4832 Deus
985 4791 1149 4846 super
1177 4775 1339 4830 illum
1371 4775 1565 4846 plagas
1610 4776 1747 4830 scri-

129 4861 231 4924 ptas
257 4861 312 4916 in
335 4863 472 4920 libro
504 4867 628 4932 isto,
661 4873 714 4921 et
739 4867 792 4921 si
819 4866 940 4938 quis
968 4864 1294 4920 diminuerit
1317 4863 1382 4919 de
1408 4864 1584 4919 verbis
1623 4865 1758 4920 libri

130 4948 396 5020 Propheta?
425 4954 611 5028 hujus,
643 4957 853 5026 auferet
900 4955 1038 5010 Deus
1081 4962 1295 5026 partem
1339 4955 1454 5028 ejus
1501 4953 1564 5008 de
1611 4954 1754 5010 libro

134 5035 260 5105 υἰιέε,
279 5048 328 5096 et
357 5043 424 5100 de
451 5046 665 5100 civitate
689 5051 872 5100 sancta
901 5043 966 5099 de
995 5043 1083 5099 his
1133 5058 1259 5116 quae
1305 5045 1508 5115 scripta
1535 5051 1666 5098 sunt
1693 5045 1753 5098 in

135 5121 256 5183 libro
283 5129 376 5188 isto
403 5131 584 5206 (Apoc.
617 5149 757 5202 xxn,
795 5133 880 5205 18)
936 5132 1064 5188 Περο
1111 5137 1343 5204 propter
1384 5131 1750 5188 infalsatores

135 5209 274 5285 dixit,
293 5235 400 5275 non
427 5225 664 5296 propter
681 5239 780 5278 eos
803 5221 902 5294 qui
926 5220 1270 5294 simpliciter
1308 5221 1462 5294 quod
1491 5221 1752 5276 sentiunt

137 5297 394 5376 dicunt,in
413 5311 573 5368 nullo
595 5310 901 5384 prophetia
923 5309 1192 5365 mutilata
1208 5309 1293 5365 vel
1319 5309 1757 5382 vitiata.Apoca-

136 5385 322 5462 lypsim
344 5399 558 5472 quippe
578 5400 716 5456 Jesu
739 5399 954 5456 Christi
975 5401 1213 5454 tradunt
1234 5399 1498 5455 doctores
1519 5397 1755 5454 catholi-

137 5477 179 5533 Ci
205 5487 724 5560 rccapitulationem
748 5494 806 5546 et
827 5487 1151 5546 clausulam
1173 5505 1301 5544 esse
1339 5487 1517 5544 totius
1537 5491 1749 5542 sanctze

138 5567 438 5648 Scripturas,
461 5583 517 5634 et
548 5596 650 5650 per
671 5579 781 5634 hoc
812 5595 1022 5634 nomen
1055 5595 1286 5632 omnem
1307 5575 1644 5631 canonicam
1669 5576 1750 5630 in-

140 5657 294 5734 telligi
323 5665 528 5724 debere
547 5668 929 5742 Scripturam,
955 5668 1106 5724 sicut
1135 5672 1192 5723 et
1223 5667 1328 5722 hoc
1349 5667 1502 5738 quod
1528 5665 1743 5721 ibidem

138 5747 390 5822 scriptum
419 5763 508 5815 est
536 5760 902 5815 testimonium
926 5758 1053 5814 Jesu
1081 5756 1539 5829 interpretantur
1568 5753 1740 5826 spiri-

1872 2017 1992 2083 siti,
2027 2021 2201 2090 atque
2247 2035 2380 2074 cum
2429 2020 2553 2075 suis
2601 2020 2988 2093 complicibus
3045 2021 3438 2088 condemnati,
3465 2023 3522 2076 et

1870 2111 2150 2178 perpetuo
2167 2107 2368 2163 exsilio
2401 2112 2540 2164 sunt
2560 2109 2816 2182 relegati.
2833 2110 3173 2166 Timeamus
3189 2109 3364 2166 etiam
3387 2127 3519 2166 sen-

1869 2188 2114 2250 tentiam
2137 2196 2322 2251 sancti
2353 2197 2644 2252 Ccelestini
2677 2216 2862 2271 papas,
2883 2199 3146 2254 Nestorio
3185 2197 3521 2254 Constanti-

1871 2284 2204 2357 nopolitano
2235 2285 2506 2358 episcopo
2539 2287 2817 2359 scriptam
2867 2288 3041 2360 (epist.
3090 2288 3166 2361 5),
3201 2288 3290 2342 cui
3326 2287 3471 2344 dixit
3503 2304 3516 2343 :

1868 2398 1896 2424 ‹‹
1927 2376 2146 2447 Itaque,
2179 2375 2472 2448 inquiens,
2507 2377 2774 2450 quamvis
2797 2379 2922 2449 jam
2957 2379 3134 2432 frater
3179 2377 3432 2450 Cyrillus
3459 2381 3516 2433 te

1869 2463 2133 2536 epistolis
2182 2464 2305 2520 suis
2355 2471 2578 2521 asserat
2625 2471 2993 2535 conventum,
3026 2466 3321 2540 intelligas
3367 2467 3517 2540 volo,

1869 2558 2002 2627 post
2032 2554 2283 2628 primam
2317 2559 2375 2610 et
2395 2557 2711 2611 secundam
2747 2556 2924 2624 illius,
2955 2563 3012 2612 et
3030 2557 3181 2612 hanc
3211 2557 3520 2630 correptio-

1872 2660 2004 2698 nem
2038 2650 2322 2712 nostram,
2348 2662 2524 2716 quam
2558 2648 2783 2700 constat
2832 2663 2960 2701 esse
2995 2647 3121 2717 jam
3163 2646 3416 2714 tertiam,
3445 2647 3516 2702 ab

1869 2733 2246 2788 universitate
2304 2732 2528 2806 collegii
2588 2738 2645 2790 et
2699 2739 2982 2790 conventu
3055 2734 3517 2792 Christianorum

1869 2839 2110 2894 prorsus
2141 2839 2267 2878 esse
2299 2821 2680 2894 disjunctum,
2714 2823 2827 2878 nisi
2871 2840 3005 2880 mox
3051 2841 3177 2896 quce
3209 2823 3519 2880 maledicta

1869 2913 2008 2964 sunt
2039 2911 2497 2981 corrigantur,et
2527 2910 2636 2965 nisi
2669 2911 2728 2966 in
2759 2929 2886 2966 eam
2917 2911 3068 2966 viam
3094 2913 3314 2980 redeas,
3336 2929 3515 2984 quam

1869 3015 1930 3053 se
1949 2998 2216 3053 Christus
2236 3016 2363 3053 esse
2385 3003 2651 3054 testatur.
2672 2999 2820 3055 Male
2843 3000 2900 3054 in
2933 3000 3089 3056 hunc
3113 3018 3277 3056 arma
3305 3003 3516 3074 despe-

1869 3087 2090 3142 ratione
2121 3087 2372 3158 movisti,
2405 3088 2502 3160 qui
2535 3093 2589 3144 te
2619 3106 2795 3161 super
2828 3089 3110 3144 familiam
3145 3107 3313 3144 suam
3356 3090 3516 3146 velut

1866 3175 2096 3232 fidelem
2133 3177 2593 3250 prudentemque
2615 3195 2847 3234 servum
2868 3177 3213 3251 permiserat
3229 3181 3364 3234 ante
3385 3195 3515 3234 con-

1868 3265 2052 3320 stitui.
2087 3265 2262 3320 Periit
2295 3265 2396 3320 tibi
2429 3267 2609 3338 hujus
2639 3267 2814 3322 officii
2855 3267 3154 3324 beatitudo
3202 3267 3512 3340 promissa,

1868 3353 1968 3425 qui
2001 3371 2112 3410 non
2143 3353 2335 3410 solum
2369 3372 2482 3410 non
2515 3356 2620 3410 das
2651 3356 2848 3410 cibum
2900 3357 2956 3412 in
2999 3361 3280 3430 tempore,
3311 3375 3511 3413 verum

1867 3443 2044 3498 etiam
2076 3461 2294 3500 veneno
2324 3445 2622 3514 interﬁcis,
2657 3463 2806 3518 quos
2855 3445 2953 3502 ille
2997 3463 3103 3504 suo
3149 3445 3431 3521 sanguine
3461 3449 3518 3502 et

1867 3550 1975 3589 sua
2015 3538 2198 3608 mprte
2247 3535 2532 3605 quaesivit.
2570 3558 2596 3584 »
2627 3535 2698 3590 Et
2729 3536 2800 3590 de
2847 3535 2941 3592 bis
2990 3536 3228 3608 quidem
3269 3535 3411 3592 satis
3441 3536 3516 3590 sit

1866 3621 2370 3678 dictum.ltestant
2399 3628 2595 3679 autem
2627 3625 2818 3680 adhuc
2849 3624 3018 3697 plura
3048 3625 3118 3680 de
3152 3623 3514 3681 Gothescalci

1865 3709 2470 3783 blasphemiis,contra
2497 3729 2624 3784 quae
2645 3730 2759 3767 non
2792 3712 3172 3784 disputatoris
3193 3712 3512 3777 officio,sed

1866 3797 2222 3870 simplicium
2264 3799 2630 3872 providentes
2669 3799 2903 3867 auxilio,
2925 3801 3078 3856 sicut
3106 3801 3512 3874 praecedentia,

1865 3885 1948 3942 sic
1978 3893 2034 3941 et
2053 3887 2173 3942 hinc
2199 3905 2326 3960 qua:
2353 3892 2682 3960 sequuntur
2719 3889 2788 3943 de
2832 3888 3066 3944 Patrum
3089 3888 3510 3945 catholicorum

1864 3975 2038 4030 dictis
2069 3975 2432 4049 collegimus,
2463 3995 2536 4032 ne
2565 3976 2895 4032 videremur
2941 3994 2974 4032 a
3022 3977 3418 4034 nescientibus
3451 3977 3510 4032 in

1865 4063 2241 4137 responsione
2267 4067 2337 4120 ad
2359 4083 2562 4122 omnes
2588 4064 2947 4122 Gotbescalci
2971 4065 3190 4122 namias
3205 4065 3460 4121 defuisse
3493 4081 3507 4120 :

1864 4169 1998 4208 cum
2044 4155 2103 4209 S.
2138 4154 2341 4211 Petrus
2379 4155 2587 4226 jubeat
2637 4173 2744 4210 nos
2789 4158 3022 4226 paratos
3069 4172 3216 4220 esse,
3251 4153 3512 4227 quolibet

1865 4243 2036 4297 modo
2069 4243 2392 4314 pulsamur,
2418 4244 2485 4298 ad
2529 4243 2987 4300 satisfactionem
3034 4243 3191 4300 omni
3225 4243 3507 4316 poscenti.

1864 4330 2123 4404 Denique
2141 4336 2271 4403 post
2293 4332 2624 4405 praemissas
2647 4351 2712 4388 su
2723 4351 2786 4388 as
2811 4333 2870 4387 in
2885 4333 3067 4389 Deum
3093 4331 3506 4405 blasphemias,

1862 4424 2065 4476 contra
2095 4439 2240 4493 quas
2281 4438 2349 4476 ex
2395 4421 2814 4477 catholicorum
2847 4423 3151 4478 doctorum
3183 4420 3507 4488 sententiis,

1863 4512 1919 4564 et
1945 4509 2304 4581 generalium
2337 4511 2691 4582 synodorum
2715 4509 2979 4582 judiciis,
3004 4527 3185 4583 supra
3215 4509 3508 4582 respondi-

1864 4615 2016 4667 mus,
2051 4599 2466 4656 Gothescalcus
2496 4599 2787 4668 subnexit,
2821 4599 3022 4655 dicens
3054 4615 3067 4654 :

2647 4742 2718 4798 II.

1935 4887 1962 4914 «
1995 4865 2102 4931 Qui
2132 4866 2378 4920 credunt
2409 4869 2581 4938 atque
2607 4864 2809 4920 dicunt
2839 4866 2993 4936 quod
3029 4883 3143 4922 non
3175 4863 3358 4938 possit
3378 4880 3509 4919 auc-

1861 4977 1890 5004 ‹‹
1925 4955 2214 5010 toritalive
2276 4973 2458 5027 neque
2507 4972 2635 5010 vere
2684 4951 2797 5007 dici
2847 4953 3032 5009 deitas
3063 4955 3235 5023 trina,
3266 4957 3508 5008 cernant

1865 5066 1885 5092 α
1921 5049 1977 5098 et
2005 5043 2201 5116 legant
2237 5044 2294 5098 in
2333 5042 2480 5098 libro
2512 5043 2582 5096 de
2614 5045 2815 5096 sancta
2847 5043 3086 5113 synodo,
3120 5042 3219 5115 qui
3252 5043 3504 5112 scriptus

1865 5155 1886 5181 α
1922 5135 2011 5187 est
2041 5132 2094 5186 in
2121 5129 2569 5198 Graeco,scilicet
2591 5129 3126 5202 Conslanopolitani
3147 5131 3256 5186 sub
3272 5131 3505 5203 juniore

1863 5241 1885 5270 α
1919 5221 2318 5290 Constantino,
2343 5239 2378 5275 a
2392 5225 2561 5276 centu
2574 5236 2624 5272 m
2651 5217 3078 5291 quinquaginta
3089 5219 3394 5290 Patribusj
3407 5237 3506 5276 ure

1865 5333 1892 5359 ‹‹
1925 5309 2235 5364 damnatos
2292 5312 2350 5364 et
2399 5307 2917 5363 anathematizatos
2949 5307 3192 5362 Arianos
3251 5309 3506 5366 colentes

1863 5423 1887 5447 α
1921 5407 2228 5472 τρςθεοτείας,
2261 5396 2318 5452 id
2351 5401 2437 5452 est
2468 5399 2585 5450 tres
2631 5396 2896 5460 deitates,
2927 5399 2985 5450 et
3034 5399 3226 5452 tamen
3275 5395 3332 5452 in
3378 5397 3503 5470 ipso

1861 5511 1888 5537 «
1923 5491 2346 5560 consequenter
2366 5483 2697 5540 continetur
2724 5482 3037 5551 volumine,
3057 5484 3112 5538 in
3143 5485 3331 5542 edicto
3354 5485 3505 5542 scili-

1857 5600 1883 5626 ‹‹
1919 5581 2009 5631 cet
2040 5573 2428 5645 Constantini,
2462 5571 3012 5645 conglorificandam
3058 5573 3272 5630 trinam
3321 5575 3500 5632 deita-

1854 5689 1882 5717 (ι
1917 5669 2056 5722 tem.
2093 5691 2115 5719 ι

1922 5755 2030 5810 ΧΡ.
2066 5753 2167 5810 Hic
2220 5757 2278 5809 et
2329 5752 2450 5824 ipse
2491 5768 2551 5808 se
2601 5749 2915 5822 redarguit,
2953 5754 3010 5808 et
3065 5751 3498 5825 eompilatorem
