4018 6458
497 397 610 464 511

1425 393 1814 456 HlNCMAHI
1863 391 2078 456 llllE-Tti
2093 391 2311 453 liNSlS
2359 394 2402 454 A
2417 393 2985 457 BGHIEPISCOPI.

3750 399 3845 468 512

495 547 622 591 esse
664 529 938 600 ostendit,
991 530 1132 604 quia
1177 527 1346 587 illum
1395 530 1588 604 ipsum
1639 527 1856 585 librum
1909 532 1966 586 et
2020 532 2138 585 tres
2169 526 2223 596 Α
2253 525 2574 586 aeternitate
2609 545 2622 585 :
2656 527 2786 601 ipsa
2820 515 3036 587 etenim
3067 526 3180 586 sibi
3219 527 3674 603 consempiterna
3689 536 3781 601 est,
3804 537 3849 592 et

494 620 739 684 deitates
788 637 1083 694 respuere,
1143 625 1198 676 et
1275 620 1531 694 proﬁteri
1588 619 1804 674 trinam
1865 619 2140 675 deitatem

494 711 1070 782 congloriﬁcandam,
1105 711 1271 783 quasi
1331 709 1743 782 receptibiliter
1799 709 1959 764 dicit.
1996 709 2142 764 Nam

495 797 554 854 in
605 798 853 871 cpistola
896 798 1215 872 Agathonis
1263 815 1422 871 papae
1473 798 1693 870 (synodi
1736 815 1792 854 vx
1837 806 1940 854 act.
1986 799 2040 866 4)
2069 797 2142 852 ad

496 887 802 962 praefatum
833 887 1282 944 Constantinum
1315 892 1371 942 et
1400 893 1699 944 consortes
1741 887 1967 959 imperii
1991 889 2142 944 4-19

497 979 586 1052 sui
619 978 923 1046 directa,et
944 977 1001 1032 in
1026 979 1228 1034 eadem
1253 979 1472 1051 synodo
1495 977 1842 1046 recitata,ita
1859 977 2138 1033 habetur:

499 1089 527 1117 ‹‹
557 1067 659 1123 Hic
691 1067 870 1140 igitr
899 1071 1087 1123 status
1119 1071 1208 1124 est
1231 1066 1573 1140 evangelica:
1617 1071 1793 1138 atque
1818 1066 2142 1138 apostolica:

498 1160 711 1214 nostra:
763 1155 918 1227 ﬁdei,
951 1156 1350 1230 regularisque
1397 1157 1652 1224 traditio,
1687 1159 1749 1211 ut
1803 1157 2144 1212 conﬁtentes

499 1249 765 1302 sanctam
787 1251 845 1300 et
867 1244 1315 1318 inseparabilem
1339 1245 1708 1315 Trinitatem,
1730 1245 1783 1300 id
1812 1251 1898 1301 est
1915 1245 2144 1301 Patrem

498 1337 555 1387 et
587 1332 798 1388 Filium
827 1338 886 1388 et
915 1333 1197 1406 Spiritum
1229 1332 1712 1397 sanctum,unius
1741 1350 1867 1390 esse
1889 1332 2142 1400 deitatis,

501 1420 677 1486 unius
707 1427 926 1478 natura:
974 1427 1031 1479 et
1077 1423 1442 1490 substantiae,
1481 1423 1599 1480 sive
1647 1423 1932 1491 essentiae,
1967 1423 2144 1478 unius

500 1528 630 1568 eam
662 1511 1044 1583 pradicemus
1085 1517 1141 1568 et
1187 1512 1472 1570 naturalis
1519 1511 1859 1578 voluntatis,
1891 1511 2142 1578 virtutis,

499 1599 873 1674 operationis,
907 1601 1342 1662 dominationis.
1369 1600 1712 1672 majestatis,
1748 1599 2052 1674 potestatis
2091 1603 2148 1654 et

499 1687 718 1764 gloriae,
735 1694 791 1746 et
811 1689 1096 1762 quidquid
1119 1691 1188 1745 de
1209 1691 1412 1746 eadem
1434 1694 1636 1746 saneta
1652 1689 1934 1746 Trinitate
1955 1707 2145 1746 essen-

499 1777 717 1836 tialiter
744 1779 976 1847 dicitur,
1012 1779 1294 1851 singulari
1327 1797 1570 1836 numero
1601 1784 1880 1852 tanquam
1921 1781 1992 1836 de
2029 1797 2148 1836 una

2251 619 2509 675 essentia
2539 619 2780 692 aequalis
2811 618 3051 674 honoris
3082 623 3190 675 est.
3224 619 3336 675 Nec
3354 619 3508 675 enim
3539 619 3740 678 exstitit
3761 640 3846 682 sa-

2253 707 2472 778 culum,
2491 710 2727 780 quando
2759 725 2893 764 cum
2913 709 3079 765 Patre
3102 726 3216 765 non
3248 713 3372 764 erat
3399 713 3458 763 et
3486 709 3690 766 Filius:
3713 712 3848 782 cujus

2253 793 2456 869 utique
2483 799 2803 854 vocabatur
2832 798 3019 868 Pater,
3051 797 3102 854 si
3131 814 3250 852 non
3283 795 3459 854 simul
3489 815 3618 854 cum
3661 815 3720 855 eo
3756 805 3852 858 erat

2254 887 2379 942 sine
2410 885 2698 959 principio
2731 886 2960 943 Filius?
2985 887 3101 942 Nec
3121 891 3248 941 erat
3275 886 3430 944 450
3467 903 3598 942 cum
3634 887 3850 960 utrisque

2254 975 2510 1049 Spiritus
2540 979 2801 1032 sanctus.
2838 975 2996 1032 Unus
3037 975 3217 1048 igitur
3263 974 3384 1030 haec
3424 975 3536 1032 tria
3565 979 3718 1043 Deus,
3745 977 3852 1047 quia

2253 1082 2387 1121 cum
2405 1065 2464 1120 in
2495 1065 2742 1122 invicem
2777 1063 3206 1137 intelliguntur,
3227 1063 3352 1121 sola
3381 1063 3706 1137 singillatim
3729 1064 3852 1120 dilic-

2254 1155 2442 1210 rentia
2466 1155 2523 1208 in
2555 1153 2978 1210 communitate
3007 1153 3270 1210 essentia:
3301 1151 3743 1226 inseparabiliter
3765 1152 3852 1208 dis-

2253 1247 2524 1301 cernente
2545 1259 3026 1315 unamquamquc
3040 1241 3534 1314 personam,solus
3551 1241 3768 1314 proinde
3778 1241 3854 1296 Pa-

2251 1336 2340 1388 ter
2356 1337 2518 1404 pater
2536 1332 2810 1404 est,solus
2833 1332 3015 1388 Filius
3035 1331 3378 1398 lilius,solus
3391 1330 3638 1404 Spiritus
3657 1336 3852 1388 sanctus

2254 1422 2507 1494 Spiritus
2541 1427 2801 1479 sanctus.
2837 1422 2936 1478 His
2958 1421 3174 1478 etenim
3225 1419 3566 1478 ditferentiis
3613 1436 3716 1475 non
3752 1436 3855 1474 con~

2253 1516 2560 1569 vertuntur
2587 1512 2659 1567 ad
2690 1511 2960 1578 invicem,
2985 1511 3085 1568 sed
3117 1511 3176 1566 in
3208 1509 3301 1568 his
3346 1509 3584 1583 quidem
3615 1509 3848 1581 insepara

2253 1600 2448 1657 biliter
2493 1600 2858 1669 dividuntur,
2891 1599 3328 1656 communicant
3383 1603 3580 1658 autem
3635 1597 3852 1656 essentia:

2254 1693 2496 1750 unitate.
2513 1691 2770 1748 Trinitas
2791 1690 3037 1763 simplex
3065 1693 3121 1746 et
3147 1689 3469 1776 impartitia
3496 1693 3662 1762 atque
3682 1687 3856 1746 incom-

2257 1782 2446 1856 posita
2501 1799 2570 1837 ex
2616 1781 2807 1838 tribus
2847 1779 3140 1853 perfectis,
3174 1795 3243 1836 ex
3299 1778 3498 1851 seipsa
3550 1777 3779 1851 perfecta
3813 1781 3856 1832 et

501 1874 708 1926 natura
737 1867 916 1923 trium
947 1869 1535 1924 consubstantialium
1569 1887 1951 1941 personarum
1981 1886 2144 1924 com-
2178 1899 2226 1964 Β
2257 1871 2708 1944 superperl‘ecta,
2742 1887 2860 1927 una
2918 1874 3129 1926 natura
3175 1873 3350 1942 atque
3411 1867 3640 1935 deitate,
3669 1869 3720 1922 et
3765 1881 3858 1924 una

499 1958 933 2030 prehendamus
961 1957 1211 2032 regulari
1232 1957 1452 2014 ratione
1468 1959 1578 2014 hoc
1611 1958 1896 2014 institui.»
1915 1959 1985 2014 Et
2008 1957 2148 2013 item

499 2047 561 2102 in
593 2046 708 2103 alia
736 2047 986 2120 epistola
1015 2048 1279 2120 ejusdem
1311 2065 1470 2120 papae
1499 2048 1718 2120 (synodi
1745 2065 1800 2103 v1
1845 2055 1948 2102 act.
1984 2047 2150 2114 4),ad

499 2134 694 2192 locum
717 2135 981 2208 ejusdem
1007 2135 1264 2208 epistola
1311 2136 1392 2193 ita
1436 2137 1718 2192 habetur:
1753 2160 1780 2186 «
1807 2135 2152 2191 Trinitatem

501 2223 560 2289 in
595 2225 816 2280 unitate
848 2229 905 2280 et
931 2225 1214 2281 unitatem
1238 2225 1294 2281 in
1312 2225 1888 2291 tri-nitate,unitatem
1912 2224 2148 2296 quidem

502 2313 789 2382 essentiae,
823 2314 1146 2370 trinitatem
1172 2332 1304 2370 vero
1337 2332 1718 2388 personarum
1769 2313 1888 2370 sive
1934 2313 2152 2370 subsis-

502 2403 841 2470 tentiarum,
863 2404 1044 2460 Deum
1079 2404 1305 2460 Patrem
1337 2405 1701 2470 confitentes,
1725 2403 1910 2460 Deum
1937 2401 2146 2471 filium,

503 2491 689 2550 Deum
722 2492 1006 2564 Spiritum
1038 2497 1329 2562 sanctum,
1354 2510 1470 2548 non
1501 2497 1616 2548 tres
1639 2493 1804 2561 Deos,
1831 2492 1932 2548 sed
1964 2507 2149 2548 unum

504 2582 689 2638 Deum
715 2581 940 2638 Patrem
971 2587 1027 2638 et
1053 2582 1264 2638 Filium
1295 2587 1352 2638 et
1383 2581 1665 2654 Spiritum
1711 2587 1999 2648 sanctum,
2033 2599 2149 2636 non

504 2672 684 2728 trium
704 2671 1010 2727 nominum
1031 2669 1523 2739 substantias,sed
1548 2671 1723 2726 trium
1747 2669 2151 2728 subsistentia-

505 2777 635 2819 rum
666 2777 845 2816 unam
866 2760 1280 2827 substantiam,
1304 2777 1554 2833 quorum
1588 2778 1706 2816 una
1731 2761 2004 2830 essentia,
2029 2759 2149 2816 sive

504 2849 856 2919 substantia,
888 2849 975 2906 vel
1008 2853 1234 2917 natura,
1265 2850 1322 2905 id
1353 2853 1443 2906 est
1471 2867 1589 2905 una
1617 2850 1822 2916 deitas,
1846 2867 1964 2906 una
1993 2853 2147 2905 aeter-

504 2939 680 3008 nitas,
716 2957 834 2999 una
872 2928 1149 3012 potestas,
1181 2956 1367 2995 unum
1415 2937 1748 3012 imperium,
1782 2957 1896 2994 una
1943 2938 2144 3012 gloria,

503 3045 622 3087 una
677 3029 959 3096 adoratio,
994 3046 1112 3084 una
1157 3027 1486 3084 essentialis
1523 3027 1786 3100 ejusdem
1835 3032 2048 3083 sanctae
2093 3032 2150 3082 et

503 3115 912 3191 inseparabilis
950 3117 1257 3174 Trinitatis
1298 3116 1586 3183 voluntas,
1621 3120 1678 3172 et
1708 3116 1987 3189 operatio,
2019 3133 2147 3188 quas

505 3207 704 3263 omnia
731 3206 1010 3274 condidit,
1030 3205 1352 3278 dispensat,
1375 3211 1432 3260 et
1461 3205 1739 3261 continet.
1776 3228 1804 3255 »
1829 3207 1904 3261 'Et
1932 3206 1991 3259 in
2021 3205 2145 3277 epi-

507 3295 658 3351 stola
678 3271 1004 3367 Sophronii
1025 3271 1532 3366 Hierosolymitani
1563 3293 1821 3366 episcopi
1853 3271 2074 3366 (synodi
2100 3311 2152 3349 v1
2184 3271 2226 3337 Ο

506 3393 611 3442 act.
645 3385 752 3454 11),
773 3383 844 3439 ab
871 3382 1192 3456 apostolica
1230 3385 1366 3440 sede
1391 3388 1448 3439 et
1477 3384 1550 3439 ab
1580 3385 1782 3440 eadem
1813 3385 2032 3457 synodo
2063 3401 2151 3439 re-

507 3471 845 3546 ceptissima
873 3489 885 3526 :
924 3495 956 3522 α
983 3472 1349 3543 Trinitatem,
1374 3473 1588 3546 inquit,
1615 3473 1674 3528 in
1707 3474 1930 3529 unitate
1975 3473 2154 3528 credi-

508 3579 662 3630 mus,
689 3567 747 3618 et
777 3561 835 3617 in
869 3561 1090 3617 unitate
1118 3561 1438 3618 trinitatem
1461 3563 1858 3635 glorificamus
1883 3579 1896 3616 :
1925 3561 2151 3617 trinita-

507 3655 626 3707 tem
649 3651 886 3724 quidem
902 3668 1004 3724 pro
1019 3650 1208 3707 trihus
1230 3649 1939 3718 subsistentiis,unitatem
1957 3656 2152 3706 autem

509 3742 745 3811 propter
771 3738 1237 3812 singularitatem
1269 3739 1524 3794 deitatis.
1562 3764 1583 3792 ι
1623 3739 1691 3793 Et
1737 3739 1876 3793 item
1910 3755 1922 3793 :
1959 3762 1987 3788 ‹‹
2022 3740 2153 3795 Ideo

507 3827 653 3884 bene
684 3845 718 3884 a
737 3827 1033 3900 Deiloquis
1055 3828 1346 3884 sancitum
1367 3834 1456 3884 est
1476 3826 1764 3884 unitatem
1786 3827 2022 3900 quidem
2048 3846 2155 3886 nos

509 3935 730 3990 sapere,
762 3935 880 3973 una
907 3922 965 3973 et
991 3915 1275 3990 singulari
1306 3917 1520 3974 deitate
1551 3921 1608 3972 et
1633 3915 1936 3973 identitate
1953 3934 2155 3974 essen-

507 4005 666 4071 tialis
678 4011 855 4078 atque
871 4005 1155 4062 naturalis
1171 4004 1934 4073 dominationis,trinitatem
1959 4013 2154 4066 autem

510 4094 698 4150 tribus
729 4093 1050 4150 inconfusis
1081 4095 1500 4163 subsistentiis,
1535 4100 1593 4151 et
1637 4095 2031 4152 diversitatem
2071 4103 2158 4154 ter

511 4183 884 4239 numeranda).
916 4184 1238 4256 personalis
1267 4185 1674 4241 alternitatis.»
1695 4187 1764 4242 Et
1788 4185 1962 4258 paulo
1987 4193 2153 4260 post:

515 4295 543 4324 «
576 4273 692 4330 Hoc
724 4273 916 4346 ipsum
949 4274 1162 4348 quippe
1205 4278 1260 4330 et
1290 4291 1473 4330 unum
1508 4279 1614 4343 est,
1639 4279 1698 4331 et
1725 4275 1840 4332 tria
1881 4276 2156 4345 creditur,

511 4367 570 4418 et
596 4362 708 4418 tria
736 4362 1100 4434 praedicatur,
1125 4368 1181 4418 et
1213 4380 1393 4420 unum
1425 4363 1706 4420 veraciter
1733 4365 2116 4421 annuntiatur
2142 4383 2155 4421 :

512 4457 571 4506 et
601 4467 788 4522 neque
816 4467 1000 4508 unum
1033 4453 1184 4524 quod
1219 4468 1358 4524 erga
1387 4469 1570 4509 unum
1601 4458 1689 4508 est
1719 4453 1831 4509 tria
1860 4454 2155 4527 recipitur,

513 4555 702 4611 neque
725 4539 836 4595 tria
864 4541 1187 4603 secundum
1219 4541 1373 4612 quod
1397 4541 1509 4598 tria
1540 4545 1681 4597 sunt
1697 4559 1880 4598 unum
1911 4544 2157 4600 adverti-

512 4635 627 4684 tur.
665 4650 693 4677 »

515 4717 670 4773 idem
691 4716 1013 4773 catholicus
1043 4717 1244 4774 doctor
1270 4717 1616 4790 explanavit.
1642 4719 1712 4774 Et
1738 4718 1798 4775 in
1829 4720 2036 4792 edicto,
2063 4741 2160 4779 su-

513 4805 823 4882 prascripti
847 4807 1394 4881 Constantini,quod
1416 4808 1486 4863 ad
1510 4825 1677 4864 suam
1699 4810 2162 4870 conﬁrmandam

515 4897 864 4955 sententiam
905 4897 1320 4954 Gothesealcus
1363 4896 1858 4968 commemoravit,
1887 4899 1970 4956 ita
2014 4902 2161 4958 scri-

515 4993 681 5060 ptum
713 4987 965 5046 habetur
1009 4987 1230 5060 (synodi
1275 5003 1332 5044 v1
1376 4994 1478 5043 act.
1513 4987 1604 5056 18)
1637 5003 1650 5041 :
1686 5009 1713 5036 ‹‹
1749 4986 2053 5046 Credimus
2101 4992 2162 5050 in

518 5076 742 5132 Patrem
775 5081 830 5130 et
861 5073 1068 5132 Filium
1099 5080 1155 5130 et
1185 5075 1468 5147 Spiritum
1502 5080 1792 5144 sanctum,
1817 5076 2164 5140 Trinitatem

518 5167 578 5222 in
613 5166 858 5232 unitate,
878 5169 936 5220 et
965 5164 1246 5220 unitatem
1279 5163 1337 5218 in
1369 5163 1871 5232 'l‘rinitate,unam
1895 5168 2164 5225 substan-

517 5257 658 5311 tiam
675 5256 730 5312 iu
747 5254 932 5312 tribus
949 5252 1665 5320 subsistentiis,unitatem
1679 5253 1918 5326 quidem
1932 5263 2166 5329 propter

519 5345 844 5400 naturalem
877 5345 1152 5402 unionem
1201 5361 1267 5400 ac
1313 5343 1794 5411 dominationem,
1820 5344 2161 5405 Trinitatem

521 5449 650 5487 vero
673 5438 906 5506 propter
926 5434 1102 5489 trium
1131 5432 1648 5492 subsistentiarum
1670 5433 2080 5504 perfectionem
2105 5442 2164 5494 et

519 5520 752 5576 divitias
774 5523 1253 5594 superexistentis
1271 5523 1779 5578 bonitatis.Unitas
1804 5523 2016 5598 quippe
2033 5545 2162 5584 vere

521 5613 610 5665 est
640 5609 912 5679 Trinitas,
941 5611 1079 5684 quia
1109 5613 1271 5668 unita
1298 5615 1384 5667 est
1407 5611 1639 5678 deitate,
1668 5616 1724 5665 et
1750 5611 2002 5671 Trinitas
2032 5635 2162 5674 vere

520 5702 610 5758 est
641 5698 834 5762 unitas
863 5700 1048 5758 divisa
1086 5700 1559 5775 proprietatibus,
1593 5703 1650 5757 et
1697 5716 1814 5758 non
1861 5703 2163 5778 dispertita

2257 1961 2824 2032 voluntate,unaque
2855 1959 3188 2032 operatione
3209 1956 3610 2031 glorificanda.
3643 1958 3857 2024 Quorum

2257 2049 2439 2124 igitur
2460 2067 2576 2105 una
2605 2055 2818 2106 natura
2859 2052 2966 2116 est,
3001 2048 3211 2103 horum
3259 2046 3530 2105 voluntas
3561 2049 3615 2102 et
3647 2042 3856 2116 operatio

2259 2157 2378 2195 una
2407 2144 2517 2209 est,
2549 2139 2702 2195 sicut
2731 2155 2838 2194 nos
2869 2137 3066 2194 docuit
3097 2135 3194 2192 Dei
3240 2135 3432 2192 cultor
3476 2132 3729 2191 Basilius.
3757 2154 3780 2180 »
3807 2131 3858 2186 Et

2256 2232 2387 2302 post
2418 2227 2587 2302 plura
2615 2227 2802 2300 ipsius
2831 2225 3121 2296 edicti,ita
3147 2224 3434 2296 scriptum
3456 2223 3522 2279 in
3541 2239 3680 2282 novo
3701 2220 3860 2278 codice

2257 2317 2552 2374 habetur:
2594 2341 2623 2368 «
2673 2315 3099 2389 Amplectimur
3147 2318 3383 2371 sanctas
3443 2316 3502 2369 et
3551 2307 3860 2370 universales

2258 2407 2516 2480 quinque
2533 2407 2806 2480 synodos,
2825 2423 2952 2478 quae
2977 2404 3036 2460 in
3066 2403 3258 2462 Nicaea
3275 2407 3666 2460 trecentorum
3699 2399 3860 2456 decem

2256 2501 2313 2553 et
2341 2501 2470 2553 octo
2493 2495 2866 2568 Patrum,qui
2891 2495 3172 2557 adversus
3201 2491 3480 2549 Arianam
3524 2489 3862 2547 consederunt

2257 2584 2688 2658 insaniam,qui
2724 2587 3069 2657 cooperante
3113 2581 3268 2638 trina
3313 2584 3370 2638 et
3415 2574 3861 2652 conglorilicanda

2257 2675 2473 2732 deitate
2501 2690 2734 2730 sacrum
2765 2672 2899 2729 ﬁdei
2929 2669 3263 2746 symbolum
3290 2669 3691 2728 terminarunt.
3722 2687 3747 2715 »

2328 2766 2444 2821 Hoc
2456 2780 2669 2820 nomen
2682 2761 2948 2818 feminini
2961 2759 3192 2835 generis
3202 2758 3562 2834 adjectivum
3581 2773 3645 2815 ac
3665 2752 3858 2820 mobile,

2256 2855 2412 2928 quod
2435 2853 2529 2910 hic
2561 2856 2648 2910 est
2677 2850 3023 2925 impositum
3048 2853 3233 2919 Trina,
3259 2867 3294 2906 a
3321 2846 3698 2906 Gothescalco
3721 2859 3865 2917 quan-

2255 2946 2328 3002 do
2383 2945 2660 3018 przet‘atus
2705 2941 2852 2999 liber
2898 2941 2960 2998 in
3009 2938 3362 2998 monasterio
3419 2934 3762 3000 Altivillaris,
3789 2931 3864 2986 ubi

2254 3035 2380 3109 ipse
2411 3033 2773 3099 morabatur,
2803 3049 2871 3086 ex
2915 3029 3272 3097 authentico,
3303 3045 3484 3101 quem
3526 3023 3664 3082 mihi
3705 3023 3867 3109 Petrus

2255 3108 2566 3198 episcopus
2621 3121 2898 3178 Aretinus
2952 3119 3446 3184 commodaverat,
3479 3114 3725 3187 scriptus
3763 3108 3864 3172 fuit,

2259 3212 2650 3270 adulteratum
2683 3211 2996 3277 credimus,
3013 3209 3167 3266 sicut
3197 3205 3503 3264 multoties
3535 3205 3607 3262 ab
3637 3201 3756 3259 aliis
3779 3197 3867 3253 ha-

2262 3301 2459 3369 reticis
2490 3302 2710 3357 factum
2732 3299 3004 3373 legimus.
3023 3297 3310 3364 Quoniam
3333 3294 3477 3352 alibi
3509 3299 3597 3352 ter
3627 3284 3868 3362 conglori-

2262 3393 2494 3449 ﬁeanda
2514 3390 2726 3446 deitate
2757 3387 3274 3462 reperimus,quod
3305 3385 3466 3442 idem
3497 3387 3586 3442 est
3614 3399 3677 3471 ac

2263 3479 2462 3536 nitatis
2492 3477 2986 3552 conglorificanda
3033 3475 3248 3530 deitate
3294 3471 3546 3539 dicatur,
3581 3469 3724 3526 sicut
3754 3468 3869 3522 etin

2261 3569 2443 3642 hujus
2473 3567 2606 3624 libri
2638 3565 3042 3640 superioribus
3065 3564 3528 3619 demonstratur.
3547 3560 3654 3617 Dat
3681 3566 3871 3630 quoque

2263 3657 2432 3713 nobis
2455 3660 2680 3713 certum
2704 3654 2986 3711 indicium
3014 3651 3465 3710 Gothescalcum
3489 3647 3724 3706 falsasse
3747 3644 3871 3698 hunc

2261 3745 2656 3818 librum,quia
2683 3761 2788 3817 per
2817 3744 2972 3800 idem
3002 3746 3236 3814 tempus
3265 3739 3504 3813 quando
3525 3737 3618 3794 hic
3637 3733 3798 3792 codex
3825 3727 3871 3782 in

2264 3833 2616 3892 monasterio
2660 3831 3000 3889 Altivillaris
3057 3829 3312 3902 scriptus
3369 3827 3503 3897 fuit,
3563 3827 3876 3884 Ratramnus

2263 3921 2516 3978 Corbeize
2553 3917 2896 3989 monachus,
2929 3917 3083 3975 sicut
3118 3918 3246 3989 jam
3274 3915 3447 3989 longe
3479 3912 3738 3988 superius
3763 3902 3874 3963 dixi-

2264 4028 2420 4079 mus,
2451 4010 2520 4068 ad
2553 4007 2951 4080 llildegarium
2983 4005 3338 4064 Meldensem
3369 4003 3724 4076 episcopum,
3743 4015 3804 4056 ex
3825 3993 3874 4048 li-

2264 4099 2386 4156 bris
2435 4102 2772 4156 senctorum
2823 4095 3022 4152 Hilarii
3056 4099 3114 4150 et
3161 4091 3476 4168 Augustini
3525 4094 3596 4149 de
3634 4087 3875 4148 Trinitale

2267 4189 2581 4264 (Augustini
2629 4188 2770 4242 liber
2809 4187 3087 4258 falsatus).
3123 4201 3238 4240 non
3283 4183 3527 4240 modicas
3571 4173 3878 4254 quantitatis

2263 4277 2534 4336 volumen
2586 4274 2939 4348 compilavit,
2971 4273 3169 4330 volens
3213 4288 3474 4337 asserere
3525 4270 3734 4329 trinam
3775 4276 3878 4320 esse

2267 4369 2565 4433 deitatem,
2597 4366 2768 4437 cujus
2808 4362 3144 4438 compilatio
3170 4362 3467 4420 evidenter
3518 4349 3878 4434 compilatoris

2267 4457 2360 4516 sui
2391 4457 2753 4512 demonstrat
2784 4451 3178 4512 mendacium.
3198 4452 3311 4509 Sed
3343 4456 3400 4507 et
3427 4450 3579 4507 liber
3597 4444 3876 4506 sanctiAu-

2267 4546 2484 4624 gustini
2518 4543 2998 4618 contraquinque
3034 4543 3294 4599 hostium
3334 4558 3572 4616 genera,
3587 4539 3732 4596 sicut
3748 4533 3878 4624 idem

726 4628 796 4683 Et
842 4627 950 4684 hoc
998 4631 1168 4685 modo
1219 4629 1520 4702 pluraliter
1567 4630 1626 4684 in
1673 4631 1873 4686 eadem
1912 4633 2156 4704 epistola
2188 4645 2232 4710 ι)
2263 4623 2322 4694 in
2351 4637 2555 4694 eodem
2577 4635 2726 4690 libro
2747 4633 2908 4703 dicit,
2924 4632 2983 4688 id
3013 4637 3100 4690 est
3128 4635 3334 4688 contra
3363 4630 3644 4704 Paganos,
3658 4623 3876 4710 Indicos,

2271 4727 2642 4794 Manichaeos,
2679 4721 3040 4782 Sabellianos
3069 4727 3128 4780 et
3153 4721 3418 4790 Arianos,
3453 4738 3488 4778 a
3512 4718 3778 4794 quodam,
3798 4705 3878 4782 qui

2270 4817 2406 4876 hinc
2427 4814 2696 4871 videlicet
2713 4811 2852 4886 quia
2880 4811 3036 4869 trina
3063 4811 3250 4870 deitas
3278 4809 3562 4868 catholice
3581 4808 3765 4885 potest
3786 4796 3880 4855 dici

2270 4905 2678 4974 contendebat,
2712 4907 2854 4960 tunc
2881 4901 3162 4976 temporis
3207 4901 3329 4976 regi
3375 4901 3548 4959 datus
3578 4898 3703 4966 fuit,
3731 4902 3880 4968 quem

2270 4994 2664 5068 comperimus
2694 4993 2970 5050 falsatum
2987 4993 3099 5049 hoc
3115 4991 3309 5048 modo.
3333 4991 3479 5050 Nam
3504 5005 3638 5048 cum
3660 4981 3883 5068 quadam

2271 5085 2364 5142 die
2392 5067 2744 5141 haberemus
2772 5100 3101 5141 sermonem
3125 5083 3196 5138 de
3225 5081 3449 5138 unitate
3469 5067 3884 5146 deitatis.,PaLl'iS

2269 5179 2320 5231 et
2357 5175 2480 5230 Filii
2513 5180 2570 5230 et
2593 5174 2847 5248 Spiritus
2877 5173 3082 5242 sancti,
3099 5173 3250 5231 inter
3269 5170 3386 5228 alia
3405 5169 3662 5226 diximus
3675 5165 3879 5222 beatum

2268 5261 2663 5335 Augustinum
2695 5261 2990 5320 multoties
3019 5261 3078 5317 in
3110 5260 3258 5317 libro
3289 5259 3495 5332 quinto
3525 5258 3598 5314 de
3635 5249 3882 5313 Trinitate

2270 5353 2498 5409 dicere:
2531 5377 2551 5402 «
2579 5353 2742 5420 Quod
2765 5351 3052 5425 quidquid
3073 5353 3144 5408 ad
3169 5368 3232 5406 se
3253 5349 3310 5408 id
3343 5353 3434 5406 est
3451 5338 3884 5425 substantialitcr

2269 5441 2342 5498 de
2374 5446 2484 5497 Deo
2515 5440 2748 5508 dicitur,
2764 5424 3043 5514 singulari
3078 5456 3320 5495 numero
3359 5442 3418 5495 et
3465 5437 3534 5493 de
3568 5427 3803 5506 singulis
3838 5424 3884 5477 et

2270 5530 2340 5586 de
2361 5531 2552 5586 tribus
2571 5528 2746 5586 simul
2771 5529 3036 5601 personis
3055 5529 3132 5585 sit
3147 5527 3564 5586 efferendum.»
3581 5527 3698 5592 Quo
3709 5519 3882 5576 contra

2271 5637 2425 5678 unus
2455 5638 2523 5676 ex
2543 5620 2638 5676 his
2663 5636 2796 5676 cum
2819 5619 3035 5691 quibus
3058 5619 3191 5676 inde
3214 5634 3546 5676 sermonem
3575 5608 3879 5670 habuimus.

2270 5727 2388 5770 non
2419 5709 2779 5781 contentiosa
2809 5709 3150 5778 intentione,
3173 5709 3274 5772 sed
3305 5709 3452 5773 forte
3477 5701 3876 5780 putansAudu‘
