4018 6456
454 399 570 459 sis
936 372 953 385 ’
1384 389 1770 451 HINCMARI
1812 385 2263 449 RHEMENSIS
2304 384 2922 449 ARCHIEPISCOPI.
3747 390 3858 451 sic

451 546 586 586 mus
604 525 757 583 beati
777 522 1091 598 Augustini
1107 488 1565 594 librum.Etpost
1580 520 1871 577 haecidem
1883 516 2098 592 quifal-
2121 516 2181 589 Α
2208 516 2341 573 dam
2374 519 2693 591 assumpta
2722 517 3022 584 creaturae,
3038 531 3213 589 posse
3241 519 3300 573 et
3326 517 3742 590 separabiliter
3769 497 3859 578 de.

448 623 639 674 satum
664 615 882 671 librum
901 612 1021 686 regi
1033 611 1272 667 dederat
1291 608 1580 665 dixit:Vos
1593 627 1718 683 qum
1731 609 1859 665 dico
1874 607 2095 683 patien-

448 709 536 765 ter
572 704 727 762 458
774 701 1066 769 audietis;
1097 703 1157 755 et
1202 697 1443 772 protulit
1484 697 1886 754 testimonium
1937 696 2089 754 beati

445 792 738 852 Ambrosii
769 792 840 848 de
879 790 1095 846 deitate
1143 787 1470 855 Trinitatis,
1504 787 1577 842 ad
1626 786 2091 843 confirmandam

447 883 825 958 quaeinventa
844 883 935 935 est
954 877 1014 934 in
1027 876 1177 933 beati
1195 874 2088 949 Augustinilibroimposturam.

447 971 611 1040 Quod
640 967 1042 1027 testimonium
1059 963 1582 1022 catholicissimum
1603 964 1791 1020 eidem
1810 963 2092 1037 impostu-

447 1077 523 1116 rte
547 1055 1026 1117 manifestissime
1045 1052 1426 1122 contradixit;
1455 1057 1513 1109 et
1533 1070 1739 1110 omnes
1761 1052 1953 1108 mirati
1972 1051 2087 1108 fui-

445 1164 712 1216 mus,cur
739 1144 853 1202 tale
883 1142 1189 1218 protulerit
1210 1141 1800 1215 testimonium,quod
1819 1141 2088 1198 eamdem

445 1237 792 1296 sententiam
824 1250 939 1290 non
968 1232 1159 1290 solum
1190 1249 1306 1288 non
1338 1230 1998 1299 conﬁrmaverit,verum
2028 1234 2090 1286 ut

335 1378 352 1389 .
442 1327 761 1387 falsitatem
801 1323 1068 1380 veritatis
1111 1321 1513 1377 inﬁrmaverit.
1568 1319 1788 1376 Deinde
1833 1320 1980 1377 dixit
2027 1319 2087 1375 in

443 1413 699 1489 praestita
729 1413 842 1469 sibi
874 1412 1020 1468 libro
1050 1408 1206 1495 beati
1234 1408 1567 1480 Augustini,
1592 1409 1688 1482 qui
1722 1408 1996 1465 titulatur
2022 1407 2089 1464 de

446 1504 628 1562 Verbis
654 1503 897 1568 Domini,
913 1498 1201 1555 invenisse
1221 1497 1777 1570 superscriptionem
1795 1496 2086 1553 sermonis

441 1593 570 1665 ejus
599 1591 667 1647 de
693 1607 807 1647 una
840 1589 1120 1654 Trinitale,
1142 1589 1396 1659 trinaqne
1423 1587 1652 1642 unitate.
1678 1587 1936 1659 Itemque
1968 1585 2084 1641 mi-

441 1681 549 1737 rati
582 1680 802 1737 fuimus
823 1675 1376 1750 superscriptionem
1398 1675 1804 1731 tantummodo
1822 1672 1987 1730 illum
2005 1678 2087 1731 at-

440 1769 722 1835 tendisse,
752 1771 812 1824 et
859 1784 975 1822 non
1025 1782 1152 1838 quae
1205 1763 1265 1819 in
1314 1763 1519 1819 eodem
1549 1780 1819 1820 sermone
1850 1780 1886 1819 a
1916 1763 2084 1820 beato

435 1858 761 1933 Augustino
791 1854 1073 1912 catholice
1094 1853 1250 1910 dicta
1281 1856 1668 1926 sequerentur
1695 1850 2087 1925 intelligenter

436 1948 665 2022 legisse.
700 1946 846 2002 Nam
875 1942 1048 2017 vulgo
1076 1941 1325 2016 loquens
1368 1944 1574 1997 contra
1615 1939 1980 1997 Sabellianos
2027 1944 2085 1996 et

433 2037 681 2092 Arianos
709 2032 854 2091 dicit
880 2031 939 2088 in
971 2031 1174 2087 eodem
1206 2046 1474 2086 sermone
1505 2030 1687 2103 (sem.
1715 2030 1787 2084 63
1815 2029 1880 2085 de
1905 2029 2086 2086 verbis

436 2126 676 2192 Domini,
722 2140 841 2195 cap.
887 2124 938 2192 1,
979 2121 1058 2193 2).
1108 2119 1427 2185 Habemus,
1474 2118 1686 2191 inquit,
1741 2117 2081 2175 distinctam

436 2213 814 2282 Trinitatem;
836 2215 895 2266 et
923 2209 972 2265 si
1005 2207 1444 2266 consideremus
1474 2206 1620 2276 loca,
1652 2207 1837 2262 audeo
1866 2205 2080 2277 dicere,

435 2302 707 2376 quamvis
725 2300 931 2356 timide
951 2298 1008 2354 id
1031 2294 1444 2366 dicam,tame'n
1456 2295 1838 2368 audeo,quasi
1855 2312 2082 2369 separa-

436 2392 614 2450 bilem
645 2389 1013 2446 Trinitatem.
1048 2410 1076 2437 ››
1109 2387 1180 2442 Et
1210 2384 1384 2458 paulo
1418 2389 1549 2458 post
1578 2385 1724 2458 (cap.
1759 2387 1815 2454 2)
1841 2401 1855 2442 :
1883 2408 1912 2435 «
1942 2383 2080 2440 Tria

436 2480 558 2538 haec
589 2478 757 2553 quasi
773 2479 1122 2550 separantur
1135 2473 1656 2546 locis,separantur
1680 2473 2080 2546 ofﬁciis,sepa-

436 2575 642 2627 rantur
670 2565 964 2639 operibus.
1000 2586 1030 2615 »
1059 2565 1130 2620 Et
1166 2563 1276 2620 hoc
1324 2563 1519 2632 modo,
1553 2563 1672 2618 sive
1720 2562 1828 2619 hoc
1875 2580 2074 2633 sensu,

434 2663 602 2731 tropo
624 2655 722 2712 illo
744 2654 841 2728 qui
866 2652 1244 2726 metonymia,
1260 2653 1318 2707 id
1341 2656 1432 2708 est
1468 2651 1973 2719 transnominatio,
1988 2653 2073 2708 di-

432 2742 821 2815 citur,titulus
839 2743 1018 2814 hujus
1047 2741 1336 2798 sermonis
1368 2745 1537 2797 sonat
1557 2739 1622 2797 de
1650 2758 1763 2797 una
1791 2741 2070 2811 Trinitate,

431 2838 687 2909 trinaque
715 2835 942 2890 unitate.
960 2833 1031 2888 Et
1059 2835 1191 2904 post
1222 2830 1546 2904 praemissa,
1570 2830 1775 2887 beatus
1801 2831 2072 2904 Augusti-

431 2942 544 2981 nus
573 2940 708 2980 mox
736 2922 796 2978 in
823 2921 1029 2979 eodem
1059 2937 1326 2976 sermone
1355 2919 1711 2991 subjunxitzu
1736 2919 1903 2976 Dicat
1926 2919 2071 2976 mihi

428 3011 909 3086 aliquis,ostende
940 3007 1385 3082 inseparabilem
1409 3007 1814 3064 Trinitatem.»
1844 3009 1914 3064 Et
1939 3014 2073 3081 post

340 3091 359 3107 κ
429 3101 735 3177 paululum
767 3098 1184 3173 (cap.eodem):«
1218 3098 1353 3171 Ipsa
1382 3101 1577 3153 tamen
1609 3097 1722 3153 ﬁde
1743 3097 2070 3154 rectissime

429 3209 497 3247 ac
539 3189 951 3247 robustissime
1002 3187 1344 3256 retinemus,
1376 3186 1602 3243 Patrem
1651 3191 1709 3242 et
1762 3185 1969 3242 Filium
2013 3191 2072 3243 et

2204 606 2542 676 monstrari,
2576 610 2633 662 et
2668 603 3139 680 inseparabiliter
3181 607 3431 678 operari.
3465 607 3703 664 Sufﬁcit
3729 607 3854 678 hoc,

2205 713 2317 752 non
2350 695 2479 752 dico
2511 696 2679 752 Pater
2707 694 2995 753 memoria
3017 698 3126 764 est,
3161 693 3344 751 Filius
3374 694 3722 752 intellectus
3746 700 3852 766 est,

2201 784 2356 842 454
2385 783 2640 858 Spiritus
2666 782 2958 857 voluntas,
2982 800 3099 840 non
3125 782 3254 840 dico
3286 784 3739 857 quomodolibet
3768 785 3853 842 in-

2202 871 2643 947 telligatur,non
2675 872 3200 929 audeo.Servemus
3215 872 3442 945 majora
3460 873 3851 947 sapientibus,

2201 960 2454 1019 inﬁrmis
2484 959 2703 1017 inﬁrmi
2737 959 2876 1034 quid
2908 977 3227 1035 possumus
3246 961 3276 1018 ?
3303 961 3427 1019 Non
3461 960 3582 1019 ista
3606 963 3743 1020 dico
3771 963 3854 1022 illi

2199 1048 2470 1106 Trinitati
2499 1049 2658 1106 velut
2688 1049 3170 1122 mquanda,quasi
3193 1050 3268 1107 ad
3295 1049 3659 1124 analogiam,
3676 1050 3737 1108 id
3766 1056 3854 1111 est

2199 1139 2270 1195 ad
2295 1137 2577 1195 rationem
2590 1138 2910 1211 quamdam
2926 1137 3380 1212 comparationis
3390 1138 3852 1216 dirigendaﬁon

2198 1224 2308 1285 hoc
2332 1226 2482 1296 dico,
2515 1227 2617 1283 sed
2650 1227 2793 1300 quid
2823 1227 2992 1284 dico?
3025 1228 3170 1284 Ecce
3200 1227 3261 1284 in
3291 1232 3348 1285 te
3376 1227 3573 1286 inveni
3600 1230 3727 1288 tria
3765 1231 3851 1291 in-

2197 1315 2600 1389 separabiliter
2628 1317 3048 1388 demonstrata,
3079 1315 3550 1390 inseparabiliter
3587 1324 3849 1394 operata,

2196 1409 2255 1461 et
2281 1422 2481 1461 eorum
2514 1405 2694 1462 trium
2726 1406 3190 1479 unumquodque
3220 1423 3433 1463 nomen
3467 1424 3501 1463 a
3530 1407 3731 1465 tribus
3763 1409 3851 1466 fa—

2196 1495 2542 1568 ctum,quod
2572 1498 2769 1550 tamen
2803 1511 2917 1551 non
2948 1494 3022 1551 ad
3053 1494 3186 1564 tria,
3207 1495 3308 1552 sed
3325 1495 3399 1552 ad
3420 1495 3602 1553 trium
3635 1497 3849 1554 horum

2196 1600 2379 1639 unum
2411 1581 2634 1656 aliquid
2664 1583 3000 1656 pertineret.
3034 1606 3064 1635 »
3102 1584 3246 1640 Ecce
3277 1601 3392 1659 quo
3421 1602 3607 1642 sensu
3640 1586 3849 1644 beatus

2192 1673 2560 1746 Augustinus
2587 1673 2953 1729 demonstrat
2982 1671 3227 1746 intelligi
3257 1674 3464 1732 debere
3517 1676 3846 1750 superscri-

2192 1761 2453 1834 ptiouem
2484 1761 2577 1817 sui
2605 1759 2913 1828 sermonis,
2945 1761 3047 1834 qui
3095 1762 3440 1820 inscribitur
3475 1763 3544 1822 de
3573 1782 3691 1823 una
3725 1767 3845 1823 Tri-

2191 1852 2384 1919 nitate,
2411 1851 2666 1922 trinaque
2713 1851 2940 1907 unitate.
2974 1849 3163 1906 Simili
3214 1868 3391 1909 sensu
3418 1857 3478 1909 et
3504 1853 3568 1910 in
3600 1853 3755 1912 libro
3782 1855 3849 1913 de

2192 1938 2402 1994 duabus
2432 1937 2732 1995 Animabus
2763 1938 2954 1995 adhuc
2982 1938 3284 2013 presbyter
3312 1939 3553 2014 scripsit
3589 1943 3798 2000 dicens
3827 1961 3842 2000 :

2193 2051 2220 2078 ‹‹
2255 2028 2392 2085 Tria
2411 2027 2603 2084 unitas
2625 2045 2803 2101 quam
2826 2026 3113 2085 catholica
3131 2028 3389 2086 Ecclesia
3409 2029 3573 2102 colit,
3589 2055 3620 2084 ιι
3642 2032 3846 2090 volens

2193 2108 2457 2190 intelligi,
2493 2116 2646 2173 sicut
2689 2120 2747 2173 et
2789 2116 2915 2190 ipse
2960 2116 3262 2186 intellexit,
3294 2122 3361 2175 ut
3410 2120 3613 2178 unitas
3658 2121 3739 2178 sit
3782 2121 3845 2180 in

2191 2205 2544 2275 substantia,
2576 2204 2810 2262 trinitas
2849 2204 2907 2261 in
2958 2206 3244 2280 personis.
3278 2209 3460 2275 Quem
3508 2207 3732 2266 librum
3782 2211 3844 2269 in

2189 2293 2416 2350 decimo
2448 2297 2656 2366 quarto
2687 2293 2812 2350 loco
2839 2289 3341 2352 Retraetationum
3381 2295 3672 2355 librorum
3703 2316 3843 2356 suo.

2189 2399 2320 2438 rum
2360 2399 2423 2439 se
2471 2381 2780 2456 scripsisse
2825 2389 3291 2442 commemorat:
3341 2389 3400 2440 et
3441 2384 3499 2441 in
3550 2385 3842 2460 vigesimo

2188 2470 2392 2544 quinto
2413 2471 2538 2528 loco
2559 2470 2776 2528 librum
2795 2471 2860 2529 de
2887 2471 3118 2529 diversis
3150 2474 3577 2544 Qumstionilms,
3609 2475 3844 2534 scilicet

2186 2561 2483 2633 octoginta
2508 2560 2723 2632 tribus,
2751 2579 2812 2617 se
2854 2561 3043 2636 egisse
3072 2561 3457 2631 demonstrat,
3489 2563 3752 2639 indeque
3777 2566 3840 2624 in

2186 2649 2636 2724 quadragesimo
2661 2650 2850 2723 primo
2882 2649 3252 2720 loco,librum
3268 2651 3334 2707 de
3357 2653 3641 2724 Trinitate,
3656 2671 3841 2728 quem

2185 2736 2369 2794 multo
2403 2743 2660 2812 tempore
2681 2743 2738 2796 et
2766 2737 2954 2796 multo
2984 2739 3510 2814 labore,multaque
3539 2745 3839 2801 examina-

2182 2827 2339 2885 tione
2371 2828 2720 2901 composuit,
2743 2846 2805 2886 se
2834 2829 3141 2903 scripsisse
3172 2831 3559 2889 demonstrat.
3578 2831 3748 2890 Unde
3774 2834 3839 2891 in

2180 2916 2329 2973 libro
2347 2917 2745 2984 Quaestionum
2765 2918 3249 2993 octogintatrium
3270 2920 3526 2995 capitulo
3548 2922 3839 2997 vigesimo

2179 3010 2408 3078 quarto,
2442 3006 2513 3062 de
2555 3006 2841 3064 Trinitate
2887 3008 3228 3065 substantiae
3280 3027 3347 3066 ac
3396 3009 3636 3068 deitatis
3691 3012 3840 3070 dicit

2178 3096 2334 3168 quod
2364 3095 2475 3152 sibi
2508 3096 2579 3152 ad
2611 3096 2927 3153 dicendum
2950 3097 3310 3170 probabilius
3339 3103 3398 3156 et
3417 3099 3605 3157 tutius
3636 3101 3835 3160 visum

2176 3183 2308 3254 fuit,
2337 3185 2555 3242 Verum
2586 3189 2643 3242 et
2679 3186 2750 3242 de
2774 3185 2884 3243 hac
2914 3187 3232 3260 quaestione
3262 3189 3321 3244 in
3353 3189 3597 3262 praefato
3628 3190 3837 3250 Retra-

429 3279 712 3353 Spiritum
745 3282 1039 3345 sanctum,
1060 3273 1508 3348 inseparabilem
1539 3292 1668 3332 esse
1696 3275 2064 3351 Trinitatem,
2096 3259 2140 3326 C
2180 3274 2500 3331 etationum
2534 3272 2681 3331 libro
2711 3259 3094 3349 scribitquod
3125 3275 3337 3333 melius
3352 3259 3412 3333 in
3444 3277 3598 3335 libro
3619 3280 3693 3337 de
3708 3280 3839 3337 Tri-

427 3385 614 3425 unum
640 3367 825 3424 Deum
856 3383 973 3422 non
1003 3370 1120 3421 tres
1150 3363 1395 3420 deoszita
1416 3369 1612 3420 tamen
1644 3381 1830 3420 unum
1860 3365 2066 3432 Deum,

429 3462 496 3515 ut
524 3455 707 3514 Filius
738 3472 852 3512 non
882 3455 960 3511 sit
989 3453 1174 3521 Pater,
1206 3456 1273 3509 ut
1303 3454 1468 3509 Pater
1497 3471 1614 3510 non
1662 3453 1740 3509 sit
1768 3453 1970 3522 Filius,
2005 3457 2070 3510 ut

427 3544 683 3620 Spiritus
693 3547 936 3600 sanctus
947 3559 1053 3599 nec
1066 3540 1319 3599 Patersit
1336 3559 1439 3598 nec
1458 3541 1662 3611 Filius,
1677 3543 1778 3599 sed
1804 3543 1989 3615 patris
2010 3546 2069 3599 et

428 3633 533 3690 ﬁlii
579 3632 852 3707 Spiritus.
895 3632 1054 3689 Hanc
1091 3630 1446 3688 inetl'abilem
1496 3631 1860 3688 divinitatem
1910 3632 2066 3705 apud

425 3723 679 3798 seipsam
710 3725 1067 3788 manentem,
1091 3718 1291 3776 omnia
1319 3719 1715 3787 innovantem,
1749 3725 2063 3791 creantem,

423 3816 804 3880 recreantem,
846 3811 1198 3877 mittentem,
1248 3813 1635 3877 revocantem,
1676 3809 2064 3880 judicantem,

422 3900 792 3964 liberantem,
815 3899 967 3955 hanc
987 3914 1124 3971 ergo
1142 3897 1487 3953 Trinitatem
1510 3896 1863 3954 inell‘abilem
1887 3898 2065 3955 simul

424 3988 693 4046 novimus
723 3994 781 4044 et
804 3986 1275 4060 inseparabilem.
1303 4009 1331 4036 ››
1360 3987 1432 4041 Et
1466 3985 1606 4042 item
1636 3990 1778 4060 (cap.
1811 3987 2013 4061 eodem)
2045 4007 2066 4045 :

423 4101 451 4128 ‹‹
484 4077 594 4133 Ubi
611 4082 697 4133 est
721 4074 1131 4148 inseparabilis
1152 4075 1409 4131 Trinitas
1429 4074 1458 4130 ?
1477 4076 1719 4142 Quando
1749 4094 1856 4150 ego
1883 4076 2064 4134 istum

423 4181 664 4223 sensum
697 4181 733 4220 a
760 4163 967 4220 multis
997 4163 1330 4231 extraho,et
1357 4165 1429 4220 ad
1460 4181 1645 4220 unum
1675 4165 1862 4222 Deum
1877 4165 2064 4221 Trini-

422 4259 603 4311 tatem
633 4251 1084 4326 inseparabilem
1106 4251 1406 4326 eolligo,ut
1421 4252 1641 4327 aliquid
1663 4255 1890 4311 videam
1906 4255 2062 4328 quod

2177 3362 2360 3419 nitate
2383 3368 2585 3436 postea
2614 3363 2750 3420 inde
2784 3365 3138 3435 tractaverit,
3169 3364 3229 3420 in
3278 3383 3394 3439 quo
3441 3365 3589 3423 dicit
3639 3369 3835 3442 capite

2176 3456 2382 3525 quarto
2411 3452 2543 3508 libri
2594 3451 2810 3525 primi:
2862 3476 2891 3505 «
2923 3453 3162 3526 Omnes,
3203 3453 3499 3528 inquiens,
3550 3457 3835 3515 catholici

2173 3544 2516 3597 traetatores
2544 3540 2656 3597 hoc
2683 3541 3065 3599 intenderunt
3108 3542 3435 3600 secundum
3483 3544 3834 3618 Scripturas

2173 3629 2398 3699 docere,
2431 3629 2586 3702 quod
2641 3630 2808 3687 Pater
2851 3632 2910 3687 et
2949 3630 3132 3688 Filius
3181 3635 3240 3688 et
3286 3631 3543 3704 Spiritus
3582 3639 3837 3691 sanctus

2176 3718 2352 3775 unius
2381 3718 2723 3776 substantia:
2764 3717 3142 3793 inseparabili
3185 3720 3518 3794 aequalitate
3562 3722 3832 3780 divinam

2173 3806 2476 3864 insinuent
2505 3808 2812 3878 unitatem,
2844 3807 3092 3882 ideoque
3121 3827 3235 3866 non
3267 3810 3388 3867 sint
3427 3814 3548 3869 tres
3599 3811 3683 3869 dii
3725 3813 3835 3871 sed

2175 3914 2349 3953 unus.
2387 3919 2414 3947 ››
2446 3897 2610 3964 Quod
2641 3901 2700 3954 et
2727 3914 2832 3970 per
2860 3897 3059 3955 omnia
3087 3905 3144 3955 et.
3170 3899 3230 3956 in
3260 3899 3565 3969 omnibus,
3599 3901 3664 3958 in
3694 3919 3840 3960 cun-

2173 3987 2283 4043 ctis
2309 3987 2434 4043 suis
2463 3986 2632 4044 libris
2663 3987 3032 4061 apertissime
3071 3992 3129 4046 et
3169 3991 3657 4051 constantissime
3705 3993 3840 4051 sine

2172 4074 2294 4132 ulla
2310 4075 2714 4133 retractatione
2734 4078 3193 4148 conﬁrmat,etin
3213 4080 3557 4153 praefatione
3588 4081 3837 4140 Retrac-

2170 4163 2458 4221 tationum
2508 4164 2792 4223 librorum
2840 4185 3085 4226 suorum
3137 4169 3327 4226 dicit:
3375 4193 3405 4221 ‹‹
3458 4173 3843 4246 Quapropter

2171 4254 2509 4327 quicunque
2537 4253 2652 4311 ista
2677 4254 2884 4312 lecturi
2912 4262 3072 4328 sunt,
3106 4275 3222 4315 non
3252 4275 3346 4316 me
3389 4258 3711 4318 imitentur
3736 4278 3837 4319 cr-

422 4342 675 4400 dicam.»
705 4342 776 4398 Et
803 4345 936 4416 post
963 4340 1151 4398 multa
1178 4341 1324 4415 (cap.
1358 4343 1415 4411 ὃ)
1449 4359 1463 4399 :
1496 4366 1523 4393 ‹‹
1557 4343 1722 4400 Ultra
1750 4343 1907 4401 locos
1937 4361 2064 4400 cor-
2171 4346 2420 4410 rantem,
2452 4344 2554 4401 sed
2581 4343 2644 4400 in
2679 4342 2889 4402 melius
2919 4346 3339 4420 proficientem.
3371 4348 3639 4408 Inveniet
3666 4352 3837 4409 enim

421 4431 651 4506 porales
680 4437 768 4487 est
797 4431 1102 4487 divinitas:
1128 4448 1300 4486 nemo
1331 4449 1460 4487 eam
1490 4437 1774 4506 tanquam
1796 4432 1855 4487 in
1873 4433 2062 4506 spatio
2170 4431 2419 4489 fortasse
2449 4433 2743 4507 quomodo
2787 4435 3092 4494 scribendo
3136 4436 3507 4510 profecerim,
3548 4440 3836 4514 quisquis

421 4519 925 4593 requiratzubique
951 4518 1264 4577 invisibilis
1292 4524 1351 4576 et
1380 4520 1850 4595 inseparabiliter
1876 4522 2060 4591 adest,
2171 4521 2455 4594 opuscula
2483 4539 2614 4578 mea
2637 4523 2840 4579 ordine
2870 4541 2984 4598 quo
3014 4524 3233 4598 scripta
3260 4530 3402 4584 sunt
3427 4526 3835 4604 legeritzquod

420 4626 538 4666 non
567 4609 629 4665 in
659 4614 824 4683 parte
855 4609 1183 4681 major,non
1216 4608 1272 4665 in
1305 4615 1466 4682 parte
1493 4611 1704 4679 minor,
1718 4611 1820 4666 sed
1844 4611 2062 4685 ubique
2091 4633 2141 4696 ι)
2170 4613 2237 4665 ut
2265 4611 2469 4683 possit,
2502 4611 2612 4667 hoc
2649 4629 2822 4685 opere
2865 4616 3154 4686 quantum
3199 4619 3443 4688 potuero
3487 4617 3714 4675 curabo
3765 4622 3839 4676 ut

420 4703 562 4768 tota,
596 4715 894 4771 nusquam
943 4698 1148 4754 divisa.
1181 4700 1322 4766 Quis
1349 4700 1507 4755 videt
1535 4698 1693 4755 hoc?
1724 4700 1860 4772 quis
1907 4701 2063 4772 capit
2170 4701 2441 4756 eumdem
2472 4700 2736 4757 ordinem
2769 4702 3012 4759 noverit.
3044 4724 3072 4755 »
3108 4704 3178 4760 Et
3206 4703 3318 4761 hoc
3347 4722 3525 4762 sensu
3550 4706 3837 4781 Pelagius

418 4788 566 4846 hoc?
588 4787 1044 4861 Compescamus
1075 4787 1654 4856 nos,meminerimus
1673 4788 1771 4861 qui
1804 4790 1957 4845 unde
1987 4789 2066 4845 lo-
2171 4789 2481 4863 episcopus
2511 4789 2675 4846 urbis
2706 4791 2901 4847 Romae
2931 4792 3250 4865 postulanti
3298 4794 3675 4854 Childeberto
3704 4799 3838 4873 regi

418 4877 689 4953 quimur;
721 4876 864 4933 illud
897 4881 955 4933 et
981 4876 1439 4951 illud,quidquid
1468 4881 1559 4934 est
1582 4877 1736 4951 quod
1768 4878 1923 4933 Deus
1951 4881 2062 4949 est,
2172 4895 2275 4950 per
2303 4878 2583 4935 Ruﬁnum
2612 4878 2802 4936 virum
2835 4881 3238 4956 magniﬁcum,
3271 4888 3339 4941 ut
3366 4883 3419 4942 ei
3457 4884 3747 4942 scriberet
3778 4887 3836 4945 si

417 4968 513 5042 pie
542 4968 837 5036 credatur,
870 4971 1069 5022 sancte
1100 4967 1410 5039 cogitetur,
1442 4971 1500 5023 et
1529 4971 1816 5040 quantum
1867 4969 2060 5038 datur,
2171 4967 2347 5023 beata:
2369 4968 2789 5025 recordationis
2806 4988 2967 5044 papae
2991 4972 3201 5029 Leonis
3222 4977 3447 5030 tomum
3470 4974 3839 5049 reciperetet

417 5061 705 5131 quantum
736 5055 1325 5130 potest,ineﬁ'abiliter
1353 5055 1736 5129 intelligatur.
1762 5078 1790 5105 ››
1821 5056 1891 5111 Et
1920 5054 2061 5112 item
2169 5056 2516 5113 scandalum
2547 5057 2922 5132 suspicionis,
2953 5062 3109 5134 quod
3140 5061 3209 5118 de
3239 5080 3305 5119 eo
3328 5081 3433 5136 per
3462 5062 3686 5121 Gallias
3706 5064 3839 5122 fue-

416 5150 551 5220 post
579 5145 882 5220 aliquanta
906 5146 1111 5219 (cap.7)
1147 5163 1159 5202 :
1193 5169 1221 5197 ‹‹
1250 5145 1389 5202 Tria
1418 5145 1538 5201 hinc
1568 5150 1707 5202 sunt
1734 5145 1793 5200 in
1823 5150 1899 5214 te,
1932 5162 2060 5218 qua:
2171 5150 2259 5200 rat
2284 5146 2811 5220 disseminatum,a
2834 5166 2896 5206 se
2924 5151 3297 5224 purgaret,in
3324 5168 3595 5210 sermone
3615 5152 3691 5210 de
3706 5153 3835 5213 ﬁde

415 5239 583 5307 potes
610 5252 939 5306 numerare,
972 5239 1030 5291 et
1076 5252 1191 5292 non
1235 5239 1400 5309 potes
1441 5252 1731 5307 separare.
1763 5235 1894 5291 Haec
1922 5252 2058 5309 ergo
2167 5233 2356 5291 eidem
2405 5235 2525 5309 regi
2576 5235 2798 5294 directo
2847 5239 3084 5311 (Pelagii
3122 5255 3287 5313 papae
3326 5257 3413 5314 ep.
3467 5242 3554 5315 16)
3599 5240 3837 5301 trinam

2167 5322 2454 5380 unitatem
2505 5329 2563 5382 et
2610 5343 2790 5382 unam
2839 5325 3186 5386 Trinitatem
3235 5329 3347 5386 hoc
3398 5330 3575 5388 modo
3620 5330 3827 5391 dicit:

2165 5437 2194 5464 ‹‹
2228 5413 2793 5487 Credo,inquiens,in
2823 5432 3010 5471 unum
3039 5416 3224 5474 Deum
3254 5416 3484 5475 Patrem
3512 5423 3572 5476 et
3599 5418 3832 5479 Filium

2163 5508 2222 5560 et
2251 5503 2532 5576 Spiritum
2562 5507 2855 5562 sanetum.
2889 5528 2918 5556 »
2948 5506 3019 5561 Et
3048 5510 3181 5580 post
3220 5523 3412 5580 pauca
3442 5524 3457 5565 :
3493 5529 3523 5559 ‹‹
3554 5506 3675 5565 Hoc
3728 5514 3833 5567 est

2164 5596 2282 5650 tres
2305 5610 2608 5667 personas,
2627 5592 2746 5648 sive
2766 5598 2884 5650 tres
2906 5594 3319 5654 subsistentias
3339 5597 3520 5655 unius
3545 5598 3831 5656 essentia

2164 5684 2285 5742 sive
2315 5681 2745 5757 naturas,unius
2773 5683 3215 5762 virtutis,unius
3244 5685 3618 5765 operationis,
3636 5688 3833 5751 unius

417 5321 551 5391 tria,
584 5323 949 5393 memoriam,
972 5323 1352 5392 intellectum,
1383 5323 1762 5391 voluntatem,
1794 5323 1935 5392 haec,
1974 5324 2058 5380 in-

417 5413 744 5486 quam,tria
771 5413 1166 5470 animadverte
1195 5412 1512 5487 separatim
1542 5412 1934 5486 pronuntiari,
1967 5412 2057 5469 in-

415 5500 820 5573 separabiliter
846 5503 1093 5576 operari.
1127 5526 1156 5554 »
1187 5504 1258 5559 Et
1285 5501 1425 5558 item
1455 5506 1589 5576 post
1619 5501 1875 5576 plurima
1901 5503 2050 5577 (cap.

415 5589 505 5665 10)
538 5606 552 5644 :
586 5612 615 5642 ‹‹
648 5590 828 5648 Credo
859 5591 1088 5650 Patrem
1115 5597 1173 5650 et
1201 5591 1412 5648 Filium
1459 5596 1518 5648 et
1565 5590 1850 5665 Spiritum
1894 5609 2056 5650 sanc-

414 5683 675 5757 tum,per
702 5679 872 5758 signa
900 5682 1170 5759 quaedam
1198 5679 1472 5755 visibilia,
1494 5697 1598 5756 per
1625 5680 1849 5757 species
1879 5699 2055 5761 quas-
