4018 6446
156 395 258 456 517

1147 393 1248 455 DE
1293 394 1458 457 UNA
1500 394 1602 456 ET
1645 394 1804 455 NON
1846 393 2088 456 TRINA
2131 397 2490 459 DEITATE.

3403 407 3521 468 518

157 521 710 595 beatitudinis,atque
721 522 899 579 unius
916 499 1774 597 potestatis,uttrinasitunitas
1799 529 1855 596 Α
1883 527 2053 594 citur,
2069 529 2205 601 quia
2227 534 2314 585 est
2335 531 2383 586 ei
2411 531 2578 586 Pater
2602 547 2615 586 :
2639 531 2724 588 sic
2743 537 2802 588 et
2832 535 3082 606 Spiritus
3101 542 3341 596 sanctus
3369 540 3522 596 rela-

155 619 205 671 ct
223 629 331 670 una
357 611 430 667 sit
457 609 734 678 Trinitas,
745 611 916 682 juxta
939 613 1095 669 vocis
1127 614 1439 670 Dominicis
1469 615 1770 671 veritatem

156 701 290 760 455
327 699 606 756 dicentis:
641 700 735 767 Ite,
757 701 935 756 docete
971 717 1153 758 omnes
1201 713 1398 776 gentes,
1441 705 1772 777 baptimntes

155 808 230 849 eos
249 793 301 846 in
327 790 542 846 nomine
567 790 752 845 Patris
779 798 830 846 et
857 791 992 847 Filii
1017 799 1068 848 et
1094 793 1334 865 Spiritus
1362 796 1538 851 sancti
1567 795 1769 866 (Matth.

155 896 328 947 XXVIII,
361 877 465 946 19).
498 877 561 934 In
602 878 859 947 nomine,
892 879 1104 952 inquit.
1137 897 1254 938 non
1302 883 1370 938 in
1410 883 1770 952 nominibus,

155 973 211 1025 ut
239 971 292 1024 et
314 981 494 1022 unum
519 965 702 1022 Deum
725 984 830 1039 per
847 966 1258 1026 indistinctum
1279 971 1486 1027 divinae
1507 973 1772 1028 essentia

156 1072 340 1114 nomen
361 1055 709 1126 ostenderet,
728 1061 786 1112 et
806 1073 1190 1128 personarum
1213 1060 1624 1118 discretionem
1649 1063 1774 1119 suis

153 1147 586 1201 demonstratam
635 1144 1092 1218 preprictatibus
1121 1149 1590 1223 edoceret:quia
1630 1151 1772 1206 dum

152 1233 320 1290 tribus
332 1249 512 1288 unum
538 1232 774 1289 deitatis
791 1251 1003 1291 nomen
1017 1238 1314 1309 cst,£equal
1325 1238 1433 1295 itas
1447 1240 1777 1296 ostenditur

151 1337 529 1395 personarum,
560 1325 617 1376 et
646 1339 852 1378 rursus
883 1325 1186 1396 aequalitas
1219 1343 1598 1399 personarum
1630 1328 1775 1384 nihil

149 1416 486 1478 extraneum,
511 1409 656 1466 nihil
685 1411 954 1469 accidens
985 1413 1045 1470 in
1067 1415 1152 1471 eis
1182 1415 1468 1488 permittit
1487 1417 1771 1490 intelligi:

153 1501 226 1555 ita
255 1503 315 1555 ut
342 1497 752 1571 unusquisque
790 1516 992 1556 eorum
1021 1519 1192 1558 verus
1241 1504 1650 1576 perfectusque
1699 1504 1778 1559 sit

150 1589 310 1654 Deus,
330 1591 386 1644 et
414 1603 622 1643 omnes
649 1591 769 1644 tres
811 1589 988 1646 simul
1037 1607 1214 1659 unus,
1238 1607 1430 1661 verus,
1453 1593 1778 1664 perfectus-

151 1694 248 1750 que
266 1677 339 1732 sit
360 1677 554 1732 Deus:
576 1675 845 1734 videlicet
864 1682 932 1734 ut
950 1695 1018 1734 ex
1043 1678 1408 1751 plenitudine
1432 1681 1774 1752 divinitatis,

150 1765 280 1821 nihil
312 1765 513 1822 minus
545 1765 603 1820 in
636 1765 906 1838 singulis,
931 1766 1078 1822 nihil
1123 1768 1377 1840 amplius
1416 1769 1779 1843 intelligatur

150 1855 200 1910 in
227 1853 466 1911 tribus.»
489 1855 560 1910 Et
590 1854 648 1909 in
677 1855 770 1910 his
792 1855 1000 1926 verbis,
1020 1857 1172 1912 sicut
1201 1862 1257 1913 et
1282 1857 1343 1913 in
1363 1859 1778 1932 suprascriptis
1806 1897 1855 1962 B

151 1943 285 2000 beati
314 1943 628 2017 Augustini
661 1945 989 2012 sententiis,
1019 1946 1496 2004 manifestissime
1528 1949 1781 2020 pervide-

151 2038 252 2101 tur,
271 2033 405 2106 quia
425 2033 639 2100 deitas,
657 2050 784 2106 qua:
807 2033 1086 2090 trinitatis
1105 2040 1192 2091 est
1213 2036 1432 2104 unitas,
1449 2037 1601 2093 trina
1623 2039 1779 2095 credi

147 2128 195 2179 et
237 2121 345 2178 dici
401 2137 526 2178 non
575 2122 765 2191 debet,
799 2123 898 2178 sed
946 2127 1183 2196 propter
1223 2125 1780 2199 inseparabilitatem

145 2216 194 2266 et
217 2209 610 2284 aequalitatem
642 2209 821 2266 trium
853 2227 1256 2284 personarum,
1281 2230 1408 2286 quae
1431 2232 1614 2270 unum
1643 2219 1783 2271 sunt

145 2299 358 2368 deitate,
390 2298 810 2372 inseparabilis
851 2299 908 2354 in
945 2300 1164 2356 eisdem
1218 2302 1470 2376 singulis
1518 2305 1784 2376 personis

145 2393 252 2444 tota
279 2388 446 2461 plena
472 2391 542 2444 et
582 2387 838 2461 perfecta
868 2389 1023 2444 credi
1055 2393 1110 2445 et
1141 2389 1253 2446 dici
1289 2408 1302 2447 :
1334 2409 1400 2448 ac
1431 2393 1666 2464 praefato
1697 2395 1784 2448 in-

149 2475 362 2533 tellectu
409 2475 840 2549 superscriptio
880 2479 1169 2535 sermonis
1213 2480 1400 2536 sancti
1447 2483 1783 2555 Augustini,

153 2564 290 2622 sicut
328 2565 453 2639 ipse
487 2565 778 2638 exposuit,
812 2566 982 2621 debet
1027 2565 1296 2641 intelligi.
1326 2570 1397 2624 Et
1425 2570 1564 2642 quia
1595 2572 1666 2626 de
1697 2571 1790 2628 his

154 2651 347 2722 verbis,
368 2670 497 2726 quis
523 2652 810 2710 catholice
832 2670 866 2709 a
887 2653 1189 2712 catholicis
1213 2662 1270 2712 et
1298 2655 1705 2732 intelliguntur
1733 2665 1790 2716 et

153 2743 530 2813 proferuntur,
555 2742 630 2797 ab
660 2741 966 2808 haereticis,
991 2743 1145 2799 sicut
1174 2749 1231 2800 et
1257 2745 1328 2800 de
1359 2745 1631 2818 pluribus
1661 2766 1792 2804 san-

151 2834 242 2885 ctae
275 2831 592 2904 Scriptura?
624 2831 838 2900 verbis,
862 2831 987 2887 visa
1018 2832 1130 2888 seri
1176 2838 1316 2888 sunt
1363 2835 1659 2902 scandala,
1693 2856 1788 2893 or-

153 2918 370 2977 thodoxi
400 2922 677 2978 doctores
727 2925 786 2976 et
841 2921 1106 2994 magistri
1158 2923 1422 2980 Ecclesiae
1482 2925 1541 2980 in
1599 2931 1788 2983 totum

154 3009 310 3064 taceri
340 3009 660 3067 voluerunt
705 3009 921 3065 trinam
956 3011 1265 3084 unitatem,
1297 3013 1450 3069 sicut
1479 3019 1535 3069 et
1571 3015 1788 3071 trinam

153 3095 434 3171 deitatem,
457 3103 516 3156 et
549 3102 671 3154 tres
715 3098 871 3170 apud
913 3099 1150 3156 Latinos
1180 3101 1560 3173 substantias,
1594 3103 1788 3160 dicen-

153 3189 229 3240 tes
248 3185 352 3244 hoc
371 3188 550 3244 modo
577 3204 591 3243 :
617 3186 874 3243 Trinitas
913 3187 1242 3260 appellatur
1261 3191 1416 3263 quod
1456 3192 1559 3246 ﬁat
1601 3197 1788 3248 totum

1879 616 1992 672 tivc
2010 617 2243 683 dicitur,
2258 619 2356 691 qui
2377 624 2465 674 est
2483 619 2667 676 Patris
2690 621 2934 694 Filiique
2955 625 3224 695 Spiritus.
3241 628 3342 684 His
3363 628 3521 684 enim

1881 704 2372 777 appellationibus
2411 707 2522 763 hoc
2557 708 2943 781 significatur,
2968 712 3120 768 456
3152 717 3306 786 quod
3348 718 3418 772 ad
3459 734 3522 774 se

1880 792 2127 850 invicem
2151 795 2502 851 referuntur.
2527 797 2674 852 Nam
2696 797 2823 869 ipsa
2842 789 3174 857 substantia
3193 821 3308 874 qua
3339 823 3520 862 unum

1881 887 2038 950 sunt,
2059 883 2300 955 proinde
2321 885 2577 941 Trinitas
2594 885 2653 941 in
2671 886 2929 943 relativis
2944 906 3326 961 personarum
3343 895 3524 950 nomi-

1881 971 2056 1026 nibus
2078 976 2185 1027 est.
2203 972 2400 1028 Deitas
2419 991 2534 1029 non
2558 973 2904 1046 triplicatur,
2921 979 3019 1034 sed
3041 977 3099 1032 in
3121 979 3525 1052 singularitats

1881 1063 1990 1128 est,
2006 1059 2145 1131 quia
2165 1059 2213 1115 si
2235 1060 2584 1133 triplicatur,
2599 1063 2842 1120 deorum
2865 1064 3201 1124 inducimus
3231 1067 3528 1140 pluralita-

1881 1153 2022 1203 tem.
2045 1149 2266 1203 Nomen
2291 1154 2486 1205 autem
2509 1151 2750 1207 deorum
2777 1151 2836 1208 in
2859 1153 3084 1227 angelis
3104 1160 3162 1210 et
3182 1157 3404 1214 sanctis
3425 1157 3526 1214 ho-

1883 1235 2144 1292 minibus
2184 1236 2312 1293 ideo
2345 1237 2652 1310 pluraliter
2689 1241 2923 1308 dicitur,
2955 1248 3196 1316 propter
3223 1246 3379 1317 quod
3411 1263 3526 1302 non

1883 1324 2003 1380 sint
2032 1324 2238 1380 merito
2261 1325 2532 1398 aequales,
2557 1327 2626 1382 de
2657 1329 2875 1400 quibus
2908 1331 3195 1400 Psalmus,
3229 1335 3335 1405 Ego
3364 1334 3488 1391 dixi
3507 1355 3524 1390 :

1883 1415 1976 1468 Dii
2002 1415 2130 1469 estis
2159 1415 2327 1486 (Psat.
2361 1431 2544 1470 LXXXI.
2565 1418 2660 1486 6):
2685 1418 2755 1473 de
2787 1419 2954 1474 Patre
2985 1426 3180 1477 autem
3211 1427 3268 1477 et
3299 1423 3441 1480 Filio
3471 1428 3530 1480 et

1884 1501 2104 1574 Spiritu
2149 1508 2372 1572 sancto,
2397 1510 2633 1576 propter
2675 1524 2855 1563 unam
2898 1514 2954 1564 et
3000 1511 3284 1582 aequalem
3317 1512 3528 1568 divini-

1884 1595 2088 1660 tatem,
2113 1609 2227 1646 non
2260 1610 2470 1648 nomen
2495 1595 2758 1662 deorum,
2785 1597 2885 1652 sed
2909 1597 3010 1652 Dei
3031 1615 3158 1654 esse
3179 1601 3524 1668 ostenditur,

1885 1680 2037 1736 sicut
2066 1680 2147 1735 ait
2176 1681 2487 1753 Apostolus
2521 1700 2534 1738 :
2567 1683 2731 1739 Nobis
2756 1691 2935 1740 tamen
2967 1703 3110 1742 unus
3152 1689 3292 1745 Deus
3322 1689 3370 1761 (Ι
3398 1692 3429 1746 ί
3445 1707 3526 1746 or.

1883 1771 2111 1838 vm,6);
2145 1769 2229 1824 vel
2263 1771 2414 1825 sicut
2441 1787 2576 1826 voce
2625 1771 2822 1828 divina
2868 1773 3084 1830 dicitur
3108 1793 3120 1831 :
3145 1777 3305 1846 Audi,
3335 1780 3526 1848 Israel,

1885 1859 2146 1914 Dominus
2176 1860 2314 1914 Deus
2341 1866 2468 1915 tuus
2495 1861 2635 1916 Deus
2677 1877 2821 1917 unus
2850 1870 2931 1918 est
2957 1864 3130 1934 (Deut.
3152 1882 3230 1932 VI,
3263 1867 3336 1938 4),
3372 1867 3528 1923 scili-

1887 1947 2021 2002 licet
2051 1952 2114 2002 ut
2142 1954 2200 2003 et
2229 1949 2486 2004 Trinitas
2534 1949 2629 2017 sit,
2653 1954 2709 2004 et
2738 1968 2893 2006 unus
2941 1951 3224 2009 Dominus
3245 1954 3400 2011 Deus
3430 1956 3528 2014 sit.

1889 2034 2060 2090 Fides
2089 2034 2246 2107 apud
2279 2034 2506 2091 Graecos
2527 2036 2596 2091 de
2618 2037 2900 2094 Trinitate
2926 2039 3033 2095 hoc
3067 2043 3238 2098 modo
3258 2048 3381 2100 est:
3407 2043 3533 2101 Una

1888 2129 2045 2190 οὐσυα,
2078 2139 2145 2178 ac
2176 2122 2222 2178 si
2257 2122 2412 2178 dicat
2440 2141 2558 2178 una
2585 2129 2815 2194 natura,
2842 2132 2942 2183 aut
2969 2145 3091 2184 una
3117 2131 3393 2200 essentia,
3414 2137 3533 2190 tres

1890 2210 2254 2283 hypostases,
2279 2211 2434 2283 quod
2467 2219 2700 2269 resonat
2729 2214 2788 2270 in
2820 2216 3114 2285 Latinum,
3138 2219 3228 2274 vel
3256 2224 3374 2276 tres
3404 2238 3533 2294 per-

1892 2317 2086 2371 sonas,
2109 2298 2195 2354 vel
2227 2305 2344 2355 tres
2385 2301 2770 2358 substantias.
2795 2305 2941 2360 Nam
2984 2307 3266 2364 Latinitas
3303 2310 3534 2382 proprie

1893 2406 2009 2444 non
2040 2389 2182 2443 dicit
2203 2389 2274 2443 de
2305 2388 2421 2444 Deo
2453 2390 2563 2445 nisi
2597 2392 2910 2449 essentiam
2937 2411 2948 2450 :
2979 2397 3372 2454 substantiam
3402 2417 3536 2456 vero

1894 2495 2008 2532 non
2052 2478 2279 2549 proprie
2309 2478 2468 2550 dicit,
2493 2481 2594 2536 sed
2637 2481 2894 2551 abusive,
2915 2485 3194 2556 quoniam
3223 2503 3354 2544 vere
3389 2489 3534 2545 sub-

1895 2566 2112 2622 stantia
2142 2569 2294 2638 apud
2333 2567 2560 2625 Graecos
2592 2587 2840 2642 persona
2889 2573 3253 2648 intelligitur,
3287 2594 3402 2632 non
3433 2595 3536 2632 na-

1894 2662 2045 2712 tura.
2072 2657 2138 2710 Et
2167 2655 2303 2712 hinc
2341 2664 2580 2714 sanctus
2621 2659 3006 2734 Hieronymus
3037 2664 3298 2720 scribens
3322 2666 3395 2721 ad
3425 2665 3537 2722 Da-

1896 2763 2128 2800 masum
2187 2762 2396 2818 papam
2455 2746 2593 2802 dicit
2643 2751 2818 2820 (epist.
2844 2752 3020 2819 57):«
3057 2753 3322 2809 Sufﬁciat
3369 2755 3538 2810 nobis

1897 2835 2087 2889 dicere
2118 2851 2295 2888 unam
2320 2835 2734 2903 substantiam,
2757 2842 2874 2893 tres
2903 2855 3183 2910 personas
3212 2842 3538 2898 subsisten-

1897 2927 2006 2989 tes,
2049 2923 2352 2994 perfectas,
2386 2923 2659 2995 aequales,
2697 2930 3012 2983 coaeternas
3037 2945 3050 2984 :
3075 2933 3378 2985 taceantur
3421 2935 3540 2986 tres

1898 3011 2258 3083 hypostases,
2310 3012 2358 3067 si
2409 3010 2615 3083 placet,
2639 3017 2697 3068 et
2727 3031 2845 3069 una
2885 3019 3151 3072 teneatur
3181 3035 3195 3074 ε
3228 3035 3344 3074 non
3375 3019 3538 3074 bona:

1899 3098 2252 3171 suspicionis
2281 3103 2388 3167 est,
2414 3115 2548 3154 cum
2580 3099 2639 3154 in
2671 3101 2872 3156 eodem
2905 3119 3082 3158 sensu
3111 3104 3285 3160 verba
3313 3104 3540 3161 dissen-

1898 3189 2074 3244 tiunt.
2099 3187 2364 3250 Sufﬁciat
2401 3189 2568 3243 nobis
2609 3195 2932 3246 memorata
2966 3191 3282 3249 credulitas
3313 3210 3326 3249 :
3361 3198 3462 3250 aut
3490 3194 3540 3252 si

151 3291 320 3332 unum
341 3293 410 3332 ex
429 3277 796 3350 quibusdam
821 3276 1204 3350 tribus,quasi
1227 3279 1503 3348 Trinitas,
1529 3281 1794 3340 videlicet,
1822 3264 1865 3330 Ο
1901 3282 2120 3332 rectum
2143 3277 2364 3349 putatis
2387 3281 2502 3333 tres
2527 3277 2870 3350 hypostases
2892 3297 3026 3336 cum
3049 3281 3540 3355 interpretationi-

150 3363 313 3422 trium
347 3367 573 3433 unitas,
608 3370 674 3422 ut
715 3366 1018 3434 memoria,
1055 3366 1458 3442 intelligentia,
1492 3374 1548 3425 et
1581 3371 1792 3428 volun-

148 3456 246 3520 tas,
267 3456 323 3510 in
345 3455 571 3528 quibus
593 3472 761 3512 mens
781 3455 960 3511 habet
979 3455 1039 3511 in
1057 3474 1121 3513 se
1136 3459 1454 3530 quamdam
1477 3459 1792 3533 imaginem

152 3540 344 3598 divinae
365 3543 703 3601 Trinitatis.
728 3545 877 3600 Nam
907 3545 1048 3600 dum
1082 3547 1193 3602 tria
1229 3553 1390 3616 sunt,
1414 3567 1598 3605 unum
1633 3555 1791 3618 sunt,

157 3631 282 3701 quia
309 3636 365 3689 et
393 3631 641 3708 singula
661 3633 720 3688 in
743 3650 807 3690 se
827 3639 1084 3701 manent,
1108 3640 1166 3690 et
1195 3637 1394 3694 omnia
1416 3637 1475 3693 in
1497 3639 1792 3709 omnibus,

151 3715 307 3775 Pater
333 3721 520 3794 igitur
538 3725 600 3778 et
623 3721 805 3778 Filius
825 3725 883 3778 et
903 3722 1156 3794 Spiritus
1177 3730 1434 3795 sanctus,
1462 3727 1719 3783 Trinitas
1738 3733 1795 3784 et

150 3807 350 3867 unitas.
387 3811 554 3868 Idem
589 3811 748 3868 enim
780 3829 988 3883 unum,
1017 3812 1172 3869 idem
1204 3819 1260 3869 et
1288 3815 1418 3884 tria,
1443 3833 1630 3871 unum
1662 3835 1792 3890 pro-

153 3899 267 3966 pter
293 3900 630 3974 majestatis
660 3901 1158 3969 communionem,
1187 3903 1300 3959 tria
1329 3908 1566 3977 propter
1597 3923 1794 3977 perso-

153 4001 343 4045 narum
373 3990 827 4063 proprietatem.
851 3991 997 4046 Nam
1019 3991 1172 4048 alius
1203 3993 1389 4061 Pater,
1413 3993 1564 4050 alius
1591 3995 1793 4062 Filius,

153 4072 289 4131 alius
319 4077 582 4152 Spiritus
616 4081 878 4144 sanctus,
903 4079 1004 4135 sed
1037 4079 1188 4136 alius
1210 4081 1447 4153 quidem
1469 4101 1583 4138 non
1615 4083 1794 4153 aliud,

151 4163 277 4234 quia
303 4167 529 4240 pariter
558 4167 811 4240 simplex
833 4168 1165 4242 pariterque
1196 4169 1674 4228 incommutabile
1704 4173 1799 4228 bo-

151 4268 278 4310 num
309 4261 366 4312 et
398 4261 788 4314 comternum.
820 4256 989 4312 Pater
1035 4257 1198 4315 solus
1240 4277 1356 4315 non
1407 4264 1497 4316 est
1543 4262 1614 4317 de
1659 4261 1794 4331 alio,

151 4338 266 4399 ideo
293 4345 458 4403 solus
490 4344 830 4421 appellatur
860 4346 1157 4420 ingenitus
1185 4365 1198 4403 :
1225 4349 1405 4406 Filius
1425 4349 1586 4406 solus
1607 4352 1676 4407 de
1698 4351 1796 4407 Pa-

151 4433 228 4487 tre
245 4436 332 4490 est
358 4438 562 4505 natus,
590 4435 720 4491 ideo
752 4433 912 4492 solus
944 4435 1158 4491 dicitur
1186 4436 1419 4509 genitus
1444 4455 1456 4493 :
1477 4438 1638 4496 solus
1669 4441 1798 4514 Spi-

152 4519 287 4578 ritus
314 4529 567 4582 sanctus
601 4525 673 4582 de
712 4525 877 4582 Patre
907 4529 966 4581 et
1005 4525 1147 4580 Filio
1173 4527 1452 4598 procedit,
1479 4527 1607 4584 ideo
1638 4529 1800 4588 solus

1901 3366 2012 3422 bus
2034 3364 2158 3421 suis
2179 3365 2389 3421 debere
2413 3382 2516 3421 nos
2539 3367 2749 3433 dicere,
2773 3385 2888 3422 non
2921 3385 3232 3442 negamus;
3263 3372 3365 3427 sed
3398 3371 3544 3428 mihi

1901 3454 2438 3523 credite,venenum
2478 3455 2584 3511 sub
2624 3455 2795 3512 melle
2836 3455 2994 3526 latet,
3015 3460 3453 3533 transﬁguravit
3482 3478 3545 3517 se

1901 3542 2146 3616 angelus
2177 3543 2403 3599 Satanm
2444 3543 2503 3598 in
2535 3543 2806 3618 angelum
2837 3545 3006 3602 lucis.
3025 3570 3052 3596 ››
3071 3549 3141 3602 Et
3169 3548 3340 3620 paulo
3371 3566 3544 3622 supe-

1901 3631 2025 3688 rius
2059 3632 2185 3686 :«Et
2214 3633 2507 3704 quomodo
2541 3649 2851 3690 commune
2882 3651 3094 3690 nomen
3124 3637 3388 3692 essentia
3421 3655 3547 3710 pro-

1903 3721 2095 3792 prium
2121 3721 2232 3776 sibi
2252 3721 2506 3776 vindicat
2531 3722 2722 3778 Deus?
2753 3723 2862 3780 Sed
2885 3723 3024 3794 quia
3052 3723 3151 3779 illa
3182 3725 3304 3781 sola
3333 3731 3546 3782 natura

1903 3816 1991 3865 est
2018 3812 2296 3882 perfecta,
2327 3817 2383 3866 et
2415 3811 2472 3866 in
2514 3812 2704 3867 tribus
2749 3813 3013 3883 personis
3041 3813 3228 3869 deitas
3258 3831 3376 3869 una
3405 3815 3544 3869 sub-

1905 3900 2079 3967 sistit,
2103 3917 2229 3972 que;
2259 3906 2348 3955 est
2377 3917 2528 3967 vere,
2549 3907 2605 3955 ct
2635 3917 2752 3956 una
2778 3906 2986 3957 natura
3013 3906 3122 3968 est,
3145 3901 3412 3975 quisquis
3434 3903 3548 3958 tria

1905 4005 2052 4056 esse,
2077 3989 2186 4044 hoc
2215 3994 2304 4044 est
2331 3995 2450 4045 tres
2479 4005 2607 4044 esse
2646 3989 3008 4060 hypostases,
3031 3989 3090 4045 id
3121 3995 3212 4046 est
3243 3991 3426 4059 usias,
3458 3991 3546 4046 di-

1905 4079 2005 4146 cit,
2030 4079 2138 4135 sub
2171 4077 2405 4133 nomine
2435 4077 2666 4150 pietatis
2698 4083 2817 4132 tres
2845 4082 3086 4134 naturas
3116 4084 3360 4135 conatur
3388 4097 3546 4137 asse-

1906 4184 2051 4233 rere,
2069 4171 2127 4224 et
2159 4166 2208 4222 si
2239 4166 2322 4221 ita
2342 4170 2568 4233 est,cur
2597 4167 2668 4222 ab
2698 4166 2832 4222 Ario
2863 4167 3183 4239 parietibus
3209 4185 3552 4240 separamur

1906 4257 2153 4330 perﬁdia
2190 4255 2481 4329 copulati?
2534 4257 2828 4329 Jungatur
2873 4273 3006 4312 cum
3059 4257 3422 4314 beatitudine
3450 4262 3552 4314 tua

1910 4345 2232 4412 Ursicinus,
2257 4362 2392 4402 cum
2413 4345 2719 4402 Ambrosio
2743 4345 2994 4402 societur
3009 4347 3331 4402 Auxentius
3356 4365 3370 4403 :
3395 4348 3553 4404 absit

1909 4437 2018 4491 hoc
2047 4453 2082 4492 a
2112 4437 2374 4491 Romana
2419 4435 2552 4498 ﬁde.
2581 4435 2954 4508 sacrilegium
3001 4439 3230 4492 tantum
3283 4436 3555 4510 religiosa

1909 4525 2259 4599 populorum
2282 4525 2458 4579 corda
2488 4541 2602 4580 non
2634 4524 2964 4580 hauriant.»
2984 4525 3056 4580 Et
3083 4525 3222 4580 item
3253 4525 3552 4598 aliquanto

151 4611 447 4670 amborum
481 4617 869 4686 nuncupatur
889 4613 1164 4685 Spiritus.
1190 4615 1257 4668 Et
1288 4616 1345 4670 in
1376 4615 1486 4672 hac
1517 4616 1801 4674 Trinitate
1832 4635 1879 4700 Ι)
1909 4613 2179 4687 superius
2204 4631 2252 4669 ;‹‹
2276 4611 2636 4680 Clamamus,
2656 4613 2715 4670 Si
2741 4615 2874 4686 quis
2907 4617 3024 4670 tres
3054 4613 3416 4688 hypostases,
3451 4619 3555 4670 aut

153 4697 259 4755 alia
300 4707 440 4759 sunt
492 4702 741 4760 nomina
789 4701 1160 4776 appellativa,
1193 4703 1306 4759 alia
1352 4705 1588 4778 propria
1637 4711 1798 4763 sunt.

153 4785 380 4863 Propria
407 4797 557 4850 sunt
600 4790 960 4864 essentialia,
982 4795 1048 4848 ut
1076 4792 1250 4862 Deus,
1271 4794 1568 4864 Dominus,
1601 4796 1802 4852 Omni-

153 4882 370 4950 potens,
402 4881 829 4950 lmmutabilis,
866 4881 1240 4951 Immortalis,
1273 4887 1330 4938 et
1370 4882 1506 4941 inde
1548 4885 1802 4958 propria,

155 4967 283 5038 quia
299 4970 494 5044 ipsam
514 4971 912 5029 substantiam
931 4971 1431 5045 signiﬁcant,quia
1442 4991 1624 5030 unum
1643 4979 1802 5032 sunt.

155 5056 510 5132 Appellativa
539 5078 700 5129 vero,
733 5061 904 5118 Pater
950 5065 1007 5117 et
1049 5060 1230 5117 Filius
1269 5066 1328 5118 et
1365 5062 1620 5136 Spiritus
1669 5081 1806 5120 san-

156 5149 294 5217 ctus,
317 5150 630 5226 ingenitus
667 5153 724 5208 et
775 5151 1008 5224 genitus
1038 5154 1097 5206 et
1133 5151 1490 5224 procedens:
1521 5153 1719 5210 eadem
1752 5163 1809 5214 et

157 5235 406 5313 relative,
431 5241 583 5314 quia
615 5240 687 5297 ad
719 5256 781 5297 se
813 5239 1064 5296 invicem
1095 5240 1449 5297 referuntur.
1474 5241 1620 5326 cum
1653 5245 1809 5301 enim

158 5326 360 5386 dicitur
379 5331 566 5399 Deus,
593 5329 851 5402 essentia
875 5333 985 5399 est,
1011 5327 1148 5403 quia
1179 5331 1250 5386 ad
1273 5330 1531 5403 seipsum
1555 5332 1810 5399 dicitur;

157 5431 280 5474 cum
306 5436 442 5476 vero
483 5418 709 5476 dicitur
749 5419 936 5488 Pater,
962 5422 1021 5475 et
1063 5418 1266 5488 Filius,
1288 5423 1345 5474 et
1385 5419 1640 5492 Spiritus
1670 5439 1805 5478 san-

157 5508 263 5579 tus,
280 5506 520 5566 relative
544 5507 994 5582 dicuntur,quia
1014 5507 1087 5564 ad
1107 5524 1170 5564 se
1191 5507 1436 5564 invicem
1455 5509 1805 5570 referuntur.

159 5593 293 5652 Nam
320 5597 494 5656 Pater
523 5615 649 5655 non
679 5599 751 5655 ad
782 5598 1069 5671 seipsum,
1091 5597 1194 5654 sed
1227 5598 1296 5654 ad
1333 5597 1545 5655 Filium
1576 5599 1810 5660 relative

161 5683 382 5760 dicitur,
406 5687 556 5766 quia
576 5691 674 5750 est
697 5688 752 5747 ei
781 5686 965 5749 Filius
995 5703 1009 5746 :
1043 5687 1129 5748 sic
1157 5691 1215 5746 et
1244 5687 1425 5748 Filius
1455 5687 1689 5750 relative
1719 5691 1806 5751 di-

1911 4703 2024 4760 tria
2051 4703 2452 4776 enhypostata,
2478 4703 2534 4758 id
2567 4707 2655 4758 est
2682 4708 2802 4759 tres
2840 4702 3229 4760 subsistentes
3274 4721 3554 4777 personas

1911 4794 2243 4860 conﬁtetur,
2265 4793 2581 4849 anathema
2609 4793 2715 4861 sit;
2750 4799 2807 4849 et
2827 4792 2965 4864 quia
2985 4793 3265 4849 vocabula
3294 4811 3410 4848 non
3440 4792 3556 4847 edi-

1912 4883 2156 4952 scimus,
2186 4882 2438 4938 haeretici
2480 4882 2839 4954 judicamur.
2874 4883 2933 4938 Si
2965 4883 3096 4954 quis
3144 4887 3338 4938 autem
3374 4882 3553 4954 hypo-

1913 4971 2120 5030 stasim
2151 4971 2342 5028 usiam
2393 4969 2744 5044 intelligens,
2778 4988 2895 5025 non
2944 4971 3002 5026 in
3051 4971 3240 5026 tribus
3289 4970 3554 5042 personis

1916 5079 2095 5118 unam
2128 5060 2490 5134 hypostasim
2536 5059 2699 5125 dicit,
2741 5059 2967 5115 alienus
2997 5077 3032 5115 a
3061 5059 3289 5114 Christo
3332 5063 3421 5114 est
3452 5076 3465 5114 :
3499 5063 3557 5115 et

1918 5153 2027 5208 sub
2049 5151 2157 5208 hac
2179 5149 2541 5206 confessione
2560 5149 2860 5205 vobiscum
2885 5149 3102 5222 pariter
3116 5147 3370 5204 cauterio
3397 5147 3558 5205 unio-

1919 5243 2012 5298 nis
2041 5241 2354 5297 inurimur.
2388 5237 2706 5294 Discernitc
2737 5239 2782 5294 si
2815 5237 3004 5311 placet
3044 5238 3302 5306 obsecro,
3327 5255 3438 5292 non
3482 5239 3556 5294 ti-

1919 5333 2086 5388 mebo
2131 5335 2250 5387 tres
2290 5329 2632 5402 hypostases
2663 5327 2850 5382 dicere
2885 5343 2899 5384 :
2932 5326 2982 5382 si
3004 5327 3250 5398 jubetis,
3274 5328 3561 5386 condatur

1918 5438 2067 5477 nova
2097 5424 2230 5494 post
2258 5417 2548 5474 Nicmnam
2590 5417 2754 5483 ﬁdes,
2789 5420 2845 5471 et
2875 5415 3168 5473 similibus
3197 5417 3389 5474 verbis
3422 5434 3558 5474 cum

1915 5509 2147 5566 Arianis
2200 5508 2585 5564 conﬁtcamur
2629 5504 2956 5562 orthodoxi.
2998 5507 3144 5563 Tota
3190 5507 3559 5566 saecularium

1915 5599 2242 5655 litterarum
2269 5595 2468 5651 schola
2490 5594 2634 5650 nihil
2657 5594 2814 5650 aliud
2848 5595 3211 5670 hypostasim
3233 5597 3345 5654 nisi
3369 5597 3560 5656 usiam

1916 5691 2095 5760 novit,
2131 5692 2189 5746 et
2217 5686 2552 5763 quisquam,
2586 5701 2746 5759 rogo,
2779 5703 2877 5745 ore
2923 5687 3206 5764 sacrilego
3254 5693 3374 5749 tres
3420 5688 3560 5749 sub-
