4018 6452
447 400 565 461 523

1363 397 1661 457 HINCMA
1675 396 1749 456 Ri
1797 392 2241 456 RHEMENSIS
2285 393 2902 458 ARCHIEPISCOPI.

3725 397 3840 457 524

392 525 404 535 ’
445 531 544 601 tia,
569 535 626 587 et
654 530 940 604 quidquid
972 530 1312 600 hujusmodi
1346 529 1658 601 excogitari
1682 532 1888 602 potest,
1913 527 2096 583 subs--
2115 525 2174 596 Α,
2201 531 2561 584 monstrante
2590 527 2756 584 beato
2785 528 3092 584 Ambrosio
3121 527 3181 584 in
3213 527 3361 584 libro
3393 528 3585 600 primo
3615 529 3690 584 de
3709 529 3842 586 Fide

444 619 764 678 tantialiter
793 621 863 674 de
894 618 1193 674 divinitate
1213 619 1548 674 dicuntur.»
1569 617 1788 674 Etitem
1811 618 1882 672 de
1903 616 2088 673 Trini-

444 713 561 765 tate
573 708 663 782 (ad
673 708 878 781 Sym.):
899 729 926 757 ‹‹
940 708 1194 762 Substan
1204 706 1283 762 tia
1294 705 1556 762 continet
1575 705 1856 762 unitatem
1868 704 2088 771 ,relatio

446 797 801 870 multiplicat
821 795 1201 851 trinitatem.»
1218 797 1288 850 Et
1309 795 1476 851 item:
1498 795 1824 861 «Quoniam
1837 811 1970 850 vero
1984 794 2088 849 Pa-

444 891 534 943 ter
562 887 711 943 401
749 884 925 954 Deus,
954 888 1012 939 et
1042 883 1224 940 Filius
1271 883 1447 955 Deus,
1481 887 1538 939 et
1567 882 1819 956 Spiritus
1850 887 2089 940 sanctus

445 981 620 1046 Deus,
651 973 806 1030 Deus
834 989 968 1028 vero
1000 971 1194 1028 nullas
1241 972 1417 1027 habet
1467 971 1822 1028 differentias
1873 971 2089 1044 quibus

447 1063 681 1120 differat
703 1079 739 1118 a
757 1061 895 1129 Deo,
913 1079 948 1117 a
964 1059 1123 1116 nullo
1153 1077 1355 1116 eorum
1375 1059 1938 1116 diﬂ'ert.Diﬁ‘ercntize
1957 1077 2088 1116 vero

449 1152 551 1209 ubi
581 1151 816 1216 absunt,
851 1149 1016 1206 abest
1044 1148 1351 1222 pluralitas
1384 1167 1398 1205 :
1431 1149 1530 1204 ubi
1563 1149 1727 1205 abest
1762 1147 2086 1221 pluralitas,

449 1241 617 1298 adest
638 1239 851 1296 unitas.
870 1239 978 1294 »Et
996 1237 1136 1294 item
1163 1254 1174 1293 :
1201 1261 1228 1287 «
1254 1237 1362 1293 Ubi
1381 1254 1514 1293 vero
1537 1236 1701 1294 nulla
1719 1243 1808 1294 est
1829 1238 2093 1294 dilferen-

449 1329 552 1398 tia,
575 1327 739 1384 nulla
759 1331 848 1384 est
867 1326 1106 1383 omnino
1128 1325 1637 1400 pluralitas,quare
1659 1343 1763 1382 nec
1786 1343 2088 1393 numerus,

449 1419 632 1493 igitur
669 1417 866 1474 unitas
911 1421 1162 1473 tantum.
1202 1439 1222 1466 υ
1259 1417 1329 1472 Et
1359 1416 1498 1471 item
1534 1434 1547 1471 :
1580 1440 1606 1466 «
1642 1416 1766 1472 Non
1817 1415 1996 1488 igitur
2040 1416 2088 1472 si

449 1509 524 1565 de
553 1507 719 1564 Patre
748 1523 815 1563 ac
848 1505 989 1569 Filio
1017 1510 1073 1560 et
1101 1505 1321 1577 Spiritu
1351 1509 1554 1561 sancto
1593 1505 1764 1561 tertio
1810 1506 2090 1578 praedica-

449 1600 550 1652 tur
577 1595 752 1664 Deus,
784 1593 999 1650 idcirco
1028 1593 1182 1648 trina
1212 1591 1544 1665 praedicatio
1576 1610 1886 1648 numerum
1930 1594 2088 1650 facit.

452 1687 568 1742 Hoc
597 1683 753 1740 enim
775 1682 913 1750 illis,
941 1687 1006 1738 ut
1026 1682 1250 1737 dictum
1273 1687 1382 1748 est,
1399 1681 1804 1754 imminet,qui
1821 1682 1974 1738 inter
1992 1700 2092 1738 eos

449 1772 788 1831 distantiam
821 1771 1043 1827 faciunt
1066 1770 1405 1826 meritorum
1428 1786 1441 1824 :
1467 1770 1769 1826 catholicis
1789 1788 1922 1827 vero
1945 1772 2090 1828 nihil

450 1863 511 1919 in
543 1859 870 1918 ditl'erentia
891 1858 1401 1927 constituentibus,
1427 1859 1734 1932 ipsamque
1754 1861 2004 1918 formam
2028 1865 2092 1917 ut

450 1955 541 2008 est
576 1966 704 2008 esse
752 1949 1126 2023 ponentibus,
1161 1965 1346 2020 neque
1397 1947 1553 2004 aliud
1606 1966 1733 2005 esse
1781 1967 1958 2022 quam
2008 1955 2098 2006 est

450 2040 649 2114 ipsum
666 2039 824 2112 quod
840 2042 930 2094 est
942 2036 1499 2110 opinantibus,recte
1514 2039 1776 2110 repetitio
1791 2040 1862 2095 de
1874 2041 2099 2108 eodem,

453 2145 633 2201 quam
663 2125 1028 2183 enumeratio
1060 2124 1292 2192 diversi,
1315 2125 1548 2180 videtur
1576 2142 1705 2181 esse
1727 2143 1862 2182 cum
1886 2126 2104 2183 dicitur

463 2217 620 2274 Deus
667 2216 855 2283 Pater,
888 2215 1042 2270 Deus
1098 2213 1298 2283 Filius,
1332 2213 1484 2269 Deus
1537 2214 1790 2286 Spiritus
1839 2220 2100 2284 sanctus,

462 2310 638 2379 atque
665 2303 788 2360 haec
818 2302 1075 2360 Trinitas
1107 2320 1260 2358 unus
1312 2306 1480 2357 Deus.
1519 2325 1546 2350 ››
1577 2303 1645 2358 Et
1669 2304 2012 2360 Ambrosius
2042 2305 2101 2360 in

462 2393 613 2452 libro
640 2393 832 2467 primo
859 2393 930 2447 de
959 2391 1178 2464 Spiritu
1227 2395 1429 2447 sancto
1470 2391 1608 2464 (cap.
1645 2393 1732 2461 15)
1766 2410 1780 2448 :
1819 2415 1847 2443 ‹‹
1877 2393 2104 2450 Veritas

461 2483 748 2552 Christus,
780 2481 991 2538 veritas
1021 2479 1295 2554 Spiritus.
1327 2481 1518 2536 Habes
1559 2480 1715 2536 enim
1760 2480 1818 2536 in
1859 2481 2104 2554 epistola

461 2571 708 2630 Joannis
740 2587 754 2626 :
787 2570 1056 2640 Quoniam
1083 2569 1320 2640 Spiritus
1345 2577 1424 2624 est
1450 2571 1648 2626 veritas
1679 2571 1724 2643 (Ι
1749 2571 1906 2626 Joan.
1937 2589 1991 2638 v,
2022 2573 2100 2640 6).

461 2661 588 2718 Non
617 2659 808 2717 solum
842 2675 977 2731 ergo
1007 2657 1285 2727 veritatis,
1310 2659 1410 2713 sed
1443 2659 1618 2713 etiam
1649 2659 1860 2714 veritas
1889 2660 2107 2715 dicitur

461 2749 960 2823 Spiritus,sicutet
974 2746 1153 2804 Filius
1164 2747 1280 2802 veri
1290 2751 1380 2802 tas
1393 2747 1865 2820 prmdicatur,qui
1881 2748 1979 2804 ait:
1997 2751 2104 2818 Ego

458 2856 582 2896 sum
611 2841 720 2904 via,
751 2845 802 2896 et
829 2839 1049 2904 veritas,
1081 2845 1134 2892 et
1161 2838 1269 2892 vita
1301 2837 1474 2903 (Joan.
1505 2854 1616 2904 xw,
1637 2838 1716 2904 6).
1741 2838 1934 2893 Unum
1967 2842 2106 2894 sunt

457 2944 595 3002 ergo
635 2928 804 2984 Pater
846 2933 904 2982 et
951 2925 1134 2982 Filius
1179 2929 1235 2980 et
1285 2925 1538 2996 Spiritus
1595 2931 1835 2982 sanctus
1869 2944 1882 2982 :
1917 2944 2102 2983 unum

459 3033 670 3074 nomen
691 3021 780 3072 est
799 3014 1124 3082 Trinitatis,
1140 3018 1198 3069 et
1212 3031 1329 3069 uua
1349 3013 1879 3088 inseparabilisque
1900 3035 2102 3073 essen-

456 3107 558 3163 tia.
593 3127 624 3156 »
662 3105 732 3160 Et
774 3103 836 3159 in
885 3103 1034 3158 libro
1080 3103 1270 3174 primo
1318 3103 1389 3158 de
1443 3104 1579 3160 Fide
1622 3104 1742 3176 (lib.
1775 3123 1815 3172 ι,
1850 3123 1966 3178 cap.
1994 3109 2052 3176 7)
2086 3123 2100 3163 :

458 3217 487 3247 α
521 3194 700 3252 Crede
729 3193 870 3266 quia
899 3211 934 3249 a
961 3192 1078 3247 Deo
1117 3191 1290 3247 exivit
1338 3191 1539 3259 Filius,
1574 3197 1640 3248 ut
1682 3193 1807 3266 ipse
1855 3199 2105 3252 testatur

2198 615 2385 687 capite
2407 616 2683 684 secundo,
2709 615 2808 670 ubi
2831 615 3003 670 dicit:
3027 637 3054 666 ί(
3072 616 3174 671 Est
3195 613 3497 687 plenitudo
3519 614 3843 672 divinitatis

2195 702 2257 758 in
2290 703 2472 770 Patre,
2507 707 2596 760 est
2625 703 2926 776 plenitudo
2957 703 3283 760 divinitatis
3309 704 3367 760 in
3402 703 3570 772 Filio,
3603 704 3709 760 sed
3730 721 3846 765 non

2198 791 2537 864 discrepans
2567 792 2667 846 sed
2699 809 2818 848 una
2847 793 3142 860 divinitas,
3177 810 3283 849 nec
3328 793 3646 850 confusum
3691 793 3845 866 quod

2198 896 2386 937 unum
2417 883 2524 951 est,
2557 896 2664 936 nec
2691 879 2996 954 multiplex
3026 883 3180 954 quod
3213 881 3555 939 indifferens
3604 887 3716 939 est.
3749 883 3848 939 Et-

2199 969 2355 1025 enim
2389 968 2438 1026 si
2467 969 2734 1026 omnium
2761 970 3285 1040 credentium,sicut
3303 972 3594 1043 scriptum
3616 976 3852 1041 est,erat

2197 1060 2387 1114 anima
2416 1075 2529 1114 una
2557 1066 2608 1114 et
2635 1074 2727 1114 cor
2763 1075 2938 1115 unum
2968 1060 3099 1132 (Act.
3132 1077 3208 1126 ιν,
3236 1061 3363 1128 32);
3397 1059 3446 1117 si
3496 1077 3709 1118 omnes
3756 1064 3851 1135 qui

2197 1147 2482 1205 adhaerent
2533 1149 2786 1214 Domino,
2827 1149 2980 1205 462
3029 1166 3171 1205 unus
3217 1149 3458 1222 Spiritus
3507 1159 3591 1206 est
3631 1151 3684 1224 (Ι
3728 1150 3845 1208 Cor.

2199 1255 2276 1304 v1,
2309 1237 2426 1309 17);
2459 1239 2525 1292 ut
2551 1235 2864 1308 Apostolus
2893 1237 3060 1306 dixit,
3091 1237 3143 1295 si
3173 1237 3259 1294 vir
3282 1243 3340 1294 et
3371 1255 3517 1295 uxor
3563 1238 3624 1294 in
3678 1255 3849 1296 carne

2200 1343 2318 1382 una
2345 1331 2485 1382 sunt
2515 1324 2719 1395 (Matth.
2751 1343 2867 1393 xix,
2897 1327 2987 1395 5);
3022 1325 3070 1381 si
3101 1343 3306 1383 omnes
3338 1328 3635 1397 homines,
3671 1346 3852 1402 quan-

2199 1419 2328 1470 tum
2355 1415 2427 1470 ad
2459 1419 2728 1470 naturam
2751 1415 3210 1487 pertinet,unius
3230 1415 3580 1472 substantiae
3600 1435 3848 1489 sumus;

2200 1503 2249 1560 si
2281 1503 2390 1559 hoc
2417 1503 2488 1559 de
2510 1503 2788 1560 humanis
2809 1503 3109 1576 Scriptura
3129 1504 3271 1560 dicit
3293 1521 3307 1559 :
3334 1505 3473 1574 Quia
3493 1508 3664 1565 multi
3682 1526 3854 1566 unum

2199 1600 2330 1650 sunt
2357 1592 2405 1662 (I
2429 1594 2554 1650 Cor.
2585 1609 2642 1658 x,
2671 1593 2780 1660 17),
2814 1609 3062 1665 quorum
3095 1592 3257 1650 nulla
3295 1599 3488 1667 potest
3535 1613 3672 1654 esse
3718 1615 3852 1656 cum

2201 1681 2414 1738 divinis
2447 1680 2805 1753 comparatio
2840 1697 2854 1736 :
2887 1685 3105 1753 quanto
3137 1682 3327 1756 magis
3377 1683 3548 1741 Pater
3577 1689 3638 1742 et
3671 1686 3854 1746 Filius

2203 1770 2504 1826 divinitate
2534 1786 2717 1825 unum
2738 1773 2896 1836 sunt,
2912 1769 3010 1826 ubi
3035 1785 3141 1826 nec
3159 1771 3503 1828 substantia:
3523 1791 3636 1832 nec
3658 1774 3856 1833 volun-

2201 1861 2342 1916 tatis
2371 1857 2493 1915 ulla
2522 1863 2610 1914 est
2639 1857 3009 1914 ditl'erentia?
3039 1859 3304 1932 Namque
3337 1859 3508 1918 aliter
3554 1866 3852 1936 quomodo

2212 1963 2399 2003 unum
2420 1945 2602 2001 Deum
2626 1944 2916 2002 dicimus?
2936 1945 3244 2004 diversitas
3273 1947 3471 2020 plures
3493 1950 3862 2021 facit,unitas

2213 2033 2516 2109 potestatis
2547 2033 2801 2090 excludit
2832 2033 3060 2090 numeri
3080 2037 3649 2113 quantitatem,quia
3671 2046 3863 2103 unitas

2212 2141 2494 2180 numerus
2523 2141 2638 2178 non
2669 2127 2779 2192 est,
2800 2123 2898 2179 sed
2923 2123 3045 2180 haec
3068 2125 3333 2181 omnium
3357 2127 3699 2202 principum
3723 2139 3864 2191 est.»

2211 2215 2280 2268 Et
2301 2212 2534 2269 Boetius
2554 2212 2614 2268 in
2635 2213 3032 2285 suprascripto
3056 2212 3203 2270 libro
3225 2216 3322 2283 (De
3338 2217 3617 2287 Trinit,ad
3639 2223 3826 2296 Sym.)
3848 2242 3862 2281 :

2213 2325 2240 2352 «
2277 2301 2408 2368 Ubi,
2431 2301 2642 2374 inquit,
2665 2301 2828 2357 nulla
2845 2305 2936 2356 est
2956 2301 3476 2372 differentia,nulla
3496 2313 3592 2364 est
3621 2313 3864 2371 omnino

2213 2389 3557 2464 pluralitas,quareneenumerus,igiturunitas
3569 2401 3863 2458 tantum.»

2213 2479 2281 2534 Et
2293 2478 2431 2533 item
2445 2477 2599 2534 idem
2616 2477 2898 2533 :«Etenim
2914 2494 3097 2534 unum
3111 2495 3204 2535 res
3216 2481 3532 2548 est,unitas
3545 2502 3669 2558 qua
3683 2505 3865 2546 unum

2213 2567 2485 2622 dicimus.
2523 2588 2550 2615 »
2583 2567 2652 2621 Et
2679 2566 3044 2622 Arithmetici
3076 2567 3322 2624 dicunt:
3357 2593 3385 2620 ι(
3421 2569 3618 2630 Unum
3664 2593 3865 2634 semen

2213 2655 2440 2711 numeri
2472 2671 2620 2723 esse,
2655 2671 2772 2710 non
2803 2672 3138 2724 numerum,
3159 2660 3217 2712 et
3239 2657 3539 2731 simplices
3561 2681 3866 2738 numeros,

2212 2744 2313 2816 qui
2345 2743 2565 2799 nullam
2597 2750 2822 2817 partem
2853 2744 3028 2801 aliam
3058 2745 3278 2802 habent
3308 2747 3420 2804 nisi
3444 2749 3637 2809 solam
3669 2755 3863 2812 unita-

2213 2838 2354 2902 tem,
2386 2837 2452 2888 ut
2479 2833 2768 2888 ternarius
2800 2832 2986 2889 solam
3027 2833 3280 2902 tertiam,
3313 2835 3627 2909 quinarius
3679 2843 3864 2901 solam

2213 2922 2876 2996 quintam,septenarius
2899 2921 3084 2978 solam
3108 2928 3432 2996 septenam,
3449 2926 3544 2984 his
3564 2931 3727 2988 enim
3751 2950 3866 2990 una

2213 3028 2348 3084 pars
2379 3009 2503 3066 sola
2522 3015 2629 3066 est.
2654 3032 2682 3060 »
2707 3012 2775 3066 Et
2795 3011 2934 3066 item
2954 3012 3300 3069 Ambrosius
3323 3013 3382 3069 in
3403 3017 3647 3087 praefato
3669 3022 3862 3094 primo

2211 3101 2360 3157 libro
2391 3100 2532 3156 dicit
2563 3099 2698 3173 (cap.
2730 3104 2787 3168 2)
2819 3117 2832 3154 :
2865 3123 2892 3150 «
2926 3101 3171 3158 Necesse
3193 3107 3278 3158 est
3301 3109 3516 3177 negent
3534 3108 3743 3166 Ariani
3765 3117 3866 3168 aut

2211 3189 2397 3245 Patris
2427 3193 2528 3245 aut
2559 3187 2688 3244 Filii
2719 3188 3100 3256 divinitatem,
3133 3190 3248 3246 nisi
3278 3193 3548 3264 ejusdem
3589 3197 3864 3258 divinita-

457 3283 694 3338 dicens:
718 3282 801 3335 Ea:
835 3282 940 3337 Deo
983 3281 1224 3352 processi
1269 3287 1320 3336 et
1363 3282 1487 3335 veni
1535 3281 1709 3352 (Joan.
1740 3298 1864 3349 vm,
1889 3285 1999 3352 42).
2032 3285 2102 3340 Et
2129 3272 2172 3338 C
2211 3279 2286 3335 tis
2317 3278 2671 3334 crediderint
2701 3278 3000 3336 unitatem.
3040 3302 3068 3329 ››
3099 3279 3168 3334 Et
3205 3280 3344 3337 item
3378 3299 3390 3338 :
3433 3305 3459 3336 α
3491 3283 3865 3357 Operationis

459 3371 599 3428 alibi
625 3387 640 3426 :
663 3371 702 3425 Α
723 3371 828 3425 Deo
848 3371 1000 3425 exivi
1027 3370 1205 3438 (Joan.
1233 3371 1465 3436 xv:,27).
1497 3370 1603 3437 Qui
1633 3388 1701 3424 ex
1726 3371 1842 3427 Deo
1873 3390 2100 3445 proces-

457 3459 558 3528 sit,
585 3463 645 3516 et
672 3475 708 3514 a
735 3458 852 3515 Deo
881 3457 1075 3526 exivit,
1108 3455 1254 3511 nihil
1299 3455 1458 3512 aliud
1508 3462 1700 3529 potest
1743 3459 1958 3517 habere
1988 3461 2101 3519 nisi

459 3547 614 3621 quod
663 3545 765 3603 Dei
811 3550 920 3602 est.
953 3544 1115 3600 Unde
1165 3562 1279 3600 non
1327 3544 1517 3602 solum
1568 3546 1744 3616 Deus,
1772 3549 1871 3605 sed
1923 3550 2099 3609 etiam

455 3653 629 3693 verus
675 3635 850 3706 Deus,
890 3652 1060 3692 verus
1090 3652 1125 3690 a
1153 3652 1306 3703 vero,
1338 3639 1396 3690 et
1442 3636 1584 3691 adeo
1636 3654 1830 3707 verus,
1865 3644 1930 3696 ut
1975 3641 2100 3715 ipse

456 3726 534 3782 sit
561 3725 791 3783 veritas.
822 3726 906 3782 Ita
935 3724 984 3780 si
1018 3741 1231 3780 nomen
1272 3724 1610 3796 quaerimus,
1643 3726 1856 3784 veritas
1907 3735 2015 3799 est,
2049 3733 2099 3788 si

455 3816 824 3888 majestan
857 3813 1178 3887 quaerimus
1220 3813 1570 3884 naturalem,
1604 3831 1670 3870 eo
1700 3833 1886 3889 usque
1917 3819 2099 3878 Filius

453 3905 610 3962 Deus
639 3921 812 3961 verus
841 3907 950 3972 est,
985 3907 1050 3958 ut
1077 3907 1134 3958 et
1163 3903 1757 3976 proprius.Scriptum
1779 3911 1869 3962 est
1890 3908 2046 3964 enim
2082 3925 2095 3965 :

455 3993 564 4064 Qui
584 3995 725 4050 Filio
749 3994 974 4066 proprio
1011 4009 1118 4048 non
1146 3995 1404 4064 pepercit,
1437 3999 1527 4047 sed
1570 4011 1670 4066 pro
1719 3996 1874 4052 nobis
1921 3999 2098 4052 omni-

455 4085 555 4138 bus
601 4081 830 4138 tradidit
874 4098 999 4136 eum
1044 4083 1218 4150 (Rom.
1269 4099 1391 4153 vm,
1433 4083 1544 4152 32).
1579 4084 1847 4140 Tradidit
1896 4085 2099 4158 utique

453 4171 779 4228 secundum
811 4170 1401 4242 carnem.Proprietas
1432 4170 1756 4229 divinitatis
1777 4179 1867 4230 est
1887 4176 2100 4232 veritas

451 4258 842 4334 proprietatis,
875 4257 1276 4314 misericordia
1305 4258 1780 4330 pietatis,oblatio
1809 4265 2098 4321 securita-

450 4348 548 4406 tis.
581 4370 610 4400 »
643 4348 768 4405 Non
799 4347 982 4421 igitur
1009 4350 1276 4404 constare
1308 4351 1685 4422 potest,quod
1707 4369 1808 4424 per
1831 4353 2096 4411 fraudem

450 4437 811 4494 mendaciter
839 4435 1250 4510 interpositum
1284 4441 1372 4494 est
1401 4427 1459 4492 in
1490 4440 1681 4496 verbis
1711 4441 1864 4497 beati
1892 4444 2097 4516 Augu-

449 4526 774 4594 stini,trina
801 4525 1034 4596 veritas,
1058 4525 1211 4582 sicut
1235 4529 1294 4582 et
1325 4527 1558 4585 Boetius
1586 4528 1646 4584 in
1678 4531 1914 4602 praefato
1946 4530 2094 4590 libro

2211 3368 2406 3424 unitas
2436 3385 2551 3424 non
2584 3367 2720 3422 facit
2748 3367 3032 3440 pluralem
3081 3367 3466 3428 divinitatem.
3505 3395 3534 3423 ››
3567 3375 3641 3430 Et
3671 3377 3814 3434 item
3845 3395 3859 3434 :

2212 3479 2241 3508 «
2273 3459 2406 3523 Quae
2435 3455 2590 3512 enim
2621 3460 2814 3528 potest
2842 3473 2969 3512 esse
2999 3456 3115 3512 alia
3143 3458 3474 3529 aestimatio,
3498 3463 3602 3519 ubi
3623 3465 3864 3524 deitatis

2213 3545 2405 3602 unitas
2435 3545 2572 3602 est?
2597 3568 2625 3595 »
2648 3547 2716 3600 Et
2734 3545 2872 3601 item
2896 3562 2910 3601 :
2935 3568 2964 3596 ‹‹
2990 3546 3204 3602 Aderat
3233 3547 3292 3602 in
3314 3549 3506 3621 specie
3528 3555 3858 3629 angeli,qui

2209 3635 2529 3704 muniebat,
2539 3639 2602 3690 ut
2613 3634 2672 3689 in
2686 3634 3236 3694 numeroTrinitatis
3249 3637 3423 3694 unius
3433 3647 3594 3698 esset
3605 3641 3864 3702 laudatio

2207 3725 2532 3796 potestatis.
2561 3747 2589 3774 ››
2613 3725 2682 3780 Et
2703 3724 2839 3780 hinc
2869 3723 3125 3797 plurima
3147 3726 3484 3784 testimonia
3505 3729 3566 3786 in
3591 3732 3860 3804 ejusdem

2208 3813 2374 3870 libris
2405 3813 2792 3886 reperiuntur,
2827 3829 2955 3885 qua:
2987 3816 3308 3871 ostendunt
3327 3834 3441 3873 non
3466 3835 3645 3892 posse
3667 3821 3726 3878 in
3745 3823 3861 3880 Deo

2207 3901 2487 3958 catholico
2504 3903 2616 3958 dici
2636 3902 2850 3958 trinam
2874 3903 3182 3976 unitatem,
3197 3905 3532 3980 trinamque
3553 3910 3857 3981 deitatem,

2207 3991 2420 4048 trinam
2453 3995 2746 4059 naturam,
2769 3991 2986 4048 trinam
3017 3994 3408 4052 substantiam
3433 4013 3447 4052 :
3472 3997 3618 4069 quia
3639 4000 3858 4070 unitas,

2207 4080 2413 4149 deitas,
2451 4085 2678 4149 natura,
2716 4081 3063 4152 substantia,
3090 4083 3148 4138 in
3180 4083 3297 4140 Deo
3319 4084 3662 4158 pluralitate
3684 4094 3860 4159 caret,

2207 4175 2262 4226 et
2294 4187 2536 4226 numero
2567 4170 2666 4243 qui
2686 4169 2744 4226 in
2765 4171 2919 4228 trina
2939 4176 2995 4228 et
3016 4171 3074 4228 in
3097 4172 3382 4230 Trinitate
3406 4176 3595 4232 est.Et
3615 4179 3775 4250 quod
3799 4179 3858 4236 in

2203 4260 2405 4316 eadem
2429 4259 2574 4316 falsa
2596 4259 3037 4332 interpositione
3057 4261 3306 4318 habetur
3326 4281 3442 4319 una
3466 4265 3858 4341 unitas,quod

2202 4348 2418 4406 ibidem
2441 4350 2655 4406 dicitur
2674 4349 2830 4406 trina
2848 4349 3081 4418 veritas,
3096 4356 3153 4407 et
3174 4352 3327 4409 trina
3347 4355 3547 4412 unitas
3569 4357 3855 4414 destruit:

2204 4437 2343 4509 quia
2373 4439 2606 4511 quando
2637 4439 2852 4494 dicitur
2882 4456 3068 4495 unum
3098 4440 3182 4496 vel
3215 4459 3351 4511 una,
3385 4443 3434 4498 si
3470 4460 3591 4500 non
3624 4445 3860 4503 dicatur

2200 4527 2338 4600 quid
2360 4544 2542 4584 unum
2559 4525 2646 4584 vel
2662 4527 2802 4599 quid
2821 4528 3322 4602 una,intelligatur
3344 4548 3462 4587 una
3483 4533 3848 4608 substantia,

447 4617 835 4711 demonstrat
861 4616 1061 4672 dicens
1110 4615 1421 4711 (ad_Joan._
1443 4617 1610 4690 diae.)
1643 4636 1658 4674 :
1693 4643 1720 4669 ‹‹
1755 4621 2095 4679 Substantia
2120 4643 2170 4711 D
2201 4620 2259 4672 et
2279 4615 2618 4673 substantiae
2651 4615 2850 4711 unitas
2879 4634 2994 4711 non
3025 4616 3200 4711 habet
3229 4618 3858 4711 pluralitatem,quare

447 4703 708 4762 continet
736 4703 1045 4778 unitatem,
1069 4703 1272 4762 relatio
1303 4705 1654 4778 multiplicat
1683 4707 2088 4768 Trinitatem.»

445 4796 631 4862 Quam
653 4793 957 4850 Trinitatis
1005 4795 1399 4851 substantiam
1447 4797 1701 4852 ostendit
1743 4799 2088 4858 Ambrosius

443 4887 689 4940 cantans
717 4882 778 4939 in
809 4882 1026 4956 hymno
1058 4883 1344 4940 catholico
1377 4901 1390 4940 :
1430 4887 1504 4940 Tu
1552 4887 1830 4944 Trinitatis
1877 4893 2083 4947 unitas.

442 4973 746 5046 Quamque
774 4970 952 5028 veluti
984 4989 1276 5046 exponens
1305 4973 1668 5047 Augustinus
1694 4975 1837 5033 dicit
1857 4977 1917 5033 in
1937 4977 2084 5037 libro

441 5062 632 5134 primo
663 5063 734 5118 de
754 5061 1038 5118 Trinita'te
1063 5079 1075 5118 :
1105 5085 1132 5112 ι(
1159 5062 1352 5118 Deitas
1374 5081 1500 5136 qua:
1525 5064 1827 5122 Trinitatis
1848 5073 1936 5123 est
1954 5069 2083 5124 uni-

440 5153 552 5206 tas.
575 5173 605 5202 ››
639 5149 742 5208 Cui
765 5150 941 5206 etiam
963 5152 1276 5208 concordat
1298 5153 1504 5210 beatus
1523 5154 1866 5212 Ambrosius
1889 5157 1946 5212 in
1969 5157 2082 5215 alio

440 5238 658 5313 hymno
689 5240 891 5298 dicens
924 5257 938 5297 :

950 5385 991 5434 Ο
1020 5385 1109 5435 lux
1141 5385 1296 5436 beata
1325 5385 1570 5446 Trinitas,

950 5449 1014 5497 Et
1041 5449 1342 5513 principalis
1371 5450 1563 5499 unitas.

435 5593 547 5653 Sed
576 5598 634 5651 et
660 5593 806 5654 illud
835 5597 993 5670 quod
1023 5597 1083 5654 in
1113 5598 1316 5654 eadem
1346 5595 1754 5669 compilatione
1778 5598 2081 5673 interposi-

433 5688 562 5745 tum
591 5685 864 5762 est,trina
882 5691 940 5746 et
969 5704 1089 5749 una
1118 5687 1316 5766 unitas
1337 5690 1605 5748 constare
1629 5703 1743 5745 non
1767 5689 2076 5766 potest,de-

2200 4721 2304 4762 nec
2327 4705 2770 4778 numerum,qui
2799 4704 2860 4761 in
2892 4705 3046 4762 trina
3074 4711 3131 4762 et
3158 4705 3218 4762 in
3240 4707 3526 4766 Trinitate
3556 4716 3669 4768 est.
3689 4711 3856 4771 Unde

2195 4794 2560 4868 Augustinus
2591 4795 2652 4849 in
2682 4798 2934 4851 tractatu
2963 4795 3174 4868 psalmi
3204 4795 3492 4870 trigesimi
3525 4801 3714 4858 octavi
3748 4819 3852 4860 ex-

2195 4901 2418 4956 ponens
2450 4882 2801 4939 sententiam
2829 4883 3088 4956 Apostoli
3113 4901 3126 4940 :
3160 4886 3336 4942 Unum
3365 4895 3706 4962 autem,quaz
3732 4893 3858 4966 qui-

2195 4971 2314 5028 dem
2343 4981 2483 5030 retro
2509 4980 2639 5028 sunt
2665 4974 2986 5030 obtiviscens
3029 4974 3264 5046 (Philip.
3297 4991 3381 5046 ιιι,
3420 4977 3529 5047 13).
3562 5001 3591 5030 ‹‹
3626 4978 3852 5052 Unum,

2193 5061 2406 5134 inquit,
2439 5061 2547 5118 hoc
2578 5065 2667 5118 est
2697 5061 2840 5118 illud
2887 5079 3071 5118 unum
3103 5079 3116 5120 ε
3147 5064 3396 5137 Domine,
3429 5066 3649 5124 ostende
3689 5069 3851 5126 nobis

2192 5152 2428 5220 Patrem,
2461 5159 2512 5208 et
2530 5151 2736 5223 sufﬁcit
2760 5151 2917 5208 nobis
2946 5151 3134 5224 (Joan.
3160 5169 3277 5224 xxv,
3298 5156 3376 5224 8).
3401 5154 3600 5212 Unum
3621 5161 3848 5232 autem,

2191 5258 2320 5313 qua:
2349 5244 2406 5296 et
2432 5257 2550 5296 una
2577 5239 2790 5296 dicitur
2819 5241 2878 5296 in
2901 5239 3014 5297 alio
3036 5241 3267 5314 psalmo
3291 5259 3306 5299 :
3335 5244 3508 5300 Unam
3523 5247 3669 5316 petii
3685 5264 3720 5303 ιι
3738 5247 3850 5304 Do-

2188 5332 2358 5400 mino,
2391 5330 2532 5386 hanc
2559 5332 2862 5403 requiram,
2895 5339 2958 5387 ut
2987 5332 3285 5390 inhabitem
3317 5334 3375 5388 in
3415 5332 3572 5391 domo
3618 5335 3850 5394 Domini

2183 5437 2284 5494 per
2328 5437 2510 5478 omnes
2556 5419 2670 5477 dies
2717 5422 2846 5478 vitm
2890 5437 3030 5479 meae
3079 5423 3248 5496 (Psal.
3298 5440 3450 5492 xxvn,
3485 5425 3565 5493 4).
3599 5423 3849 5499 Propter

2187 5510 2328 5583 quid
2347 5510 2376 5566 ‘I
2403 5513 2467 5566 ut
2497 5507 2856 5581 contemplor
2883 5509 3330 5570 delectationem
3361 5512 3658 5569 Domini.»
3681 5513 3752 5570 Et
3783 5514 3845 5572 in

2185 5599 2334 5657 libro
2346 5603 2548 5657 contra
2559 5597 2944 5655 Maximinum
2961 5617 2974 5670 ;
2989 5600 3240 5676 legimus
3260 5602 3418 5659 enim
3433 5620 3446 5660 :
3463 5627 3490 5653 ‹‹
3512 5603 3618 5673 Qui
3623 5604 3847 5679 plantat

2185 5698 2236 5751 et
2264 5692 2360 5769 qui
2387 5692 2535 5768 rigat
2554 5705 2727 5770 unum
2754 5697 2884 5754 sunt
2910 5690 2958 5770 (l
2987 5694 3111 5769 Cor,
3145 5709 3230 5767 ιιι,
3261 5693 3339 5768 8),
3373 5693 3475 5756 sed
3517 5692 3694 5754 ambo
3725 5693 3842 5754 ho-
