4018 6468
119 483 240 542 525

1147 488 1250 548 DE
1292 489 1452 551 UNA
1495 490 1596 550 ET
1639 472 1798 551 NON
1843 491 2085 553 TRINA
2129 493 2495 556 DEITATE.
2563 582 2569 587 Ι

3405 504 3522 566 5.56
3546 475 3552 480 ³

117 613 312 672 mines
341 617 534 682 erant,
563 615 829 686 ejusdem
861 616 1203 673 substantiae
1253 619 1501 689 fuerant,
1535 639 1648 678 non
1681 621 1767 676 di-
1796 623 1854 690 Α
1883 623 2154 692 essentia,
2187 629 2303 680 tres
2326 641 2585 698 personae
2608 630 2876 696 unum,id
2900 637 2988 688 est
3010 650 3162 689 unus
3183 635 3522 706 Deus,sunt,

116 719 319 760 versa}.
353 725 382 754 »
416 703 561 759 Item
618 703 892 777 legimus,
926 707 1054 778 ipso
1110 707 1340 764 Christo
1397 709 1625 766 dicente
1658 729 1671 766 :
1710 713 1775 768 Ut

113 794 228 848 sint
256 809 452 860 unum,
481 794 625 848 sicut
649 801 699 850 et
725 811 824 850 nos
853 811 1026 850 unum
1061 812 1250 853 sumus
1279 799 1454 866 (Joan.
1487 816 1623 867 xvu,
1654 799 1766 870 2-1).

113 881 240 936 Non
290 879 457 948 dixit,
510 885 577 936 ut
625 881 738 954 ipsi
807 887 865 938 et
931 901 1036 939 nos
1103 902 1309 953 unum,
1363 888 1461 942 sed
1533 891 1598 942 ut
1655 887 1768 960 ipsi

114 969 233 1026 sint
275 985 467 1026 unum
517 970 578 1026 in
628 975 842 1028 natura
889 989 999 1028 sua
1045 976 1103 1029 et
1149 973 1210 1029 in
1261 975 1595 1032 substantia
1637 994 1765 1046 sua,

113 1057 438 1116 concordiae
489 1058 771 1132 qualitate
821 1062 1076 1134 quodam
1126 1063 1299 1119 modo
1345 1063 1499 1120 uniti
1538 1069 1597 1122 et
1626 1083 1768 1123 con-

113 1147 236 1205 ﬂati
273 1164 287 1203 :
323 1152 382 1205 et
413 1147 582 1205 Pater
607 1153 667 1206 et
697 1149 878 1206 Filius
910 1153 966 1206 et
990 1151 1243 1224 Spiritus
1291 1157 1532 1210 sanctus
1581 1172 1766 1212 unum

111 1241 353 1310 propter
379 1237 748 1295 individuam
769 1239 1155 1313 eamdemque
1182 1243 1651 1300 naturam.Aliud
1679 1249 1770 1302 est

110 1326 268 1384 enim
319 1343 498 1405 unum
542 1335 690 1398 sunt,
745 1331 804 1410 et
853 1327 1013 1384 aliud
1081 1346 1257 1410 unum
1317 1349 1554 1389 sumus:
1605 1333 1765 1390 aliud

109 1417 264 1474 403
295 1433 447 1474 unus
474 1424 570 1473 est.
594 1405 836 1484 Quando
861 1417 1080 1474 dicitur
1108 1405 1292 1476 unum
1325 1424 1485 1492 sunt,
1515 1421 1623 1478 etsi
1649 1440 1764 1479 non

109 1507 346 1562 dicatur
374 1506 520 1580 quid
564 1523 775 1576 unum,
805 1507 1160 1580 intelligitur
1214 1527 1334 1565 una
1387 1511 1761 1568 substantia:

109 1595 348 1668 quando
369 1595 588 1652 dicitur
608 1612 763 1652 unus
783 1599 872 1652 est
891 1597 963 1652 de
981 1597 1210 1654 duabus
1230 1598 1474 1656 diversis
1494 1601 1764 1656 substan-

107 1685 223 1752 tiis,
245 1701 498 1742 necesse
518 1689 610 1741 est
630 1689 697 1742 ut
717 1689 1015 1758 quaeratur
1051 1686 1199 1762 quid
1215 1705 1389 1744 unus.
1422 1688 1594 1744 Verbi
1626 1705 1763 1762 gra-

106 1775 201 1842 tia,
235 1771 478 1830 diversa
508 1773 843 1831 substantia
871 1777 961 1830 est
991 1759 1274 1832 anima'ct
1299 1793 1531 1851 corpus,
1566 1759 1761 1834 tamen

107 1881 256 1920 unus
279 1862 464 1918 homo
488 1879 502 1918 :
527 1862 757 1920 diversa
778 1862 1109 1921 substantia
1130 1868 1219 1920 est
1239 1865 1482 1938 spiritus
1506 1865 1762 1922 hominis

104 1957 159 2010 et
187 1951 443 2026 spiritus
470 1951 592 2018 Dei,
626 1955 821 2007 tamen
861 1969 996 2010 cum
1028 1952 1276 2010 Domino
1307 1954 1580 2024 adhaeret,
1605 1971 1762 2013 unus
1791 1995 1838 2062 B

114 2041 351 2062 ,,_.!,,!1___
381 2044 461 2062 --ι
518 2041 538 2062 Δ
562 2040 743 2062 ,ιΔΙΞΔΙΞι
773 2041 1011 2062 -..Ξμὲιμ--
1062 2061 1087 2062 η
1110 2060 1124 2062 _
1156 2061 1163 2062 κ
1217 2043 1252 2062 1⁸
1299 2043 1335 2062 οι
1703 2049 1712 2062 ι

105 2041 354 2115 spiritus
373 2044 484 2098 est.
505 2040 748 2098 Addidit
768 2041 1036 2115 spiritus,
1060 2060 1176 2101 non
1199 2043 1344 2100 dixit
1364 2062 1551 2101 unum
1582 2049 1721 2102 sunt
1743 2063 1757 2102 :

105 2133 200 2188 ubi
219 2133 430 2189 autem
453 2128 669 2186 dicitur
687 2147 876 2187 unum
897 2135 1058 2198 sunt,
1083 2149 1202 2190 una
1221 2133 1554 2190 substantia
1574 2135 1761 2208 signi-

105 2223 336 2278 ﬁcatur.
362 2219 461 2276 Sic
479 2223 540 2276 et
557 2236 692 2276 cum
712 2219 856 2276 dicit
873 2221 1186 2293 Apostolus
1210 2240 1223 2278 :
1246 2223 1474 2280 Scimus
1503 2223 1644 2294 quia
1661 2225 1760 2280 ni-

104 2309 192 2367 hil
213 2319 302 2368 est
329 2307 572 2366 idolum
587 2308 641 2382 (Ι
658 2310 794 2366 Cor.
815 2310 1035 2383 vm,4):
1069 2311 1158 2380 Et,
1192 2312 1364 2382 Quod
1383 2311 1591 2369 nullus
1616 2318 1763 2369 Deus

99 2401 211 2457 nisi
232 2416 414 2458 unus.
443 2401 591 2455 Nam
621 2400 731 2455 etsi
755 2405 892 2456 sunt
915 2401 1019 2474 qui
1044 2399 1322 2456 dicuntur
1349 2402 1443 2459 dii
1469 2401 1674 2474 multi,
1705 2411 1762 2459 et

101 2491 338 2547 domini
355 2505 453 2544 mu
463 2487 685 2556 tli,sioe
705 2488 764 2546 in
779 2488 947 2556 calo,
967 2491 1088 2546 sive
1110 2491 1168 2547 in
1189 2492 1544 2558 lerra,nobis
1564 2501 1762 2548 tamen

99 2596 240 2638 unus
264 2585 431 2638 Deus
451 2583 650 2645 Pater,
675 2595 749 2634 ea:
767 2595 879 2653 quo
899 2579 1098 2638 omnia
1115 2590 1169 2637 et
1185 2598 1289 2637 nos
1307 2581 1367 2638 in
1389 2581 1410 2638 i
1415 2581 1438 2637 ι
1445 2580 1590 2653 tum,
1617 2599 1763 2638 unus

103 2671 390 2727 Dominus
411 2671 580 2724 Iesus
605 2667 1012 2742 Christus,per
1032 2686 1197 2744 quem
1219 2671 1420 2727 omnia
1449 2677 1506 2728 et
1533 2688 1636 2728 uos
1657 2687 1764 2742 per

100 2757 278 2832 illum
301 2757 516 2827 (ibid.,
553 2758 609 2829 4,
638 2758 696 2826 5,
723 2757 800 2830 6),
835 2757 1099 2815 addendr
1129 2759 1264 2831 quis
1291 2759 1379 2815 vel
1410 2759 1552 2832 quid
1583 2778 1758 2818 unus.

101 2848 238 2903 Cum
258 2845 415 2904 dicit
435 2861 588 2902 unus
606 2851 758 2903 Deus
779 2851 979 2914 Pater,
1012 2850 1069 2902 et
1088 2862 1237 2902 unus
1262 2849 1544 2904 Dominus
1572 2852 1758 2916 Iesus,

102 2952 388 3010 personas
447 2933 716 2991 distinxit
771 2935 1128 2992 nominando
1177 2935 1406 2991 Patrem
1438 2941 1494 2991 et
1526 2936 1758 3005 Filium,

103 3023 505 3083 substantiam
551 3041 732 3080 unam
776 3023 1032 3080 ostendit
1059 3041 1194 3080 cum
1226 3029 1381 3082 Deus
1409 3025 1568 3082 dicit.
1598 3025 1762 3082 Unde

106 3114 235 3172 alibi
265 3114 530 3186 loquens
555 3112 880 3170 trinitatem
909 3129 1292 3186 personarum
1323 3113 1498 3170 unius
1526 3113 1762 3172 deitatis

106 3204 474 3261 demonstrat
498 3219 636 3260 cum
667 3201 829 3272 dicit,
867 3207 958 3260 E1:
985 3205 1134 3276 ipso,
1174 3201 1442 3260 videlicet
1475 3221 1544 3260 ex
1573 3203 1758 3272 Patre,

103 3309 202 3364 per
227 3295 457 3365 ipsum,
485 3308 592 3366 per
638 3291 872 3361 Filium,
923 3293 984 3348 in
1018 3293 1166 3364 ipso,
1200 3292 1423 3350 scilicet
1450 3293 1508 3348 in
1543 3293 1761 3365 Spiritu

1879 716 1936 766 et
1965 730 2077 768 non
2117 731 2237 770 una
2276 732 2525 788 persona
2556 717 2725 774 Pater
2743 723 2801 776 et
2823 719 3000 776 Filius
3021 727 3078 776 et
3105 723 3360 795 Spiritus
3388 743 3523 782 san-
3621 751 3642 770 ο

1878 804 2028 855 ctus.
2061 803 2415 859 Auetoritate
2447 805 2706 876 quidem,
2758 805 2896 878 quia
2927 813 2989 864 ut
3021 809 3253 866 Boetius
3282 811 3338 866 in
3375 812 3524 868 libro

1877 887 1959 944 De
1989 889 2270 947 Trinitate
2298 891 2439 947 dicit
2470 910 2484 948 :
2521 914 2548 946 ei
2581 895 2644 949 In
2677 912 2921 952 numero
2978 915 3092 970 quo
3145 915 3524 957 numeramus

1877 977 2142 1048 repetitio
2197 979 2494 1036 unitatum
2547 981 2685 1038 facit
2741 983 3136 1056 pluralitatem
3173 1003 3184 1042 :
3219 987 3278 1042 in
3327 1005 3522 1045 rerum

1874 1081 2008 1120 vero
2031 1083 2275 1123 numero
2296 1085 2412 1124 non
2435 1069 2574 1125 facit
2601 1070 2997 1142 pluralitatem
3034 1076 3328 1132 unitatum
3359 1093 3522 1149 repe-

1875 1153 2025 1223 titio,
2059 1155 2236 1211 veluti
2266 1173 2402 1212 cum
2434 1157 2602 1214 Pater
2630 1163 2688 1215 et
2719 1159 2900 1216 Filius
2921 1167 2978 1218 et
2999 1163 3254 1236 Spiritus
3284 1168 3525 1222 sanctus

1873 1243 2046 1298 tertio
2067 1245 2416 1316 praedicatur
2437 1247 2613 1304 Deus.
2646 1269 2674 1300 ››
2704 1249 2774 1305 Et
2802 1248 2942 1306 item
2968 1267 2980 1305 :
3011 1274 3037 1302 «
3068 1251 3258 1310 Unum
3287 1270 3380 1310 res
3411 1259 3522 1321 est,

1875 1331 2072 1388 unitas
2104 1349 2218 1404 quo
2244 1351 2430 1390 unum
2461 1335 2734 1393 dicimus.
2757 1360 2784 1386 »
2817 1339 2886 1394 Et
2911 1340 3256 1398 Ambrosius
3284 1341 3343 1397 in
3373 1341 3522 1399 libro

1873 1420 2064 1493 primo
2101 1422 2172 1477 de
2204 1422 2342 1478 Fide
2390 1425 2531 1496 (cap.
2565 1425 2618 1497 2)
2655 1441 2668 1482 :
2719 1449 2747 1476 «
2783 1425 2988 1484 Unitas
3037 1445 3320 1486 numerus
3369 1432 3522 1487 464

1874 1526 1989 1565 non
2011 1513 2119 1578 est,
2145 1511 2246 1568 sed
2269 1511 2390 1567 hzec
2413 1514 2678 1569 omnium
2701 1513 2830 1587 ipsa
2849 1515 3206 1590 principium
3227 1521 3374 1574 est.»
3406 1520 3524 1575 Sua

1873 1615 2104 1671 quoque
2134 1599 2578 1673 impugnatione
2607 1601 2971 1676 interpositio
2993 1607 3106 1663 ista
3125 1607 3374 1664 destruit
3393 1626 3521 1680 quze

1872 1687 2013 1742 dicit
2033 1687 2186 1743 trina
2215 1693 2272 1744 et
2303 1706 2418 1744 una
2449 1691 2666 1763 unitas,
2701 1693 2839 1764 quia
2871 1695 3067 1750 unitas
3088 1695 3145 1751 in
3170 1713 3236 1752 eo
3270 1713 3382 1768 quo
3405 1714 3522 1753 una

1871 1781 1962 1832 est
1990 1778 2146 1832 trina
2177 1793 2304 1832 esse
2337 1795 2452 1835 non
2483 1784 2692 1851 potest,
2727 1781 2880 1836 sicut
2928 1782 3186 1840 Trinitas
3216 1785 3276 1839 in
3307 1802 3372 1840 eo
3405 1802 3518 1858 quo

1872 1864 2024 1920 trina
2036 1870 2125 1920 est
2139 1883 2256 1920 una
2276 1883 2404 1922 esse
2421 1885 2533 1923 non
2549 1873 2759 1940 potest.
2784 1870 3040 1926 Trinitas
3057 1871 3278 1928 scilicet
3301 1873 3358 1928 in
3391 1891 3517 1945 per-

1870 1953 2030 2008 sonis
2062 1971 2179 2010 una
2206 1971 2334 2010 esse
2366 1973 2479 2011 non
2512 1958 2882 2028 potest,sicut
2911 1959 3200 2016 Sabellius
3228 1961 3520 2018 voluitzet

1870 2041 2065 2098 unitas
2086 2042 2474 2112 Trinitatis,id
2497 2049 2586 2102 est
2607 2045 2814 2114 deitas,
2837 2047 2994 2104 trina
3015 2065 3144 2105 esse
3165 2065 3279 2105 non
3303 2053 3517 2121 potest,

1869 2131 2022 2188 sicut
2039 2133 2210 2190 Arius
2233 2133 2575 2192 dixit.Fides
2597 2142 2791 2192 autem
2815 2137 3102 2194 catholica
3119 2144 3230 2212 est,
3248 2143 3314 2204 ut
3340 2139 3520 2196 Atha-

1870 2221 2074 2277 nasius
2115 2223 2312 2292 sentit,
2345 2227 2404 2279 et
2450 2223 2643 2280 omnis
2691 2225 3112 2282 catholicorum
3161 2227 3522 2284 unanimitas

1870 2310 2178 2377 consentit,
2209 2315 2274 2386 ut
2303 2329 2490 2367 unum
2521 2313 2705 2369 Deum
2737 2313 2794 2368 in
2829 2314 3086 2372 trinitate
3138 2333 3521 2389 personarum

1869 2403 2073 2454 contra
2091 2399 2434 2469 Sabellium,
2460 2405 2517 2456 et
2546 2401 2873 2459 trinitatem
2905 2421 3292 2476 personarum
3314 2405 3374 2461 in
3398 2406 3524 2461 uni-

1868 2491 1986 2542 tate
2011 2487 2262 2556 deitatis,
2291 2493 2495 2546 contra
2525 2489 2727 2546 Arium
2758 2508 3140 2550 veneremur:
3168 2511 3356 2567 neque
3385 2511 3520 2550 con-
3567 2503 3572 2510 ‘

1868 2576 2181 2632 fundentes
2212 2594 2514 2650 personas,
2549 2582 2614 2634 ut
2657 2579 2972 2650 Sabellius,
3025 2583 3192 2654 quasi
3241 2587 3360 2640 tres
3405 2601 3519 2639 non

1869 2664 2006 2734 sint,
2027 2681 2216 2738 neque
2237 2667 2628 2724 substantiam
2652 2675 3014 2740 separantes,
3041 2675 3105 2727 ut
3124 2671 3316 2741 Arius,
3350 2675 3518 2745 quasi

1869 2753 2023 2808 trina
2071 2753 2166 2809 sit.
2201 2755 2364 2810 Unde
2412 2755 2460 2810 si
2512 2758 2666 2828 quod
2716 2757 3004 2830 impostor
3050 2759 3521 2817 inconvenienler

1869 2843 2066 2914 posuit
2109 2861 2228 2898 una
2270 2843 2470 2900 unitas
2499 2845 2673 2901 etiam
2707 2846 2790 2902 sic
2822 2847 3204 2920 intelligatur,
3237 2849 3514 2922 quoniam

1869 2931 2037 2986 aliter
2056 2935 2208 2986 recte
2238 2949 2354 2987 non
2387 2937 2574 3004 potest
2602 2933 2870 3008 intelligi,
2905 2936 3044 3008 quia
3073 2943 3160 2993 est
3185 2954 3363 3009 super
3389 2955 3515 2993 om-

1869 3019 1970 3074 nia
1997 3019 2055 3074 in
2087 3020 2302 3092 quibus
2350 3021 2546 3078 unitas
2593 3022 2708 3078 diei
2749 3029 2958 3096 potest,
2993 3025 3052 3080 in
3083 3026 3272 3082 tribus
3301 3031 3515 3082 sancta

1869 3106 2172 3164 Trinitatis
2203 3109 2468 3182 personis
2503 3110 2690 3166 Patris
2720 3115 2776 3166 et
2802 3111 2930 3167 Filii
2961 3115 3018 3168 et
3045 3112 3300 3186 Spiritus
3331 3112 3518 3170 sancti
3569 3103 3574 3106 ’

1871 3213 1989 3252 una
2012 3195 2068 3252 id
2091 3201 2180 3252 est
2201 3196 2518 3270 singularis
2540 3203 2630 3254 est
2668 3199 2884 3268 unitas,
2908 3217 3158 3273 quorum
3179 3205 3269 3258 est
3291 3219 3410 3258 una
3439 3203 3546 3266 dis

1868 3286 2103 3359 vinitas,
2134 3285 2223 3342 vel
2272 3285 2322 3344 si
2373 3288 2706 3361 expressius
2763 3289 2978 3346 dicitur
3032 3290 3241 3362 deitas,
3273 3291 3558 3356 destruit_

107 3385 329 3450 sancto,
352 3387 489 3436 sunt
507 3379 730 3448 omnia,
749 3379 869 3452 ipsi
885 3381 1083 3451 gloria
1099 3383 1286 3446 (Rom.
1318 3397 1394 3448 χι,
1425 3381 1540 3450 36),
1561 3385 1619 3437 et
1648 3399 1764 3437 non
1791 3366 1834 3434 C
1872 3377 2029 3449 quod
2087 3379 2220 3432 ante
2275 3377 2533 3450 positum
2576 3383 2686 3446 est,
2715 3383 2783 3434 ut
2811 3379 2967 3436 trina
2995 3379 3072 3436 sit
3100 3380 3318 3449 unitas,
3349 3381 3408 3436 id
3432 3385 3523 3438 est

109 3469 244 3542 ipsis
261 3468 465 3543 gloria
499 3467 810 3540 subjunxit
831 3485 844 3525 :
869 3468 1009 3541 quia
1029 3468 1145 3525 alia
1163 3474 1253 3526 est
1274 3486 1524 3542 persona
1553 3469 1761 3539 Patris,

108 3557 216 3614 alia
233 3556 400 3626 Filii,
425 3555 544 3612 alia
565 3555 823 3628 Spiritus
845 3555 1032 3612 sancti
1057 3573 1071 3612 :
1098 3557 1200 3613 sed
1224 3557 1283 3613 in
1323 3557 1538 3614 deitate
1569 3557 1765 3614 unitas

107 3647 368 3704 creditur
386 3649 446 3722 et
465 3645 837 3718 praedicatur,
863 3645 1003 3718 quia
1043 3645 1232 3703 Patris
1267 3649 1324 3702 et
1345 3645 1473 3703 Filii
1494 3651 1552 3703 et
1583 3647 1765 3720 Spiri-

107 3740 196 3794 tus
214 3735 412 3794 saneti
437 3751 559 3790 una
580 3739 671 3791 est
691 3734 988 3802 divinitas,
1012 3734 1253 3803 aequalis
1272 3735 1768 3808 gloria,coaeterna

109 3825 409 3898 majestas.
445 3823 738 3895 Impostor
765 3839 898 3880 vero
931 3821 1230 3891 falsitatis,
1264 3825 1319 3878 et
1345 3823 1536 3879 verbis
1579 3823 1765 3879 sancti

107 3911 421 3988 Augustini
472 3909 808 3980 insultator,
841 3910 1211 3984 quiscunque
1269 3910 1366 3967 ille
1424 3911 1617 3979 fuerit,
1651 3930 1767 3969 non

110 4019 283 4060 ausus
304 4004 516 4074 aperte
537 3999 839 4072 imponere
856 4000 1015 4056 trina
1035 4005 1094 4056 et
1113 4017 1232 4056 una
1255 3999 1462 4068 deitas,
1487 4018 1561 4056 ne
1581 4001 1766 4073 perci-

111 4096 365 4164 peretur,
389 4089 646 4146 immisit
665 4089 822 4162 quod
843 4089 1212 4145 tantumdem
1233 4087 1768 4162 valeret,quatenus

112 4197 207 4252 per
232 4177 638 4238 substantiale
681 4195 916 4247 nomen,
950 4178 1103 4250 quod
1141 4181 1230 4234 est
1257 4177 1490 4246 veritas,
1523 4178 1769 4234 dicendo

110 4271 257 4327 trina
286 4274 350 4327 et
381 4285 503 4326 una
527 4267 904 4335 veritas,cum
937 4267 1105 4323 Pater
1134 4269 1190 4322 et
1221 4265 1402 4322 Filius
1432 4271 1490 4322 et
1516 4267 1770 4340 Spiritus

113 4365 378 4428 sanctus,
399 4362 468 4414 ut
485 4356 855 4430 Augustinus
876 4355 1039 4424 dicit,
1064 4373 1179 4412 non
1203 4359 1320 4412 tres
1348 4356 1640 4424 veritates,
1666 4373 1770 4413 nec

115 4448 261 4505 trina
288 4447 536 4516 veritas,
561 4447 663 4502 sed
695 4463 815 4502 una
841 4445 962 4502 sint
988 4445 1225 4512 veritas,
1251 4445 1403 4501 sicut
1432 4463 1551 4502 una
1581 4463 1774 4502 essen-

112 4537 207 4607 tia,
239 4542 298 4594 et
327 4553 456 4594 una
479 4535 603 4591 vita
635 4551 649 4592 :
685 4537 742 4591 et
773 4533 1040 4616 addendo
1099 4533 1254 4590 trina
1301 4538 1358 4590 et
1403 4551 1522 4590 una
1551 4534 1769 4606 unitas,

115 4627 362 4699 probare
384 4628 588 4699 posset
607 4623 762 4698 quod
785 4623 899 4680 dici
923 4623 1159 4680 deberet
1175 4623 1330 4680 trina
1347 4628 1405 4679 et
1427 4641 1546 4680 una
1562 4623 1770 4681 deitas.

1873 3465 2058 3522 Patris
2089 3469 2144 3520 et
2174 3463 2301 3520 Filii
2332 3470 2388 3521 et
2419 3465 2674 3538 Spiritus
2707 3467 2894 3524 sancti
2927 3468 3136 3538 deitas,
3170 3487 3298 3542 quae
3327 3469 3522 3526 Trini-
3569 3527 3577 3534 ,

1874 3553 2009 3610 tatis
2040 3559 2130 3610 est
2153 3555 2370 3610 unitas.
2399 3555 2924 3612 Extcrminandum
2951 3561 3039 3614 est
3066 3558 3248 3631 igitur
3276 3575 3521 3633 pravum

1875 3644 2108 3716 dogma,
2141 3647 2200 3699 et
2230 3645 2594 3716 sequendum
2624 3646 2780 3717 quod
2812 3647 3022 3702 docent
3063 3648 3354 3714 catholici,
3383 3648 3523 3720 quia

1874 3731 2131 3788 Trinitas
2162 3733 2328 3788 Pater
2356 3737 2414 3788 et
2445 3733 2625 3789 Filius
2653 3739 2712 3790 et
2741 3735 2994 3808 Spiritus
3042 3741 3281 3792 sanctus
3315 3738 3388 3792 ad
3415 3737 3520 3792 ali-

1875 3820 2038 3892 quid,
2066 3821 2124 3876 id
2145 3824 2235 3877 est
2263 3820 2497 3877 relative
2527 3821 2822 3890 dicuntur,
2847 3824 3002 3879 unde
3021 3829 3079 3880 et
3108 3823 3414 3896 pluralitas
3433 3828 3522 3880 est

1876 3910 1934 3980 in
1958 3909 2223 3983 personis
2247 3927 2262 3978 ;
2283 3910 2496 3966 veritas
2520 3927 2671 3980 vero,
2724 3912 2997 3978 essentia,
3031 3912 3238 3982 deitas,
3275 3930 3422 3984 quae,
3456 3916 3523 3968 ut

1875 3999 2238 4072 Augustinus
2277 3997 2456 4054 dicit:
2489 3999 2791 4056 Trinitatis
2834 4005 2922 4056 est
2951 4000 3166 4070 unitas,
3200 4001 3270 4057 de
3301 4002 3416 4057 Deo
3447 4002 3521 4056 ad

1878 4105 1940 4145 se
1969 4089 2027 4143 id
2059 4092 2149 4144 est
2178 4086 2645 4144 substantialiter
2667 4106 2734 4144 ac
2765 4105 2868 4162 per
2897 4089 3006 4146 hoc
3036 4089 3410 4162 singulariter
3435 4091 3522 4146 di-
3567 4165 3576 4172 ι

1879 4179 2053 4246 citur,
2085 4181 2139 4233 et
2171 4193 2326 4232 unus
2355 4176 2510 4232 Deus
2539 4177 2707 4233 Pater
2733 4183 2790 4234 et
2820 4177 3004 4236 Filius
3032 4184 3090 4236 et
3118 4179 3374 4252 Spiritus
3396 4196 3526 4236 san-

1879 4271 2032 4338 ctus,
2057 4265 2116 4321 in
2148 4282 2213 4322 eo
2245 4282 2358 4337 quo
2403 4263 2594 4321 trinus
2636 4269 2744 4335 est,
2781 4284 2934 4322 unus
2965 4285 3078 4323 non
3111 4267 3346 4340 dicitur,
3379 4267 3524 4330 etin

1878 4373 1945 4412 eo
1974 4372 2089 4427 quo
2116 4371 2270 4410 unus
2301 4357 2413 4422 est,
2443 4353 2634 4410 trinus
2661 4371 2776 4410 non
2814 4355 3048 4412 dicitur.
3083 4356 3192 4412 Sed
3226 4361 3292 4412 ut
3319 4357 3527 4412 beatus

1881 4448 2074 4500 cantat
2102 4441 2448 4499 Ambrosius
2481 4459 2494 4498 :
2543 4442 2707 4500 Unus
2753 4448 2844 4500 est
2890 4445 3309 4518 potentialiter,
3343 4445 3402 4500 id
3440 4449 3530 4503 est

1881 4531 2365 4600 substantialiter,
2390 4532 2544 4588 sicut
2561 4533 2926 4606 Augustinus
2948 4535 3172 4606 dicit,et
3196 4536 3387 4592 trinus
3406 4551 3532 4608 per~

1882 4621 2563 4681 sonaliter.Manifestum
2585 4626 2642 4678 et
2662 4623 3102 4681 manifestatum
3125 4629 3213 4682 est
3231 4642 3366 4698 ergo
3378 4641 3532 4682 com-

116 4715 180 4772 Et
197 4715 396 4773 noluit
425 4713 662 4771 mittere
693 4711 1060 4772 Gothescalci
1087 4713 1284 4780 verba,
1319 4717 1386 4768 ut
1411 4713 1631 4769 diceret
1660 4713 1774 4770 dei-
1804 4744 1850 4808 D
1883 4712 2155 4786 pilatum,
2179 4715 2236 4767 et
2253 4710 2645 4808 adu-Iteratum
2667 4717 2841 4808 atque
2863 4712 3140 4808 falsatum
3162 4730 3291 4770 esse
3312 4713 3528 4808 librum
3583 4767 3585 4772 .

115 4807 198 4860 tas
227 4805 394 4862 trina
421 4807 516 4861 est
546 4801 955 4877 personaliter,
987 4805 1046 4858 et
1072 4819 1192 4858 una
1219 4802 1663 4870 naturaliter,ne
1693 4819 1776 4859 re-

117 4896 638 4967 cognoscerentur,
670 4894 728 4948 et
755 4907 825 4948 ex
853 4907 920 4947 eo
951 4895 1388 4964 respuerentur.
1420 4890 1673 4948 Immisit
1697 4895 1778 4948 ta-

121 4997 250 5039 men
303 4981 582 5040 absolute
631 4979 788 5037 trina
818 4983 876 5038 et
905 4997 1026 5037 una
1056 4979 1272 5047 unitas,
1305 4997 1377 5036 ne
1406 4997 1515 5036 sua
1543 4981 1718 5037 verba
1745 4999 1780 5038 a

118 5071 482 5129 Gothescalci
503 5069 700 5128 verbis
719 5086 898 5126 sensu
919 5069 1340 5126 discordarent.
1375 5069 1509 5136 Sed,
1542 5073 1608 5124 ut
1636 5070 1779 5126 scri-

119 5163 278 5232 ptum
303 5160 948 5232 estzFrustrajacitur
966 5163 1088 5214 rete
1117 5163 1256 5213 ante
1279 5157 1479 5213 oculos
1499 5165 1783 5230 pennata-

119 5265 250 5306 rum
275 5253 478 5320 (Prov.
503 5267 545 5320 ι,
574 5249 683 5322 17).
712 5248 960 5306 Videtur
988 5263 1244 5319 namque
1274 5247 1436 5303 fraus
1476 5247 1780 5322 sacrilega,

122 5342 184 5394 ut
201 5343 476 5414 patenter
495 5341 801 5396 ostensum
832 5341 920 5394 est
944 5340 1007 5419 et
1037 5336 1227 5392 adhuc
1255 5336 1611 5404 ostendetur,
1645 5337 1784 5410 quia

122 5443 233 5483 non
258 5427 459 5486 solum
483 5427 712 5485 ratione
733 5431 792 5486 et
813 5425 1180 5493 auctoritate,
1204 5442 1407 5481 verum
1431 5429 1488 5480 et
1518 5443 1626 5482 sua
1655 5426 1784 5498 ipsa

122 5514 568 5591 impugnatione
611 5515 980 5590 interpositio
1023 5515 1138 5571 ista
1168 5513 1506 5570 destruitur.
1541 5515 1784 5573 Ratione

123 5605 364 5680 quippe,
390 5607 548 5680 quia,
575 5610 644 5662 ut
670 5603 1037 5680 Augustinus
1069 5603 1230 5673 dicit,
1262 5603 1448 5660 deitas
1479 5603 1782 5662 Trinitatis

123 5695 463 5767 est'unitas,
494 5702 554 5755 et
584 5696 786 5754 unitas
826 5711 944 5772 qua
988 5698 1106 5751 tres
1138 5711 1398 5767 personae
1431 5711 1614 5768 unum
1646 5700 1785 5752 sunt

125 5783 280 5844 trina
309 5801 444 5847 esse
472 5788 833 5865 non‘potest.
869 5784 1094 5845 Natura
1128 5783 1306 5857 enim,
1343 5782 1576 5858 deitate,
1608 5783 1665 5842 id
1697 5787 1787 5844 est

1885 4803 2037 4859 beati
2066 4799 2376 4874 Augustini
2408 4805 2611 4858 contra
2641 4802 2899 4875 quinque
2927 4802 3184 4860 hostium
3215 4818 3446 4876 genera,
3468 4802 3532 4856 ia

1885 4909 2001 4965 quo
2031 4891 2152 4946 haec
2201 4889 2474 4946 haeretica
2519 4891 2776 4964 pravitas
2803 4909 2837 4947 a
2865 4909 3217 4964 quocunque
3259 4889 3532 4946 falsators

1887 4981 2231 5054 interposita
2249 4981 2699 5052 comprobatur:
2727 4981 2880 5037 sicut
2900 4981 2960 5036 in
2989 4980 3196 5052 quinta
3225 4979 3444 5053 synodo
3465 4993 3534 5034 ex

1889 5070 2308 5127 catholicorum
2333 5069 2499 5125 libris
2521 5069 2788 5141 quaedam
2807 5069 3144 5126 testimonia
3159 5069 3230 5124 ab
3248 5065 3534 5123 haereticis

1891 5161 1962 5216 ad
1995 5177 2164 5216 suam
2197 5158 2660 5216 conﬁrmandam
2710 5158 3054 5230 pravitatem
3083 5159 3447 5224 detruncata,
3480 5160 3537 5212 et

1893 5249 2161 5322 quaedam
2187 5248 2334 5304 falsa
2365 5247 2664 5304 catholicis
2695 5246 3114 5303 catholicorum
3143 5245 3334 5303 verbis
3361 5246 3540 5302 inter-

1891 5340 2083 5412 posita
2112 5339 2295 5394 fuisse
2342 5336 2645 5410 vigilantia
2701 5334 3117 5393 catholicorum
3175 5335 3408 5393 detexit.
3442 5335 3539 5393 Sic

1892 5427 2049 5484 enim
2081 5427 2510 5500 deprehensum
2542 5425 2860 5482 Macarium
2878 5425 3306 5482 Antiochenum
3324 5424 3542 5500 episco-

1891 5535 2032 5592 pum
2054 5517 2114 5572 in
2137 5521 2300 5574 sexta
2320 5516 2540 5588 synodo
2559 5513 2812 5588 legimus
2834 5531 2848 5570 :
2875 5515 2958 5572 sic
2981 5520 3331 5587 Donatus,ut
3347 5517 3542 5590 Augu-

1893 5608 2085 5666 stinus
2117 5607 2178 5663 in
2209 5606 2358 5662 libro
2406 5605 2904 5662 Retractationum
2955 5605 3119 5676 dicit,
3148 5607 3219 5664 de
3249 5605 3545 5666 sententia

1893 5700 1999 5768 Qui
2025 5699 2264 5772 baptimt
2291 5715 2326 5754 α
2352 5703 2582 5766 mortuo,
2615 5705 2666 5753 ct
2720 5698 2920 5752 iterum
2968 5699 3144 5772 tangit
3198 5698 3379 5770 illum,
3411 5694 3544 5775 quid
3573 5742 3582 5748 .

1888 5792 2104 5868 proﬁcit
2133 5791 2332 5848 lavatio
2360 5790 2475 5866 ejus
2505 5789 2692 5863 (Eccli.
2725 5805 2915 5862 xxxrv,
2947 5789 3063 5864 30),
3094 5789 3168 5850 ad
3199 5805 3368 5850 suam
3399 5805 3544 5848 con-
3590 5781 3599 5793 ’
