4018 6444
491 405 608 468 531

1423 407 1810 470 HINCMARI
1855 405 2304 468 llHEMENSIS
2347 401 2966 484 ARCHIEPISGOPI.

3745 411 3844 474 532

489 539 732 616 quentia
775 540 1106 597 destruunt.
1138 539 1286 596 Nam
1331 541 1487 613 quod
1508 507 1514 512 δ
1535 539 1697 610 dixit,
1736 541 1888 598 sicut
1933 543 2134 597 sancta
2159 539 2215 606 Α
2244 538 2656 607 substantia,et
2672 543 2882 596 natura
2911 537 3098 596 Patris
3124 539 3650 614 etFiliietSpiritus
3663 546 3842 602 sancti.

487 631 746 688 Trinitas
775 629 1165 686 essentialiter
1195 633 1370 701 atque
1401 630 1742 686 naturaliter
1785 634 1874 686 est
1913 648 2048 700 una,
2083 630 2132 688 si

488 721 570 785 ita
597 719 960 794 intelligatur
1009 719 1162 774 sicut
1212 720 1380 775 debet
1427 719 1693 794 intelligi,
1726 720 1948 776 scilicet
1994 721 2134 794 quia

487 809 745 866 Trinitas
802 826 922 864 una
976 812 1066 864 est
1113 809 1364 865 essentia
1416 815 1589 882 atque
1648 814 1877 876 natura,
1928 809 1985 866 id
2045 814 2134 866 est

487 899 722 966 deitate,
754 897 1060 954 Trinitatis
1119 897 1387 955 videlicet
1443 899 1686 968 unitate,
1750 899 2134 972 personaliter

488 989 674 1054 deitas
705 987 861 1044 trina
889 1005 1017 1043 esse
1047 1005 1162 1043 non
1195 992 1403 1060 potest,
1424 1005 1490 1044 ac
1521 1006 1623 1061 per
1650 989 1758 1045 hoc
1788 989 1934 1045 illud
1975 992 2129 1063 quod

489 1077 774 1152 prmmisit
803 1081 1005 1134 sancta
1034 1077 1292 1133 Trinitas
1319 1078 1708 1134 essentialiter
1735 1083 1910 1152 atque
1956 1084 2130 1136 natu-

489 1167 688 1222 raliter
715 1171 806 1224 est
835 1184 971 1234 una,
1003 1166 1253 1223 destruit
1284 1169 1440 1240 quod
1471 1169 1796 1240 subjunxit,
1820 1171 1973 1226 469
2019 1170 2136 1226 dei-

487 1261 578 1312 tas
608 1256 994 1328 personaliter
1038 1260 1127 1312 est
1173 1256 1346 1327 trina,
1381 1259 1536 1329 quod
1584 1275 1712 1315 esse
1752 1277 1873 1314 non
1919 1262 2129 1332 potest,

488 1345 766 1418 quoniam
813 1345 1000 1400 deitas
1048 1345 1106 1400 id
1157 1345 1353 1418 ipsum
1390 1350 1482 1403 est
1533 1348 1688 1419 quod
1719 1348 2050 1406 substantia
2077 1352 2135 1405 et

489 1438 722 1506 natura,
755 1451 884 1508 quae
941 1452 1174 1509 semper
1221 1453 1340 1492 una
1385 1440 1493 1505 est,
1521 1440 1580 1494 et
1625 1437 1780 1494 trina
1831 1455 1959 1496 esse
2015 1456 2130 1494 non

489 1528 699 1599 potest,
727 1525 867 1598 quia
915 1524 1100 1582 deitas
1159 1530 1225 1581 ut
1276 1526 1650 1594 Athanasius,
1679 1528 2043 1598 Ambrosius,
2075 1534 2134 1586 et

487 1613 853 1687 Augustinus
883 1613 1111 1684 dicunt,
1143 1615 1446 1672 Trinitatis
1477 1620 1568 1673 est
1617 1617 1832 1675 unitas.
1863 1619 1934 1674 Et
1979 1621 2133 1692 quod

489 1703 812 1775 subjunxit,
846 1704 1018 1760 deitas
1061 1707 1420 1776 personaliter
1471 1715 1552 1764 est
1594 1709 1766 1776 trina,
1825 1709 2134 1782 impugnat

488 1794 643 1866 quod
675 1793 1036 1866 praemiserat
1059 1811 1072 1851 :
1098 1794 1354 1852 Trinitas
1373 1797 1760 1854 essentialiter
1777 1803 1952 1871 atque
1969 1803 2135 1856 natu-

487 1883 686 1941 raliter
702 1887 793 1940 est
812 1901 948 1940 una.
973 1885 1099 1940 Non
1121 1885 1278 1941 enim
1299 1885 1358 1942 in
1381 1905 1448 1943 eo
1468 1905 1584 1960 quo
1607 1905 1724 1944 una
1744 1892 1834 1945 est
1853 1889 2130 1959 Trinitas,
2163 1915 2212 1979 Β

483 1973 544 2030 id
574 1977 664 2029 est
691 1972 751 2028 in
782 1974 1039 2030 essentia
1067 1979 1242 2048 atque
1279 1981 1510 2047 natura,
1542 1977 1698 2034 trina
1743 1995 1871 2036 esse
1919 1985 2130 2052 potest,

483 2063 646 2120 sibut
673 2061 844 2119 Arius
883 2064 1279 2120 dementavit:
1314 2070 1372 2122 et
1413 2068 1473 2122 in
1512 2086 1579 2126 eo
1627 2086 1744 2140 quo
1783 2087 1938 2125 unus
1984 2075 2133 2127 Deus

485 2151 746 2210 Trinitas
764 2152 852 2209 vel
874 2153 1068 2209 trinus
1089 2155 1386 2225 dicitur,id
1407 2160 1496 2213 est
1515 2157 1575 2212 in
1597 2175 1980 2229 personarum
2001 2177 2132 2232 pro-

485 2241 752 2314 prietate,
787 2250 903 2299 non
936 2261 1111 2314 unus,
1146 2245 1300 2301 sicut
1347 2247 1638 2305 Sabellius
1685 2247 2132 2320 blasphemavit,

486 2332 589 2388 sed
612 2349 798 2388 unum
819 2336 928 2401 est,
945 2333 1098 2390 sicut
1117 2333 1384 2392 Christus
1405 2336 1466 2392 in
1485 2337 1796 2410 Evangelia
1818 2337 1978 2395 dicit.
1993 2340 2133 2395 Con-

485 2425 581 2478 tra
591 2439 740 2494 quos
759 2424 1309 2482 cantatAmbrosius
1333 2443 1345 2481 :
1370 2449 1398 2478 «
1413 2426 1567 2484 Deus
1586 2445 1731 2484 unus
1747 2430 2131 2500 potentialiter,

2242 629 2413 684 Fides
2445 629 2659 702 quippe
2691 629 2977 686 catholica
3003 629 3125 686 haec
3155 634 3263 697 est,
3297 634 3364 686 ut
3391 647 3573 686 unum
3601 631 3766 690 Deum
3793 635 3845 692 in

2241 717 2524 774 Trinitate
2555 722 3030 790 personarum,et
3049 718 3393 775 Trinitatem
3422 736 3779 792 personarum
3797 723 3846 780 in

2241 807 2464 864 unitate
2476 806 2708 863 deitatis
2727 823 3088 875 veneremur,
3109 824 3298 880 neque
3314 808 3722 868 confundentes
3736 829 3848 886 per-

2243 900 2516 964 sonas,ut
2545 899 2662 951 tres
2679 913 2793 951 non
2826 895 2964 963 sint,
2981 913 3169 969 neque
3189 897 3581 953 substantiam
3614 915 3849 972 separan-

2239 989 2348 1053 tes,
2374 989 2440 1040 ut
2459 985 2615 1040 trina
2645 985 2750 1052 sit;
2783 1001 2910 1057 qua:
2943 1003 3061 1041 una
3089 985 3440 1053 substantia,
3473 986 3531 1041 id
3559 991 3644 1043 est
3671 988 3846 1058 deitas,

2241 1091 2368 1147 qua:
2394 1073 2697 1130 Trinitatis
2720 1078 2809 1130 est
2839 1073 3245 1141 unitas,etiam
3276 1074 3336 1130 in
3359 1075 3620 1148 personis
3648 1093 3748 1134 non
3776 1096 3850 1135 va-

2239 1162 2367 1220 lens
2397 1162 2572 1218 dividi
2603 1163 2732 1235 ipsa
2761 1161 3194 1236 separabilitate
3224 1181 3352 1231 sua,
3385 1166 3541 1221 470
3577 1169 3688 1222 tres
3727 1167 3850 1224 inse-

2241 1251 2518 1325 parabilis
2550 1251 2856 1308 Trinitatis
2899 1269 3180 1324 personas
3229 1251 3486 1310 ostendit
3532 1270 3673 1324 esse,
3703 1259 3754 1311 et
3790 1256 3849 1311 ab

2241 1340 2488 1397 invicem
2509 1340 2767 1414 separari
2799 1357 2913 1396 non
2935 1357 3124 1414 posse,
3140 1342 3280 1414 quia
3295 1341 3610 1414 cujuslibet
3628 1360 3848 1416 personae

2241 1447 2454 1486 nomen
2487 1447 2718 1504 semper
2760 1431 2834 1486 ad
2883 1429 3126 1488 alteram
3174 1429 3413 1504 respicit
3459 1448 3766 1504 personam.
3801 1433 3848 1489 Si

2242 1519 2473 1576 Patrem
2505 1517 2901 1588 dicis,l"‘ilium
2932 1519 3226 1590 ostendis;
3261 1519 3311 1577 si
3344 1519 3556 1577 Filium
3598 1520 3850 1588 nominas,

2242 1609 2472 1664 Patrem
2520 1607 2832 1681 pradicas;
2867 1607 2915 1664 si
2965 1607 3249 1682 Spiritum
3298 1613 3568 1666 sanctum
3607 1607 3849 1683 appellas,

2241 1696 2490 1769 alicujus
2521 1714 2646 1754 esse
2678 1697 2954 1770 spiritum
2980 1714 3218 1754 necesse
3243 1701 3332 1754 est
3370 1697 3677 1772 intelligas,
3705 1697 3756 1752 id
3783 1702 3854 1754 est

2243 1785 2429 1843 Patris
2457 1789 2514 1841 et
2544 1785 2694 1854 Filii,
2727 1802 2978 1858 quorum
3011 1802 3130 1841 una
3174 1781 3498 1859 eademque
3543 1785 3850 1854 substantia,

2243 1874 2301 1930 id
2331 1878 2422 1930 est
2441 1875 2628 1930 deitas
2651 1891 2777 1947 quae
2799 1873 3104 1930 Trinitatis
3124 1879 3213 1930 est
3232 1874 3519 1942 unitas,in
3541 1874 3769 1950 singulis
3781 1879 3854 1931 est

2241 1967 2364 2019 tota
2393 1963 2676 2035 personis,
2709 1968 2766 2018 et
2795 1967 2915 2018 tota
2945 1963 3005 2018 in
3034 1961 3224 2020 tribus
3253 1963 3436 2020 simul
3481 1964 3730 2036 personis
3751 1982 3762 2020 :
3781 1963 3853 2020 vel

2243 2051 2292 2110 si
2323 2053 2538 2108 rectius
2568 2051 2806 2122 dicitur,
2839 2069 2908 2108 ne
2938 2056 3216 2124 putentur
3246 2051 3406 2110 aliud
3438 2069 3564 2111 esse
3595 2054 3651 2109 in
3686 2057 3855 2110 sancta

2243 2139 2528 2198 Trinitate
2559 2157 2840 2213 personae,
2858 2143 2916 2196 et
2943 2138 3102 2196 aliud
3127 2139 3330 2210 deitas,
3351 2145 3477 2198 tota
3505 2141 3852 2216 perfectaque,

2243 2237 2330 2286 est
2361 2231 2548 2286 deitas
2581 2228 2822 2302 singula:
2854 2229 2914 2284 in
2945 2234 3148 2286 sancta
3191 2230 3480 2288 Trinitate
3527 2248 3782 2304 personae,
3809 2235 3856 2288 et

2241 2323 2365 2376 tota
2410 2319 2798 2392 perfectaque,
2831 2323 2922 2374 est
2967 2319 3154 2375 deitas
3201 2323 3322 2377 tres
3367 2319 3548 2378 simul
3595 2321 3650 2377 in
3686 2325 3857 2378 sancta

2243 2405 2525 2462 Trinitate
2555 2404 2833 2479 personae.
2860 2406 2928 2460 Et
2957 2404 3173 2462 idcirco
3204 2405 3615 2480 inseparabilis
3645 2412 3726 2466 est
3753 2426 3857 2465 san-

2244 2499 2338 2550 cta
2364 2494 2624 2550 Trinitas
2655 2493 2832 2550 etiam
2871 2494 2929 2550 in
2961 2495 3228 2568 personis
3273 2513 3456 2554 sensu
3495 2496 3856 2572 intelligenda,

489 2513 778 2584 trinuqu
792 2515 1210 2584 personaliter.»
1237 2515 1692 2583 EtAthanasius,
1709 2541 1738 2568 «
1756 2517 1924 2576 Fides
1945 2519 2136 2576 catho-

488 2598 604 2657 lica
632 2582 753 2657 haec
783 2582 890 2668 est,
924 2607 991 2658 ut
1021 2621 1206 2659 unum
1237 2604 1421 2660 Deum
1453 2605 1511 2661 in
1559 2582 1819 2664 trinitate
1868 2625 2136 2681 persona-
2245 2584 2512 2681 anmﬁis
2543 2582 2603 2638 in
2633 2600 2769 2640 Voce
2809 2583 3159 2681 δθρθτψίίίθλ
3205 2584 3448 2681 δθδεῖίίίη
3469 2587 3716 2681 Ποωὴῖἷίν
3745 2584 3858 2660 qni“

491 2706 648 2755 rum,
680 2693 738 2746 et
763 2691 1082 2748 trinitatem
1116 2710 1497 2766 personarum
1527 2695 1586 2751 in
1635 2671 2134 2754 unitate-deitatis
2243 2671 2531 2766 Plura???“
2550 2689 2861 2766 numerum
2884 2672 2944 2728 in
2963 2673 3544 2766 naturﬁnP‘Pimbus
3566 2675 3858 2766 “ulmum”

490 2793 854 2848 veneremur,
873 2797 1060 2852 neque
1082 2782 1504 2840 confundentes
1515 2799 1795 2856 personas
1806 2791 1871 2842 ut
1881 2790 2002 2842 tres
2019 2805 2133 2843 non

2243 2760 2467 2834 recipit.
2485 2761 2548 2816 In
2581 2761 2847 2832 personis
2881 2779 3132 2836 namque
3155 2763 3416 2820 Trinitas
3437 2769 3675 2834 constat,
3696 2763 3750 2820 in
3775 2781 3856 2819 na-

491 2867 632 2934 sint,
667 2884 854 2942 neque
891 2851 1253 2927 substantias
1299 2851 1660 2944 separantes,
1691 2878 1758 2930 ut
1815 2874 1969 2931 trina
2013 2875 2090 2932 sit
2118 2893 2131 2932 :
2243 2853 2376 2906 tum
2407 2851 2464 2950 id
2496 2854 2583 2906 δεῖ
2613 2851 2672 2956 if‘
2703 2851 2916 2956 deilfte
2948 2851 3162 2956 {miti}?
3189 2869 3327 2956 (12⁸³,
3348 2853 3531 2956 di“?
3565 2872 3670 2956 non"
3700 2856 3859 2956 Ρίῖξθδί

491 2957 630 3028 quia
657 2940 880 3013 aliaest
917 2975 1165 3030 persona
1187 2940 1394 3032 Patris,
1409 2960 1524 3016 alia
1553 2961 1700 3034 Filii,
1735 2963 1852 3020 alia
1881 2963 2136 3036 Spiritus

2245 2940 2519 3013 quoniam
2555 2942 2781 3009 natura,
2803 2940 2864 2996 id
2895 2944 2984 2996 est
3013 2940 3200 2998 deitas
3231 2941 3540 3000 Trinitatis
3568 2947 3652 3000 est
3672 2943 3854 3000 unitas.

487 3045 697 3112 sancti,
721 3047 822 3101 sed
855 3046 1060 3114 Patris,
1085 3051 1141 3103 et
1171 3048 1299 3104 Filii
1330 3030 1388 3104 et
1418 3030 1875 3122 Spiritus-sancti
1897 3030 2016 3108 una
2045 3057 2136 3109 est
2247 3030 2361 3085 Hoc
2381 3030 2535 3130 en?!“
2557 3046 2688 3084 Vere
2709 3030 3097 3130 ίηὲθῖξθτθῗξίιθ
3129 3030 3364 3130 digitm:
3380 3034 3539 3130 qugd
3564 3033 3856 3090 Numanus

484 3133 783 3205 divinitas,
817 3135 1058 3208 aequalis
1099 3136 1306 3210 gloria,
1337 3121 1624 3205 οοῳίθνηα
1671 3141 1970 3210 ωαίεδιαε,
2008 3164 2036 3191 ,,
2067 3143 2137 3197 Et
2244 3121 2670 3210 separationem
2691 3122 2882 3210 potest
2902 3121 3328 3210 recipere.Nam
3347 3123 3505 3210 quod
3527 3140 3638 3179 non
3657 3139 3854 3195 separa-

481 3222 847 3292 Augustinus
881 3223 940 3278 in
973 3223 1122 3280 libro
1155 3226 1404 3297 septimo
1435 3229 1505 3284 de
1533 3227 1815 3285 Trinitate
1845 3233 1984 3302 (cap.
2024 3233 2081 3300 6)
2115 3247 2127 3286 :

2241 3210 2357 3275 tur,
2382 3207 2483 3264 sed
2516 3206 2773 3280 separari
2803 3211 3013 3279 potest,
3032 3207 3426 3282 inseparabile
3458 3229 3572 3268 non
3602 3216 3701 3269 est.
3731 3211 3856 3267 Inse-

452 3320 460 3328 '
483 3331 514 3360 «
547 3281 730 3378 Sicut,
750 3281 1518 3383 inquit,substanltiaPatri‘s
1539 3281 1984 3390 ipse—Pater:
2161 3281 2204 3349 Ο
2243 3295 2522 3390 Ρθτθδξιίβ
2552 3300 2644 3390 ῗὲί
2673 3313 2808 3390 θτξο
2832 3301 3035 3390 sanet?
3062 3296 3322 3390 Trinitas
3342 3300 3604 3390 etiamin
3624 3298 3853 3390 P9P39"i9

483 3415 600 3470 quo
631 3402 796 3470 pater
822 3404 929 3469 est,
945 3402 1046 3458 sed
1077 3419 1192 3474 quo
1223 3407 1331 3470 est,
1344 3403 1426 3461 ita
1455 3409 1513 3462 et
1536 3422 1786 3478 persona
1806 3406 1992 3464 Patris
2013 3425 2127 3464 non

483 3486 644 3543 aliud
671 3505 847 3559 quam
879 3489 1002 3561 ipse
1031 3491 1198 3548 Pater
1220 3495 1426 3550 est.Ad
1448 3511 1510 3550 se
1529 3495 1746 3568 quippe
1771 3495 1987 3552 dicitur
2007 3513 2130 3567 per-

485 3592 648 3643 sona,
670 3593 784 3631 non
806 3579 874 3632 ad
902 3579 1233 3648 Filium,vel
1255 3583 1326 3638 ad
1351 3583 1636 3656 Spiritum
1658 3589 1925 3640 sanctum
1943 3602 1955 3640 :
1976 3585 2129 3642 sicut

484 3665 556 3720 ad
587 3682 650 3721 se
673 3665 888 3722 dicitur
909 3672 1058 3725 Deus
1079 3673 1136 3725 et
1156 3687 1426 3744 magnus,
1441 3677 1500 3728 et
1529 3673 1740 3742 bonus,
1753 3674 2045 3744 etjustus,
2069 3679 2128 3731 et

482 3753 534 3809 si
564 3752 704 3826 quid
735 3754 892 3812 aliud
926 3757 1284 3829 hujusmodi.
1309 3762 1378 3817 Et
1396 3762 1894 3834 quemadmodum
1917 3763 2025 3818 hoc
2040 3762 2124 3819 illi

481 3846 570 3899 est
597 3859 726 3900 esse
755 3846 908 3916 quod
944 3847 1126 3903 Deum
1158 3851 1476 3922 esse,quod
1499 3867 1779 3923 magnum
1805 3854 2124 3924 esse,quod

479 3931 700 3987 bonum
723 3934 957 4000 esse,ita
973 3935 1082 3992 hoc
1101 3936 1184 3992 illi
1208 3942 1297 3994 est
1316 3956 1443 3995 esse
1465 3940 1618 4012 quod
1644 3956 1949 4012 personam
1971 3958 2120 3998 esse.

477 4019 680 4090 Neque
706 4037 839 4076 cum
861 4023 1138 4094 quislibet
1175 4028 1424 4083 audierit
1439 4028 1664 4084 Patrem
1693 4027 1883 4084 solum
1915 4029 2120 4086 Deum.

479 4111 708 4179 separet
730 4108 866 4165 inde
898 4111 1241 4180 Filium,aut
1271 4115 1556 4186 Spiritum
1586 4119 2033 4176 sanctum.Cum
2055 4135 2122 4175 eo

477 4195 697 4268 quippe
728 4197 890 4254 solus
921 4200 1074 4257 Deus
1103 4206 1360 4272 est,cum
1392 4221 1508 4276 quo
1538 4209 1595 4261 et
1626 4223 1780 4262 unus
1809 4207 1964 4262 Deus
1994 4211 2118 4263 est:

476 4282 615 4355 quia
642 4289 699 4342 et
729 4286 940 4344 Filium
971 4306 1105 4346 cum
1137 4291 1466 4349 audivimus
1517 4293 1707 4350 solum
1758 4295 1962 4364 Deum,
1995 4295 2122 4351 sine

474 4371 596 4428 ulla
623 4376 986 4447 separatione
1031 4379 1215 4436 Patris
1262 4384 1321 4436 et
1367 4381 1620 4454 Spiritus
1663 4383 1847 4439 sancti
1897 4387 2123 4456 oportet

473 4461 752 4534 accipere,
787 4463 941 4522 sicut
988 4467 1047 4522 in
1091 4470 1398 4542 Evangelio
1449 4471 1734 4543 scriptum
1767 4477 1857 4528 est
1889 4489 1902 4527 :
1935 4473 2042 4544 Ego
2071 4482 2123 4530 et

477 4551 636 4604 Pater
663 4567 838 4607 unum
880 4571 1071 4611 sumus
1119 4557 1293 4627 (Joan.
1328 4577 1383 4625 x,
1415 4561 1527 4626 30).
1561 4561 1630 4616 Et
1674 4577 1848 4616 unum
1888 4559 2032 4616 dixit
2062 4565 2120 4618 et

2237 3401 2413 3440 sensu
2429 3383 3114 3458 intelligenda,quoniam
3129 3387 3316 3444 Patris
3336 3392 3396 3444 et
3418 3389 3546 3446 Filii
3567 3393 3622 3447 et
3634 3387 3854 3463 Spiritus

2237 3473 2420 3528 sancti
2456 3491 2568 3530 non
2600 3473 2753 3530 trina
2782 3475 2884 3530 sed
2915 3493 3034 3531 una
3052 3479 3144 3531 est
3177 3475 3476 3548 divinitas,
3500 3477 3726 3552 aequalis
3757 3475 3854 3550 glo-

2237 3559 2342 3626 ria,
2375 3564 2658 3616 cozeterna
2687 3561 2987 3633 majestas.
3023 3561 3306 3620 Mentitur
3335 3565 3518 3638 igitur
3556 3562 3851 3624 Gothescal-

2235 3665 2342 3705 cus
2362 3653 2428 3704 ut
2447 3649 2614 3720 solet,
2643 3651 2845 3707 dicens
2872 3667 2884 3706 :

2301 3835 2356 3895 σξη
2395 3851 2422 3878 ‹‹
2445 3828 2592 3894 Quia
2603 3827 2971 3886 sicutsancta
2981 3829 3240 3888 Trinitas
3253 3849 3369 3888 una
3389 3832 3764 3891 essentialiter
3786 3831 3855 3887 at-

2234 3941 2262 3967 ‹‹
2286 3934 2399 3989 que
2412 3916 2861 3985 naturaliter,sic
2886 3919 3373 3990 proculdubioest
3394 3918 3852 3996 personalitertri-

2235 4028 2263 4056 «
2287 4024 2362 4062 na
2382 4006 2588 4077 deitas,
2605 4005 2758 4062 sicut
2780 4007 3002 4064 scilicet
3021 4010 3320 4082 majestas,
3335 4012 3543 4084 pietas,
3567 4015 3849 4086 potestas.»

2301 4113 2394 4151 xr.
2418 4095 2579 4162 Quod
2605 4094 2814 4150 refellit
2843 4096 3128 4154 catholica
3159 4099 3327 4167 fides,
3357 4117 3464 4172 per
3491 4101 3741 4157 omnium
3767 4115 3848 4154 or-

2230 4184 2615 4241 thodoxerum
2633 4202 2735 4240 ora
2752 4185 3078 4257 praedicans
3103 4192 3161 4244 et
3177 4189 3538 4246 conﬁrmans
3551 4185 3852 4264 quiaTrini-

2229 4278 2320 4330 tas
2343 4275 2413 4330 ad
2439 4290 2717 4345 personas
2751 4273 2933 4332 Patris
2959 4280 3016 4332 et
3045 4275 3172 4332 Filii
3197 4281 3255 4333 et
3299 4277 3553 4350 Spiritus
3581 4276 3754 4336 sancti
3782 4291 3846 4330 re-

2230 4362 2649 4432 fertur,unitas
2680 4362 2753 4417 ad
2778 4367 3048 4420 naturam
3085 4367 3309 4422 aeternas
3332 4367 3569 4434 deitatis
3605 4365 3842 4440 pertinet.

2228 4450 2390 4508 Unde
2419 4449 2783 4523 Augustinus
2812 4449 2871 4505 in
2904 4449 3052 4508 libro
3081 4453 3334 4526 septimo
3359 4457 3502 4528 (cap.
3533 4456 3590 4525 6)
3635 4455 3702 4511 de
3746 4448 3848 4508 Tri-

2227 4541 2407 4597 nitate
2435 4539 2612 4596 dicit:
2642 4563 2668 4590 ‹‹
2691 4540 2808 4596 Ηοο
2837 4545 2926 4596 est
2947 4541 3062 4598 Deo
3094 4558 3222 4598 esse
3252 4543 3408 4615 quod
3451 4543 3773 4608 subsistere,
3799 4541 3848 4594 et

469 4651 876 4696 sumusmnum
896 4645 1216 4700 secundum
1241 4648 1740 4721 essentiam,quod
1764 4649 1916 4705 idem
1930 4649 2112 4706 Deus:
2147 4657 2194 4722 ι)
2227 4629 2353 4722 id“?
2383 4630 2433 4722 sl
2458 4647 2574 4685 “"3
2593 4629 2849 4722 essent?
2877 4631 3156 4722 Τνξξιίίθιε»
3181 4649 3299 4688 Ἦλθε
3325 4632 3504 4690 etiam
3525 4628 3843 4696 δυδείθηίίδν

467 4740 656 4782 sumus
677 4731 1000 4786 secundum
1025 4733 1350 4802 relativum,
1373 4737 1530 4808 quod
1561 4736 1656 4793 ille
1679 4738 1863 4804 Pater,
1889 4737 1985 4793 hic
2018 4739 2113 4794 Fi-

467 4811 602 4870 lius.
630 4838 658 4866 »
691 4817 930 4890 Propter
957 4823 1107 4892 quod
1143 4823 1318 4879 etiam
1352 4824 1636 4897 pluralem
1666 4843 1980 4881 numerum
2011 4828 2112 4882 ad-

466 4902 725 4958 mittunt.
758 4905 874 4960 Cur
902 4925 1036 4980 ergo
1067 4927 1180 4965 non
1212 4911 1332 4966 haec
1363 4912 1476 4968 tria
1505 4913 1680 4968 simul
1714 4933 1891 4970 unam
1914 4933 2110 4986 perso-

463 5006 600 5044 nam
631 4992 1031 5061 dicitur,sieut
1052 5015 1227 5054 unam
1249 5001 1568 5057 essentiam
1597 5007 1655 5058 et
1685 5020 1869 5058 unum
1901 5004 2107 5071 Deum,

2227 4725 2284 4777 ct
2315 4719 2526 4776 idcirco
2548 4720 2916 4775 commodius
2945 4720 3224 4778 dicuntur
3251 4726 3372 4779 tres
3394 4739 3670 4796 personae,
3689 4733 3843 4793 quam

2221 4816 2340 4867 tres
2369 4807 2732 4865 substantiae.
2756 4809 2880 4864 Non
2912 4809 3070 4865 enim
3103 4810 3262 4868 aliud
3283 4816 3373 4868 est
3399 4812 3516 4869 Deo
3545 4828 3686 4877 esse,
3703 4805 3842 4865 aliud

2220 4915 2530 4972 personam
2561 4914 2708 4964 esse,
2743 4899 2842 4952 sed
2875 4899 3113 4955 omnino
3143 4900 3298 4956 idem
3327 4917 3340 4956 :
3377 4919 3512 4958 nam
3537 4917 3660 4958 esse
3695 4898 3760 4953 ad
3790 4911 3841 4950 se

2221 4987 2455 5054 dicitur,
2472 5003 2719 5058 persona
2740 5004 2872 5042 vero
2905 4987 3159 5058 relative,
3180 4989 3448 5047 videlicet
3472 4991 3635 5048 Pater
3665 4987 3732 5044 ad
3761 4983 3840 5042 Fi-

460 5078 558 5131 sed
595 5079 847 5136 dicimus
877 5087 992 5140 tres
1023 5103 1324 5156 personas,
1356 5107 1490 5144 cum
1522 5095 1640 5146 tres
1670 5092 1810 5146 deos
1857 5097 1960 5146 aut
1992 5097 2108 5148 tres

2236 5077 2386 5143 ium,
2414 5074 2595 5130 Filius
2618 5075 2689 5129 ad
2722 5075 2972 5147 Patrem,
2992 5075 3246 5149 Spiritus
3277 5082 3516 5136 sanctus
3535 5078 3607 5134 ad
3639 5077 3838 5132 Patrem

458 5168 745 5225 essentias
775 5189 886 5226 non
922 5173 1208 5245 dicamus,
1232 5176 1342 5232 nisi
1364 5177 1504 5249 quia
1525 5179 1793 5234 volumus
1812 5179 1898 5234 vel
1922 5198 2104 5235 unum
2218 5172 2276 5222 ει
2307 5164 2538 5234 Filium,
2571 5181 2822 5235 quorum
2853 5171 2944 5220 est
2975 5165 3247 5239 Spiritus,
3281 5167 3436 5224 Sient
3465 5169 3616 5224 idem
3661 5165 3841 5221 ἀοοίοτ

457 5253 690 5341 aliquod
721 5261 1067 5318 vocabulum
1101 5266 1312 5321 servire
1343 5267 1479 5322 huic
1530 5269 1940 5340 significationi
1990 5287 2108 5341 qua

455 5339 800 5416 intelligitur
829 5351 1104 5419 Trinitas,
1141 5371 1209 5408 ne
1239 5355 1477 5411 omnino
1511 5339 1834 5412 taceremus
1868 5357 2108 5412 interro-

453 5430 571 5501 gati
605 5434 748 5503 quid
797 5442 937 5505 tres,
969 5457 1104 5498 cum
1153 5447 1271 5497 tres
1329 5444 1666 5511 fateremur,
1700 5445 1838 5516 quia
1884 5451 2002 5501 tres
2043 5446 2102 5502 in

452 5524 656 5576 sancta
676 5524 958 5583 Trinitate
981 5546 1236 5600 persona:
1261 5531 1493 5590 relative
1531 5535 1828 5603 dicuntur,
1847 5552 1975 5605 qua:
2005 5553 2102 5591 es-

452 5608 864 5679 sentialiter,id
898 5621 988 5672 est
1021 5620 1381 5692 naturaliter,
1398 5639 1580 5678 unum
1606 5641 1721 5679 non
1745 5641 1898 5679 unus
1920 5630 2060 5680 sunt
2083 5641 2096 5678 :

451 5697 589 5767 quia
611 5715 726 5754 una
747 5706 803 5758 et
835 5720 950 5760 non
985 5707 1137 5762 trina
1171 5713 1260 5764 est
1280 5710 1486 5777 deitas,
1511 5710 2096 5784 divinitas,essentia,

2215 5253 2466 5326 exponit.
2494 5276 2520 5300 n
2542 5253 2611 5308 Et
2640 5251 2698 5306 in
2724 5252 2871 5308 libro
2893 5271 2964 5310 xv
2986 5263 3122 5327 (cap.
3152 5259 3243 5328 22)
3268 5275 3281 5313 :
3306 5281 3334 5308 ‹‹
3357 5257 3526 5313 Aliud
3550 5261 3638 5312 est
3665 5253 3837 5324 itaque

2215 5343 2470 5400 Trinitas
2491 5359 2582 5397 res
2601 5342 2614 5396 i
2622 5360 2748 5415 pse,
2763 5341 2922 5398 aliud
2947 5343 3140 5420 imago
3164 5346 3466 5403 Trinitatis
3486 5345 3544 5401 in
3584 5362 3642 5400 re
3670 5341 3788 5399 alia.
3811 5361 3834 5386 ιι

2213 5436 2401 5491 Tanta
2430 5437 2519 5488 est
2546 5432 2702 5487 enim
2735 5432 2794 5486 in
2846 5449 2913 5488 eo
2967 5434 3456 5508 inseparabilitas,
3483 5442 3546 5492 ut
3575 5434 3671 5490 illa
3701 5443 3835 5487 unus

2211 5525 2364 5580 Deus
2395 5526 2452 5578 et
2479 5521 2709 5577 dicatur
2738 5525 2796 5575 et
2821 5522 2918 5593 sit,
2938 5540 3042 5579 nec
3064 5523 3123 5579 in
3147 5543 3262 5581 uno
3285 5530 3395 5582 Deo
3433 5526 3510 5582 sit
3549 5523 3644 5580 illa
3664 5515 3830 5578 Trini-

2209 5619 2322 5678 tas,
2348 5612 2447 5669 scd
2482 5628 2634 5666 unus
2675 5609 2848 5668 Deus.
2875 5611 3000 5670 Non
3031 5613 3212 5688 igitur
3251 5615 3436 5671 deitas
3479 5608 3833 5686 personaliter

2209 5702 2363 5758 trina
2391 5705 2502 5766 cst,
2516 5699 2615 5756 sed
2650 5699 2828 5756 trium
2861 5702 2935 5758 ad
2957 5720 3106 5775 quas
3129 5703 3376 5761 refertur
3397 5703 3626 5760 trinitas
3653 5711 3828 5773 perso-
