  <div class='ocr_page' id='page_1' title='image "/cluster/home/n/w/nwhite01/storage/ocr_20150623/125/umn.31951002477418t/290.png"; bbox 0 0 4018 6446; ppageno 0'>
   <div class='ocr_carea' id='block_1_1' title="bbox 267 453 386 518">
    <p class='ocr_par' dir='ltr' id='par_1_1' title="bbox 267 453 386 518">
     <span class='ocr_line' id='line_1_1' title="bbox 267 453 386 518; baseline 0.017 -2"><span class='ocrx_word' id='word_1_1' title='bbox 267 453 386 518; x_wconf 73' lang='lat'>533</span> 
     </span>
    </p>
   </div>
   <div class='ocr_carea' id='block_1_2' title="bbox 1297 455 2638 520">
    <p class='ocr_par' dir='ltr' id='par_1_2' title="bbox 1297 455 2638 520">
     <span class='ocr_line' id='line_1_2' title="bbox 1297 455 2638 520; baseline 0.001 -2"><span class='ocrx_word' id='word_1_2' title='bbox 1297 457 1399 518; x_wconf 85' lang='lat' dir='ltr'>DE</span> <span class='ocrx_word' id='word_1_3' title='bbox 1443 457 1603 520; x_wconf 88' lang='lat' dir='ltr'>UNA</span> <span class='ocrx_word' id='word_1_4' title='bbox 1645 457 1745 518; x_wconf 89' lang='lat' dir='ltr'>ET</span> <span class='ocrx_word' id='word_1_5' title='bbox 1790 456 1948 518; x_wconf 87' lang='lat' dir='ltr'>NON</span> <span class='ocrx_word' id='word_1_6' title='bbox 1991 455 2231 517; x_wconf 81' lang='lat' dir='ltr'>TBINA</span> <span class='ocrx_word' id='word_1_7' title='bbox 2273 457 2638 520; x_wconf 85' lang='lat' dir='ltr'>DEITATE.</span> 
     </span>
    </p>
   </div>
   <div class='ocr_carea' id='block_1_3' title="bbox 3550 467 3670 531">
    <p class='ocr_par' dir='ltr' id='par_1_3' title="bbox 3550 467 3670 531">
     <span class='ocr_line' id='line_1_3' title="bbox 3550 467 3670 531; baseline 0.017 -2"><span class='ocrx_word' id='word_1_8' title='bbox 3550 467 3670 531; x_wconf 75' lang='grc'>534</span> 
     </span>
    </p>
   </div>
   <div class='ocr_carea' id='block_1_4' title="bbox 266 588 3670 673">
    <p class='ocr_par' dir='ltr' id='par_1_4' title="bbox 266 588 3670 673">
     <span class='ocr_line' id='line_1_4' title="bbox 266 588 3670 673; baseline 0.004 -27"><span class='ocrx_word' id='word_1_9' title='bbox 266 605 477 646; x_wconf 88' lang='lat' dir='ltr'>narum</span> <span class='ocrx_word' id='word_1_10' title='bbox 509 588 842 646; x_wconf 83' lang='lat' dir='ltr'>substantia</span> <span class='ocrx_word' id='word_1_11' title='bbox 886 606 1007 646; x_wconf 89' lang='lat' dir='ltr'>una</span> <span class='ocrx_word' id='word_1_12' title='bbox 1035 591 1143 659; x_wconf 91' lang='lat' dir='ltr'>est,</span> <span class='ocrx_word' id='word_1_13' title='bbox 1171 589 1230 645; x_wconf 89' lang='lat' dir='ltr'>id</span> <span class='ocrx_word' id='word_1_14' title='bbox 1279 593 1367 646; x_wconf 92' lang='lat' dir='ltr'>est</span> <span class='ocrx_word' id='word_1_15' title='bbox 1416 590 1602 647; x_wconf 91' lang='lat' dir='ltr'>deitas</span> <span class='ocrx_word' id='word_1_16' title='bbox 1626 608 1639 646; x_wconf 92' lang='lat'>:</span> <span class='ocrx_word' id='word_1_17' title='bbox 1667 591 1817 664; x_wconf 66' lang='lat' dir='ltr'>quae,</span> <span class='ocrx_word' id='word_1_18' title='bbox 1848 593 1914 646; x_wconf 89' lang='lat' dir='ltr'>ut</span> <span class='ocrx_word' id='word_1_19' title='bbox 1940 589 1996 657; x_wconf 83' lang='grc' dir='ltr'><strong>Α</strong></span> <span class='ocrx_word' id='word_1_20' title='bbox 2025 591 2277 662; x_wconf 90' lang='lat' dir='ltr'>possunt</span> <span class='ocrx_word' id='word_1_21' title='bbox 2326 591 2593 648; x_wconf 92' lang='lat' dir='ltr'>existere.</span> <span class='ocrx_word' id='word_1_22' title='bbox 2629 591 2691 648; x_wconf 91' lang='lat' dir='ltr'>In</span> <span class='ocrx_word' id='word_1_23' title='bbox 2752 591 2853 649; x_wconf 89' lang='lat' dir='ltr'>illa</span> <span class='ocrx_word' id='word_1_24' title='bbox 2880 608 3012 649; x_wconf 91' lang='lat' dir='ltr'>vero</span> <span class='ocrx_word' id='word_1_25' title='bbox 3043 595 3295 654; x_wconf 82' lang='lat' dir='ltr'>essentia</span> <span class='ocrx_word' id='word_1_26' title='bbox 3340 597 3670 673; x_wconf 79' lang='lat' dir='ltr'>Trinitatis,</span> 
     </span>
    </p>
   </div>
   <div class='ocr_carea' id='block_1_5' title="bbox 263 677 1920 752">
    <p class='ocr_par' dir='ltr' id='par_1_5' title="bbox 263 677 1920 752">
     <span class='ocr_line' id='line_1_5' title="bbox 263 677 1920 752; baseline 0 -18"><span class='ocrx_word' id='word_1_27' title='bbox 263 678 634 751; x_wconf 81' lang='lat' dir='ltr'>Augustinus</span> <span class='ocrx_word' id='word_1_28' title='bbox 664 679 723 734; x_wconf 91' lang='lat' dir='ltr'>in</span> <span class='ocrx_word' id='word_1_29' title='bbox 754 677 945 752; x_wconf 90' lang='lat' dir='ltr'>primo</span> <span class='ocrx_word' id='word_1_30' title='bbox 973 678 1122 736; x_wconf 92' lang='lat' dir='ltr'>libro</span> <span class='ocrx_word' id='word_1_31' title='bbox 1145 679 1215 734; x_wconf 92' lang='lat' dir='ltr'>de</span> <span class='ocrx_word' id='word_1_32' title='bbox 1237 679 1523 736; x_wconf 90' lang='lat' dir='ltr'>Trinitate</span> <span class='ocrx_word' id='word_1_33' title='bbox 1545 679 1708 747; x_wconf 86' lang='lat' dir='ltr'>dicit,</span> <span class='ocrx_word' id='word_1_34' title='bbox 1731 679 1920 735; x_wconf 92' lang='lat' dir='ltr'>Trini-</span> 
     </span>
    </p>
   </div>
   <div class='ocr_carea' id='block_1_6' title="bbox 263 767 1916 840">
    <p class='ocr_par' dir='ltr' id='par_1_6' title="bbox 263 767 1916 840">
     <span class='ocr_line' id='line_1_6' title="bbox 263 767 1916 840; baseline 0 -16"><span class='ocrx_word' id='word_1_35' title='bbox 263 767 407 824; x_wconf 81' lang='lat' dir='ltr'>tatis</span> <span class='ocrx_word' id='word_1_36' title='bbox 437 772 528 824; x_wconf 89' lang='lat' dir='ltr'>est</span> <span class='ocrx_word' id='word_1_37' title='bbox 569 767 788 836; x_wconf 88' lang='lat' dir='ltr'>unitas,</span> <span class='ocrx_word' id='word_1_38' title='bbox 823 767 1044 824; x_wconf 84' lang='lat' dir='ltr'>scilicet</span> <span class='ocrx_word' id='word_1_39' title='bbox 1071 785 1188 840; x_wconf 89' lang='lat' dir='ltr'>qua</span> <span class='ocrx_word' id='word_1_40' title='bbox 1225 772 1315 824; x_wconf 88' lang='lat' dir='ltr'>est</span> <span class='ocrx_word' id='word_1_41' title='bbox 1358 767 1767 840; x_wconf 89' lang='lat' dir='ltr'>inseparabilis</span> <span class='ocrx_word' id='word_1_42' title='bbox 1788 769 1916 824; x_wconf 92' lang='lat' dir='ltr'>Tri-</span> 
     </span>
    </p>
   </div>
   <div class='ocr_carea' id='block_1_7' title="bbox 263 857 1912 930">
    <p class='ocr_par' dir='ltr' id='par_1_7' title="bbox 263 857 1912 930">
     <span class='ocr_line' id='line_1_7' title="bbox 263 857 1912 930; baseline 0.001 -18"><span class='ocrx_word' id='word_1_43' title='bbox 263 857 440 925; x_wconf 83' lang='lat' dir='ltr'>nitas,</span> <span class='ocrx_word' id='word_1_44' title='bbox 465 857 743 930; x_wconf 87' lang='lat' dir='ltr'>quoniam</span> <span class='ocrx_word' id='word_1_45' title='bbox 785 874 904 912; x_wconf 91' lang='lat' dir='ltr'>una</span> <span class='ocrx_word' id='word_1_46' title='bbox 931 857 1253 930; x_wconf 90' lang='lat' dir='ltr'>eademque</span> <span class='ocrx_word' id='word_1_47' title='bbox 1284 862 1374 914; x_wconf 88' lang='lat' dir='ltr'>est</span> <span class='ocrx_word' id='word_1_48' title='bbox 1401 861 1524 914; x_wconf 91' lang='lat' dir='ltr'>tota</span> <span class='ocrx_word' id='word_1_49' title='bbox 1549 857 1611 912; x_wconf 92' lang='lat' dir='ltr'>in</span> <span class='ocrx_word' id='word_1_50' title='bbox 1643 857 1912 930; x_wconf 82' lang='lat' dir='ltr'>singulis,</span> 
     </span>
    </p>
   </div>
   <div class='ocr_carea' id='block_1_8' title="bbox 261 946 1914 1021">
    <p class='ocr_par' dir='ltr' id='par_1_8' title="bbox 261 946 1914 1021">
     <span class='ocr_line' id='line_1_8' title="bbox 261 946 1914 1021; baseline 0 -19"><span class='ocrx_word' id='word_1_51' title='bbox 261 949 386 1002; x_wconf 89' lang='lat' dir='ltr'>tota</span> <span class='ocrx_word' id='word_1_52' title='bbox 442 946 502 1001; x_wconf 91' lang='lat' dir='ltr'>in</span> <span class='ocrx_word' id='word_1_53' title='bbox 565 947 753 1004; x_wconf 91' lang='lat' dir='ltr'>tribus</span> <span class='ocrx_word' id='word_1_54' title='bbox 812 947 990 1004; x_wconf 89' lang='lat' dir='ltr'>simul</span> <span class='ocrx_word' id='word_1_55' title='bbox 1048 947 1334 1021; x_wconf 84' lang='lat' dir='ltr'>personis.</span> <span class='ocrx_word' id='word_1_56' title='bbox 1395 948 1717 1004; x_wconf 87' lang='lat' dir='ltr'>Dicendum</span> <span class='ocrx_word' id='word_1_57' title='bbox 1778 963 1914 1021; x_wconf 85' lang='lat' dir='ltr'>ergo</span> 
     </span>
    </p>
   </div>
   <div class='ocr_carea' id='block_1_9' title="bbox 261 1035 1910 1110">
    <p class='ocr_par' dir='ltr' id='par_1_9' title="bbox 261 1035 1910 1110">
     <span class='ocr_line' id='line_1_9' title="bbox 261 1035 1910 1110; baseline 0.001 -19"><span class='ocrx_word' id='word_1_58' title='bbox 261 1039 373 1104; x_wconf 90' lang='lat' dir='ltr'>est,</span> <span class='ocrx_word' id='word_1_59' title='bbox 408 1035 562 1092; x_wconf 91' lang='lat' dir='ltr'>sicut</span> <span class='ocrx_word' id='word_1_60' title='bbox 604 1037 968 1110; x_wconf 82' lang='lat' dir='ltr'>Augustinus</span> <span class='ocrx_word' id='word_1_61' title='bbox 1000 1037 1161 1108; x_wconf 88' lang='lat' dir='ltr'>dicit,</span> <span class='ocrx_word' id='word_1_62' title='bbox 1194 1037 1450 1093; x_wconf 84' lang='lat' dir='ltr'>Trinitas</span> <span class='ocrx_word' id='word_1_63' title='bbox 1482 1055 1599 1092; x_wconf 89' lang='lat' dir='ltr'>una</span> <span class='ocrx_word' id='word_1_64' title='bbox 1637 1037 1910 1105; x_wconf 80' lang='lat' dir='ltr'>essentia,</span> 
     </span>
    </p>
   </div>
   <div class='ocr_carea' id='block_1_10' title="bbox 260 1124 1905 1198">
    <p class='ocr_par' dir='ltr' id='par_1_10' title="bbox 260 1124 1905 1198">
     <span class='ocr_line' id='line_1_10' title="bbox 260 1124 1905 1198; baseline 0.001 -18"><span class='ocrx_word' id='word_1_65' title='bbox 260 1129 320 1180; x_wconf 90' lang='lat' dir='ltr'>et</span> <span class='ocrx_word' id='word_1_66' title='bbox 348 1142 471 1180; x_wconf 91' lang='lat' dir='ltr'>una</span> <span class='ocrx_word' id='word_1_67' title='bbox 501 1124 833 1181; x_wconf 82' lang='lat' dir='ltr'>substantia</span> <span class='ocrx_word' id='word_1_68' title='bbox 864 1130 983 1182; x_wconf 90' lang='lat' dir='ltr'>tres</span> <span class='ocrx_word' id='word_1_69' title='bbox 1026 1143 1306 1198; x_wconf 63' lang='lat' dir='ltr'>personae,</span> <span class='ocrx_word' id='word_1_70' title='bbox 1337 1125 1425 1181; x_wconf 90' lang='lat' dir='ltr'>vel</span> <span class='ocrx_word' id='word_1_71' title='bbox 1471 1126 1729 1182; x_wconf 86' lang='lat' dir='ltr'>Trinitas</span> <span class='ocrx_word' id='word_1_72' title='bbox 1760 1129 1905 1182; x_wconf 75' lang='lat'>471</span> 
     </span>
    </p>
   </div>
   <div class='ocr_carea' id='block_1_11' title="bbox 259 1213 1914 1273">
    <p class='ocr_par' dir='ltr' id='par_1_11' title="bbox 259 1213 1914 1273">
     <span class='ocr_line' id='line_1_11' title="bbox 259 1213 1914 1273; baseline 0.001 -2"><span class='ocrx_word' id='word_1_73' title='bbox 259 1213 734 1271; x_wconf 88' lang='lat' dir='ltr'>substantialiter</span> <span class='ocrx_word' id='word_1_74' title='bbox 772 1231 928 1270; x_wconf 92' lang='lat' dir='ltr'>unus</span> <span class='ocrx_word' id='word_1_75' title='bbox 958 1215 1112 1270; x_wconf 87' lang='lat' dir='ltr'>Deus</span> <span class='ocrx_word' id='word_1_76' title='bbox 1155 1233 1269 1270; x_wconf 92' lang='lat' dir='ltr'>non</span> <span class='ocrx_word' id='word_1_77' title='bbox 1311 1215 1466 1270; x_wconf 92' lang='lat' dir='ltr'>sicut</span> <span class='ocrx_word' id='word_1_78' title='bbox 1497 1215 1914 1273; x_wconf 88' lang='lat' dir='ltr'>Gothescalcus</span> 
     </span>
    </p>
   </div>
   <div class='ocr_carea' id='block_1_12' title="bbox 257 1301 1911 1377">
    <p class='ocr_par' dir='ltr' id='par_1_12' title="bbox 257 1301 1911 1377">
     <span class='ocr_line' id='line_1_12' title="bbox 257 1301 1911 1377; baseline 0.001 -19"><span class='ocrx_word' id='word_1_79' title='bbox 257 1301 532 1358; x_wconf 89' lang='lat' dir='ltr'>absolute</span> <span class='ocrx_word' id='word_1_80' title='bbox 581 1302 742 1370; x_wconf 84' lang='lat' dir='ltr'>dicit,</span> <span class='ocrx_word' id='word_1_81' title='bbox 775 1303 1032 1359; x_wconf 87' lang='lat' dir='ltr'>Trinitas</span> <span class='ocrx_word' id='word_1_82' title='bbox 1081 1303 1472 1360; x_wconf 85' lang='lat' dir='ltr'>essentialiter</span> <span class='ocrx_word' id='word_1_83' title='bbox 1517 1309 1691 1377; x_wconf 86' lang='lat' dir='ltr'>atque</span> <span class='ocrx_word' id='word_1_84' title='bbox 1739 1309 1911 1360; x_wconf 91' lang='lat' dir='ltr'>natu-</span> 
     </span>
    </p>
   </div>
   <div class='ocr_carea' id='block_1_13' title="bbox 257 1390 1914 1466">
    <p class='ocr_par' dir='ltr' id='par_1_13' title="bbox 257 1390 1914 1466">
     <span class='ocr_line' id='line_1_13' title="bbox 257 1390 1914 1466; baseline 0.001 -19"><span class='ocrx_word' id='word_1_85' title='bbox 257 1390 463 1448; x_wconf 88' lang='lat' dir='ltr'>raliter</span> <span class='ocrx_word' id='word_1_86' title='bbox 490 1393 581 1448; x_wconf 91' lang='lat' dir='ltr'>est</span> <span class='ocrx_word' id='word_1_87' title='bbox 611 1409 746 1460; x_wconf 89' lang='lat' dir='ltr'>una,</span> <span class='ocrx_word' id='word_1_88' title='bbox 775 1407 847 1446; x_wconf 90' lang='lat' dir='ltr'>ne</span> <span class='ocrx_word' id='word_1_89' title='bbox 877 1390 1076 1448; x_wconf 89' lang='lat' dir='ltr'>induci</span> <span class='ocrx_word' id='word_1_90' title='bbox 1107 1396 1344 1464; x_wconf 86' lang='lat' dir='ltr'>putetur</span> <span class='ocrx_word' id='word_1_91' title='bbox 1374 1411 1753 1466; x_wconf 89' lang='lat' dir='ltr'>personarum</span> <span class='ocrx_word' id='word_1_92' title='bbox 1784 1411 1914 1450; x_wconf 88' lang='lat' dir='ltr'>eon-</span> 
     </span>
    </p>
   </div>
   <div class='ocr_carea' id='block_1_14' title="bbox 257 1479 1910 1556">
    <p class='ocr_par' dir='ltr' id='par_1_14' title="bbox 257 1479 1910 1556">
     <span class='ocr_line' id='line_1_14' title="bbox 257 1479 1910 1556; baseline 0.002 -20"><span class='ocrx_word' id='word_1_93' title='bbox 257 1479 437 1552; x_wconf 84' lang='lat' dir='ltr'>fusio,</span> <span class='ocrx_word' id='word_1_94' title='bbox 471 1481 628 1536; x_wconf 90' lang='lat' dir='ltr'>unde</span> <span class='ocrx_word' id='word_1_95' title='bbox 662 1480 835 1552; x_wconf 88' lang='lat' dir='ltr'>paulo</span> <span class='ocrx_word' id='word_1_96' title='bbox 886 1481 1156 1553; x_wconf 90' lang='lat' dir='ltr'>superius</span> <span class='ocrx_word' id='word_1_97' title='bbox 1189 1485 1476 1554; x_wconf 89' lang='lat' dir='ltr'>quantum</span> <span class='ocrx_word' id='word_1_98' title='bbox 1509 1499 1686 1538; x_wconf 89' lang='lat' dir='ltr'>causa</span> <span class='ocrx_word' id='word_1_99' title='bbox 1734 1501 1910 1556; x_wconf 84' lang='lat' dir='ltr'>popo-</span> 
     </span>
    </p>
   </div>
   <div class='ocr_carea' id='block_1_15' title="bbox 255 1569 1910 1642">
    <p class='ocr_par' dir='ltr' id='par_1_15' title="bbox 255 1569 1910 1642">
     <span class='ocr_line' id='line_1_15' title="bbox 255 1569 1910 1642; baseline 0.002 -17"><span class='ocrx_word' id='word_1_100' title='bbox 255 1569 369 1626; x_wconf 86' lang='lat' dir='ltr'>scit</span> <span class='ocrx_word' id='word_1_101' title='bbox 400 1569 818 1642; x_wconf 75' lang='lat' dir='ltr'>prmmisimus.</span> <span class='ocrx_word' id='word_1_102' title='bbox 850 1570 966 1624; x_wconf 89' lang='lat' dir='ltr'>Nec</span> <span class='ocrx_word' id='word_1_103' title='bbox 996 1569 1055 1624; x_wconf 91' lang='lat' dir='ltr'>in</span> <span class='ocrx_word' id='word_1_104' title='bbox 1097 1570 1205 1626; x_wconf 93' lang='lat' dir='ltr'>hoc</span> <span class='ocrx_word' id='word_1_105' title='bbox 1243 1571 1417 1626; x_wconf 86' lang='lat' dir='ltr'>etiam</span> <span class='ocrx_word' id='word_1_106' title='bbox 1459 1571 1578 1627; x_wconf 93' lang='lat' dir='ltr'>ullo</span> <span class='ocrx_word' id='word_1_107' title='bbox 1618 1573 1790 1628; x_wconf 93' lang='lat' dir='ltr'>modo</span> <span class='ocrx_word' id='word_1_108' title='bbox 1822 1591 1910 1629; x_wconf 91' lang='lat' dir='ltr'>se-</span> 
     </span>
    </p>
   </div>
   <div class='ocr_carea' id='block_1_16' title="bbox 253 1657 1914 1732">
    <p class='ocr_par' dir='ltr' id='par_1_16' title="bbox 253 1657 1914 1732">
     <span class='ocr_line' id='line_1_16' title="bbox 253 1657 1914 1732; baseline 0.001 -17"><span class='ocrx_word' id='word_1_109' title='bbox 253 1659 536 1732; x_wconf 87' lang='lat' dir='ltr'>quendus</span> <span class='ocrx_word' id='word_1_110' title='bbox 574 1662 663 1715; x_wconf 92' lang='lat' dir='ltr'>est</span> <span class='ocrx_word' id='word_1_111' title='bbox 692 1657 1128 1725; x_wconf 88' lang='lat' dir='ltr'>Gothescalcus,</span> <span class='ocrx_word' id='word_1_112' title='bbox 1153 1663 1218 1715; x_wconf 91' lang='lat' dir='ltr'>ut</span> <span class='ocrx_word' id='word_1_113' title='bbox 1257 1661 1528 1716; x_wconf 90' lang='lat' dir='ltr'>credatur</span> <span class='ocrx_word' id='word_1_114' title='bbox 1554 1660 1642 1716; x_wconf 88' lang='lat' dir='ltr'>vel</span> <span class='ocrx_word' id='word_1_115' title='bbox 1683 1660 1914 1717; x_wconf 89' lang='lat' dir='ltr'>dicatur</span> 
     </span>
    </p>
   </div>
   <div class='ocr_carea' id='block_1_17' title="bbox 213 1736 1913 1821">
    <p class='ocr_par' dir='ltr' id='par_1_17' title="bbox 213 1736 1913 1821">
     <span class='ocr_line' id='line_1_17' title="bbox 213 1736 1913 1821; baseline 0.001 -18"><span class='ocrx_word' id='word_1_116' title='bbox 213 1736 220 1742; x_wconf 69' lang='grc'><strong>’</strong></span> <span class='ocrx_word' id='word_1_117' title='bbox 253 1747 448 1804; x_wconf 89' lang='lat' dir='ltr'>deitas</span> <span class='ocrx_word' id='word_1_118' title='bbox 487 1747 876 1821; x_wconf 82' lang='lat' dir='ltr'>personaliter</span> <span class='ocrx_word' id='word_1_119' title='bbox 915 1747 1090 1803; x_wconf 88' lang='lat' dir='ltr'>trina.</span> <span class='ocrx_word' id='word_1_120' title='bbox 1127 1748 1232 1814; x_wconf 85' lang='lat' dir='ltr'>Qui</span> <span class='ocrx_word' id='word_1_121' title='bbox 1265 1749 1420 1803; x_wconf 91' lang='lat' dir='ltr'>enim</span> <span class='ocrx_word' id='word_1_122' title='bbox 1473 1749 1656 1804; x_wconf 89' lang='lat' dir='ltr'>credit</span> <span class='ocrx_word' id='word_1_123' title='bbox 1683 1753 1741 1805; x_wconf 89' lang='lat' dir='ltr'>et</span> <span class='ocrx_word' id='word_1_124' title='bbox 1771 1750 1913 1805; x_wconf 90' lang='lat' dir='ltr'>dicit</span> 
     </span>
    </p>
   </div>
   <div class='ocr_carea' id='block_1_18' title="bbox 249 1835 1908 1909">
    <p class='ocr_par' dir='ltr' id='par_1_18' title="bbox 249 1835 1908 1909">
     <span class='ocr_line' id='line_1_18' title="bbox 249 1835 1908 1909; baseline 0 -17"><span class='ocrx_word' id='word_1_125' title='bbox 249 1837 478 1893; x_wconf 89' lang='lat' dir='ltr'>trinam</span> <span class='ocrx_word' id='word_1_126' title='bbox 511 1835 898 1909; x_wconf 87' lang='lat' dir='ltr'>personaliter</span> <span class='ocrx_word' id='word_1_127' title='bbox 927 1837 1224 1906; x_wconf 86' lang='lat' dir='ltr'>deitatem,</span> <span class='ocrx_word' id='word_1_128' title='bbox 1253 1837 1394 1892; x_wconf 91' lang='lat' dir='ltr'>nihil</span> <span class='ocrx_word' id='word_1_129' title='bbox 1431 1837 1622 1893; x_wconf 75' lang='lat' dir='ltr'>differt</span> <span class='ocrx_word' id='word_1_130' title='bbox 1651 1839 1724 1894; x_wconf 92' lang='lat' dir='ltr'>ab</span> <span class='ocrx_word' id='word_1_131' title='bbox 1754 1838 1908 1906; x_wconf 90' lang='lat' dir='ltr'>Ario,</span> 
     </span>
    </p>
   </div>
   <div class='ocr_carea' id='block_1_19' title="bbox 251 1924 1906 1999">
    <p class='ocr_par' dir='ltr' id='par_1_19' title="bbox 251 1924 1906 1999">
     <span class='ocr_line' id='line_1_19' title="bbox 251 1924 1906 1999; baseline -0.001 -17"><span class='ocrx_word' id='word_1_132' title='bbox 251 1927 326 1982; x_wconf 89' lang='lat' dir='ltr'>ad</span> <span class='ocrx_word' id='word_1_133' title='bbox 360 1925 538 1998; x_wconf 89' lang='lat' dir='ltr'>cujus</span> <span class='ocrx_word' id='word_1_134' title='bbox 569 1941 805 1998; x_wconf 88' lang='lat' dir='ltr'>pravam</span> <span class='ocrx_word' id='word_1_135' title='bbox 833 1924 1278 1999; x_wconf 87' lang='lat' dir='ltr'>intelligentiam</span> <span class='ocrx_word' id='word_1_136' title='bbox 1302 1925 1697 1994; x_wconf 77' lang='lat' dir='ltr'>refellendam,</span> <span class='ocrx_word' id='word_1_137' title='bbox 1723 1928 1906 1982; x_wconf 85' lang='lat' dir='ltr'>sancti</span> 
     </span>
    </p>
   </div>
   <div class='ocr_carea' id='block_1_20' title="bbox 215 2014 1903 2084">
    <p class='ocr_par' dir='ltr' id='par_1_20' title="bbox 215 2014 1903 2084">
     <span class='ocr_line' id='line_1_20' title="bbox 215 2014 1903 2084; baseline -0.001 -13"><span class='ocrx_word' id='word_1_138' title='bbox 215 2033 218 2036; x_wconf 69' lang='grc'><strong>’</strong></span> <span class='ocrx_word' id='word_1_139' title='bbox 249 2015 529 2072; x_wconf 90' lang='lat' dir='ltr'>catholici</span> <span class='ocrx_word' id='word_1_140' title='bbox 553 2015 770 2084; x_wconf 90' lang='lat' dir='ltr'>Patres,</span> <span class='ocrx_word' id='word_1_141' title='bbox 797 2032 912 2071; x_wconf 91' lang='lat' dir='ltr'>non</span> <span class='ocrx_word' id='word_1_142' title='bbox 943 2015 1203 2070; x_wconf 89' lang='lat' dir='ltr'>humana</span> <span class='ocrx_word' id='word_1_143' title='bbox 1233 2014 1663 2084; x_wconf 79' lang='lat' dir='ltr'>adinventione,’</span> <span class='ocrx_word' id='word_1_144' title='bbox 1684 2017 1783 2072; x_wconf 92' lang='lat' dir='ltr'>sed</span> <span class='ocrx_word' id='word_1_145' title='bbox 1817 2017 1903 2071; x_wconf 90' lang='lat' dir='ltr'>di-</span> 
     </span>
    </p>
   </div>
   <div class='ocr_carea' id='block_1_21' title="bbox 213 2103 1901 2176">
    <p class='ocr_par' dir='ltr' id='par_1_21' title="bbox 213 2103 1901 2176">
     <span class='ocr_line' id='line_1_21' title="bbox 213 2103 1901 2176; baseline 0.002 -17"><span class='ocrx_word' id='word_1_146' title='bbox 213 2104 380 2160; x_wconf 83' lang='lat' dir='ltr'>&#39;vina</span> <span class='ocrx_word' id='word_1_147' title='bbox 410 2103 818 2176; x_wconf 89' lang='lat' dir='ltr'>inspiratione,</span> <span class='ocrx_word' id='word_1_148' title='bbox 844 2105 900 2158; x_wconf 94' lang='lat' dir='ltr'>in</span> <span class='ocrx_word' id='word_1_149' title='bbox 925 2121 1089 2160; x_wconf 91' lang='lat' dir='ltr'>sacro</span> <span class='ocrx_word' id='word_1_150' title='bbox 1119 2103 1348 2160; x_wconf 73' lang='lat' dir='ltr'>Niezeno</span> <span class='ocrx_word' id='word_1_151' title='bbox 1381 2104 1624 2161; x_wconf 91' lang='lat' dir='ltr'>concilio</span> <span class='ocrx_word' id='word_1_152' title='bbox 1653 2114 1901 2176; x_wconf 79' lang='grc' dir='ltr'>ὁμοὺσιον,</span> 
     </span>
    </p>
   </div>
   <div class='ocr_carea' id='block_1_22' title="bbox 236 2192 1906 2261">
    <p class='ocr_par' dir='ltr' id='par_1_22' title="bbox 236 2192 1906 2261">
     <span class='ocr_line' id='line_1_22' title="bbox 236 2192 1906 2261; baseline 0.002 -13"><span class='ocrx_word' id='word_1_153' title='bbox 236 2192 294 2249; x_wconf 92' lang='lat' dir='ltr'>id</span> <span class='ocrx_word' id='word_1_154' title='bbox 320 2195 419 2249; x_wconf 87' lang='lat' dir='ltr'>est</span> <span class='ocrx_word' id='word_1_155' title='bbox 439 2192 1134 2261; x_wconf 88' lang='lat' dir='ltr'>consubstantialitatem,</span> <span class='ocrx_word' id='word_1_156' title='bbox 1150 2193 1415 2249; x_wconf 80' lang='lat' dir='ltr'>videlicet</span> <span class='ocrx_word' id='word_1_157' title='bbox 1436 2211 1612 2249; x_wconf 89' lang='lat' dir='ltr'>unam</span> <span class='ocrx_word' id='word_1_158' title='bbox 1633 2195 1906 2251; x_wconf 62' lang='lat' dir='ltr'>substano</span> 
     </span>
    </p>
   </div>
   <div class='ocr_carea' id='block_1_23' title="bbox 232 2281 1900 2356">
    <p class='ocr_par' dir='ltr' id='par_1_23' title="bbox 232 2281 1900 2356">
     <span class='ocr_line' id='line_1_23' title="bbox 232 2281 1900 2356; baseline 0.002 -19"><span class='ocrx_word' id='word_1_159' title='bbox 232 2281 414 2350; x_wconf 88' lang='lat' dir='ltr'>tiam,</span> <span class='ocrx_word' id='word_1_160' title='bbox 435 2281 777 2348; x_wconf 87' lang='lat' dir='ltr'>essentiam,</span> <span class='ocrx_word' id='word_1_161' title='bbox 803 2285 1098 2349; x_wconf 87' lang='lat' dir='ltr'>naturam,</span> <span class='ocrx_word' id='word_1_162' title='bbox 1123 2286 1179 2337; x_wconf 91' lang='lat' dir='ltr'>et</span> <span class='ocrx_word' id='word_1_163' title='bbox 1199 2281 1470 2337; x_wconf 89' lang='lat' dir='ltr'>deitatem</span> <span class='ocrx_word' id='word_1_164' title='bbox 1499 2283 1677 2338; x_wconf 89' lang='lat' dir='ltr'>trium</span> <span class='ocrx_word' id='word_1_165' title='bbox 1709 2301 1900 2356; x_wconf 89' lang='lat' dir='ltr'>perso-</span> 
     </span>
    </p>
   </div>
   <div class='ocr_carea' id='block_1_24' title="bbox 233 2369 1900 2443">
    <p class='ocr_par' dir='ltr' id='par_1_24' title="bbox 233 2369 1900 2443">
     <span class='ocr_line' id='line_1_24' title="bbox 233 2369 1900 2443; baseline 0.001 -17"><span class='ocrx_word' id='word_1_166' title='bbox 233 2387 482 2440; x_wconf 89' lang='lat' dir='ltr'>narum,</span> <span class='ocrx_word' id='word_1_167' title='bbox 512 2369 700 2426; x_wconf 88' lang='lat' dir='ltr'>Patris</span> <span class='ocrx_word' id='word_1_168' title='bbox 730 2375 789 2426; x_wconf 93' lang='lat' dir='ltr'>et</span> <span class='ocrx_word' id='word_1_169' title='bbox 836 2369 964 2424; x_wconf 88' lang='lat' dir='ltr'>Filii</span> <span class='ocrx_word' id='word_1_170' title='bbox 1011 2373 1068 2426; x_wconf 86' lang='lat' dir='ltr'>et</span> <span class='ocrx_word' id='word_1_171' title='bbox 1114 2370 1368 2442; x_wconf 90' lang='lat' dir='ltr'>Spiritus</span> <span class='ocrx_word' id='word_1_172' title='bbox 1417 2371 1627 2443; x_wconf 84' lang='lat' dir='ltr'>sancti,</span> <span class='ocrx_word' id='word_1_173' title='bbox 1660 2373 1814 2428; x_wconf 88' lang='lat' dir='ltr'>credi</span> <span class='ocrx_word' id='word_1_174' title='bbox 1841 2377 1900 2428; x_wconf 93' lang='lat' dir='ltr'>et</span> 
     </span>
    </p>
   </div>
   <div class='ocr_carea' id='block_1_25' title="bbox 227 2458 1900 2534">
    <p class='ocr_par' dir='ltr' id='par_1_25' title="bbox 227 2458 1900 2534">
     <span class='ocr_line' id='line_1_25' title="bbox 227 2458 1900 2534; baseline 0.001 -18"><span class='ocrx_word' id='word_1_175' title='bbox 227 2459 425 2516; x_wconf 88' lang='lat' dir='ltr'>teneri</span> <span class='ocrx_word' id='word_1_176' title='bbox 479 2458 819 2515; x_wconf 83' lang='lat' dir='ltr'>ﬁrmissime</span> <span class='ocrx_word' id='word_1_177' title='bbox 857 2459 1255 2526; x_wconf 89' lang='lat' dir='ltr'>decreverunt,</span> <span class='ocrx_word' id='word_1_178' title='bbox 1311 2464 1368 2514; x_wconf 89' lang='lat' dir='ltr'>et</span> <span class='ocrx_word' id='word_1_179' title='bbox 1413 2461 1484 2515; x_wconf 89' lang='lat' dir='ltr'>ab</span> <span class='ocrx_word' id='word_1_180' title='bbox 1541 2460 1650 2516; x_wconf 91' lang='lat' dir='ltr'>hac</span> <span class='ocrx_word' id='word_1_181' title='bbox 1699 2461 1900 2534; x_wconf 85' lang='lat' dir='ltr'>regula</span> 
     </span>
    </p>
   </div>
   <div class='ocr_carea' id='block_1_26' title="bbox 228 2547 1896 2606">
    <p class='ocr_par' dir='ltr' id='par_1_26' title="bbox 228 2547 1896 2606">
     <span class='ocr_line' id='line_1_26' title="bbox 228 2547 1896 2606; baseline 0.001 -1"><span class='ocrx_word' id='word_1_182' title='bbox 228 2549 543 2605; x_wconf 88' lang='lat' dir='ltr'>deviantes</span> <span class='ocrx_word' id='word_1_183' title='bbox 570 2547 1228 2604; x_wconf 89' lang='lat' dir='ltr'>anathematizaverunt.</span> <span class='ocrx_word' id='word_1_184' title='bbox 1257 2548 1673 2606; x_wconf 86' lang='lat' dir='ltr'>Gothescalcus</span> <span class='ocrx_word' id='word_1_185' title='bbox 1701 2555 1896 2606; x_wconf 85' lang='lat' dir='ltr'>autem</span> 
     </span>
    </p>
   </div>
   <div class='ocr_carea' id='block_1_27' title="bbox 227 2636 1898 2710">
    <p class='ocr_par' dir='ltr' id='par_1_27' title="bbox 227 2636 1898 2710">
     <span class='ocr_line' id='line_1_27' title="bbox 227 2636 1898 2710; baseline -0.001 -16"><span class='ocrx_word' id='word_1_186' title='bbox 227 2637 349 2694; x_wconf 86' lang='lat' dir='ltr'>mel</span> <span class='ocrx_word' id='word_1_187' title='bbox 385 2637 526 2710; x_wconf 88' lang='lat' dir='ltr'>plus</span> <span class='ocrx_word' id='word_1_188' title='bbox 555 2637 858 2693; x_wconf 82' lang='lat' dir='ltr'>comedere</span> <span class='ocrx_word' id='word_1_189' title='bbox 877 2636 1076 2693; x_wconf 84' lang='lat' dir='ltr'>volens</span> <span class='ocrx_word' id='word_1_190' title='bbox 1099 2653 1276 2708; x_wconf 90' lang='lat' dir='ltr'>quam</span> <span class='ocrx_word' id='word_1_191' title='bbox 1310 2637 1546 2705; x_wconf 82' lang='lat' dir='ltr'>sufﬁcit,</span> <span class='ocrx_word' id='word_1_192' title='bbox 1573 2638 1628 2693; x_wconf 92' lang='lat' dir='ltr'>id</span> <span class='ocrx_word' id='word_1_193' title='bbox 1653 2644 1740 2693; x_wconf 91' lang='lat' dir='ltr'>est</span> <span class='ocrx_word' id='word_1_194' title='bbox 1763 2639 1898 2710; x_wconf 86' lang='lat' dir='ltr'>plus</span> 
     </span>
    </p>
   </div>
   <div class='ocr_carea' id='block_1_28' title="bbox 228 2725 1894 2798">
    <p class='ocr_par' dir='ltr' id='par_1_28' title="bbox 228 2725 1894 2798">
     <span class='ocr_line' id='line_1_28' title="bbox 228 2725 1894 2798; baseline -0.001 -16"><span class='ocrx_word' id='word_1_195' title='bbox 228 2742 444 2798; x_wconf 88' lang='lat' dir='ltr'>sapere</span> <span class='ocrx_word' id='word_1_196' title='bbox 461 2741 640 2798; x_wconf 89' lang='lat' dir='ltr'>quam</span> <span class='ocrx_word' id='word_1_197' title='bbox 659 2729 922 2798; x_wconf 87' lang='lat' dir='ltr'>oporteat</span> <span class='ocrx_word' id='word_1_198' title='bbox 940 2741 1164 2797; x_wconf 88' lang='lat' dir='ltr'>sapere,</span> <span class='ocrx_word' id='word_1_199' title='bbox 1179 2729 1236 2781; x_wconf 91' lang='lat' dir='ltr'>et</span> <span class='ocrx_word' id='word_1_200' title='bbox 1257 2725 1506 2781; x_wconf 89' lang='lat' dir='ltr'>scrutari</span> <span class='ocrx_word' id='word_1_201' title='bbox 1528 2727 1894 2797; x_wconf 85' lang='lat' dir='ltr'>majestatem</span> 
     </span>
    </p>
   </div>
   <div class='ocr_carea' id='block_1_29' title="bbox 227 2812 1896 2888">
    <p class='ocr_par' dir='ltr' id='par_1_29' title="bbox 227 2812 1896 2888">
     <span class='ocr_line' id='line_1_29' title="bbox 227 2812 1896 2888; baseline 0 -18"><span class='ocrx_word' id='word_1_202' title='bbox 227 2813 400 2871; x_wconf 87' lang='lat' dir='ltr'>ultra</span> <span class='ocrx_word' id='word_1_203' title='bbox 422 2831 544 2870; x_wconf 69' lang='lat' dir='ltr'>sua:</span> <span class='ocrx_word' id='word_1_204' title='bbox 565 2812 926 2868; x_wconf 79' lang='lat' dir='ltr'>infirmitatis</span> <span class='ocrx_word' id='word_1_205' title='bbox 945 2813 1350 2885; x_wconf 86' lang='lat' dir='ltr'>capacitatem,</span> <span class='ocrx_word' id='word_1_206' title='bbox 1366 2814 1474 2870; x_wconf 91' lang='lat' dir='ltr'>hoc</span> <span class='ocrx_word' id='word_1_207' title='bbox 1500 2814 1896 2888; x_wconf 66' lang='lat' dir='ltr'>intelligentiae</span> 
     </span>
    </p>
   </div>
   <div class='ocr_carea' id='block_1_30' title="bbox 229 2901 1896 2976">
    <p class='ocr_par' dir='ltr' id='par_1_30' title="bbox 229 2901 1896 2976">
     <span class='ocr_line' id='line_1_30' title="bbox 229 2901 1896 2976; baseline -0.002 -16"><span class='ocrx_word' id='word_1_208' title='bbox 229 2903 422 2970; x_wconf 88' lang='lat' dir='ltr'>dicto,</span> <span class='ocrx_word' id='word_1_209' title='bbox 447 2901 596 2959; x_wconf 91' lang='lat' dir='ltr'>sicul</span> <span class='ocrx_word' id='word_1_210' title='bbox 627 2901 846 2958; x_wconf 85' lang='lat' dir='ltr'>clausis</span> <span class='ocrx_word' id='word_1_211' title='bbox 867 2901 1052 2958; x_wconf 91' lang='lat' dir='ltr'>oculis</span> <span class='ocrx_word' id='word_1_212' title='bbox 1073 2905 1142 2958; x_wconf 90' lang='lat' dir='ltr'>ad</span> <span class='ocrx_word' id='word_1_213' title='bbox 1177 2902 1392 2976; x_wconf 88' lang='lat' dir='ltr'>ignem,</span> <span class='ocrx_word' id='word_1_214' title='bbox 1420 2903 1500 2959; x_wconf 88' lang='lat' dir='ltr'>ita</span> <span class='ocrx_word' id='word_1_215' title='bbox 1524 2903 1716 2960; x_wconf 88' lang='lat' dir='ltr'>sciens</span> <span class='ocrx_word' id='word_1_216' title='bbox 1737 2908 1794 2959; x_wconf 89' lang='lat' dir='ltr'>et</span> <span class='ocrx_word' id='word_1_217' title='bbox 1815 2903 1896 2958; x_wconf 90' lang='lat' dir='ltr'>vi-</span> 
     </span>
    </p>
   </div>
   <div class='ocr_carea' id='block_1_31' title="bbox 231 2991 1899 3064">
    <p class='ocr_par' dir='ltr' id='par_1_31' title="bbox 231 2991 1899 3064">
     <span class='ocr_line' id='line_1_31' title="bbox 231 2991 1899 3064; baseline -0.001 -15"><span class='ocrx_word' id='word_1_218' title='bbox 231 2993 377 3050; x_wconf 87' lang='lat' dir='ltr'>dere</span> <span class='ocrx_word' id='word_1_219' title='bbox 411 2991 622 3048; x_wconf 89' lang='lat' dir='ltr'>nolens</span> <span class='ocrx_word' id='word_1_220' title='bbox 651 2991 708 3045; x_wconf 91' lang='lat' dir='ltr'>in</span> <span class='ocrx_word' id='word_1_221' title='bbox 743 3007 913 3064; x_wconf 88' lang='lat' dir='ltr'>prave</span> <span class='ocrx_word' id='word_1_222' title='bbox 945 2991 1344 3060; x_wconf 89' lang='lat' dir='ltr'>sentientium,</span> <span class='ocrx_word' id='word_1_223' title='bbox 1369 2991 1605 3048; x_wconf 89' lang='lat' dir='ltr'>Sabellii</span> <span class='ocrx_word' id='word_1_224' title='bbox 1632 2991 1899 3048; x_wconf 88' lang='lat' dir='ltr'>videlicet</span> 
     </span>
    </p>
   </div>
   <div class='ocr_carea' id='block_1_32' title="bbox 231 3080 1895 3152">
    <p class='ocr_par' dir='ltr' id='par_1_32' title="bbox 231 3080 1895 3152">
     <span class='ocr_line' id='line_1_32' title="bbox 231 3080 1895 3152; baseline -0.002 -12"><span class='ocrx_word' id='word_1_225' title='bbox 231 3087 290 3140; x_wconf 87' lang='lat' dir='ltr'>et</span> <span class='ocrx_word' id='word_1_226' title='bbox 317 3081 470 3149; x_wconf 91' lang='lat' dir='ltr'>Arii,</span> <span class='ocrx_word' id='word_1_227' title='bbox 487 3097 637 3152; x_wconf 93' lang='lat' dir='ltr'>quos</span> <span class='ocrx_word' id='word_1_228' title='bbox 657 3097 790 3136; x_wconf 92' lang='lat' dir='ltr'>cum</span> <span class='ocrx_word' id='word_1_229' title='bbox 824 3080 1089 3136; x_wconf 90' lang='lat' dir='ltr'>nominat</span> <span class='ocrx_word' id='word_1_230' title='bbox 1113 3082 1453 3148; x_wconf 87' lang='lat' dir='ltr'>detestatur,</span> <span class='ocrx_word' id='word_1_231' title='bbox 1479 3085 1534 3137; x_wconf 91' lang='lat' dir='ltr'>et</span> <span class='ocrx_word' id='word_1_232' title='bbox 1564 3097 1740 3137; x_wconf 90' lang='lat' dir='ltr'>sensu</span> <span class='ocrx_word' id='word_1_233' title='bbox 1763 3098 1895 3137; x_wconf 90' lang='lat' dir='ltr'>eum</span> 
     </span>
    </p>
   </div>
   <div class='ocr_carea' id='block_1_33' title="bbox 231 3169 1896 3244">
    <p class='ocr_par' dir='ltr' id='par_1_33' title="bbox 231 3169 1896 3244">
     <span class='ocr_line' id='line_1_33' title="bbox 231 3169 1896 3244; baseline -0.001 -17"><span class='ocrx_word' id='word_1_234' title='bbox 231 3171 510 3244; x_wconf 83' lang='lat' dir='ltr'>disputat</span> <span class='ocrx_word' id='word_1_235' title='bbox 557 3169 846 3240; x_wconf 86' lang='lat' dir='ltr'>sequitur,</span> <span class='ocrx_word' id='word_1_236' title='bbox 877 3169 1199 3225; x_wconf 88' lang='lat' dir='ltr'>sententias</span> <span class='ocrx_word' id='word_1_237' title='bbox 1227 3169 1457 3225; x_wconf 89' lang='lat' dir='ltr'>videtur</span> <span class='ocrx_word' id='word_1_238' title='bbox 1485 3187 1716 3226; x_wconf 88' lang='lat' dir='ltr'>currere</span> <span class='ocrx_word' id='word_1_239' title='bbox 1762 3187 1896 3226; x_wconf 92' lang='lat' dir='ltr'>eum</span> 
     </span>
    </p>
   </div>
   <div class='ocr_carea' id='block_1_34' title="bbox 231 3257 1895 3331">
    <p class='ocr_par' dir='ltr' id='par_1_34' title="bbox 231 3257 1895 3331">
     <span class='ocr_line' id='line_1_34' title="bbox 231 3257 1895 3331; baseline -0.002 -14"><span class='ocrx_word' id='word_1_240' title='bbox 231 3260 365 3318; x_wconf 88' lang='lat' dir='ltr'>suis</span> <span class='ocrx_word' id='word_1_241' title='bbox 398 3257 809 3331; x_wconf 87' lang='lat' dir='ltr'>complicibus,</span> <span class='ocrx_word' id='word_1_242' title='bbox 835 3259 906 3312; x_wconf 90' lang='lat' dir='ltr'>de</span> <span class='ocrx_word' id='word_1_243' title='bbox 944 3259 1162 3330; x_wconf 88' lang='lat' dir='ltr'>quibus</span> <span class='ocrx_word' id='word_1_244' title='bbox 1202 3258 1484 3331; x_wconf 84' lang='lat' dir='ltr'>scriptum</span> <span class='ocrx_word' id='word_1_245' title='bbox 1517 3263 1642 3314; x_wconf 91' lang='lat' dir='ltr'>est:</span> <span class='ocrx_word' id='word_1_246' title='bbox 1671 3261 1895 3315; x_wconf 81' lang='lat' dir='ltr'>Descen-</span> 
     </span>
    </p>
   </div>
   <div class='ocr_carea' id='block_1_35' title="bbox 2026 678 3748 754">
    <p class='ocr_par' dir='ltr' id='par_1_35' title="bbox 2026 678 3748 754">
     <span class='ocr_line' id='line_1_35' title="bbox 2026 678 3748 754; baseline 0.009 -20"><span class='ocrx_word' id='word_1_247' title='bbox 2026 678 2188 734; x_wconf 91' lang='lat' dir='ltr'>nullo</span> <span class='ocrx_word' id='word_1_248' title='bbox 2220 680 2391 735; x_wconf 89' lang='lat' dir='ltr'>modo</span> <span class='ocrx_word' id='word_1_249' title='bbox 2412 679 2526 736; x_wconf 90' lang='lat' dir='ltr'>alia</span> <span class='ocrx_word' id='word_1_250' title='bbox 2546 680 2817 752; x_wconf 69' lang='lat' dir='ltr'>quaelibet</span> <span class='ocrx_word' id='word_1_251' title='bbox 2838 700 3086 754; x_wconf 89' lang='lat' dir='ltr'>persona</span> <span class='ocrx_word' id='word_1_252' title='bbox 3106 701 3173 740; x_wconf 87' lang='lat' dir='ltr'>ex</span> <span class='ocrx_word' id='word_1_253' title='bbox 3191 687 3394 744; x_wconf 88' lang='lat' dir='ltr'>eadem</span> <span class='ocrx_word' id='word_1_254' title='bbox 3413 692 3672 750; x_wconf 86' lang='lat' dir='ltr'>essentia</span> <span class='ocrx_word' id='word_1_255' title='bbox 3743 733 3748 740; x_wconf 67' lang='grc' dir='ltr'>ι</span> 
     </span>
    </p>
   </div>
   <div class='ocr_carea' id='block_1_36' title="bbox 2025 768 3672 843">
    <p class='ocr_par' dir='ltr' id='par_1_36' title="bbox 2025 768 3672 843">
     <span class='ocr_line' id='line_1_36' title="bbox 2025 768 3672 843; baseline 0.011 -22"><span class='ocrx_word' id='word_1_256' title='bbox 2025 771 2215 840; x_wconf 87' lang='lat' dir='ltr'>potest</span> <span class='ocrx_word' id='word_1_257' title='bbox 2243 768 2507 826; x_wconf 81' lang='lat' dir='ltr'>existere.</span> <span class='ocrx_word' id='word_1_258' title='bbox 2533 771 2656 826; x_wconf 93' lang='lat' dir='ltr'>Non</span> <span class='ocrx_word' id='word_1_259' title='bbox 2687 771 2842 826; x_wconf 90' lang='lat' dir='ltr'>enim</span> <span class='ocrx_word' id='word_1_260' title='bbox 2877 772 3072 843; x_wconf 86' lang='lat' dir='ltr'>major</span> <span class='ocrx_word' id='word_1_261' title='bbox 3099 775 3356 832; x_wconf 88' lang='lat' dir='ltr'>essentia</span> <span class='ocrx_word' id='word_1_262' title='bbox 3381 782 3472 834; x_wconf 90' lang='lat' dir='ltr'>est</span> <span class='ocrx_word' id='word_1_263' title='bbox 3502 780 3672 838; x_wconf 89' lang='lat' dir='ltr'>Pater</span> 
     </span>
    </p>
   </div>
   <div class='ocr_carea' id='block_1_37' title="bbox 2024 856 3670 930">
    <p class='ocr_par' dir='ltr' id='par_1_37' title="bbox 2024 856 3670 930">
     <span class='ocr_line' id='line_1_37' title="bbox 2024 856 3670 930; baseline 0.01 -19"><span class='ocrx_word' id='word_1_264' title='bbox 2024 861 2082 911; x_wconf 89' lang='lat' dir='ltr'>et</span> <span class='ocrx_word' id='word_1_265' title='bbox 2103 856 2282 912; x_wconf 85' lang='lat' dir='ltr'>Filius</span> <span class='ocrx_word' id='word_1_266' title='bbox 2306 857 2688 930; x_wconf 87' lang='lat' dir='ltr'>simul,quam</span> <span class='ocrx_word' id='word_1_267' title='bbox 2711 859 2872 915; x_wconf 91' lang='lat' dir='ltr'>solus</span> <span class='ocrx_word' id='word_1_268' title='bbox 2889 859 3057 915; x_wconf 88' lang='lat' dir='ltr'>Pater</span> <span class='ocrx_word' id='word_1_269' title='bbox 3077 865 3177 916; x_wconf 87' lang='lat' dir='ltr'>aut</span> <span class='ocrx_word' id='word_1_270' title='bbox 3197 862 3376 920; x_wconf 89' lang='lat' dir='ltr'>Filius</span> <span class='ocrx_word' id='word_1_271' title='bbox 3395 882 3408 920; x_wconf 91' lang='lat'>:</span> <span class='ocrx_word' id='word_1_272' title='bbox 3430 869 3530 923; x_wconf 91' lang='lat' dir='ltr'>sed</span> <span class='ocrx_word' id='word_1_273' title='bbox 3550 872 3670 928; x_wconf 89' lang='lat' dir='ltr'>tres</span> 
     </span>
    </p>
   </div>
   <div class='ocr_carea' id='block_1_38' title="bbox 2023 944 3668 1022">
    <p class='ocr_par' dir='ltr' id='par_1_38' title="bbox 2023 944 3668 1022">
     <span class='ocr_line' id='line_1_38' title="bbox 2023 944 3668 1022; baseline 0.009 -22"><span class='ocrx_word' id='word_1_274' title='bbox 2023 944 2200 1000; x_wconf 90' lang='lat' dir='ltr'>simul</span> <span class='ocrx_word' id='word_1_275' title='bbox 2227 945 2334 1000; x_wconf 67' lang='lat' dir='ltr'>illa:</span> <span class='ocrx_word' id='word_1_276' title='bbox 2357 947 2773 1016; x_wconf 69' lang='lat' dir='ltr'>subsistentiaz,</span> <span class='ocrx_word' id='word_1_277' title='bbox 2792 949 2910 1004; x_wconf 91' lang='lat' dir='ltr'>sive</span> <span class='ocrx_word' id='word_1_278' title='bbox 2933 967 3212 1022; x_wconf 67' lang='lat' dir='ltr'>personae,</span> <span class='ocrx_word' id='word_1_279' title='bbox 3239 951 3287 1007; x_wconf 89' lang='lat' dir='ltr'>si</span> <span class='ocrx_word' id='word_1_280' title='bbox 3311 951 3391 1009; x_wconf 92' lang='lat' dir='ltr'>ita</span> <span class='ocrx_word' id='word_1_281' title='bbox 3411 955 3668 1014; x_wconf 68' lang='lat' dir='ltr'>dicendae</span> 
     </span>
    </p>
   </div>
   <div class='ocr_carea' id='block_1_39' title="bbox 2023 1032 3670 1112">
    <p class='ocr_par' dir='ltr' id='par_1_39' title="bbox 2023 1032 3670 1112">
     <span class='ocr_line' id='line_1_39' title="bbox 2023 1032 3670 1112; baseline 0.009 -24"><span class='ocrx_word' id='word_1_282' title='bbox 2023 1038 2184 1100; x_wconf 90' lang='lat' dir='ltr'>sunt,</span> <span class='ocrx_word' id='word_1_283' title='bbox 2207 1032 2459 1106; x_wconf 64' lang='lat' dir='ltr'>aequales</span> <span class='ocrx_word' id='word_1_284' title='bbox 2481 1040 2619 1091; x_wconf 89' lang='lat' dir='ltr'>sunt</span> <span class='ocrx_word' id='word_1_285' title='bbox 2639 1036 3041 1112; x_wconf 78' lang='lat' dir='ltr'>singuli,quod</span> <span class='ocrx_word' id='word_1_286' title='bbox 3065 1039 3338 1096; x_wconf 88' lang='lat' dir='ltr'>animalis</span> <span class='ocrx_word' id='word_1_287' title='bbox 3358 1041 3532 1100; x_wconf 90' lang='lat' dir='ltr'>homo</span> <span class='ocrx_word' id='word_1_288' title='bbox 3554 1063 3670 1103; x_wconf 90' lang='lat' dir='ltr'>non</span> 
     </span>
    </p>
   </div>
   <div class='ocr_carea' id='block_1_40' title="bbox 2022 1121 3668 1196">
    <p class='ocr_par' dir='ltr' id='par_1_40' title="bbox 2022 1121 3668 1196">
     <span class='ocr_line' id='line_1_40' title="bbox 2022 1121 3668 1196; baseline 0.007 -18"><span class='ocrx_word' id='word_1_289' title='bbox 2022 1121 2294 1194; x_wconf 88' lang='lat' dir='ltr'>percipit;</span> <span class='ocrx_word' id='word_1_290' title='bbox 2320 1144 2346 1172; x_wconf 85' lang='lat'>»</span> <span class='ocrx_word' id='word_1_291' title='bbox 2380 1127 2436 1179; x_wconf 92' lang='lat' dir='ltr'>et</span> <span class='ocrx_word' id='word_1_292' title='bbox 2468 1123 2693 1195; x_wconf 89' lang='lat' dir='ltr'>reliqua</span> <span class='ocrx_word' id='word_1_293' title='bbox 2719 1143 2846 1196; x_wconf 69' lang='lat' dir='ltr'>quae</span> <span class='ocrx_word' id='word_1_294' title='bbox 2878 1127 3030 1182; x_wconf 70' lang='lat'>412</span> <span class='ocrx_word' id='word_1_295' title='bbox 3063 1125 3238 1182; x_wconf 88' lang='lat' dir='ltr'>latius</span> <span class='ocrx_word' id='word_1_296' title='bbox 3267 1127 3484 1186; x_wconf 89' lang='lat' dir='ltr'>ibidem</span> <span class='ocrx_word' id='word_1_297' title='bbox 3515 1132 3668 1189; x_wconf 89' lang='lat' dir='ltr'>idem</span> 
     </span>
    </p>
   </div>
   <div class='ocr_carea' id='block_1_41' title="bbox 2024 1211 3669 1285">
    <p class='ocr_par' dir='ltr' id='par_1_41' title="bbox 2024 1211 3669 1285">
     <span class='ocr_line' id='line_1_41' title="bbox 2024 1211 3669 1285; baseline 0.007 -19"><span class='ocrx_word' id='word_1_298' title='bbox 2024 1211 2443 1284; x_wconf 82' lang='lat' dir='ltr'>sagacissimus</span> <span class='ocrx_word' id='word_1_299' title='bbox 2473 1213 2674 1268; x_wconf 87' lang='lat' dir='ltr'>doctor</span> <span class='ocrx_word' id='word_1_300' title='bbox 2705 1212 3059 1285; x_wconf 81' lang='lat' dir='ltr'>exsequitur.</span> <span class='ocrx_word' id='word_1_301' title='bbox 3084 1216 3152 1270; x_wconf 85' lang='lat' dir='ltr'>Et</span> <span class='ocrx_word' id='word_1_302' title='bbox 3183 1216 3240 1270; x_wconf 93' lang='lat' dir='ltr'>in</span> <span class='ocrx_word' id='word_1_303' title='bbox 3271 1233 3540 1275; x_wconf 89' lang='lat' dir='ltr'>sermone</span> <span class='ocrx_word' id='word_1_304' title='bbox 3568 1221 3669 1276; x_wconf 92' lang='lat' dir='ltr'>tri-</span> 
     </span>
    </p>
   </div>
   <div class='ocr_carea' id='block_1_42' title="bbox 2021 1300 3670 1375">
    <p class='ocr_par' dir='ltr' id='par_1_42' title="bbox 2021 1300 3670 1375">
     <span class='ocr_line' id='line_1_42' title="bbox 2021 1300 3670 1375; baseline 0.008 -21"><span class='ocrx_word' id='word_1_305' title='bbox 2021 1300 2244 1373; x_wconf 88' lang='lat' dir='ltr'>gesimo</span> <span class='ocrx_word' id='word_1_306' title='bbox 2277 1304 2437 1356; x_wconf 86' lang='lat' dir='ltr'>sexto</span> <span class='ocrx_word' id='word_1_307' title='bbox 2469 1301 2762 1375; x_wconf 81' lang='lat' dir='ltr'>Evangelii</span> <span class='ocrx_word' id='word_1_308' title='bbox 2797 1305 3121 1358; x_wconf 89' lang='lat' dir='ltr'>secundum</span> <span class='ocrx_word' id='word_1_309' title='bbox 3153 1305 3438 1364; x_wconf 85' lang='lat' dir='ltr'>Joannem</span> <span class='ocrx_word' id='word_1_310' title='bbox 3465 1327 3517 1364; x_wconf 84' lang='grc'>;‹‹</span> <span class='ocrx_word' id='word_1_311' title='bbox 3539 1310 3670 1366; x_wconf 87' lang='lat' dir='ltr'>Tri-</span> 
     </span>
    </p>
   </div>
   <div class='ocr_carea' id='block_1_43' title="bbox 2022 1389 3671 1466">
    <p class='ocr_par' dir='ltr' id='par_1_43' title="bbox 2022 1389 3671 1466">
     <span class='ocr_line' id='line_1_43' title="bbox 2022 1389 3671 1466; baseline 0.008 -23"><span class='ocrx_word' id='word_1_312' title='bbox 2022 1389 2177 1444; x_wconf 88' lang='lat' dir='ltr'>nitas</span> <span class='ocrx_word' id='word_1_313' title='bbox 2207 1408 2363 1446; x_wconf 90' lang='lat' dir='ltr'>unus</span> <span class='ocrx_word' id='word_1_314' title='bbox 2413 1391 2587 1458; x_wconf 87' lang='lat' dir='ltr'>Deus,</span> <span class='ocrx_word' id='word_1_315' title='bbox 2623 1391 2878 1447; x_wconf 88' lang='lat' dir='ltr'>Trinitas</span> <span class='ocrx_word' id='word_1_316' title='bbox 2911 1411 3028 1449; x_wconf 90' lang='lat' dir='ltr'>una</span> <span class='ocrx_word' id='word_1_317' title='bbox 3073 1399 3162 1450; x_wconf 92' lang='lat' dir='ltr'>est</span> <span class='ocrx_word' id='word_1_318' title='bbox 3209 1397 3519 1466; x_wconf 66' lang='lat' dir='ltr'>aeternitas,</span> <span class='ocrx_word' id='word_1_319' title='bbox 3553 1417 3671 1457; x_wconf 88' lang='lat' dir='ltr'>una</span> 
     </span>
    </p>
   </div>
   <div class='ocr_carea' id='block_1_44' title="bbox 2023 1480 3668 1555">
    <p class='ocr_par' dir='ltr' id='par_1_44' title="bbox 2023 1480 3668 1555">
     <span class='ocr_line' id='line_1_44' title="bbox 2023 1480 3668 1555; baseline 0.007 -23"><span class='ocrx_word' id='word_1_320' title='bbox 2023 1483 2301 1551; x_wconf 89' lang='lat' dir='ltr'>potestas,</span> <span class='ocrx_word' id='word_1_321' title='bbox 2334 1497 2452 1534; x_wconf 89' lang='lat' dir='ltr'>una</span> <span class='ocrx_word' id='word_1_322' title='bbox 2501 1481 2779 1551; x_wconf 87' lang='lat' dir='ltr'>majestas</span> <span class='ocrx_word' id='word_1_323' title='bbox 2813 1497 2824 1534; x_wconf 92' lang='lat'>:</span> <span class='ocrx_word' id='word_1_324' title='bbox 2861 1480 3001 1552; x_wconf 91' lang='lat' dir='ltr'>quid</span> <span class='ocrx_word' id='word_1_325' title='bbox 3036 1499 3172 1555; x_wconf 83' lang='lat' dir='ltr'>ergo</span> <span class='ocrx_word' id='word_1_326' title='bbox 3205 1485 3364 1542; x_wconf 83' lang='lat' dir='ltr'>tres?</span> <span class='ocrx_word' id='word_1_327' title='bbox 3411 1487 3462 1542; x_wconf 90' lang='lat' dir='ltr'>si</span> <span class='ocrx_word' id='word_1_328' title='bbox 3511 1487 3668 1544; x_wconf 90' lang='lat' dir='ltr'>enim</span> 
     </span>
    </p>
   </div>
   <div class='ocr_carea' id='block_1_45' title="bbox 2021 1567 3671 1645">
    <p class='ocr_par' dir='ltr' id='par_1_45' title="bbox 2021 1567 3671 1645">
     <span class='ocr_line' id='line_1_45' title="bbox 2021 1567 3671 1645; baseline 0.007 -23"><span class='ocrx_word' id='word_1_329' title='bbox 2021 1571 2140 1624; x_wconf 91' lang='lat' dir='ltr'>tres</span> <span class='ocrx_word' id='word_1_330' title='bbox 2172 1567 2272 1638; x_wconf 89' lang='lat' dir='ltr'>ait,</span> <span class='ocrx_word' id='word_1_331' title='bbox 2295 1572 2521 1640; x_wconf 85' lang='lat' dir='ltr'>oportet</span> <span class='ocrx_word' id='word_1_332' title='bbox 2551 1567 2711 1624; x_wconf 91' lang='lat' dir='ltr'>dicas</span> <span class='ocrx_word' id='word_1_333' title='bbox 2745 1569 2885 1641; x_wconf 90' lang='lat' dir='ltr'>quid</span> <span class='ocrx_word' id='word_1_334' title='bbox 2931 1575 3068 1626; x_wconf 90' lang='lat' dir='ltr'>tres.</span> <span class='ocrx_word' id='word_1_335' title='bbox 3104 1572 3468 1645; x_wconf 80' lang='lat' dir='ltr'>Respondeo,</span> <span class='ocrx_word' id='word_1_336' title='bbox 3502 1576 3671 1634; x_wconf 91' lang='lat' dir='ltr'>Pater</span> 
     </span>
    </p>
   </div>
   <div class='ocr_carea' id='block_1_46' title="bbox 2021 1653 3672 1733">
    <p class='ocr_par' dir='ltr' id='par_1_46' title="bbox 2021 1653 3672 1733">
     <span class='ocr_line' id='line_1_46' title="bbox 2021 1653 3672 1733; baseline 0.007 -21"><span class='ocrx_word' id='word_1_337' title='bbox 2021 1659 2079 1712; x_wconf 92' lang='lat' dir='ltr'>et</span> <span class='ocrx_word' id='word_1_338' title='bbox 2111 1653 2291 1712; x_wconf 90' lang='lat' dir='ltr'>Filius</span> <span class='ocrx_word' id='word_1_339' title='bbox 2321 1661 2380 1712; x_wconf 91' lang='lat' dir='ltr'>et</span> <span class='ocrx_word' id='word_1_340' title='bbox 2411 1656 2698 1730; x_wconf 90' lang='lat' dir='ltr'>Spiritus;</span> <span class='ocrx_word' id='word_1_341' title='bbox 2733 1658 2789 1713; x_wconf 92' lang='lat' dir='ltr'>id</span> <span class='ocrx_word' id='word_1_342' title='bbox 2823 1659 2979 1714; x_wconf 90' lang='lat' dir='ltr'>enim</span> <span class='ocrx_word' id='word_1_343' title='bbox 3007 1661 3160 1733; x_wconf 92' lang='lat' dir='ltr'>quod</span> <span class='ocrx_word' id='word_1_344' title='bbox 3203 1662 3374 1718; x_wconf 90' lang='lat' dir='ltr'>Pater</span> <span class='ocrx_word' id='word_1_345' title='bbox 3400 1663 3460 1720; x_wconf 90' lang='lat' dir='ltr'>in</span> <span class='ocrx_word' id='word_1_346' title='bbox 3490 1682 3554 1722; x_wconf 90' lang='lat' dir='ltr'>se</span> <span class='ocrx_word' id='word_1_347' title='bbox 3581 1670 3672 1722; x_wconf 88' lang='lat' dir='ltr'>est</span> 
     </span>
    </p>
   </div>
   <div class='ocr_carea' id='block_1_47' title="bbox 2021 1745 3670 1824">
    <p class='ocr_par' dir='ltr' id='par_1_47' title="bbox 2021 1745 3670 1824">
     <span class='ocr_line' id='line_1_47' title="bbox 2021 1745 3670 1824; baseline 0.007 -24"><span class='ocrx_word' id='word_1_348' title='bbox 2021 1745 2176 1801; x_wconf 93' lang='lat' dir='ltr'>Deus</span> <span class='ocrx_word' id='word_1_349' title='bbox 2198 1747 2477 1818; x_wconf 84' lang='lat' dir='ltr'>est,quod</span> <span class='ocrx_word' id='word_1_350' title='bbox 2503 1746 2574 1800; x_wconf 90' lang='lat' dir='ltr'>ad</span> <span class='ocrx_word' id='word_1_351' title='bbox 2609 1745 2818 1821; x_wconf 81' lang='lat' dir='ltr'>Filium</span> <span class='ocrx_word' id='word_1_352' title='bbox 2851 1751 2940 1803; x_wconf 88' lang='lat' dir='ltr'>est</span> <span class='ocrx_word' id='word_1_353' title='bbox 2973 1749 3140 1805; x_wconf 90' lang='lat' dir='ltr'>Pater</span> <span class='ocrx_word' id='word_1_354' title='bbox 3167 1754 3278 1820; x_wconf 87' lang='lat' dir='ltr'>est,</span> <span class='ocrx_word' id='word_1_355' title='bbox 3301 1753 3454 1824; x_wconf 91' lang='lat' dir='ltr'>quod</span> <span class='ocrx_word' id='word_1_356' title='bbox 3487 1753 3670 1811; x_wconf 87' lang='lat' dir='ltr'>Filius</span> 
     </span>
    </p>
   </div>
   <div class='ocr_carea' id='block_1_48' title="bbox 2020 1833 3666 1907">
    <p class='ocr_par' dir='ltr' id='par_1_48' title="bbox 2020 1833 3666 1907">
     <span class='ocr_line' id='line_1_48' title="bbox 2020 1833 3666 1907; baseline 0.003 -19"><span class='ocrx_word' id='word_1_357' title='bbox 2020 1833 2092 1888; x_wconf 89' lang='lat' dir='ltr'>ad</span> <span class='ocrx_word' id='word_1_358' title='bbox 2117 1834 2372 1906; x_wconf 88' lang='lat' dir='ltr'>seipsum</span> <span class='ocrx_word' id='word_1_359' title='bbox 2395 1834 2550 1890; x_wconf 90' lang='lat' dir='ltr'>Deus</span> <span class='ocrx_word' id='word_1_360' title='bbox 2569 1839 2678 1902; x_wconf 90' lang='lat' dir='ltr'>est,</span> <span class='ocrx_word' id='word_1_361' title='bbox 2695 1835 2850 1907; x_wconf 88' lang='lat' dir='ltr'>quod</span> <span class='ocrx_word' id='word_1_362' title='bbox 2875 1837 2945 1891; x_wconf 91' lang='lat' dir='ltr'>ad</span> <span class='ocrx_word' id='word_1_363' title='bbox 2961 1837 3186 1894; x_wconf 85' lang='lat' dir='ltr'>Patrem</span> <span class='ocrx_word' id='word_1_364' title='bbox 3209 1844 3296 1896; x_wconf 87' lang='lat' dir='ltr'>est</span> <span class='ocrx_word' id='word_1_365' title='bbox 3318 1839 3500 1898; x_wconf 89' lang='lat' dir='ltr'>Filius</span> <span class='ocrx_word' id='word_1_366' title='bbox 3520 1845 3666 1899; x_wconf 84' lang='lat' dir='ltr'>est.»</span> 
     </span>
    </p>
   </div>
   <div class='ocr_carea' id='block_1_49' title="bbox 2020 1921 3667 1998">
    <p class='ocr_par' dir='ltr' id='par_1_49' title="bbox 2020 1921 3667 1998">
     <span class='ocr_line' id='line_1_49' title="bbox 2020 1921 3667 1998; baseline 0.007 -22"><span class='ocrx_word' id='word_1_367' title='bbox 2020 1921 2090 1976; x_wconf 88' lang='lat' dir='ltr'>Et</span> <span class='ocrx_word' id='word_1_368' title='bbox 2119 1927 2251 1994; x_wconf 91' lang='lat' dir='ltr'>post</span> <span class='ocrx_word' id='word_1_369' title='bbox 2293 1921 2600 1994; x_wconf 86' lang='lat' dir='ltr'>paululum</span> <span class='ocrx_word' id='word_1_370' title='bbox 2633 1941 2682 1979; x_wconf 84' lang='grc'>;‹‹</span> <span class='ocrx_word' id='word_1_371' title='bbox 2717 1925 2842 1980; x_wconf 92' lang='lat' dir='ltr'>Non</span> <span class='ocrx_word' id='word_1_372' title='bbox 2871 1929 2958 1980; x_wconf 90' lang='lat' dir='ltr'>est</span> <span class='ocrx_word' id='word_1_373' title='bbox 2987 1926 3127 1998; x_wconf 88' lang='lat' dir='ltr'>quid</span> <span class='ocrx_word' id='word_1_374' title='bbox 3167 1928 3360 1985; x_wconf 90' lang='lat' dir='ltr'>dicam</span> <span class='ocrx_word' id='word_1_375' title='bbox 3399 1933 3518 1987; x_wconf 89' lang='lat' dir='ltr'>tres</span> <span class='ocrx_word' id='word_1_376' title='bbox 3553 1930 3667 1988; x_wconf 89' lang='lat' dir='ltr'>nisi</span> 
     </span>
    </p>
   </div>
   <div class='ocr_carea' id='block_1_50' title="bbox 2017 2009 3666 2087">
    <p class='ocr_par' dir='ltr' id='par_1_50' title="bbox 2017 2009 3666 2087">
     <span class='ocr_line' id='line_1_50' title="bbox 2017 2009 3666 2087; baseline 0.007 -23"><span class='ocrx_word' id='word_1_377' title='bbox 2017 2009 2244 2066; x_wconf 90' lang='lat' dir='ltr'>Patrem</span> <span class='ocrx_word' id='word_1_378' title='bbox 2262 2015 2320 2066; x_wconf 91' lang='lat' dir='ltr'>et</span> <span class='ocrx_word' id='word_1_379' title='bbox 2337 2010 2548 2067; x_wconf 88' lang='lat' dir='ltr'>Filium</span> <span class='ocrx_word' id='word_1_380' title='bbox 2567 2015 2625 2067; x_wconf 90' lang='lat' dir='ltr'>et</span> <span class='ocrx_word' id='word_1_381' title='bbox 2642 2013 2929 2084; x_wconf 91' lang='lat' dir='ltr'>Spiritum</span> <span class='ocrx_word' id='word_1_382' title='bbox 2949 2019 3242 2083; x_wconf 90' lang='lat' dir='ltr'>sanctum,</span> <span class='ocrx_word' id='word_1_383' title='bbox 3257 2034 3440 2073; x_wconf 90' lang='lat' dir='ltr'>unum</span> <span class='ocrx_word' id='word_1_384' title='bbox 3458 2018 3666 2087; x_wconf 87' lang='lat' dir='ltr'>Deum,</span> 
     </span>
    </p>
   </div>
   <div class='ocr_carea' id='block_1_51' title="bbox 2010 2099 3668 2178">
    <p class='ocr_par' dir='ltr' id='par_1_51' title="bbox 2010 2099 3668 2178">
     <span class='ocr_line' id='line_1_51' title="bbox 2010 2099 3668 2178; baseline 0.006 -24"><span class='ocrx_word' id='word_1_385' title='bbox 2010 2116 2194 2154; x_wconf 90' lang='lat' dir='ltr'>unum</span> <span class='ocrx_word' id='word_1_386' title='bbox 2219 2099 2700 2172; x_wconf 87' lang='lat' dir='ltr'>omnipotentem,</span> <span class='ocrx_word' id='word_1_387' title='bbox 2718 2117 2854 2175; x_wconf 88' lang='lat' dir='ltr'>ergo</span> <span class='ocrx_word' id='word_1_388' title='bbox 2881 2121 3064 2158; x_wconf 89' lang='lat' dir='ltr'>unum</span> <span class='ocrx_word' id='word_1_389' title='bbox 3091 2104 3588 2178; x_wconf 80' lang='lat' dir='ltr'>principium.»Et</span> <span class='ocrx_word' id='word_1_390' title='bbox 3608 2108 3668 2164; x_wconf 89' lang='lat' dir='ltr'>in</span> 
     </span>
    </p>
   </div>
   <div class='ocr_carea' id='block_1_52' title="bbox 2011 2189 3668 2268">
    <p class='ocr_par' dir='ltr' id='par_1_52' title="bbox 2011 2189 3668 2268">
     <span class='ocr_line' id='line_1_52' title="bbox 2011 2189 3668 2268; baseline 0.005 -24"><span class='ocrx_word' id='word_1_391' title='bbox 2011 2205 2279 2244; x_wconf 88' lang='lat' dir='ltr'>sermone</span> <span class='ocrx_word' id='word_1_392' title='bbox 2321 2189 2621 2261; x_wconf 87' lang='lat' dir='ltr'>trigesimo</span> <span class='ocrx_word' id='word_1_393' title='bbox 2664 2191 2914 2264; x_wconf 83' lang='lat' dir='ltr'>septimo</span> <span class='ocrx_word' id='word_1_394' title='bbox 2946 2208 2994 2246; x_wconf 79' lang='lat'>:«</span> <span class='ocrx_word' id='word_1_395' title='bbox 3022 2193 3080 2248; x_wconf 92' lang='lat' dir='ltr'>Si</span> <span class='ocrx_word' id='word_1_396' title='bbox 3115 2192 3270 2248; x_wconf 89' lang='lat' dir='ltr'>enim</span> <span class='ocrx_word' id='word_1_397' title='bbox 3301 2196 3456 2267; x_wconf 91' lang='lat' dir='ltr'>quod</span> <span class='ocrx_word' id='word_1_398' title='bbox 3497 2197 3668 2268; x_wconf 90' lang='lat' dir='ltr'>pauci</span> 
     </span>
    </p>
   </div>
   <div class='ocr_carea' id='block_1_53' title="bbox 2009 2277 3664 2350">
    <p class='ocr_par' dir='ltr' id='par_1_53' title="bbox 2009 2277 3664 2350">
     <span class='ocr_line' id='line_1_53' title="bbox 2009 2277 3664 2350; baseline 0.006 -19"><span class='ocrx_word' id='word_1_399' title='bbox 2009 2277 2364 2350; x_wconf 88' lang='lat' dir='ltr'>intelligunt,</span> <span class='ocrx_word' id='word_1_400' title='bbox 2389 2277 2635 2350; x_wconf 89' lang='lat' dir='ltr'>simplex</span> <span class='ocrx_word' id='word_1_401' title='bbox 2656 2284 2744 2334; x_wconf 91' lang='lat' dir='ltr'>est</span> <span class='ocrx_word' id='word_1_402' title='bbox 2767 2284 2976 2336; x_wconf 89' lang='lat' dir='ltr'>natura</span> <span class='ocrx_word' id='word_1_403' title='bbox 2993 2281 3276 2350; x_wconf 87' lang='lat' dir='ltr'>veritatis,</span> <span class='ocrx_word' id='word_1_404' title='bbox 3301 2283 3413 2339; x_wconf 90' lang='lat' dir='ltr'>hoc</span> <span class='ocrx_word' id='word_1_405' title='bbox 3435 2287 3524 2340; x_wconf 88' lang='lat' dir='ltr'>est</span> <span class='ocrx_word' id='word_1_406' title='bbox 3543 2284 3664 2342; x_wconf 84' lang='lat' dir='ltr'>ﬁlio</span> 
     </span>
    </p>
   </div>
   <div class='ocr_carea' id='block_1_54' title="bbox 2007 2367 3662 2446">
    <p class='ocr_par' dir='ltr' id='par_1_54' title="bbox 2007 2367 3662 2446">
     <span class='ocr_line' id='line_1_54' title="bbox 2007 2367 3662 2446; baseline 0.005 -24"><span class='ocrx_word' id='word_1_407' title='bbox 2007 2383 2158 2434; x_wconf 91' lang='lat' dir='ltr'>esse,</span> <span class='ocrx_word' id='word_1_408' title='bbox 2197 2367 2349 2437; x_wconf 91' lang='lat' dir='ltr'>quod</span> <span class='ocrx_word' id='word_1_409' title='bbox 2402 2383 2640 2422; x_wconf 82' lang='lat' dir='ltr'>nosse.»</span> <span class='ocrx_word' id='word_1_410' title='bbox 2673 2368 2740 2422; x_wconf 86' lang='lat' dir='ltr'>Et</span> <span class='ocrx_word' id='word_1_411' title='bbox 2788 2367 2846 2423; x_wconf 91' lang='lat' dir='ltr'>in</span> <span class='ocrx_word' id='word_1_412' title='bbox 2897 2385 3164 2426; x_wconf 88' lang='lat' dir='ltr'>sermone</span> <span class='ocrx_word' id='word_1_413' title='bbox 3215 2372 3662 2446; x_wconf 86' lang='lat' dir='ltr'>quadragesimo</span> 
     </span>
    </p>
   </div>
   <div class='ocr_carea' id='block_1_55' title="bbox 2007 2455 3664 2535">
    <p class='ocr_par' dir='ltr' id='par_1_55' title="bbox 2007 2455 3664 2535">
     <span class='ocr_line' id='line_1_55' title="bbox 2007 2455 3664 2535; baseline 0.006 -25"><span class='ocrx_word' id='word_1_414' title='bbox 2007 2459 2218 2526; x_wconf 89' lang='lat' dir='ltr'>quarto</span> <span class='ocrx_word' id='word_1_415' title='bbox 2244 2471 2293 2510; x_wconf 74' lang='grc' dir='ltr'>τα</span> <span class='ocrx_word' id='word_1_416' title='bbox 2317 2455 2515 2510; x_wconf 89' lang='lat' dir='ltr'>Ariani</span> <span class='ocrx_word' id='word_1_417' title='bbox 2538 2455 2762 2523; x_wconf 90' lang='lat' dir='ltr'>dicunt,</span> <span class='ocrx_word' id='word_1_418' title='bbox 2779 2455 2935 2512; x_wconf 89' lang='lat' dir='ltr'>aliud</span> <span class='ocrx_word' id='word_1_419' title='bbox 2959 2463 3047 2514; x_wconf 79' lang='lat' dir='ltr'>est</span> <span class='ocrx_word' id='word_1_420' title='bbox 3071 2459 3254 2528; x_wconf 86' lang='lat' dir='ltr'>Pater,</span> <span class='ocrx_word' id='word_1_421' title='bbox 3275 2459 3432 2517; x_wconf 89' lang='lat' dir='ltr'>aliud</span> <span class='ocrx_word' id='word_1_422' title='bbox 3459 2461 3664 2535; x_wconf 80' lang='lat' dir='ltr'>Filius,</span> 
     </span>
    </p>
   </div>
   <div class='ocr_carea' id='block_1_56' title="bbox 2006 2543 3662 2616">
    <p class='ocr_par' dir='ltr' id='par_1_56' title="bbox 2006 2543 3662 2616">
     <span class='ocr_line' id='line_1_56' title="bbox 2006 2543 3662 2616; baseline 0.003 -19"><span class='ocrx_word' id='word_1_423' title='bbox 2006 2543 2176 2616; x_wconf 86' lang='lat' dir='ltr'>quasi</span> <span class='ocrx_word' id='word_1_424' title='bbox 2199 2561 2314 2598; x_wconf 92' lang='lat' dir='ltr'>non</span> <span class='ocrx_word' id='word_1_425' title='bbox 2348 2543 2469 2599; x_wconf 89' lang='lat' dir='ltr'>sint</span> <span class='ocrx_word' id='word_1_426' title='bbox 2497 2545 2762 2616; x_wconf 88' lang='lat' dir='ltr'>ejusdem</span> <span class='ocrx_word' id='word_1_427' title='bbox 2788 2546 3131 2601; x_wconf 80' lang='lat' dir='ltr'>substantiae</span> <span class='ocrx_word' id='word_1_428' title='bbox 3159 2549 3326 2605; x_wconf 85' lang='lat' dir='ltr'>Pater</span> <span class='ocrx_word' id='word_1_429' title='bbox 3346 2554 3403 2606; x_wconf 92' lang='lat' dir='ltr'>et</span> <span class='ocrx_word' id='word_1_430' title='bbox 3423 2550 3662 2608; x_wconf 83' lang='lat' dir='ltr'>Filius.»</span> 
     </span>
    </p>
   </div>
   <div class='ocr_carea' id='block_1_57' title="bbox 2007 2631 3661 2706">
    <p class='ocr_par' dir='ltr' id='par_1_57' title="bbox 2007 2631 3661 2706">
     <span class='ocr_line' id='line_1_57' title="bbox 2007 2631 3661 2706; baseline 0.006 -20"><span class='ocrx_word' id='word_1_431' title='bbox 2007 2631 2068 2686; x_wconf 95' lang='lat' dir='ltr'>In</span> <span class='ocrx_word' id='word_1_432' title='bbox 2101 2649 2370 2687; x_wconf 84' lang='lat' dir='ltr'>sermone</span> <span class='ocrx_word' id='word_1_433' title='bbox 2401 2632 2852 2705; x_wconf 85' lang='lat' dir='ltr'>quadragesimo</span> <span class='ocrx_word' id='word_1_434' title='bbox 2885 2635 3088 2706; x_wconf 85' lang='lat' dir='ltr'>quinto</span> <span class='ocrx_word' id='word_1_435' title='bbox 3114 2652 3126 2690; x_wconf 92' lang='lat'>:</span> <span class='ocrx_word' id='word_1_436' title='bbox 3153 2659 3180 2685; x_wconf 89' lang='lat'>«</span> <span class='ocrx_word' id='word_1_437' title='bbox 3213 2636 3270 2692; x_wconf 93' lang='lat' dir='ltr'>Si</span> <span class='ocrx_word' id='word_1_438' title='bbox 3303 2655 3544 2695; x_wconf 89' lang='lat' dir='ltr'>manum</span> <span class='ocrx_word' id='word_1_439' title='bbox 3575 2639 3661 2695; x_wconf 89' lang='lat' dir='ltr'>in-</span> 
     </span>
    </p>
   </div>
   <div class='ocr_carea' id='block_1_58' title="bbox 2005 2720 3652 2800">
    <p class='ocr_par' dir='ltr' id='par_1_58' title="bbox 2005 2720 3652 2800">
     <span class='ocr_line' id='line_1_58' title="bbox 2005 2720 3652 2800; baseline 0.005 -24"><span class='ocrx_word' id='word_1_440' title='bbox 2005 2720 2340 2793; x_wconf 88' lang='lat' dir='ltr'>telligamus</span> <span class='ocrx_word' id='word_1_441' title='bbox 2372 2725 2740 2792; x_wconf 88' lang='lat' dir='ltr'>potestatem,</span> <span class='ocrx_word' id='word_1_442' title='bbox 2777 2740 2889 2778; x_wconf 89' lang='lat' dir='ltr'>una</span> <span class='ocrx_word' id='word_1_443' title='bbox 2919 2728 3007 2779; x_wconf 90' lang='lat' dir='ltr'>est</span> <span class='ocrx_word' id='word_1_444' title='bbox 3039 2725 3223 2782; x_wconf 86' lang='lat' dir='ltr'>Patris</span> <span class='ocrx_word' id='word_1_445' title='bbox 3254 2731 3311 2782; x_wconf 92' lang='lat' dir='ltr'>et</span> <span class='ocrx_word' id='word_1_446' title='bbox 3341 2726 3468 2782; x_wconf 88' lang='lat' dir='ltr'>Filii</span> <span class='ocrx_word' id='word_1_447' title='bbox 3498 2732 3652 2800; x_wconf 83' lang='lat' dir='ltr'>pote-</span> 
     </span>
    </p>
   </div>
   <div class='ocr_carea' id='block_1_59' title="bbox 2004 2809 3655 2892">
    <p class='ocr_par' dir='ltr' id='par_1_59' title="bbox 2004 2809 3655 2892">
     <span class='ocr_line' id='line_1_59' title="bbox 2004 2809 3655 2892; baseline 0.005 -27"><span class='ocrx_word' id='word_1_448' title='bbox 2004 2813 2147 2876; x_wconf 90' lang='lat' dir='ltr'>stas,</span> <span class='ocrx_word' id='word_1_449' title='bbox 2183 2809 2322 2882; x_wconf 89' lang='lat' dir='ltr'>quia</span> <span class='ocrx_word' id='word_1_450' title='bbox 2355 2827 2472 2865; x_wconf 89' lang='lat' dir='ltr'>una</span> <span class='ocrx_word' id='word_1_451' title='bbox 2501 2809 2794 2866; x_wconf 77' lang='lat' dir='ltr'>divinitas.</span> <span class='ocrx_word' id='word_1_452' title='bbox 2825 2834 2850 2859; x_wconf 83' lang='lat'>»</span> <span class='ocrx_word' id='word_1_453' title='bbox 2883 2813 2952 2866; x_wconf 93' lang='lat' dir='ltr'>Et</span> <span class='ocrx_word' id='word_1_454' title='bbox 2982 2817 3174 2884; x_wconf 84' lang='lat' dir='ltr'>potest</span> <span class='ocrx_word' id='word_1_455' title='bbox 3212 2831 3400 2887; x_wconf 90' lang='lat' dir='ltr'>pauca</span> <span class='ocrx_word' id='word_1_456' title='bbox 3431 2833 3478 2872; x_wconf 74' lang='grc' dir='ltr'>τι</span> <span class='ocrx_word' id='word_1_457' title='bbox 3505 2818 3655 2892; x_wconf 89' lang='lat' dir='ltr'>Ergo</span> 
     </span>
    </p>
   </div>
   <div class='ocr_carea' id='block_1_60' title="bbox 2005 2898 3650 2971">
    <p class='ocr_par' dir='ltr' id='par_1_60' title="bbox 2005 2898 3650 2971">
     <span class='ocr_line' id='line_1_60' title="bbox 2005 2898 3650 2971; baseline 0.005 -18"><span class='ocrx_word' id='word_1_458' title='bbox 2005 2915 2176 2954; x_wconf 90' lang='lat' dir='ltr'>nemo</span> <span class='ocrx_word' id='word_1_459' title='bbox 2209 2898 2361 2970; x_wconf 90' lang='lat' dir='ltr'>rapit</span> <span class='ocrx_word' id='word_1_460' title='bbox 2391 2899 2462 2954; x_wconf 92' lang='lat' dir='ltr'>de</span> <span class='ocrx_word' id='word_1_461' title='bbox 2492 2916 2671 2954; x_wconf 87' lang='lat' dir='ltr'>manu</span> <span class='ocrx_word' id='word_1_462' title='bbox 2703 2899 2888 2955; x_wconf 87' lang='lat' dir='ltr'>Patris</span> <span class='ocrx_word' id='word_1_463' title='bbox 2919 2901 3054 2969; x_wconf 89' lang='lat' dir='ltr'>mei,</span> <span class='ocrx_word' id='word_1_464' title='bbox 3084 2901 3191 2956; x_wconf 88' lang='lat' dir='ltr'>hoe</span> <span class='ocrx_word' id='word_1_465' title='bbox 3221 2907 3330 2971; x_wconf 91' lang='lat' dir='ltr'>est,</span> <span class='ocrx_word' id='word_1_466' title='bbox 3356 2921 3526 2960; x_wconf 91' lang='lat' dir='ltr'>nemo</span> <span class='ocrx_word' id='word_1_467' title='bbox 3558 2922 3650 2961; x_wconf 87' lang='lat' dir='ltr'>ra-</span> 
     </span>
    </p>
   </div>
   <div class='ocr_carea' id='block_1_61' title="bbox 2004 2986 3654 3062">
    <p class='ocr_par' dir='ltr' id='par_1_61' title="bbox 2004 2986 3654 3062">
     <span class='ocr_line' id='line_1_61' title="bbox 2004 2986 3654 3062; baseline 0.006 -21"><span class='ocrx_word' id='word_1_468' title='bbox 2004 2989 2091 3058; x_wconf 90' lang='lat' dir='ltr'>pit</span> <span class='ocrx_word' id='word_1_469' title='bbox 2120 2986 2321 3042; x_wconf 87' lang='lat' dir='ltr'>mihi.»</span> <span class='ocrx_word' id='word_1_470' title='bbox 2346 2987 2407 3042; x_wconf 90' lang='lat' dir='ltr'>In</span> <span class='ocrx_word' id='word_1_471' title='bbox 2433 3005 2699 3042; x_wconf 84' lang='lat' dir='ltr'>sermone</span> <span class='ocrx_word' id='word_1_472' title='bbox 2729 2989 3160 3060; x_wconf 86' lang='lat' dir='ltr'>septuagesimo</span> <span class='ocrx_word' id='word_1_473' title='bbox 3191 2995 3397 3062; x_wconf 90' lang='lat' dir='ltr'>quarto</span> <span class='ocrx_word' id='word_1_474' title='bbox 3421 3008 3434 3048; x_wconf 91' lang='lat'><strong>:</strong></span> <span class='ocrx_word' id='word_1_475' title='bbox 3455 3015 3484 3044; x_wconf 84' lang='lat'><strong><em>«</em></strong></span> <span class='ocrx_word' id='word_1_476' title='bbox 3508 2992 3654 3050; x_wconf 89' lang='lat' dir='ltr'>Cum</span> 
     </span>
    </p>
   </div>
   <div class='ocr_carea' id='block_1_62' title="bbox 2005 3075 3650 3154">
    <p class='ocr_par' dir='ltr' id='par_1_62' title="bbox 2005 3075 3650 3154">
     <span class='ocr_line' id='line_1_62' title="bbox 2005 3075 3650 3154; baseline 0.005 -24"><span class='ocrx_word' id='word_1_477' title='bbox 2005 3091 2140 3148; x_wconf 89' lang='lat' dir='ltr'>ergo</span> <span class='ocrx_word' id='word_1_478' title='bbox 2172 3076 2250 3131; x_wconf 91' lang='lat' dir='ltr'>sit</span> <span class='ocrx_word' id='word_1_479' title='bbox 2291 3075 2530 3132; x_wconf 91' lang='lat' dir='ltr'>omnino</span> <span class='ocrx_word' id='word_1_480' title='bbox 2578 3076 2982 3148; x_wconf 87' lang='lat' dir='ltr'>inseparabilis</span> <span class='ocrx_word' id='word_1_481' title='bbox 3013 3077 3292 3148; x_wconf 88' lang='lat' dir='ltr'>Trinitas,</span> <span class='ocrx_word' id='word_1_482' title='bbox 3346 3097 3650 3154; x_wconf 86' lang='lat' dir='ltr'>nunquam</span> 
     </span>
    </p>
   </div>
   <div class='ocr_carea' id='block_1_63' title="bbox 2005 3164 3652 3242">
    <p class='ocr_par' dir='ltr' id='par_1_63' title="bbox 2005 3164 3652 3242">
     <span class='ocr_line' id='line_1_63' title="bbox 2005 3164 3652 3242; baseline 0.004 -22"><span class='ocrx_word' id='word_1_483' title='bbox 2005 3164 2262 3221; x_wconf 88' lang='lat' dir='ltr'>Trinitas</span> <span class='ocrx_word' id='word_1_484' title='bbox 2308 3182 2435 3221; x_wconf 90' lang='lat' dir='ltr'>esse</span> <span class='ocrx_word' id='word_1_485' title='bbox 2487 3166 2755 3235; x_wconf 89' lang='lat' dir='ltr'>sciretur,</span> <span class='ocrx_word' id='word_1_486' title='bbox 2807 3167 2856 3221; x_wconf 94' lang='lat' dir='ltr'>si</span> <span class='ocrx_word' id='word_1_487' title='bbox 2907 3183 3138 3240; x_wconf 89' lang='lat' dir='ltr'>semper</span> <span class='ocrx_word' id='word_1_488' title='bbox 3184 3167 3652 3242; x_wconf 86' lang='lat' dir='ltr'>inseparabiliter</span> 
     </span>
    </p>
   </div>
   <div class='ocr_carea' id='block_1_64' title="bbox 2007 3254 3658 3318">
    <p class='ocr_par' dir='ltr' id='par_1_64' title="bbox 2007 3254 3658 3318">
     <span class='ocr_line' id='line_1_64' title="bbox 2007 3254 3658 3318; baseline 0.005 -10"><span class='ocrx_word' id='word_1_489' title='bbox 2007 3254 2328 3310; x_wconf 90' lang='lat' dir='ltr'>doceretur.</span> <span class='ocrx_word' id='word_1_490' title='bbox 2351 3255 2497 3310; x_wconf 90' lang='lat' dir='ltr'>Nam</span> <span class='ocrx_word' id='word_1_491' title='bbox 2541 3272 2675 3311; x_wconf 90' lang='lat' dir='ltr'>cum</span> <span class='ocrx_word' id='word_1_492' title='bbox 2717 3256 2970 3312; x_wconf 90' lang='lat' dir='ltr'>dicimus</span> <span class='ocrx_word' id='word_1_493' title='bbox 3010 3256 3237 3313; x_wconf 90' lang='lat' dir='ltr'>Patrem</span> <span class='ocrx_word' id='word_1_494' title='bbox 3269 3261 3327 3313; x_wconf 90' lang='lat' dir='ltr'>et</span> <span class='ocrx_word' id='word_1_495' title='bbox 3355 3257 3566 3316; x_wconf 86' lang='lat' dir='ltr'>Filium</span> <span class='ocrx_word' id='word_1_496' title='bbox 3597 3263 3658 3318; x_wconf 89' lang='lat' dir='ltr'>et</span> 
     </span>
    </p>
   </div>
   <div class='ocr_carea' id='block_1_65' title="bbox 229 3329 3652 3420">
    <p class='ocr_par' dir='ltr' id='par_1_65' title="bbox 229 3329 3652 3420">
     <span class='ocr_line' id='line_1_65' title="bbox 229 3329 3652 3420; baseline 0 -17"><span class='ocrx_word' id='word_1_497' title='bbox 229 3350 372 3406; x_wconf 78' lang='lat' dir='ltr'>dant</span> <span class='ocrx_word' id='word_1_498' title='bbox 397 3351 462 3404; x_wconf 77' lang='lat' dir='ltr'>in</span> <span class='ocrx_word' id='word_1_499' title='bbox 485 3329 766 3419; x_wconf 37' lang='lat' dir='ltr'>{nimium</span> <span class='ocrx_word' id='word_1_500' title='bbox 785 3329 1040 3415; x_wconf 65' lang='lat' dir='ltr'>viventes,</span> <span class='ocrx_word' id='word_1_501' title='bbox 1066 3347 1124 3402; x_wconf 90' lang='lat' dir='ltr'>id</span> <span class='ocrx_word' id='word_1_502' title='bbox 1147 3351 1237 3402; x_wconf 90' lang='lat' dir='ltr'>est</span> <span class='ocrx_word' id='word_1_503' title='bbox 1256 3329 1532 3403; x_wconf 84' lang='lat' dir='ltr'>labantur</span> <span class='ocrx_word' id='word_1_504' title='bbox 1551 3347 1611 3402; x_wconf 91' lang='lat' dir='ltr'>in</span> <span class='ocrx_word' id='word_1_505' title='bbox 1633 3347 1899 3420; x_wconf 89' lang='lat' dir='ltr'>blasphe-</span> <span class='ocrx_word' id='word_1_506' title='bbox 1925 3329 1968 3396; x_wconf 82' lang='lat' dir='ltr'><strong><em>C</em></strong></span> <span class='ocrx_word' id='word_1_507' title='bbox 2007 3341 2288 3414; x_wconf 90' lang='lat' dir='ltr'>Spiritum</span> <span class='ocrx_word' id='word_1_508' title='bbox 2313 3347 2606 3410; x_wconf 88' lang='lat' dir='ltr'>sanctum,</span> <span class='ocrx_word' id='word_1_509' title='bbox 2622 3361 2737 3398; x_wconf 90' lang='lat' dir='ltr'>non</span> <span class='ocrx_word' id='word_1_510' title='bbox 2761 3361 2860 3400; x_wconf 91' lang='lat' dir='ltr'>eos</span> <span class='ocrx_word' id='word_1_511' title='bbox 2883 3344 3085 3416; x_wconf 87' lang='lat' dir='ltr'>utique</span> <span class='ocrx_word' id='word_1_512' title='bbox 3107 3345 3434 3404; x_wconf 88' lang='lat' dir='ltr'>diceremus</span> <span class='ocrx_word' id='word_1_513' title='bbox 3453 3347 3652 3418; x_wconf 89' lang='lat' dir='ltr'>simul,</span> 
     </span>
    </p>
   </div>
   <div class='ocr_carea' id='block_1_66' title="bbox 229 3435 1896 3510">
    <p class='ocr_par' dir='ltr' id='par_1_66' title="bbox 229 3435 1896 3510">
     <span class='ocr_line' id='line_1_66' title="bbox 229 3435 1896 3510; baseline -0.002 -15"><span class='ocrx_word' id='word_1_514' title='bbox 229 3439 368 3495; x_wconf 70' lang='lat' dir='ltr'>miae</span> <span class='ocrx_word' id='word_1_515' title='bbox 401 3441 710 3510; x_wconf 89' lang='lat' dir='ltr'>peceatum</span> <span class='ocrx_word' id='word_1_516' title='bbox 743 3436 1014 3492; x_wconf 92' lang='lat' dir='ltr'>scientes.</span> <span class='ocrx_word' id='word_1_517' title='bbox 1039 3436 1186 3490; x_wconf 89' lang='lat' dir='ltr'>Nam</span> <span class='ocrx_word' id='word_1_518' title='bbox 1217 3435 1263 3491; x_wconf 93' lang='lat' dir='ltr'>si</span> <span class='ocrx_word' id='word_1_519' title='bbox 1295 3436 1480 3491; x_wconf 91' lang='lat' dir='ltr'>deitas</span> <span class='ocrx_word' id='word_1_520' title='bbox 1511 3435 1896 3508; x_wconf 89' lang='lat' dir='ltr'>personaliter</span> 
     </span>
    </p>
   </div>
   <div class='ocr_carea' id='block_1_67' title="bbox 225 3523 1895 3596">
    <p class='ocr_par' dir='ltr' id='par_1_67' title="bbox 225 3523 1895 3596">
     <span class='ocr_line' id='line_1_67' title="bbox 225 3523 1895 3596; baseline -0.002 -12"><span class='ocrx_word' id='word_1_521' title='bbox 225 3528 394 3584; x_wconf 90' lang='lat' dir='ltr'>trina</span> <span class='ocrx_word' id='word_1_522' title='bbox 424 3528 534 3593; x_wconf 90' lang='lat' dir='ltr'>est,</span> <span class='ocrx_word' id='word_1_523' title='bbox 558 3529 679 3580; x_wconf 88' lang='lat' dir='ltr'>tres</span> <span class='ocrx_word' id='word_1_524' title='bbox 705 3523 948 3580; x_wconf 88' lang='lat' dir='ltr'>deitates</span> <span class='ocrx_word' id='word_1_525' title='bbox 971 3540 1037 3580; x_wconf 91' lang='lat' dir='ltr'>ac</span> <span class='ocrx_word' id='word_1_526' title='bbox 1063 3540 1167 3596; x_wconf 91' lang='lat' dir='ltr'>per</span> <span class='ocrx_word' id='word_1_527' title='bbox 1194 3523 1302 3580; x_wconf 90' lang='lat' dir='ltr'>hoc</span> <span class='ocrx_word' id='word_1_528' title='bbox 1328 3529 1446 3580; x_wconf 89' lang='lat' dir='ltr'>tres</span> <span class='ocrx_word' id='word_1_529' title='bbox 1476 3524 1555 3580; x_wconf 91' lang='lat' dir='ltr'>dii</span> <span class='ocrx_word' id='word_1_530' title='bbox 1585 3529 1778 3595; x_wconf 92' lang='lat' dir='ltr'>erunt,</span> <span class='ocrx_word' id='word_1_531' title='bbox 1793 3528 1895 3580; x_wconf 91' lang='lat' dir='ltr'>aut</span> 
     </span>
    </p>
   </div>
   <div class='ocr_carea' id='block_1_68' title="bbox 225 3612 1893 3686">
    <p class='ocr_par' dir='ltr' id='par_1_68' title="bbox 225 3612 1893 3686">
     <span class='ocr_line' id='line_1_68' title="bbox 225 3612 1893 3686; baseline -0.002 -13"><span class='ocrx_word' id='word_1_532' title='bbox 225 3633 352 3673; x_wconf 92' lang='lat' dir='ltr'>una</span> <span class='ocrx_word' id='word_1_533' title='bbox 387 3613 579 3672; x_wconf 88' lang='lat' dir='ltr'>deitas</span> <span class='ocrx_word' id='word_1_534' title='bbox 617 3613 678 3669; x_wconf 92' lang='lat' dir='ltr'>in</span> <span class='ocrx_word' id='word_1_535' title='bbox 709 3613 899 3670; x_wconf 85' lang='lat' dir='ltr'>tribus</span> <span class='ocrx_word' id='word_1_536' title='bbox 931 3612 1195 3686; x_wconf 89' lang='lat' dir='ltr'>personis</span> <span class='ocrx_word' id='word_1_537' title='bbox 1250 3614 1359 3669; x_wconf 90' lang='lat' dir='ltr'>erit</span> <span class='ocrx_word' id='word_1_538' title='bbox 1413 3613 1648 3686; x_wconf 88' lang='lat' dir='ltr'>partita,</span> <span class='ocrx_word' id='word_1_539' title='bbox 1671 3618 1729 3668; x_wconf 89' lang='lat' dir='ltr'>et</span> <span class='ocrx_word' id='word_1_540' title='bbox 1767 3615 1893 3685; x_wconf 88' lang='lat' dir='ltr'>jam</span> 
     </span>
    </p>
   </div>
   <div class='ocr_carea' id='block_1_69' title="bbox 227 3700 1893 3774">
    <p class='ocr_par' dir='ltr' id='par_1_69' title="bbox 227 3700 1893 3774">
     <span class='ocr_line' id='line_1_69' title="bbox 227 3700 1893 3774; baseline -0.004 -12"><span class='ocrx_word' id='word_1_541' title='bbox 227 3703 503 3762; x_wconf 89' lang='lat' dir='ltr'>Trinitas</span> <span class='ocrx_word' id='word_1_542' title='bbox 535 3717 651 3758; x_wconf 92' lang='lat' dir='ltr'>non</span> <span class='ocrx_word' id='word_1_543' title='bbox 681 3700 1112 3774; x_wconf 89' lang='lat' dir='ltr'>inseparabilis,</span> <span class='ocrx_word' id='word_1_544' title='bbox 1135 3702 1236 3758; x_wconf 88' lang='lat' dir='ltr'>sed</span> <span class='ocrx_word' id='word_1_545' title='bbox 1267 3707 1551 3774; x_wconf 89' lang='lat' dir='ltr'>separata,</span> <span class='ocrx_word' id='word_1_546' title='bbox 1577 3707 1633 3756; x_wconf 89' lang='lat' dir='ltr'>et</span> <span class='ocrx_word' id='word_1_547' title='bbox 1663 3701 1814 3758; x_wconf 91' lang='lat' dir='ltr'>sicut</span> <span class='ocrx_word' id='word_1_548' title='bbox 1834 3701 1893 3756; x_wconf 91' lang='lat' dir='ltr'>in</span> 
     </span>
    </p>
   </div>
   <div class='ocr_carea' id='block_1_70' title="bbox 229 3789 1895 3869">
    <p class='ocr_par' dir='ltr' id='par_1_70' title="bbox 229 3789 1895 3869">
     <span class='ocr_line' id='line_1_70' title="bbox 229 3789 1895 3869; baseline -0.004 -18"><span class='ocrx_word' id='word_1_549' title='bbox 229 3791 533 3869; x_wconf 89' lang='lat' dir='ltr'>personis,</span> <span class='ocrx_word' id='word_1_550' title='bbox 557 3790 642 3846; x_wconf 90' lang='lat' dir='ltr'>ita</span> <span class='ocrx_word' id='word_1_551' title='bbox 665 3793 722 3846; x_wconf 90' lang='lat' dir='ltr'>et</span> <span class='ocrx_word' id='word_1_552' title='bbox 744 3789 804 3845; x_wconf 89' lang='lat' dir='ltr'>in</span> <span class='ocrx_word' id='word_1_553' title='bbox 831 3790 1166 3846; x_wconf 88' lang='lat' dir='ltr'>substantia</span> <span class='ocrx_word' id='word_1_554' title='bbox 1195 3789 1578 3846; x_wconf 87' lang='lat' dir='ltr'>numerabilis</span> <span class='ocrx_word' id='word_1_555' title='bbox 1607 3789 1736 3856; x_wconf 91' lang='lat' dir='ltr'>erit,</span> <span class='ocrx_word' id='word_1_556' title='bbox 1757 3794 1814 3845; x_wconf 90' lang='lat' dir='ltr'>et</span> <span class='ocrx_word' id='word_1_557' title='bbox 1834 3789 1895 3844; x_wconf 92' lang='lat' dir='ltr'>in</span> 
     </span>
    </p>
   </div>
   <div class='ocr_carea' id='block_1_71' title="bbox 231 3878 1896 3952">
    <p class='ocr_par' dir='ltr' id='par_1_71' title="bbox 231 3878 1896 3952">
     <span class='ocr_line' id='line_1_71' title="bbox 231 3878 1896 3952; baseline -0.004 -12"><span class='ocrx_word' id='word_1_558' title='bbox 231 3882 405 3940; x_wconf 87' lang='lat' dir='ltr'>nulla</span> <span class='ocrx_word' id='word_1_559' title='bbox 425 3881 501 3936; x_wconf 91' lang='lat' dir='ltr'>de</span> <span class='ocrx_word' id='word_1_560' title='bbox 529 3878 720 3936; x_wconf 90' lang='lat' dir='ltr'>tribus</span> <span class='ocrx_word' id='word_1_561' title='bbox 752 3878 1018 3952; x_wconf 90' lang='lat' dir='ltr'>personis</span> <span class='ocrx_word' id='word_1_562' title='bbox 1040 3879 1226 3934; x_wconf 89' lang='lat' dir='ltr'>deitas</span> <span class='ocrx_word' id='word_1_563' title='bbox 1257 3879 1510 3952; x_wconf 90' lang='lat' dir='ltr'>perfecta</span> <span class='ocrx_word' id='word_1_564' title='bbox 1534 3878 1660 3947; x_wconf 88' lang='lat' dir='ltr'>erit,</span> <span class='ocrx_word' id='word_1_565' title='bbox 1695 3879 1896 3951; x_wconf 88' lang='lat' dir='ltr'>sicque</span> 
     </span>
    </p>
   </div>
   <div class='ocr_carea' id='block_1_72' title="bbox 231 3967 1897 4042">
    <p class='ocr_par' dir='ltr' id='par_1_72' title="bbox 231 3967 1897 4042">
     <span class='ocr_line' id='line_1_72' title="bbox 231 3967 1897 4042; baseline -0.002 -16"><span class='ocrx_word' id='word_1_566' title='bbox 231 3969 592 4042; x_wconf 88' lang='lat' dir='ltr'>Deus,quod</span> <span class='ocrx_word' id='word_1_567' title='bbox 625 3971 684 4024; x_wconf 92' lang='lat' dir='ltr'>et</span> <span class='ocrx_word' id='word_1_568' title='bbox 714 3967 962 4024; x_wconf 83' lang='lat' dir='ltr'>stultum</span> <span class='ocrx_word' id='word_1_569' title='bbox 985 3972 1042 4023; x_wconf 89' lang='lat' dir='ltr'>et</span> <span class='ocrx_word' id='word_1_570' title='bbox 1071 3967 1232 4023; x_wconf 88' lang='lat' dir='ltr'>nefas</span> <span class='ocrx_word' id='word_1_571' title='bbox 1254 3971 1342 4023; x_wconf 91' lang='lat' dir='ltr'>est</span> <span class='ocrx_word' id='word_1_572' title='bbox 1363 3967 1574 4033; x_wconf 90' lang='lat' dir='ltr'>dicere,</span> <span class='ocrx_word' id='word_1_573' title='bbox 1598 3967 1897 4039; x_wconf 84' lang='lat' dir='ltr'>imperfec-</span> 
     </span>
    </p>
   </div>
   <div class='ocr_carea' id='block_1_73' title="bbox 233 4055 1896 4129">
    <p class='ocr_par' dir='ltr' id='par_1_73' title="bbox 233 4055 1896 4129">
     <span class='ocr_line' id='line_1_73' title="bbox 233 4055 1896 4129; baseline -0.004 -13"><span class='ocrx_word' id='word_1_574' title='bbox 233 4064 335 4116; x_wconf 88' lang='lat' dir='ltr'>tus</span> <span class='ocrx_word' id='word_1_575' title='bbox 367 4057 502 4114; x_wconf 86' lang='lat' dir='ltr'>erit.</span> <span class='ocrx_word' id='word_1_576' title='bbox 527 4059 892 4129; x_wconf 87' lang='lat' dir='ltr'>Quapropter</span> <span class='ocrx_word' id='word_1_577' title='bbox 931 4073 1045 4112; x_wconf 92' lang='lat' dir='ltr'>non</span> <span class='ocrx_word' id='word_1_578' title='bbox 1087 4057 1159 4112; x_wconf 91' lang='lat' dir='ltr'>ab</span> <span class='ocrx_word' id='word_1_579' title='bbox 1195 4073 1256 4112; x_wconf 87' lang='lat' dir='ltr'>re</span> <span class='ocrx_word' id='word_1_580' title='bbox 1279 4060 1708 4128; x_wconf 88' lang='lat' dir='ltr'>computamus,</span> <span class='ocrx_word' id='word_1_581' title='bbox 1729 4055 1896 4110; x_wconf 91' lang='lat' dir='ltr'>illum</span> 
     </span>
    </p>
   </div>
   <div class='ocr_carea' id='block_1_74' title="bbox 233 4143 1897 4220">
    <p class='ocr_par' dir='ltr' id='par_1_74' title="bbox 233 4143 1897 4220">
     <span class='ocr_line' id='line_1_74' title="bbox 233 4143 1897 4220; baseline -0.002 -16"><span class='ocrx_word' id='word_1_582' title='bbox 233 4145 440 4220; x_wconf 88' lang='lat' dir='ltr'>ipsum</span> <span class='ocrx_word' id='word_1_583' title='bbox 472 4145 750 4218; x_wconf 90' lang='lat' dir='ltr'>spiritum</span> <span class='ocrx_word' id='word_1_584' title='bbox 781 4162 889 4201; x_wconf 92' lang='lat' dir='ltr'>nos</span> <span class='ocrx_word' id='word_1_585' title='bbox 919 4161 1024 4218; x_wconf 90' lang='lat' dir='ltr'>per</span> <span class='ocrx_word' id='word_1_586' title='bbox 1050 4144 1250 4217; x_wconf 87' lang='lat' dir='ltr'>hujus,</span> <span class='ocrx_word' id='word_1_587' title='bbox 1275 4145 1427 4201; x_wconf 90' lang='lat' dir='ltr'>sicut</span> <span class='ocrx_word' id='word_1_588' title='bbox 1454 4148 1511 4200; x_wconf 88' lang='lat' dir='ltr'>et</span> <span class='ocrx_word' id='word_1_589' title='bbox 1539 4162 1642 4216; x_wconf 90' lang='lat' dir='ltr'>per</span> <span class='ocrx_word' id='word_1_590' title='bbox 1667 4143 1807 4206; x_wconf 88' lang='lat' dir='ltr'>Arii,</span> <span class='ocrx_word' id='word_1_591' title='bbox 1832 4161 1897 4200; x_wconf 90' lang='lat' dir='ltr'>os</span> 
     </span>
    </p>
   </div>
   <div class='ocr_carea' id='block_1_75' title="bbox 235 4232 1900 4307">
    <p class='ocr_par' dir='ltr' id='par_1_75' title="bbox 235 4232 1900 4307">
     <span class='ocr_line' id='line_1_75' title="bbox 235 4232 1900 4307; baseline -0.004 -15"><span class='ocrx_word' id='word_1_592' title='bbox 235 4235 469 4302; x_wconf 87' lang='lat' dir='ltr'>audire,</span> <span class='ocrx_word' id='word_1_593' title='bbox 497 4233 598 4307; x_wconf 89' lang='lat' dir='ltr'>qui</span> <span class='ocrx_word' id='word_1_594' title='bbox 631 4251 734 4306; x_wconf 90' lang='lat' dir='ltr'>per</span> <span class='ocrx_word' id='word_1_595' title='bbox 752 4237 1080 4306; x_wconf 75' lang='lat' dir='ltr'>serpentem</span> <span class='ocrx_word' id='word_1_596' title='bbox 1104 4233 1310 4306; x_wconf 88' lang='lat' dir='ltr'>primis</span> <span class='ocrx_word' id='word_1_597' title='bbox 1339 4235 1682 4305; x_wconf 89' lang='lat' dir='ltr'>parentibus</span> <span class='ocrx_word' id='word_1_598' title='bbox 1704 4232 1900 4288; x_wconf 89' lang='lat' dir='ltr'>sibila-</span> 
     </span>
    </p>
   </div>
   <div class='ocr_carea' id='block_1_76' title="bbox 233 4321 1898 4394">
    <p class='ocr_par' dir='ltr' id='par_1_76' title="bbox 233 4321 1898 4394">
     <span class='ocr_line' id='line_1_76' title="bbox 233 4321 1898 4394; baseline -0.002 -14"><span class='ocrx_word' id='word_1_599' title='bbox 233 4325 339 4394; x_wconf 90' lang='lat' dir='ltr'>vit,</span> <span class='ocrx_word' id='word_1_600' title='bbox 373 4325 553 4379; x_wconf 78' lang='lat' dir='ltr'>Eritis</span> <span class='ocrx_word' id='word_1_601' title='bbox 591 4325 740 4378; x_wconf 77' lang='lat' dir='ltr'>sicut</span> <span class='ocrx_word' id='word_1_602' title='bbox 773 4323 874 4378; x_wconf 77' lang='lat' dir='ltr'>dii.</span> <span class='ocrx_word' id='word_1_603' title='bbox 909 4323 1123 4378; x_wconf 85' lang='lat' dir='ltr'>Contra</span> <span class='ocrx_word' id='word_1_604' title='bbox 1159 4323 1328 4393; x_wconf 89' lang='lat' dir='ltr'>cujus</span> <span class='ocrx_word' id='word_1_605' title='bbox 1369 4321 1727 4394; x_wconf 85' lang='lat' dir='ltr'>impietatem</span> <span class='ocrx_word' id='word_1_606' title='bbox 1759 4338 1898 4377; x_wconf 90' lang='lat' dir='ltr'>san-</span> 
     </span>
    </p>
   </div>
   <div class='ocr_carea' id='block_1_77' title="bbox 235 4411 1902 4485">
    <p class='ocr_par' dir='ltr' id='par_1_77' title="bbox 235 4411 1902 4485">
     <span class='ocr_line' id='line_1_77' title="bbox 235 4411 1902 4485; baseline -0.004 -15"><span class='ocrx_word' id='word_1_607' title='bbox 235 4419 371 4470; x_wconf 83' lang='lat' dir='ltr'>ctus</span> <span class='ocrx_word' id='word_1_608' title='bbox 405 4412 777 4485; x_wconf 88' lang='lat' dir='ltr'>Augustinus</span> <span class='ocrx_word' id='word_1_609' title='bbox 808 4412 866 4466; x_wconf 91' lang='lat' dir='ltr'>in</span> <span class='ocrx_word' id='word_1_610' title='bbox 899 4411 1148 4484; x_wconf 77' lang='lat' dir='ltr'>septimo</span> <span class='ocrx_word' id='word_1_611' title='bbox 1178 4411 1327 4466; x_wconf 86' lang='lat' dir='ltr'>libro</span> <span class='ocrx_word' id='word_1_612' title='bbox 1359 4415 1498 4482; x_wconf 84' lang='lat' dir='ltr'>(cap.</span> <span class='ocrx_word' id='word_1_613' title='bbox 1519 4413 1576 4478; x_wconf 87' lang='lat'>6)</span> <span class='ocrx_word' id='word_1_614' title='bbox 1598 4412 1668 4466; x_wconf 92' lang='lat' dir='ltr'>de</span> <span class='ocrx_word' id='word_1_615' title='bbox 1698 4414 1902 4466; x_wconf 89' lang='lat' dir='ltr'>saneta</span> 
     </span>
    </p>
   </div>
   <div class='ocr_carea' id='block_1_78' title="bbox 234 4498 1898 4571">
    <p class='ocr_par' dir='ltr' id='par_1_78' title="bbox 234 4498 1898 4571">
     <span class='ocr_line' id='line_1_78' title="bbox 234 4498 1898 4571; baseline -0.004 -12"><span class='ocrx_word' id='word_1_616' title='bbox 234 4501 530 4559; x_wconf 86' lang='lat' dir='ltr'>Trinitate</span> <span class='ocrx_word' id='word_1_617' title='bbox 565 4499 718 4556; x_wconf 86' lang='lat' dir='ltr'>inter</span> <span class='ocrx_word' id='word_1_618' title='bbox 747 4499 862 4556; x_wconf 90' lang='lat' dir='ltr'>alia</span> <span class='ocrx_word' id='word_1_619' title='bbox 887 4499 1028 4555; x_wconf 91' lang='lat' dir='ltr'>dicit</span> <span class='ocrx_word' id='word_1_620' title='bbox 1051 4516 1100 4554; x_wconf 87' lang='lat'>:«</span> <span class='ocrx_word' id='word_1_621' title='bbox 1128 4500 1243 4554; x_wconf 90' lang='lat' dir='ltr'>Nec</span> <span class='ocrx_word' id='word_1_622' title='bbox 1273 4498 1354 4554; x_wconf 92' lang='lat' dir='ltr'>sic</span> <span class='ocrx_word' id='word_1_623' title='bbox 1387 4515 1522 4571; x_wconf 88' lang='lat' dir='ltr'>ergo</span> <span class='ocrx_word' id='word_1_624' title='bbox 1553 4499 1898 4554; x_wconf 89' lang='lat' dir='ltr'>Trinitatem</span> 
     </span>
    </p>
   </div>
   <div class='ocr_carea' id='block_1_79' title="bbox 234 4586 1898 4662">
    <p class='ocr_par' dir='ltr' id='par_1_79' title="bbox 234 4586 1898 4662">
     <span class='ocr_line' id='line_1_79' title="bbox 234 4586 1898 4662; baseline -0.003 -15"><span class='ocrx_word' id='word_1_625' title='bbox 234 4590 499 4648; x_wconf 86' lang='lat' dir='ltr'>dicimus</span> <span class='ocrx_word' id='word_1_626' title='bbox 530 4593 651 4644; x_wconf 90' lang='lat' dir='ltr'>tres</span> <span class='ocrx_word' id='word_1_627' title='bbox 694 4604 996 4662; x_wconf 85' lang='lat' dir='ltr'>personas,</span> <span class='ocrx_word' id='word_1_628' title='bbox 1016 4586 1105 4643; x_wconf 89' lang='lat' dir='ltr'>vel</span> <span class='ocrx_word' id='word_1_629' title='bbox 1147 4587 1580 4656; x_wconf 89' lang='lat' dir='ltr'>subsistentias,</span> <span class='ocrx_word' id='word_1_630' title='bbox 1607 4604 1786 4643; x_wconf 89' lang='lat' dir='ltr'>unam</span> <span class='ocrx_word' id='word_1_631' title='bbox 1809 4604 1898 4642; x_wconf 90' lang='lat' dir='ltr'>es-</span> 
     </span>
    </p>
   </div>
   <div class='ocr_carea' id='block_1_80' title="bbox 2003 3431 3657 3503">
    <p class='ocr_par' dir='ltr' id='par_1_80' title="bbox 2003 3431 3657 3503">
     <span class='ocr_line' id='line_1_80' title="bbox 2003 3431 3657 3503; baseline 0.006 -19"><span class='ocrx_word' id='word_1_632' title='bbox 2003 3447 2137 3486; x_wconf 89' lang='lat' dir='ltr'>eum</span> <span class='ocrx_word' id='word_1_633' title='bbox 2170 3431 2279 3503; x_wconf 91' lang='lat' dir='ltr'>ipsi</span> <span class='ocrx_word' id='word_1_634' title='bbox 2308 3448 2421 3486; x_wconf 91' lang='lat' dir='ltr'>non</span> <span class='ocrx_word' id='word_1_635' title='bbox 2459 3433 2688 3503; x_wconf 90' lang='lat' dir='ltr'>possint</span> <span class='ocrx_word' id='word_1_636' title='bbox 2709 3449 2838 3488; x_wconf 84' lang='lat' dir='ltr'>esse</span> <span class='ocrx_word' id='word_1_637' title='bbox 2869 3451 2983 3489; x_wconf 90' lang='lat' dir='ltr'>non</span> <span class='ocrx_word' id='word_1_638' title='bbox 3017 3433 3214 3490; x_wconf 91' lang='lat' dir='ltr'>simul.</span> <span class='ocrx_word' id='word_1_639' title='bbox 3241 3457 3269 3485; x_wconf 87' lang='lat'>»</span> <span class='ocrx_word' id='word_1_640' title='bbox 3292 3436 3356 3492; x_wconf 91' lang='lat' dir='ltr'>In</span> <span class='ocrx_word' id='word_1_641' title='bbox 3388 3453 3657 3494; x_wconf 88' lang='lat' dir='ltr'>sermone</span> 
     </span>
    </p>
   </div>
   <div class='ocr_carea' id='block_1_81' title="bbox 2005 3520 3657 3597">
    <p class='ocr_par' dir='ltr' id='par_1_81' title="bbox 2005 3520 3657 3597">
     <span class='ocr_line' id='line_1_81' title="bbox 2005 3520 3657 3597; baseline 0.005 -23"><span class='ocrx_word' id='word_1_642' title='bbox 2005 3520 2362 3592; x_wconf 86' lang='lat' dir='ltr'>octogesimo</span> <span class='ocrx_word' id='word_1_643' title='bbox 2392 3525 2591 3576; x_wconf 88' lang='lat' dir='ltr'>octavo</span> <span class='ocrx_word' id='word_1_644' title='bbox 2626 3538 2638 3576; x_wconf 90' lang='lat'><strong>:</strong></span> <span class='ocrx_word' id='word_1_645' title='bbox 2667 3545 2693 3570; x_wconf 87' lang='lat'><strong><em>«</em></strong></span> <span class='ocrx_word' id='word_1_646' title='bbox 2718 3521 2989 3578; x_wconf 85' lang='lat' dir='ltr'>Christus</span> <span class='ocrx_word' id='word_1_647' title='bbox 3032 3541 3285 3597; x_wconf 88' lang='lat' dir='ltr'>namque</span> <span class='ocrx_word' id='word_1_648' title='bbox 3313 3541 3450 3582; x_wconf 89' lang='lat' dir='ltr'>cum</span> <span class='ocrx_word' id='word_1_649' title='bbox 3489 3527 3657 3584; x_wconf 85' lang='lat' dir='ltr'>Patre</span> 
     </span>
    </p>
   </div>
   <div class='ocr_carea' id='block_1_82' title="bbox 2002 3609 3652 3684">
    <p class='ocr_par' dir='ltr' id='par_1_82' title="bbox 2002 3609 3652 3684">
     <span class='ocr_line' id='line_1_82' title="bbox 2002 3609 3652 3684; baseline 0.004 -20"><span class='ocrx_word' id='word_1_650' title='bbox 2002 3612 2061 3664; x_wconf 90' lang='lat' dir='ltr'>et</span> <span class='ocrx_word' id='word_1_651' title='bbox 2083 3609 2299 3679; x_wconf 88' lang='lat' dir='ltr'>Spiritu</span> <span class='ocrx_word' id='word_1_652' title='bbox 2327 3614 2550 3675; x_wconf 89' lang='lat' dir='ltr'>sancto,</span> <span class='ocrx_word' id='word_1_653' title='bbox 2575 3627 2688 3664; x_wconf 92' lang='lat' dir='ltr'>non</span> <span class='ocrx_word' id='word_1_654' title='bbox 2723 3616 2862 3666; x_wconf 88' lang='lat' dir='ltr'>sunt</span> <span class='ocrx_word' id='word_1_655' title='bbox 2893 3615 3011 3667; x_wconf 89' lang='lat' dir='ltr'>tres</span> <span class='ocrx_word' id='word_1_656' title='bbox 3035 3612 3134 3678; x_wconf 86' lang='lat' dir='ltr'>dii,</span> <span class='ocrx_word' id='word_1_657' title='bbox 3159 3613 3258 3668; x_wconf 92' lang='lat' dir='ltr'>sed</span> <span class='ocrx_word' id='word_1_658' title='bbox 3292 3631 3448 3670; x_wconf 92' lang='lat' dir='ltr'>unus</span> <span class='ocrx_word' id='word_1_659' title='bbox 3478 3614 3652 3684; x_wconf 89' lang='lat' dir='ltr'>Deus,</span> 
     </span>
    </p>
   </div>
   <div class='ocr_carea' id='block_1_83' title="bbox 2003 3696 3654 3770">
    <p class='ocr_par' dir='ltr' id='par_1_83' title="bbox 2003 3696 3654 3770">
     <span class='ocr_line' id='line_1_83' title="bbox 2003 3696 3654 3770; baseline 0.004 -18"><span class='ocrx_word' id='word_1_660' title='bbox 2003 3696 2074 3752; x_wconf 87' lang='lat' dir='ltr'>de</span> <span class='ocrx_word' id='word_1_661' title='bbox 2097 3713 2212 3768; x_wconf 91' lang='lat' dir='ltr'>quo</span> <span class='ocrx_word' id='word_1_662' title='bbox 2235 3696 2346 3751; x_wconf 88' lang='lat' dir='ltr'>seri</span> <span class='ocrx_word' id='word_1_663' title='bbox 2354 3701 2520 3767; x_wconf 87' lang='lat' dir='ltr'>ptum</span> <span class='ocrx_word' id='word_1_664' title='bbox 2546 3702 2634 3752; x_wconf 89' lang='lat' dir='ltr'>est</span> <span class='ocrx_word' id='word_1_665' title='bbox 2657 3715 2668 3752; x_wconf 90' lang='lat'><strong>:</strong></span> <span class='ocrx_word' id='word_1_666' title='bbox 2691 3699 3006 3754; x_wconf 75' lang='lat' dir='ltr'>Benedictus</span> <span class='ocrx_word' id='word_1_667' title='bbox 3026 3701 3287 3757; x_wconf 74' lang='lat' dir='ltr'>Dominus</span> <span class='ocrx_word' id='word_1_668' title='bbox 3306 3703 3446 3758; x_wconf 74' lang='lat' dir='ltr'>Deus</span> <span class='ocrx_word' id='word_1_669' title='bbox 3465 3702 3654 3770; x_wconf 75' lang='lat' dir='ltr'>Israel,</span> 
     </span>
    </p>
   </div>
   <div class='ocr_carea' id='block_1_84' title="bbox 2003 3786 3654 3860">
    <p class='ocr_par' dir='ltr' id='par_1_84' title="bbox 2003 3786 3654 3860">
     <span class='ocr_line' id='line_1_84' title="bbox 2003 3786 3654 3860; baseline 0.004 -20"><span class='ocrx_word' id='word_1_670' title='bbox 2003 3786 2100 3858; x_wconf 82' lang='lat' dir='ltr'>qui</span> <span class='ocrx_word' id='word_1_671' title='bbox 2125 3787 2260 3856; x_wconf 76' lang='lat' dir='ltr'>facit</span> <span class='ocrx_word' id='word_1_672' title='bbox 2288 3787 2571 3841; x_wconf 80' lang='lat' dir='ltr'>mirabilia</span> <span class='ocrx_word' id='word_1_673' title='bbox 2606 3805 2807 3858; x_wconf 86' lang='lat' dir='ltr'>magna</span> <span class='ocrx_word' id='word_1_674' title='bbox 2844 3789 2994 3843; x_wconf 76' lang='lat' dir='ltr'>solus</span> <span class='ocrx_word' id='word_1_675' title='bbox 3030 3788 3204 3860; x_wconf 79' lang='lat' dir='ltr'>(Psal.</span> <span class='ocrx_word' id='word_1_676' title='bbox 3230 3807 3378 3859; x_wconf 78' lang='lat' dir='ltr'><strong>LXXI,</strong></span> <span class='ocrx_word' id='word_1_677' title='bbox 3403 3791 3511 3860; x_wconf 90' lang='grc'>18).</span> <span class='ocrx_word' id='word_1_678' title='bbox 3539 3812 3568 3840; x_wconf 67' lang='grc' dir='ltr'><strong>κ</strong></span> <span class='ocrx_word' id='word_1_679' title='bbox 3591 3791 3654 3847; x_wconf 87' lang='lat' dir='ltr'>In</span> 
     </span>
    </p>
   </div>
   <div class='ocr_carea' id='block_1_85' title="bbox 2005 3875 3658 3948">
    <p class='ocr_par' dir='ltr' id='par_1_85' title="bbox 2005 3875 3658 3948">
     <span class='ocr_line' id='line_1_85' title="bbox 2005 3875 3658 3948; baseline 0.003 -18"><span class='ocrx_word' id='word_1_680' title='bbox 2005 3890 2274 3930; x_wconf 88' lang='lat' dir='ltr'>sermone</span> <span class='ocrx_word' id='word_1_681' title='bbox 2307 3875 2684 3946; x_wconf 85' lang='lat' dir='ltr'>nonagesimo</span> <span class='ocrx_word' id='word_1_682' title='bbox 2730 3875 2920 3947; x_wconf 90' lang='lat' dir='ltr'>primo</span> <span class='ocrx_word' id='word_1_683' title='bbox 2948 3892 3005 3930; x_wconf 71' lang='grc' dir='ltr'>τα</span> <span class='ocrx_word' id='word_1_684' title='bbox 3043 3876 3149 3932; x_wconf 92' lang='lat' dir='ltr'>Ubi</span> <span class='ocrx_word' id='word_1_685' title='bbox 3180 3893 3381 3932; x_wconf 89' lang='lat' dir='ltr'>eorum</span> <span class='ocrx_word' id='word_1_686' title='bbox 3411 3877 3658 3948; x_wconf 86' lang='lat' dir='ltr'>quilibet</span> 
     </span>
    </p>
   </div>
   <div class='ocr_carea' id='block_1_86' title="bbox 2006 3962 3654 4037">
    <p class='ocr_par' dir='ltr' id='par_1_86' title="bbox 2006 3962 3654 4037">
     <span class='ocr_line' id='line_1_86' title="bbox 2006 3962 3654 4037; baseline 0.003 -20"><span class='ocrx_word' id='word_1_687' title='bbox 2006 3979 2180 4030; x_wconf 90' lang='lat' dir='ltr'>unus,</span> <span class='ocrx_word' id='word_1_688' title='bbox 2207 3962 2374 4018; x_wconf 89' lang='lat' dir='ltr'>Pater</span> <span class='ocrx_word' id='word_1_689' title='bbox 2392 3962 2678 4031; x_wconf 82' lang='lat' dir='ltr'>videlicet,</span> <span class='ocrx_word' id='word_1_690' title='bbox 2703 3963 2903 4030; x_wconf 87' lang='lat' dir='ltr'>Filius,</span> <span class='ocrx_word' id='word_1_691' title='bbox 2920 3967 3022 4018; x_wconf 90' lang='lat' dir='ltr'>aut</span> <span class='ocrx_word' id='word_1_692' title='bbox 3041 3964 3294 4037; x_wconf 90' lang='lat' dir='ltr'>Spiritus</span> <span class='ocrx_word' id='word_1_693' title='bbox 3315 3969 3554 4023; x_wconf 88' lang='lat' dir='ltr'>sanctus</span> <span class='ocrx_word' id='word_1_694' title='bbox 3574 3966 3654 4022; x_wconf 92' lang='lat' dir='ltr'>ibi</span> 
     </span>
    </p>
   </div>
   <div class='ocr_carea' id='block_1_87' title="bbox 2005 4051 3657 4124">
    <p class='ocr_par' dir='ltr' id='par_1_87' title="bbox 2005 4051 3657 4124">
     <span class='ocr_line' id='line_1_87' title="bbox 2005 4051 3657 4124; baseline 0.003 -18"><span class='ocrx_word' id='word_1_695' title='bbox 2005 4051 2262 4106; x_wconf 89' lang='lat' dir='ltr'>Trinitas</span> <span class='ocrx_word' id='word_1_696' title='bbox 2294 4051 2446 4106; x_wconf 88' lang='lat' dir='ltr'>Deus</span> <span class='ocrx_word' id='word_1_697' title='bbox 2493 4069 2667 4106; x_wconf 90' lang='lat' dir='ltr'>unus.</span> <span class='ocrx_word' id='word_1_698' title='bbox 2688 4051 3002 4124; x_wconf 90' lang='lat' dir='ltr'>Oportebat</span> <span class='ocrx_word' id='word_1_699' title='bbox 3033 4057 3228 4109; x_wconf 88' lang='lat' dir='ltr'>autem</span> <span class='ocrx_word' id='word_1_700' title='bbox 3260 4053 3341 4110; x_wconf 89' lang='lat' dir='ltr'>ita</span> <span class='ocrx_word' id='word_1_701' title='bbox 3369 4053 3657 4112; x_wconf 90' lang='lat' dir='ltr'>insinuari</span> 
     </span>
    </p>
   </div>
   <div class='ocr_carea' id='block_1_88' title="bbox 2005 4139 3658 4213">
    <p class='ocr_par' dir='ltr' id='par_1_88' title="bbox 2005 4139 3658 4213">
     <span class='ocr_line' id='line_1_88' title="bbox 2005 4139 3658 4213; baseline 0.003 -18"><span class='ocrx_word' id='word_1_702' title='bbox 2005 4139 2373 4207; x_wconf 88' lang='lat' dir='ltr'>Trinitatem,</span> <span class='ocrx_word' id='word_1_703' title='bbox 2408 4145 2473 4195; x_wconf 91' lang='lat' dir='ltr'>ut</span> <span class='ocrx_word' id='word_1_704' title='bbox 2504 4140 2773 4213; x_wconf 90' lang='lat' dir='ltr'>quamvis</span> <span class='ocrx_word' id='word_1_705' title='bbox 2807 4140 2967 4196; x_wconf 91' lang='lat' dir='ltr'>nulla</span> <span class='ocrx_word' id='word_1_706' title='bbox 3003 4147 3158 4198; x_wconf 90' lang='lat' dir='ltr'>esset</span> <span class='ocrx_word' id='word_1_707' title='bbox 3188 4142 3494 4200; x_wconf 86' lang='lat' dir='ltr'>diversitas</span> <span class='ocrx_word' id='word_1_708' title='bbox 3522 4145 3658 4200; x_wconf 90' lang='lat' dir='ltr'>sub-</span> 
     </span>
    </p>
   </div>
   <div class='ocr_carea' id='block_1_89' title="bbox 2007 4229 3655 4306">
    <p class='ocr_par' dir='ltr' id='par_1_89' title="bbox 2007 4229 3655 4306">
     <span class='ocr_line' id='line_1_89' title="bbox 2007 4229 3655 4306; baseline 0.003 -21"><span class='ocrx_word' id='word_1_709' title='bbox 2007 4229 2256 4301; x_wconf 68' lang='lat' dir='ltr'>stantiae,</span> <span class='ocrx_word' id='word_1_710' title='bbox 2282 4229 2623 4301; x_wconf 86' lang='lat' dir='ltr'>singillatim</span> <span class='ocrx_word' id='word_1_711' title='bbox 2681 4234 2875 4284; x_wconf 85' lang='lat' dir='ltr'>tamen</span> <span class='ocrx_word' id='word_1_712' title='bbox 2926 4232 3100 4303; x_wconf 77' lang='lat' dir='ltr'>coepit</span> <span class='ocrx_word' id='word_1_713' title='bbox 3129 4231 3428 4289; x_wconf 87' lang='lat' dir='ltr'>distinctio</span> <span class='ocrx_word' id='word_1_714' title='bbox 3459 4248 3655 4306; x_wconf 85' lang='lat' dir='ltr'>perso-</span> 
     </span>
    </p>
   </div>
   <div class='ocr_carea' id='block_1_90' title="bbox 2007 4317 3656 4393">
    <p class='ocr_par' dir='ltr' id='par_1_90' title="bbox 2007 4317 3656 4393">
     <span class='ocr_line' id='line_1_90' title="bbox 2007 4317 3656 4393; baseline 0.002 -20"><span class='ocrx_word' id='word_1_715' title='bbox 2007 4335 2238 4387; x_wconf 89' lang='lat' dir='ltr'>narum,</span> <span class='ocrx_word' id='word_1_716' title='bbox 2267 4319 2362 4374; x_wconf 91' lang='lat' dir='ltr'>ubi</span> <span class='ocrx_word' id='word_1_717' title='bbox 2397 4319 2481 4374; x_wconf 88' lang='lat' dir='ltr'>eis</span> <span class='ocrx_word' id='word_1_718' title='bbox 2521 4317 2620 4390; x_wconf 86' lang='lat' dir='ltr'>qui</span> <span class='ocrx_word' id='word_1_719' title='bbox 2668 4323 2820 4375; x_wconf 86' lang='lat' dir='ltr'>recte.</span> <span class='ocrx_word' id='word_1_720' title='bbox 2851 4322 3096 4376; x_wconf 89' lang='lat' dir='ltr'>credunt</span> <span class='ocrx_word' id='word_1_721' title='bbox 3145 4339 3447 4393; x_wconf 88' lang='lat' dir='ltr'>nunquam</span> <span class='ocrx_word' id='word_1_722' title='bbox 3475 4320 3656 4378; x_wconf 90' lang='lat' dir='ltr'>videri</span> 
     </span>
    </p>
   </div>
   <div class='ocr_carea' id='block_1_91' title="bbox 2007 4407 3660 4479">
    <p class='ocr_par' dir='ltr' id='par_1_91' title="bbox 2007 4407 3660 4479">
     <span class='ocr_line' id='line_1_91' title="bbox 2007 4407 3660 4479; baseline 0.002 -16"><span class='ocrx_word' id='word_1_723' title='bbox 2007 4411 2196 4479; x_wconf 88' lang='lat' dir='ltr'>potest</span> <span class='ocrx_word' id='word_1_724' title='bbox 2227 4407 2515 4478; x_wconf 87' lang='lat' dir='ltr'>separatio</span> <span class='ocrx_word' id='word_1_725' title='bbox 2545 4411 2914 4462; x_wconf 86' lang='lat' dir='ltr'>naturarum.</span> <span class='ocrx_word' id='word_1_726' title='bbox 2943 4431 2969 4457; x_wconf 85' lang='grc'><strong>››</strong></span> <span class='ocrx_word' id='word_1_727' title='bbox 2996 4409 3138 4464; x_wconf 93' lang='lat' dir='ltr'>Item</span> <span class='ocrx_word' id='word_1_728' title='bbox 3173 4409 3229 4463; x_wconf 90' lang='lat' dir='ltr'>in</span> <span class='ocrx_word' id='word_1_729' title='bbox 3263 4427 3531 4466; x_wconf 89' lang='lat' dir='ltr'>sermone</span> <span class='ocrx_word' id='word_1_730' title='bbox 3563 4427 3660 4466; x_wconf 89' lang='lat' dir='ltr'>no-</span> 
     </span>
    </p>
   </div>
   <div class='ocr_carea' id='block_1_92' title="bbox 2007 4489 3660 4572">
    <p class='ocr_par' dir='ltr' id='par_1_92' title="bbox 2007 4489 3660 4572">
     <span class='ocr_line' id='line_1_92' title="bbox 2007 4489 3660 4572; baseline 0.002 -22"><span class='ocrx_word' id='word_1_731' title='bbox 2007 4495 2307 4568; x_wconf 83' lang='lat' dir='ltr'>nagesimo</span> <span class='ocrx_word' id='word_1_732' title='bbox 2330 4489 2586 4552; x_wconf 86' lang='lat' dir='ltr'>seeundo</span> <span class='ocrx_word' id='word_1_733' title='bbox 2611 4513 2660 4552; x_wconf 87' lang='grc'>;‹‹</span> <span class='ocrx_word' id='word_1_734' title='bbox 2683 4499 2845 4569; x_wconf 65' lang='lat' dir='ltr'>Saepe</span> <span class='ocrx_word' id='word_1_735' title='bbox 2867 4502 3064 4553; x_wconf 89' lang='lat' dir='ltr'>autem</span> <span class='ocrx_word' id='word_1_736' title='bbox 3087 4497 3346 4556; x_wconf 86' lang='lat' dir='ltr'>diximus</span> <span class='ocrx_word' id='word_1_737' title='bbox 3365 4498 3660 4572; x_wconf 89' lang='lat' dir='ltr'>insepara-</span> 
     </span>
    </p>
   </div>
   <div class='ocr_carea' id='block_1_93' title="bbox 2008 4583 3657 4660">
    <p class='ocr_par' dir='ltr' id='par_1_93' title="bbox 2008 4583 3657 4660">
     <span class='ocr_line' id='line_1_93' title="bbox 2008 4583 3657 4660; baseline 0.002 -20"><span class='ocrx_word' id='word_1_738' title='bbox 2008 4583 2148 4640; x_wconf 88' lang='lat' dir='ltr'>bilia</span> <span class='ocrx_word' id='word_1_739' title='bbox 2173 4602 2300 4640; x_wconf 89' lang='lat' dir='ltr'>esse</span> <span class='ocrx_word' id='word_1_740' title='bbox 2321 4602 2496 4657; x_wconf 88' lang='lat' dir='ltr'>opera</span> <span class='ocrx_word' id='word_1_741' title='bbox 2517 4585 2843 4654; x_wconf 89' lang='lat' dir='ltr'>Trinitatis,</span> <span class='ocrx_word' id='word_1_742' title='bbox 2870 4587 2970 4642; x_wconf 90' lang='lat' dir='ltr'>sed</span> <span class='ocrx_word' id='word_1_743' title='bbox 2994 4585 3340 4660; x_wconf 89' lang='lat' dir='ltr'>singillatim</span> <span class='ocrx_word' id='word_1_744' title='bbox 3361 4604 3657 4645; x_wconf 89' lang='lat' dir='ltr'>commen-</span> 
     </span>
    </p>
   </div>
   <div class='ocr_carea' id='block_1_94' title="bbox 235 4673 3658 4764">
    <p class='ocr_par' dir='ltr' id='par_1_94' title="bbox 235 4673 3658 4764">
     <span class='ocr_line' id='line_1_94' title="bbox 235 4673 3658 4764; baseline -0.001 -28"><span class='ocrx_word' id='word_1_745' title='bbox 235 4679 497 4736; x_wconf 82' lang='lat' dir='ltr'>sentiam</span> <span class='ocrx_word' id='word_1_746' title='bbox 531 4679 590 4732; x_wconf 91' lang='lat' dir='ltr'>et</span> <span class='ocrx_word' id='word_1_747' title='bbox 619 4693 804 4732; x_wconf 92' lang='lat' dir='ltr'>unum</span> <span class='ocrx_word' id='word_1_748' title='bbox 839 4677 1046 4741; x_wconf 89' lang='lat' dir='ltr'>Deum,</span> <span class='ocrx_word' id='word_1_749' title='bbox 1079 4679 1362 4748; x_wconf 88' lang='lat' dir='ltr'>tanquam</span> <span class='ocrx_word' id='word_1_750' title='bbox 1401 4691 1469 4730; x_wconf 87' lang='lat' dir='ltr'>ex</span> <span class='ocrx_word' id='word_1_751' title='bbox 1509 4692 1627 4731; x_wconf 90' lang='lat' dir='ltr'>una</span> <span class='ocrx_word' id='word_1_752' title='bbox 1656 4675 1902 4730; x_wconf 89' lang='lat' dir='ltr'>materia</span> <span class='ocrx_word' id='word_1_753' title='bbox 1931 4697 1978 4764; x_wconf 71' lang='grc' dir='ltr'>Β</span> <span class='ocrx_word' id='word_1_754' title='bbox 2012 4674 2236 4730; x_wconf 89' lang='lat' dir='ltr'>dandas</span> <span class='ocrx_word' id='word_1_755' title='bbox 2268 4673 2446 4729; x_wconf 82' lang='lat' dir='ltr'>fuisse</span> <span class='ocrx_word' id='word_1_756' title='bbox 2478 4691 2776 4747; x_wconf 87' lang='lat' dir='ltr'>personas,</span> <span class='ocrx_word' id='word_1_757' title='bbox 2807 4679 2874 4731; x_wconf 92' lang='lat' dir='ltr'>ut</span> <span class='ocrx_word' id='word_1_758' title='bbox 2906 4693 3020 4730; x_wconf 91' lang='lat' dir='ltr'>non</span> <span class='ocrx_word' id='word_1_759' title='bbox 3053 4675 3244 4732; x_wconf 92' lang='lat' dir='ltr'>solum</span> <span class='ocrx_word' id='word_1_760' title='bbox 3274 4676 3401 4732; x_wconf 90' lang='lat' dir='ltr'>sine</span> <span class='ocrx_word' id='word_1_761' title='bbox 3431 4693 3658 4750; x_wconf 89' lang='lat' dir='ltr'>separa-</span> 
     </span>
    </p>
   </div>
   <div class='ocr_carea' id='block_1_95' title="bbox 237 4763 1902 4840">
    <p class='ocr_par' dir='ltr' id='par_1_95' title="bbox 237 4763 1902 4840">
     <span class='ocr_line' id='line_1_95' title="bbox 237 4763 1902 4840; baseline -0.003 -15"><span class='ocrx_word' id='word_1_762' title='bbox 237 4767 357 4824; x_wconf 84' lang='lat' dir='ltr'>tria</span> <span class='ocrx_word' id='word_1_763' title='bbox 388 4765 664 4840; x_wconf 68' lang='lat' dir='ltr'>quaedam</span> <span class='ocrx_word' id='word_1_764' title='bbox 693 4764 1038 4832; x_wconf 89' lang='lat' dir='ltr'>subsistant,</span> <span class='ocrx_word' id='word_1_765' title='bbox 1066 4763 1295 4820; x_wconf 89' lang='lat' dir='ltr'>etiamsi</span> <span class='ocrx_word' id='word_1_766' title='bbox 1323 4764 1608 4836; x_wconf 90' lang='lat' dir='ltr'>quidquid</span> <span class='ocrx_word' id='word_1_767' title='bbox 1635 4763 1780 4820; x_wconf 91' lang='lat' dir='ltr'>illud</span> <span class='ocrx_word' id='word_1_768' title='bbox 1811 4769 1902 4820; x_wconf 88' lang='lat' dir='ltr'>est</span> 
     </span>
    </p>
   </div>
   <div class='ocr_carea' id='block_1_96' title="bbox 237 4853 1903 4925">
    <p class='ocr_par' dir='ltr' id='par_1_96' title="bbox 237 4853 1903 4925">
     <span class='ocr_line' id='line_1_96' title="bbox 237 4853 1903 4925; baseline -0.002 -13"><span class='ocrx_word' id='word_1_769' title='bbox 237 4857 302 4913; x_wconf 88' lang='lat' dir='ltr'>in</span> <span class='ocrx_word' id='word_1_770' title='bbox 335 4855 431 4912; x_wconf 90' lang='lat' dir='ltr'>his</span> <span class='ocrx_word' id='word_1_771' title='bbox 462 4854 658 4910; x_wconf 89' lang='lat' dir='ltr'>tribus</span> <span class='ocrx_word' id='word_1_772' title='bbox 704 4853 1059 4925; x_wconf 83' lang='lat' dir='ltr'>explicatum</span> <span class='ocrx_word' id='word_1_773' title='bbox 1091 4853 1186 4909; x_wconf 92' lang='lat' dir='ltr'>sit.</span> <span class='ocrx_word' id='word_1_774' title='bbox 1222 4853 1345 4908; x_wconf 90' lang='lat' dir='ltr'>Non</span> <span class='ocrx_word' id='word_1_775' title='bbox 1379 4853 1534 4908; x_wconf 90' lang='lat' dir='ltr'>enim</span> <span class='ocrx_word' id='word_1_776' title='bbox 1585 4853 1741 4908; x_wconf 91' lang='lat' dir='ltr'>aliud</span> <span class='ocrx_word' id='word_1_777' title='bbox 1775 4854 1903 4925; x_wconf 89' lang='lat' dir='ltr'>ejus</span> 
     </span>
    </p>
   </div>
   <div class='ocr_carea' id='block_1_97' title="bbox 239 4941 1904 5015">
    <p class='ocr_par' dir='ltr' id='par_1_97' title="bbox 239 4941 1904 5015">
     <span class='ocr_line' id='line_1_97' title="bbox 239 4941 1904 5015; baseline -0.002 -13"><span class='ocrx_word' id='word_1_778' title='bbox 239 4945 516 5002; x_wconf 72' lang='lat' dir='ltr'>essentia:</span> <span class='ocrx_word' id='word_1_779' title='bbox 555 4945 646 5000; x_wconf 91' lang='lat' dir='ltr'>est</span> <span class='ocrx_word' id='word_1_780' title='bbox 691 4946 900 5015; x_wconf 73' lang='lat' dir='ltr'>prwter</span> <span class='ocrx_word' id='word_1_781' title='bbox 945 4941 1120 4998; x_wconf 89' lang='lat' dir='ltr'>istam</span> <span class='ocrx_word' id='word_1_782' title='bbox 1171 4941 1496 4997; x_wconf 86' lang='lat' dir='ltr'>Trinitatis.</span> <span class='ocrx_word' id='word_1_783' title='bbox 1531 4944 1750 4998; x_wconf 87' lang='lat' dir='ltr'>Tamen</span> <span class='ocrx_word' id='word_1_784' title='bbox 1786 4947 1904 4998; x_wconf 87' lang='lat' dir='ltr'>tres</span> 
     </span>
    </p>
   </div>
   <div class='ocr_carea' id='block_1_98' title="bbox 241 5031 1902 5108">
    <p class='ocr_par' dir='ltr' id='par_1_98' title="bbox 241 5031 1902 5108">
     <span class='ocr_line' id='line_1_98' title="bbox 241 5031 1902 5108; baseline -0.002 -18"><span class='ocrx_word' id='word_1_785' title='bbox 241 5051 530 5108; x_wconf 87' lang='lat' dir='ltr'>personas</span> <span class='ocrx_word' id='word_1_786' title='bbox 563 5032 830 5103; x_wconf 89' lang='lat' dir='ltr'>ejusdem</span> <span class='ocrx_word' id='word_1_787' title='bbox 857 5031 1142 5098; x_wconf 81' lang='lat' dir='ltr'>essentiae,</span> <span class='ocrx_word' id='word_1_788' title='bbox 1167 5031 1256 5086; x_wconf 91' lang='lat' dir='ltr'>vel</span> <span class='ocrx_word' id='word_1_789' title='bbox 1282 5035 1400 5085; x_wconf 87' lang='lat' dir='ltr'>tres</span> <span class='ocrx_word' id='word_1_790' title='bbox 1426 5048 1702 5102; x_wconf 87' lang='lat' dir='ltr'>personas</span> <span class='ocrx_word' id='word_1_791' title='bbox 1726 5048 1902 5087; x_wconf 87' lang='lat' dir='ltr'>unam</span> 
     </span>
    </p>
   </div>
   <div class='ocr_carea' id='block_1_99' title="bbox 244 5120 1904 5192">
    <p class='ocr_par' dir='ltr' id='par_1_99' title="bbox 244 5120 1904 5192">
     <span class='ocr_line' id='line_1_99' title="bbox 244 5120 1904 5192; baseline -0.004 -10"><span class='ocrx_word' id='word_1_792' title='bbox 244 5122 569 5182; x_wconf 81' lang='lat' dir='ltr'>essentiam</span> <span class='ocrx_word' id='word_1_793' title='bbox 603 5120 858 5176; x_wconf 90' lang='lat' dir='ltr'>dicimus</span> <span class='ocrx_word' id='word_1_794' title='bbox 883 5137 896 5174; x_wconf 91' lang='lat'>:</span> <span class='ocrx_word' id='word_1_795' title='bbox 923 5124 1038 5176; x_wconf 91' lang='lat' dir='ltr'>tres</span> <span class='ocrx_word' id='word_1_796' title='bbox 1071 5125 1264 5175; x_wconf 88' lang='lat' dir='ltr'>autem</span> <span class='ocrx_word' id='word_1_797' title='bbox 1301 5137 1578 5192; x_wconf 84' lang='lat' dir='ltr'>personas</span> <span class='ocrx_word' id='word_1_798' title='bbox 1605 5139 1672 5176; x_wconf 85' lang='lat' dir='ltr'>ex</span> <span class='ocrx_word' id='word_1_799' title='bbox 1702 5122 1904 5176; x_wconf 88' lang='lat' dir='ltr'>eadem</span> 
     </span>
    </p>
   </div>
   <div class='ocr_carea' id='block_1_100' title="bbox 243 5208 1908 5282">
    <p class='ocr_par' dir='ltr' id='par_1_100' title="bbox 243 5208 1908 5282">
     <span class='ocr_line' id='line_1_100' title="bbox 243 5208 1908 5282; baseline -0.003 -13"><span class='ocrx_word' id='word_1_800' title='bbox 243 5211 506 5269; x_wconf 88' lang='lat' dir='ltr'>essentia</span> <span class='ocrx_word' id='word_1_801' title='bbox 527 5227 642 5266; x_wconf 91' lang='lat' dir='ltr'>non</span> <span class='ocrx_word' id='word_1_802' title='bbox 670 5209 945 5277; x_wconf 90' lang='lat' dir='ltr'>dicimus,</span> <span class='ocrx_word' id='word_1_803' title='bbox 965 5209 1131 5282; x_wconf 88' lang='lat' dir='ltr'>quasi</span> <span class='ocrx_word' id='word_1_804' title='bbox 1155 5208 1311 5264; x_wconf 91' lang='lat' dir='ltr'>aliud</span> <span class='ocrx_word' id='word_1_805' title='bbox 1334 5209 1414 5264; x_wconf 90' lang='lat' dir='ltr'>ibi</span> <span class='ocrx_word' id='word_1_806' title='bbox 1439 5208 1514 5264; x_wconf 90' lang='lat' dir='ltr'>sit</span> <span class='ocrx_word' id='word_1_807' title='bbox 1536 5211 1690 5282; x_wconf 90' lang='lat' dir='ltr'>quod</span> <span class='ocrx_word' id='word_1_808' title='bbox 1715 5225 1908 5265; x_wconf 86' lang='lat' dir='ltr'>essen-</span> 
     </span>
    </p>
   </div>
   <div class='ocr_carea' id='block_1_101' title="bbox 245 5297 1908 5372">
    <p class='ocr_par' dir='ltr' id='par_1_101' title="bbox 245 5297 1908 5372">
     <span class='ocr_line' id='line_1_101' title="bbox 245 5297 1908 5372; baseline -0.002 -15"><span class='ocrx_word' id='word_1_809' title='bbox 245 5301 336 5357; x_wconf 86' lang='lat' dir='ltr'>tia</span> <span class='ocrx_word' id='word_1_810' title='bbox 361 5304 476 5367; x_wconf 88' lang='lat' dir='ltr'>est,</span> <span class='ocrx_word' id='word_1_811' title='bbox 511 5299 674 5356; x_wconf 90' lang='lat' dir='ltr'>aliud</span> <span class='ocrx_word' id='word_1_812' title='bbox 722 5299 878 5372; x_wconf 90' lang='lat' dir='ltr'>quod</span> <span class='ocrx_word' id='word_1_813' title='bbox 928 5315 1211 5370; x_wconf 56' lang='lat' dir='ltr'>personae,</span> <span class='ocrx_word' id='word_1_814' title='bbox 1235 5297 1385 5354; x_wconf 90' lang='lat' dir='ltr'>sicut</span> <span class='ocrx_word' id='word_1_815' title='bbox 1415 5301 1534 5353; x_wconf 90' lang='lat' dir='ltr'>tres</span> <span class='ocrx_word' id='word_1_816' title='bbox 1583 5303 1811 5354; x_wconf 89' lang='lat' dir='ltr'>statuas</span> <span class='ocrx_word' id='word_1_817' title='bbox 1840 5315 1908 5354; x_wconf 91' lang='lat' dir='ltr'>ex</span> 
     </span>
    </p>
   </div>
   <div class='ocr_carea' id='block_1_102' title="bbox 245 5383 1909 5460">
    <p class='ocr_par' dir='ltr' id='par_1_102' title="bbox 245 5383 1909 5460">
     <span class='ocr_line' id='line_1_102' title="bbox 245 5383 1909 5460; baseline -0.004 -14"><span class='ocrx_word' id='word_1_818' title='bbox 245 5389 454 5446; x_wconf 88' lang='lat' dir='ltr'>eodem</span> <span class='ocrx_word' id='word_1_819' title='bbox 491 5404 637 5443; x_wconf 91' lang='lat' dir='ltr'>auro</span> <span class='ocrx_word' id='word_1_820' title='bbox 677 5403 998 5460; x_wconf 89' lang='lat' dir='ltr'>possumus</span> <span class='ocrx_word' id='word_1_821' title='bbox 1029 5385 1241 5441; x_wconf 90' lang='lat' dir='ltr'>dicere.</span> <span class='ocrx_word' id='word_1_822' title='bbox 1265 5383 1435 5440; x_wconf 88' lang='lat' dir='ltr'>Aliud</span> <span class='ocrx_word' id='word_1_823' title='bbox 1467 5385 1624 5441; x_wconf 89' lang='lat' dir='ltr'>enim</span> <span class='ocrx_word' id='word_1_824' title='bbox 1671 5386 1790 5443; x_wconf 88' lang='lat' dir='ltr'>illis</span> <span class='ocrx_word' id='word_1_825' title='bbox 1820 5391 1909 5442; x_wconf 90' lang='lat' dir='ltr'>est</span> 
     </span>
    </p>
   </div>
   <div class='ocr_carea' id='block_1_103' title="bbox 247 5473 1908 5545">
    <p class='ocr_par' dir='ltr' id='par_1_103' title="bbox 247 5473 1908 5545">
     <span class='ocr_line' id='line_1_103' title="bbox 247 5473 1908 5545; baseline -0.003 -10"><span class='ocrx_word' id='word_1_826' title='bbox 247 5493 379 5535; x_wconf 89' lang='lat' dir='ltr'>esse</span> <span class='ocrx_word' id='word_1_827' title='bbox 399 5493 639 5545; x_wconf 90' lang='lat' dir='ltr'>aurum,</span> <span class='ocrx_word' id='word_1_828' title='bbox 655 5474 815 5537; x_wconf 89' lang='lat' dir='ltr'>aliud</span> <span class='ocrx_word' id='word_1_829' title='bbox 837 5492 966 5532; x_wconf 91' lang='lat' dir='ltr'>esee</span> <span class='ocrx_word' id='word_1_830' title='bbox 987 5478 1232 5530; x_wconf 90' lang='lat' dir='ltr'>statuas.</span> <span class='ocrx_word' id='word_1_831' title='bbox 1253 5475 1324 5530; x_wconf 90' lang='lat' dir='ltr'>Et</span> <span class='ocrx_word' id='word_1_832' title='bbox 1345 5491 1478 5530; x_wconf 90' lang='lat' dir='ltr'>eum</span> <span class='ocrx_word' id='word_1_833' title='bbox 1501 5473 1772 5530; x_wconf 90' lang='lat' dir='ltr'>dicantur</span> <span class='ocrx_word' id='word_1_834' title='bbox 1790 5480 1908 5530; x_wconf 88' lang='lat' dir='ltr'>tres</span> 
     </span>
    </p>
   </div>
   <div class='ocr_carea' id='block_1_104' title="bbox 247 5562 1907 5634">
    <p class='ocr_par' dir='ltr' id='par_1_104' title="bbox 247 5562 1907 5634">
     <span class='ocr_line' id='line_1_104' title="bbox 247 5562 1907 5634; baseline -0.002 -12"><span class='ocrx_word' id='word_1_835' title='bbox 247 5566 524 5622; x_wconf 77' lang='lat' dir='ltr'>homines</span> <span class='ocrx_word' id='word_1_836' title='bbox 555 5582 676 5620; x_wconf 90' lang='lat' dir='ltr'>una</span> <span class='ocrx_word' id='word_1_837' title='bbox 705 5569 935 5632; x_wconf 89' lang='lat' dir='ltr'>natura,</span> <span class='ocrx_word' id='word_1_838' title='bbox 957 5563 1045 5619; x_wconf 90' lang='lat' dir='ltr'>vel</span> <span class='ocrx_word' id='word_1_839' title='bbox 1077 5567 1196 5619; x_wconf 89' lang='lat' dir='ltr'>tres</span> <span class='ocrx_word' id='word_1_840' title='bbox 1222 5562 1490 5619; x_wconf 89' lang='lat' dir='ltr'>homines</span> <span class='ocrx_word' id='word_1_841' title='bbox 1515 5563 1779 5634; x_wconf 90' lang='lat' dir='ltr'>ejusdem</span> <span class='ocrx_word' id='word_1_842' title='bbox 1814 5581 1907 5619; x_wconf 84' lang='lat' dir='ltr'>na-</span> 
     </span>
    </p>
   </div>
   <div class='ocr_carea' id='block_1_105' title="bbox 251 5651 1907 5726">
    <p class='ocr_par' dir='ltr' id='par_1_105' title="bbox 251 5651 1907 5726">
     <span class='ocr_line' id='line_1_105' title="bbox 251 5651 1907 5726; baseline -0.001 -18"><span class='ocrx_word' id='word_1_843' title='bbox 251 5656 419 5720; x_wconf 69' lang='lat' dir='ltr'>turae,</span> <span class='ocrx_word' id='word_1_844' title='bbox 447 5656 704 5726; x_wconf 81' lang='lat' dir='ltr'>possunt</span> <span class='ocrx_word' id='word_1_845' title='bbox 751 5651 926 5708; x_wconf 90' lang='lat' dir='ltr'>etiam</span> <span class='ocrx_word' id='word_1_846' title='bbox 958 5651 1072 5707; x_wconf 90' lang='lat' dir='ltr'>dici</span> <span class='ocrx_word' id='word_1_847' title='bbox 1127 5655 1248 5707; x_wconf 91' lang='lat' dir='ltr'>tres</span> <span class='ocrx_word' id='word_1_848' title='bbox 1301 5651 1568 5706; x_wconf 90' lang='lat' dir='ltr'>homines</span> <span class='ocrx_word' id='word_1_849' title='bbox 1608 5669 1676 5706; x_wconf 89' lang='lat' dir='ltr'>ex</span> <span class='ocrx_word' id='word_1_850' title='bbox 1705 5653 1907 5706; x_wconf 88' lang='lat' dir='ltr'>eadem</span> 
     </span>
    </p>
   </div>
   <div class='ocr_carea' id='block_1_106' title="bbox 252 5739 1908 5814">
    <p class='ocr_par' dir='ltr' id='par_1_106' title="bbox 252 5739 1908 5814">
     <span class='ocr_line' id='line_1_106' title="bbox 252 5739 1908 5814; baseline -0.001 -16"><span class='ocrx_word' id='word_1_851' title='bbox 252 5745 487 5809; x_wconf 83' lang='lat' dir='ltr'>natura,</span> <span class='ocrx_word' id='word_1_852' title='bbox 511 5741 653 5814; x_wconf 87' lang='lat' dir='ltr'>quia</span> <span class='ocrx_word' id='word_1_853' title='bbox 683 5757 754 5798; x_wconf 85' lang='lat' dir='ltr'>ex</span> <span class='ocrx_word' id='word_1_854' title='bbox 781 5741 984 5798; x_wconf 89' lang='lat' dir='ltr'>eadem</span> <span class='ocrx_word' id='word_1_855' title='bbox 1012 5744 1220 5797; x_wconf 89' lang='lat' dir='ltr'>natura</span> <span class='ocrx_word' id='word_1_856' title='bbox 1250 5745 1307 5796; x_wconf 88' lang='lat' dir='ltr'>et</span> <span class='ocrx_word' id='word_1_857' title='bbox 1338 5739 1434 5796; x_wconf 88' lang='lat' dir='ltr'>alii</span> <span class='ocrx_word' id='word_1_858' title='bbox 1465 5739 1611 5796; x_wconf 88' lang='lat' dir='ltr'>tales</span> <span class='ocrx_word' id='word_1_859' title='bbox 1642 5740 1908 5797; x_wconf 89' lang='lat' dir='ltr'>homines</span> 
     </span>
    </p>
   </div>
   <div class='ocr_carea' id='block_1_107' title="bbox 2009 4761 3658 4834">
    <p class='ocr_par' dir='ltr' id='par_1_107' title="bbox 2009 4761 3658 4834">
     <span class='ocr_line' id='line_1_107' title="bbox 2009 4761 3658 4834; baseline 0.002 -18"><span class='ocrx_word' id='word_1_860' title='bbox 2009 4761 2184 4829; x_wconf 89' lang='lat' dir='ltr'>tione,</span> <span class='ocrx_word' id='word_1_861' title='bbox 2218 4779 2415 4818; x_wconf 89' lang='lat' dir='ltr'>verum</span> <span class='ocrx_word' id='word_1_862' title='bbox 2447 4763 2621 4818; x_wconf 87' lang='lat' dir='ltr'>etiam</span> <span class='ocrx_word' id='word_1_863' title='bbox 2668 4764 2794 4820; x_wconf 91' lang='lat' dir='ltr'>sine</span> <span class='ocrx_word' id='word_1_864' title='bbox 2835 4764 3195 4833; x_wconf 86' lang='lat' dir='ltr'>confusione,</span> <span class='ocrx_word' id='word_1_865' title='bbox 3228 4769 3287 4820; x_wconf 92' lang='lat' dir='ltr'>et</span> <span class='ocrx_word' id='word_1_866' title='bbox 3315 4764 3536 4834; x_wconf 87' lang='lat' dir='ltr'>unitas,</span> <span class='ocrx_word' id='word_1_867' title='bbox 3563 4765 3658 4820; x_wconf 90' lang='lat' dir='ltr'>in-</span> 
     </span>
    </p>
   </div>
   <div class='ocr_carea' id='block_1_108' title="bbox 1979 4850 3655 4928">
    <p class='ocr_par' dir='ltr' id='par_1_108' title="bbox 1979 4850 3655 4928">
     <span class='ocr_line' id='line_1_108' title="bbox 1979 4850 3655 4928; baseline 0.001 -22"><span class='ocrx_word' id='word_1_868' title='bbox 1979 4850 2326 4928; x_wconf 42' lang='lat' dir='ltr'>‘telligatur,</span> <span class='ocrx_word' id='word_1_869' title='bbox 2351 4856 2408 4907; x_wconf 91' lang='lat' dir='ltr'>et</span> <span class='ocrx_word' id='word_1_870' title='bbox 2445 4851 2770 4908; x_wconf 86' lang='lat' dir='ltr'>Trinitas.»</span> <span class='ocrx_word' id='word_1_871' title='bbox 2799 4854 2866 4908; x_wconf 91' lang='lat' dir='ltr'>Et</span> <span class='ocrx_word' id='word_1_872' title='bbox 2898 4870 3150 4926; x_wconf 87' lang='lat' dir='ltr'>magnus</span> <span class='ocrx_word' id='word_1_873' title='bbox 3191 4853 3301 4908; x_wconf 91' lang='lat' dir='ltr'>Leo</span> <span class='ocrx_word' id='word_1_874' title='bbox 3341 4870 3492 4925; x_wconf 89' lang='lat' dir='ltr'>papa</span> <span class='ocrx_word' id='word_1_875' title='bbox 3519 4870 3655 4908; x_wconf 89' lang='lat' dir='ltr'>con-</span> 
     </span>
    </p>
   </div>
   <div class='ocr_carea' id='block_1_109' title="bbox 2012 4940 3656 5014">
    <p class='ocr_par' dir='ltr' id='par_1_109' title="bbox 2012 4940 3656 5014">
     <span class='ocr_line' id='line_1_109' title="bbox 2012 4940 3656 5014; baseline 0.001 -19"><span class='ocrx_word' id='word_1_876' title='bbox 2012 4945 2104 4996; x_wconf 89' lang='lat' dir='ltr'>tra</span> <span class='ocrx_word' id='word_1_877' title='bbox 2133 4940 2432 4997; x_wconf 77' lang='lat' dir='ltr'>lneretieos</span> <span class='ocrx_word' id='word_1_878' title='bbox 2477 4941 2720 5014; x_wconf 92' lang='lat' dir='ltr'>loquens</span> <span class='ocrx_word' id='word_1_879' title='bbox 2751 4943 2822 4998; x_wconf 87' lang='lat' dir='ltr'>ad</span> <span class='ocrx_word' id='word_1_880' title='bbox 2868 4941 3176 4997; x_wconf 90' lang='lat' dir='ltr'>Turibium</span> <span class='ocrx_word' id='word_1_881' title='bbox 3225 4941 3656 4997; x_wconf 89' lang='lat' dir='ltr'>Asturieensem</span> 
     </span>
    </p>
   </div>
   <div class='ocr_carea' id='block_1_110' title="bbox 2012 5029 3659 5102">
    <p class='ocr_par' dir='ltr' id='par_1_110' title="bbox 2012 5029 3659 5102">
     <span class='ocr_line' id='line_1_110' title="bbox 2012 5029 3659 5102; baseline 0.001 -18"><span class='ocrx_word' id='word_1_882' title='bbox 2012 5029 2348 5101; x_wconf 89' lang='lat' dir='ltr'>episcopum</span> <span class='ocrx_word' id='word_1_883' title='bbox 2381 5029 2521 5085; x_wconf 80' lang='lat' dir='ltr'>dicit.</span> <span class='ocrx_word' id='word_1_884' title='bbox 2549 5031 2688 5102; x_wconf 74' lang='lat' dir='ltr'>(cap.</span> <span class='ocrx_word' id='word_1_885' title='bbox 2710 5033 2767 5099; x_wconf 84' lang='lat'>5)</span> <span class='ocrx_word' id='word_1_886' title='bbox 2791 5048 2839 5084; x_wconf 88' lang='lat'>:«</span> <span class='ocrx_word' id='word_1_887' title='bbox 2865 5031 3026 5096; x_wconf 86' lang='lat' dir='ltr'>Quod</span> <span class='ocrx_word' id='word_1_888' title='bbox 3057 5029 3212 5086; x_wconf 91' lang='lat' dir='ltr'>enim</span> <span class='ocrx_word' id='word_1_889' title='bbox 3245 5030 3315 5084; x_wconf 92' lang='lat' dir='ltr'>de</span> <span class='ocrx_word' id='word_1_890' title='bbox 3345 5029 3461 5084; x_wconf 86' lang='lat' dir='ltr'>Deo</span> <span class='ocrx_word' id='word_1_891' title='bbox 3493 5029 3659 5085; x_wconf 89' lang='lat' dir='ltr'>Patre</span> 
     </span>
    </p>
   </div>
   <div class='ocr_carea' id='block_1_111' title="bbox 2015 5117 3658 5192">
    <p class='ocr_par' dir='ltr' id='par_1_111' title="bbox 2015 5117 3658 5192">
     <span class='ocr_line' id='line_1_111' title="bbox 2015 5117 3658 5192; baseline 0 -18"><span class='ocrx_word' id='word_1_892' title='bbox 2015 5123 2122 5186; x_wconf 92' lang='lat' dir='ltr'>est,</span> <span class='ocrx_word' id='word_1_893' title='bbox 2149 5119 2254 5173; x_wconf 87' lang='lat' dir='ltr'>hoc</span> <span class='ocrx_word' id='word_1_894' title='bbox 2285 5121 2551 5191; x_wconf 75' lang='lat' dir='ltr'>estquod</span> <span class='ocrx_word' id='word_1_895' title='bbox 2587 5119 2712 5192; x_wconf 86' lang='lat' dir='ltr'>ipse</span> <span class='ocrx_word' id='word_1_896' title='bbox 2743 5124 2850 5184; x_wconf 80' lang='lat' dir='ltr'>est,</span> <span class='ocrx_word' id='word_1_897' title='bbox 2876 5137 3062 5189; x_wconf 87' lang='lat' dir='ltr'>neque</span> <span class='ocrx_word' id='word_1_898' title='bbox 3095 5119 3148 5173; x_wconf 88' lang='lat' dir='ltr'>id</span> <span class='ocrx_word' id='word_1_899' title='bbox 3181 5117 3337 5173; x_wconf 88' lang='lat' dir='ltr'>aliud</span> <span class='ocrx_word' id='word_1_900' title='bbox 3370 5121 3458 5173; x_wconf 86' lang='lat' dir='ltr'>est</span> <span class='ocrx_word' id='word_1_901' title='bbox 3479 5135 3658 5191; x_wconf 86' lang='lat' dir='ltr'>quam</span> 
     </span>
    </p>
   </div>
   <div class='ocr_carea' id='block_1_112' title="bbox 2018 5207 3658 5280">
    <p class='ocr_par' dir='ltr' id='par_1_112' title="bbox 2018 5207 3658 5280">
     <span class='ocr_line' id='line_1_112' title="bbox 2018 5207 3658 5280; baseline -0.001 -16"><span class='ocrx_word' id='word_1_902' title='bbox 2018 5207 2196 5264; x_wconf 85' lang='lat' dir='ltr'>Filius</span> <span class='ocrx_word' id='word_1_903' title='bbox 2213 5213 2266 5264; x_wconf 91' lang='lat' dir='ltr'>et</span> <span class='ocrx_word' id='word_1_904' title='bbox 2281 5209 2533 5280; x_wconf 85' lang='lat' dir='ltr'>Spiritus</span> <span class='ocrx_word' id='word_1_905' title='bbox 2547 5213 2805 5262; x_wconf 84' lang='lat' dir='ltr'>sanctus.</span> <span class='ocrx_word' id='word_1_906' title='bbox 2822 5207 3189 5263; x_wconf 66' lang='lat' dir='ltr'>Pz&#39;aaterhane</span> <span class='ocrx_word' id='word_1_907' title='bbox 3203 5210 3400 5262; x_wconf 88' lang='lat' dir='ltr'>autem</span> <span class='ocrx_word' id='word_1_908' title='bbox 3413 5223 3658 5262; x_wconf 61' lang='lat' dir='ltr'>summa</span> 
     </span>
    </p>
   </div>
   <div class='ocr_carea' id='block_1_113' title="bbox 2016 5294 3661 5366">
    <p class='ocr_par' dir='ltr' id='par_1_113' title="bbox 2016 5294 3661 5366">
     <span class='ocr_line' id='line_1_113' title="bbox 2016 5294 3661 5366; baseline 0 -14"><span class='ocrx_word' id='word_1_909' title='bbox 2016 5297 2320 5352; x_wconf 88' lang='lat' dir='ltr'>Trinitatis</span> <span class='ocrx_word' id='word_1_910' title='bbox 2350 5312 2530 5350; x_wconf 90' lang='lat' dir='ltr'>unam</span> <span class='ocrx_word' id='word_1_911' title='bbox 2562 5294 3122 5351; x_wconf 82' lang='lat' dir='ltr'>consubstantialem</span> <span class='ocrx_word' id='word_1_912' title='bbox 3155 5299 3212 5350; x_wconf 92' lang='lat' dir='ltr'>ct</span> <span class='ocrx_word' id='word_1_913' title='bbox 3241 5295 3661 5366; x_wconf 89' lang='lat' dir='ltr'>sempiternam</span> 
     </span>
    </p>
   </div>
   <div class='ocr_carea' id='block_1_114' title="bbox 2017 5383 3664 5458">
    <p class='ocr_par' dir='ltr' id='par_1_114' title="bbox 2017 5383 3664 5458">
     <span class='ocr_line' id='line_1_114' title="bbox 2017 5383 3664 5458; baseline -0.001 -16"><span class='ocrx_word' id='word_1_914' title='bbox 2017 5391 2189 5458; x_wconf 87' lang='lat' dir='ltr'>atque</span> <span class='ocrx_word' id='word_1_915' title='bbox 2207 5385 2748 5442; x_wconf 89' lang='lat' dir='ltr'>incommutabilem</span> <span class='ocrx_word' id='word_1_916' title='bbox 2762 5384 3058 5448; x_wconf 88' lang='lat' dir='ltr'>deitatem,</span> <span class='ocrx_word' id='word_1_917' title='bbox 3075 5383 3219 5439; x_wconf 91' lang='lat' dir='ltr'>nihil</span> <span class='ocrx_word' id='word_1_918' title='bbox 3233 5383 3500 5441; x_wconf 90' lang='lat' dir='ltr'>omnium</span> <span class='ocrx_word' id='word_1_919' title='bbox 3511 5401 3664 5442; x_wconf 80' lang='lat' dir='ltr'>crea-</span> 
     </span>
    </p>
   </div>
   <div class='ocr_carea' id='block_1_115' title="bbox 2017 5471 3662 5545">
    <p class='ocr_par' dir='ltr' id='par_1_115' title="bbox 2017 5471 3662 5545">
     <span class='ocr_line' id='line_1_115' title="bbox 2017 5471 3662 5545; baseline 0 -15"><span class='ocrx_word' id='word_1_920' title='bbox 2017 5479 2281 5531; x_wconf 87' lang='lat' dir='ltr'>turarum</span> <span class='ocrx_word' id='word_1_921' title='bbox 2305 5479 2412 5535; x_wconf 87' lang='lat' dir='ltr'>est,</span> <span class='ocrx_word' id='word_1_922' title='bbox 2429 5475 2584 5545; x_wconf 92' lang='lat' dir='ltr'>quod</span> <span class='ocrx_word' id='word_1_923' title='bbox 2607 5491 2719 5528; x_wconf 92' lang='lat' dir='ltr'>non</span> <span class='ocrx_word' id='word_1_924' title='bbox 2751 5473 2808 5527; x_wconf 91' lang='lat' dir='ltr'>in</span> <span class='ocrx_word' id='word_1_925' title='bbox 2833 5472 3066 5528; x_wconf 89' lang='lat' dir='ltr'>exordio</span> <span class='ocrx_word' id='word_1_926' title='bbox 3085 5472 3176 5528; x_wconf 90' lang='lat' dir='ltr'>sui</span> <span class='ocrx_word' id='word_1_927' title='bbox 3199 5490 3268 5528; x_wconf 89' lang='lat' dir='ltr'>ex</span> <span class='ocrx_word' id='word_1_928' title='bbox 3293 5471 3476 5530; x_wconf 90' lang='lat' dir='ltr'>nihilo</span> <span class='ocrx_word' id='word_1_929' title='bbox 3499 5489 3662 5530; x_wconf 88' lang='lat' dir='ltr'>crea-</span> 
     </span>
    </p>
   </div>
   <div class='ocr_carea' id='block_1_116' title="bbox 2017 5561 3661 5636">
    <p class='ocr_par' dir='ltr' id='par_1_116' title="bbox 2017 5561 3661 5636">
     <span class='ocr_line' id='line_1_116' title="bbox 2017 5561 3661 5636; baseline -0.001 -17"><span class='ocrx_word' id='word_1_930' title='bbox 2017 5568 2140 5619; x_wconf 91' lang='lat' dir='ltr'>tum</span> <span class='ocrx_word' id='word_1_931' title='bbox 2167 5563 2299 5619; x_wconf 82' lang='lat' dir='ltr'>sit.»</span> <span class='ocrx_word' id='word_1_932' title='bbox 2321 5563 2390 5618; x_wconf 87' lang='lat' dir='ltr'>Et</span> <span class='ocrx_word' id='word_1_933' title='bbox 2419 5562 2556 5616; x_wconf 90' lang='lat' dir='ltr'>item</span> <span class='ocrx_word' id='word_1_934' title='bbox 2581 5562 2718 5634; x_wconf 86' lang='lat' dir='ltr'>(cap.</span> <span class='ocrx_word' id='word_1_935' title='bbox 2746 5561 2830 5634; x_wconf 87' lang='grc'>17)</span> <span class='ocrx_word' id='word_1_936' title='bbox 2855 5579 2904 5616; x_wconf 87' lang='lat'>:«</span> <span class='ocrx_word' id='word_1_937' title='bbox 2929 5562 3012 5616; x_wconf 89' lang='lat' dir='ltr'>Ab</span> <span class='ocrx_word' id='word_1_938' title='bbox 3043 5561 3284 5630; x_wconf 87' lang='lat' dir='ltr'>eisdem,</span> <span class='ocrx_word' id='word_1_939' title='bbox 3307 5561 3522 5636; x_wconf 90' lang='lat' dir='ltr'>inquit,</span> <span class='ocrx_word' id='word_1_940' title='bbox 3544 5563 3661 5618; x_wconf 81' lang='lat' dir='ltr'>hze-</span> 
     </span>
    </p>
   </div>
   <div class='ocr_carea' id='block_1_117' title="bbox 2017 5649 3665 5721">
    <p class='ocr_par' dir='ltr' id='par_1_117' title="bbox 2017 5649 3665 5721">
     <span class='ocr_line' id='line_1_117' title="bbox 2017 5649 3665 5721; baseline -0.001 -13"><span class='ocrx_word' id='word_1_941' title='bbox 2017 5653 2234 5720; x_wconf 89' lang='lat' dir='ltr'>rcticis,</span> <span class='ocrx_word' id='word_1_942' title='bbox 2263 5656 2465 5707; x_wconf 90' lang='lat' dir='ltr'>contra</span> <span class='ocrx_word' id='word_1_943' title='bbox 2491 5667 2692 5706; x_wconf 89' lang='lat' dir='ltr'>verum</span> <span class='ocrx_word' id='word_1_944' title='bbox 2720 5651 2839 5706; x_wconf 87' lang='lat' dir='ltr'>veri</span> <span class='ocrx_word' id='word_1_945' title='bbox 2873 5650 2966 5706; x_wconf 90' lang='lat' dir='ltr'>Dei</span> <span class='ocrx_word' id='word_1_946' title='bbox 2999 5649 3248 5721; x_wconf 88' lang='lat' dir='ltr'>cultum,</span> <span class='ocrx_word' id='word_1_947' title='bbox 3272 5651 3530 5708; x_wconf 88' lang='lat' dir='ltr'>Trinitas</span> <span class='ocrx_word' id='word_1_948' title='bbox 3549 5651 3665 5708; x_wconf 89' lang='lat' dir='ltr'>dei-</span> 
     </span>
    </p>
   </div>
   <div class='ocr_carea' id='block_1_118' title="bbox 2018 5736 3662 5813">
    <p class='ocr_par' dir='ltr' id='par_1_118' title="bbox 2018 5736 3662 5813">
     <span class='ocr_line' id='line_1_118' title="bbox 2018 5736 3662 5813; baseline -0.002 -15"><span class='ocrx_word' id='word_1_949' title='bbox 2018 5741 2158 5798; x_wconf 91' lang='lat' dir='ltr'>tatis</span> <span class='ocrx_word' id='word_1_950' title='bbox 2191 5744 2398 5812; x_wconf 85' lang='lat' dir='ltr'>negata</span> <span class='ocrx_word' id='word_1_951' title='bbox 2431 5736 2812 5811; x_wconf 83' lang='lat' dir='ltr'>persenarum</span> <span class='ocrx_word' id='word_1_952' title='bbox 2845 5739 3195 5813; x_wconf 89' lang='lat' dir='ltr'>proprietate</span> <span class='ocrx_word' id='word_1_953' title='bbox 3224 5740 3662 5798; x_wconf 83' lang='lat' dir='ltr'>confunditur.»</span> 
     </span>
    </p>
   </div>
  </div>
