4018 6446
411 409 528 474 535

1337 404 1723 469 HlNCMARl
1768 399 2220 465 RHEMENSIS
2264 399 2886 464 ARCHIEPISCOPI.

3684 393 3808 464 ωδ

409 541 480 596 Et
509 539 645 598 item
677 543 916 601 sanctus
943 537 1254 613 Gregorius
1284 538 1344 594 in
1377 543 1538 596 sexta
1557 537 1785 594 decima
1813 534 2055 592 homilia
2080 531 2138 600 Α
2165 532 2548 607 telligendum
2579 535 2688 599 est,
2721 533 2877 606 quod
2910 531 3078 589 Pater
3106 529 3242 590 dici-
3260 547 3378 588 non
3417 527 3610 604 possit
3629 527 3814 588 virtus

403 626 723 696 Ezechielis
748 645 798 682 :«
831 628 1034 695 Isaias,
1059 626 1270 700 inquit,
1295 625 1517 682 audivit
1536 623 1801 698 angelica
1830 621 2067 695 agmina

411 715 469 771 in
501 717 642 772 coelo
693 716 1010 772 clamantia
1044 734 1056 772 :
1091 716 1344 781 Sanetus,
1387 715 1641 777 Sanetus,
1684 714 1912 769 Sanctus
1965 713 2068 767 Do-

409 807 596 860 minus
635 807 774 862 Deus
822 805 1045 861 sabaoth
1074 805 1198 877 (Isti.
1231 805 1330 875 v1).
1355 804 1429 859 Ut
1475 802 1630 859 enim
1681 817 2061 874 personarum

412 893 668 950 Trinitas
709 899 1157 958 monstraretur,
1190 892 1361 949 tertio
1401 893 1652 948 Sanctus
1683 891 1925 958 dicitur;
1961 891 2063 946 sed

413 986 478 1037 ut
525 999 643 1037 una
697 1000 824 1038 esse
881 981 1211 1038 substantia
1249 980 1552 1037 Trinitatis
1601 985 1898 1053 appareat,
1947 997 2061 1034 non

415 1071 644 1134 Domini
703 1071 972 1139 sabaoth,
1015 1073 1118 1127 sed
1179 1070 1463 1126 Dominus
1520 1085 1649 1125 esse
1703 1067 2060 1142 perhibetur.

413 1161 577 1226 Quod
623 1159 800 1214 David
845 1177 1079 1232 quoque
1127 1157 1398 1214 similiter
1445 1159 1704 1214 sentiens
1751 1159 1904 1213 478
1933 1157 2060 1212 ait:

407 1248 702 1314 .Dcnedicat
743 1265 842 1304 nos
888 1250 1024 1304 Deus
1063 1249 1204 1303 Deus
1230 1255 1431 1313 noster,
1467 1247 1744 1303 benedice:
1785 1263 1883 1303 nos
1924 1247 2064 1302 Deus

412 1339 582 1404 (Psal.
609 1337 774 1408 LXVl).
799 1336 904 1402 Qui
929 1353 1064 1392 cum
1098 1335 1268 1392 tertio
1288 1335 1530 1392 dixisset
1560 1336 1848 1404 Deum,ut
1877 1353 2062 1392 unum

412 1426 569 1482 hunc
589 1444 717 1483 esse
739 1427 1091 1492 ostenderet,
1107 1425 1390 1492 subdidit,
1404 1433 1455 1480 et
1471 1433 1716 1480 metuant
1734 1441 1859 1480 eum
1880 1441 2064 1481 omnes

411 1517 547 1588 ﬁnes
566 1523 750 1572 terrae.
772 1515 988 1570 Paulus
1003 1531 1236 1587 quoque
1252 1513 1516 1586 loquitur
1530 1515 1734 1579 dicens
1753 1531 1766 1570 :
1787 1515 2065 1586 Quoniam

411 1621 482 1660 ex
513 1607 646 1676 ipso,
679 1611 729 1659 et
753 1620 852 1675 per
878 1605 1076 1674 ipsum,
1099 1605 1226 1658 etin
1257 1605 1372 1675 ipso
1391 1604 1723 1658 suntomnia
1743 1603 1916 1673 (Rom.
1940 1603 2059 1674 xu).

412 1694 492 1748 Ex
525 1692 650 1763 ipso
679 1684 948 1747 videlicet
977 1709 1044 1746 ex
1088 1692 1276 1758 Patre,
1308 1709 1410 1764 per
1446 1690 1664 1764 ipsum,
1697 1708 1800 1764 per
1829 1691 2060 1758 Filium,

412 1779 471 1836 in
505 1781 631 1852 ipso
661 1784 878 1847 autem,
903 1779 962 1835 in
995 1780 1216 1851 Spiritu
1258 1784 1480 1835 sancto.
1513 1783 1656 1835 Cum
1700 1797 1836 1853 ergo
1867 1779 2062 1852 ipsum

410 1869 581 1924 tertio
603 1868 866 1935 dixisset,
895 1867 1182 1940 adjunxit,
1206 1870 1316 1940 ipsi
1331 1869 1510 1940 gloria
1532 1870 1592 1924 in
1613 1869 1813 1925 secula
1840 1869 2065 1926 swculo-
2091 1903 2140 1970 B

409 1973 554 2023 rum,
586 1957 774 2013 Amen.
801 1956 908 2022 Qui
938 1957 1097 2012 enim
1140 1974 1256 2012 non
1297 1957 1442 2014 dicit
1480 1957 1644 2029 ipsis,
1669 1959 1771 2014 sed
1803 1957 1914 2031 ipsi
1939 1974 1952 2012 :
1975 1957 2064 2014 di-

409 2046 594 2102 cendo
616 2049 703 2101 ter
721 2045 940 2118 ipsum,
964 2045 1230 2102 distinxit
1251 2063 1551 2119 personas,
1575 2050 1632 2102 et
1653 2047 1782 2118 subj
1794 2047 2063 2120 ungendo

409 2133 520 2206 ipsi
547 2133 752 2206 gloria,
775 2152 892 2190 non
916 2133 1114 2190 divisit
1131 2135 1585 2191 substantiam.»
1606 2136 1678 2190 Et
1698 2136 1904 2191 beatus
1925 2135 2066 2192 Pau-

411 2221 570 2279 linus
597 2222 987 2294 Aquileiensis
1030 2223 1362 2296 patriarcha
1392 2224 1452 2278 in
1485 2223 1634 2278 libro
1665 2229 1867 2280 contra
1915 2223 2062 2280 Feli-

411 2329 538 2378 cem
572 2328 623 2366 :«
646 2312 880 2380 Sancta,
925 2311 1138 2385 inquit,
1188 2311 1475 2368 catholica
1524 2316 1698 2385 atque
1744 2312 2064 2386 apostolica

410 2398 694 2468 Ecclesia,
716 2417 844 2472 quae
877 2399 1012 2456 licet
1033 2399 1091 2456 in
1115 2404 1235 2456 toto
1258 2400 1338 2456 sit
1357 2401 1495 2456 orbe
1515 2405 1804 2457 terrarum
1826 2401 2058 2470 dili'usa,

410 2507 530 2545 una
558 2493 753 2544 tamen
785 2493 876 2544 est
901 2489 1093 2544 amica
1123 2489 1343 2561 sponsi,
1383 2489 1650 2561 proxima
1678 2493 1737 2546 et
1765 2489 2058 2558 columba,

411 2597 540 2651 quia
576 2577 782 2650 pennis
807 2577 1200 2651 dcargcntatis
1231 2578 1378 2634 sacri
1411 2577 1626 2650 eloquii
1661 2578 1910 2652 refulget
1939 2579 2062 2652 pul-

413 2665 766 2732 chritudine,
797 2669 854 2722 et
897 2666 955 2721 in
1006 2665 1224 2740 pallore
1256 2665 1383 2723 auri
1413 2667 1736 2740 posteriora
1782 2668 1911 2740 ejus
1959 2685 2062 2740 per

410 2759 578 2812 recta:
609 2754 742 2811 ﬁdei
775 2755 1086 2828 puritatem
1128 2755 1412 2824 clarescit,
1437 2757 1748 2812 conﬁtetur
1793 2762 2057 2812 sanctam

408 2849 466 2901 et
491 2843 822 2900 ineli‘abilen
865 2844 1208 2900 Trinitatem
1242 2845 1301 2900 in
1348 2843 1589 2901 unitate.
1617 2845 1787 2902 Salva
1837 2845 2059 2902 scilicet

408 2932 898 2988 inconfusibiliter
927 2933 1279 3006 proprietate
1318 2951 1726 3006 personarum,
1757 2934 2055 3007 insepara-

408 3022 584 3078 bilem
613 3023 1005 3078 substantiam
1037 3025 1364 3078 conﬁtetur.
1394 3023 1480 3078 Ita
1511 3041 1651 3079 sane
1677 3029 1741 3079 ut
1770 3022 1921 3079 alius
1941 3041 2058 3080 cre-

409 3113 584 3168 datur
613 3113 798 3180 Pater,
823 3110 962 3184 quia
993 3112 1158 3168 Pater
1199 3116 1308 3180 est,
1330 3111 1430 3184 qui
1469 3113 1673 3185 genuit
1701 3117 2052 3169 coaeternum

2171 621 2260 678 vel
2291 623 2601 695 sapientia,
2631 622 2784 678 sicut
2812 620 2928 678 dici
2969 637 3085 678 non
3124 623 3318 693 potest
3347 618 3530 676 Filius
3551 616 3651 674 .vel
3678 617 3815 676 Ver-

2153 711 2340 775 .bum,
2362 711 2500 784 quia
2535 710 2656 767 haec
2688 710 2928 770 relative
2968 715 3110 766 sunt
3154 708 3414 777 nomina,
3446 707 3550 765 illa
3573 707 3818 774 vero,“

2173 803 2262 855 est
2280 798 2466 856 virtus
2485 805 2542 856 et
2560 796 3475 871 sapientia,substantialiasunt.
3497 797 3633 854 Ideo
3655 795 3823 854 Pater

2172 889 2359 944 virtus
2389 894 2446 944 et
2475 887 2782 960 sapientia,
2817 891 2872 946 et
2912 885 3093 944 Filius
3122 886 3308 942 virtus
3335 884 3736 958 eat-sapientia,
3758 889 3824 942 et

2173 978 2427 1051 Spiritus
2473 981 2716 1034 sanctus
2753 977 2938 1032 virtus
2985 979 3044 1034 et
3089 975 3423 1048 sapientia:
3458 992 3575 1030 non
3627 978 3821 1031 tamen

2174 1072 2292 1124 tres
2324 1067 2587 1134 virtutes,
2613 1083 2718 1122 nec
2756 1071 2876 1124 tres
2916 1064 3381 1138 sapientia-sed.
3401 1081 3521 1122 una
3553 1063 3742 1120 virtus
3767 1066 3825 1119 et

2173 1155 2483 1229 sapientia,
2515 1156 2684 1212 Pater
2709 1158 2767 1210 et
2797 1153 2978 1212 Filius
3007 1158 3070 1210 et
3093 1153 3347 1227 Spiritus
3377 1157 3642 1219 sanctus,
3671 1151 3824 1216 sicut

2174 1263 2294 1302 una
2322 1242 2654 1301 substantia
2699 1247 2762 1301 et
2803 1260 2920 1299 una
2957 1240 3401 1315 omnipotentis,
3425 1245 3594 1298 «474
3616 1245 3685 1298 et
3713 1239 3823 1298 alia

2173 1351 2301 1406 qua:
2333 1333 2403 1389 de
2435 1331 2769 1390 substantia
2795 1329 3120 1392 divinitatis
3140 1331 3434 1392 dicuntur.
3459 1331 3532 1388 Et
3552 1330 3637 1388 ita
3655 1329 3822 1388 intel-

2172 1421 2390 1494 ligatur
2442 1421 2624 1478 Filius
2677 1419 2970 1494 sapientia
3015 1418 3224 1491 Patris,
3247 1419 3550 1492 quomodo
3607 1418 3825 1476 dicitur

2172 1509 2372 1566 lumen
2404 1509 2611 1578 Patris,
2647 1510 2704 1564 id
2735 1513 2844 1577 est,
2879 1512 2945 1566 ut
2983 1507 3481 1581 quemadmodum
3519 1507 3728 1567 lumen
3755 1508 3825 1566 de

2173 1599 2418 1666 lumine,
2448 1603 2506 1656 et
2536 1603 2854 1672 utrumque
2877 1614 3070 1662 unum
3101 1597 3323 1666 lumen,
3345 1597 3432 1654 sic
3462 1594 3829 1670 intelligatur

2160 1688 2460 1761 .sapientia
2489 1689 2561 1744 de
2589 1687 2896 1760 sapientia,
2920 1691 2977 1744 et
3006 1691 3320 1759 utrumque
3349 1703 3470 1745 una
3495 1685 3824 1758 sapientia:

2173 1777 2314 1850 quia
2331 1777 2388 1832 in
2414 1777 2516 1834 illa
2538 1776 2911 1850 simplicitate
2935 1775 3144 1832 divinas
3163 1779 3388 1834 naturae
3411 1793 3530 1836 non
3551 1779 3648 1836 est
3666 1774 3824 1835 aliud

2172 1884 2374 1939 sapere
2405 1883 2583 1940 quam
2611 1883 2764 1936 esse,
2789 1881 2895 1922 nec
2933 1864 3093 1923 aliud
3133 1881 3262 1924 esse
3292 1881 3472 1938 quam
3501 1879 3827 1938 possenon

2173 1955 2332 2011 aliud
2365 1972 2535 2026 posse
2566 1971 2744 2026 quam
2776 1953 2984 2010 vivere.
3009 1953 3222 2010 Eadem
3253 1951 3334 2010 ibi
3373 1952 3672 2026 sapientia
3701 1969 3825 2026 qua

2173 2043 2680 2110 essentia,.eadem
2711 2041 2830 2108 vita
2861 2059 2987 2114 quas
3037 2045 3094 2098 et
3136 2040 3412 2111 essentia,
3444 2045 3503 2100 et
3543 2040 3674 2102 hac
3704 2059 3824 2102 om-

2173 2131 2270 2188 nia
2294 2148 2500 2200 unum,
2525 2135 2582 2188 et
2603 2149 2758 2187 unus
2781 2136 2951 2188 Deus.
2975 2129 3068 2187 Sic
3093 2134 3152 2187 et
3172 2147 3244 2187 ne
3264 2130 3595 2203 maiestate,
3617 2134 3681 2187 et
3707 2130 3826 2206 pio-

2172 2225 2308 2287 tate,
2329 2225 2386 2277 et
2409 2224 2714 2292 potestate,
2732 2220 2803 2276 de
2819 2218 3099 2278 omnibus
3119 2236 3246 2292 quae
3269 2219 3749 2278 substantialiter
3767 2219 3826 2278 in

2172 2309 2287 2367 Deo
2318 2309 2612 2377 dicuntur,
2637 2307 3083 2382 intelligendum
3128 2312 3306 2380 atque
3357 2308 3668 2370 fatendum
3718 2313 3826 2366 est.

2170 2398 2240 2456 Et
2279 2398 2416 2455 item
2465 2397 2587 2454 haec
2638 2415 2814 2471 prava
2870 2402 3048 2470 atque
3101 2413 3374 2471 perversa
3403 2396 3826 2458 Gotbcecalous

2169 2487 2487 2544 contexuit.

2943 2629 3038 2686 VI.

2235 2761 2290 2822 +
2327 2778 2354 2804 ‹‹
2391 2755 2554 2811 Sicut
2581 2755 2759 2823 enim,
2785 2754 3076 2829 inquiens,
3115 2756 3266 2814 Deus
3295 2755 3553 2812 Trinitas
3583 2757 3822 2817 numeri

2167 2867 2194 2894 ‹‹
2228 2842 2546 2915 singularis
2575 2847 2683 2909 est,
2715 2845 2885 2914 juxta
2931 2843 3098 2912 illud,
3141 2842 3446 2902 benedicta
3487 2843 3568 2902 sit
3615 2849 3824 2904 saneta

2164 2956 2192 2986 ς(
2228 2919 2506 2998 Trinitas,
2531 2932 2616 2990 sic
2643 2932 2820 2989 etiam
2843 2932 3072 2990 numeri
3099 2932 3440 3008 singularis,
3464 2939 3526 2991 et
3547 2943 3823 3007 τριθιοςεὶι

2164 3044 2192 3071 ‹‹
2227 3021 2381 3076 trina
2408 3021 2616 3078 deitas.
2643 3044 2672 3071 »

2232 3110 2338 3166 XP.
2375 3109 2520 3166 Hinc
2551 3109 2700 3166 liber
2741 3114 2916 3168 sextis
2967 3109 3194 3184 synodi,
3227 3127 3331 3184 per
3362 3127 3536 3184 quem
3588 3129 3654 3170 se
3706 3113 3817 3172 Go-

407 3201 519 3258 sibi
552 3201 678 3256 sine
721 3205 981 3273 tempore
1012 3204 1070 3256 et
1099 3201 1258 3256 omni
1313 3199 1482 3257 initio
1533 3200 1767 3270 Filium,
1799 3206 1856 3258 et
1901 3201 2055 3260 alius
2161 3197 2490 3256 thescalcus
2521 3198 2668 3256 falso
2698 3199 3038 3270 redamavit,
3069 3203 3128 3257 et
3174 3217 3344 3260 suam
3367 3199 3602 3258 falsam
3632 3201 3821 3264 voluit

408 3291 680 3347 credatur
711 3289 909 3354 Filius,
929 3289 1067 3361 quia
1093 3289 1278 3345 Filius
1298 3290 1521 3362 est,qui
1552 3290 1786 3363 genitus
1811 3295 1900 3347 est
1928 3291 2054 3348 sine
2084 3273 2128 3340 (ἶ
2163 3288 2509 3344 conﬁrmare
2539 3287 2912 3358 sententiam,
2938 3304 3076 3348 eum
3105 3287 3382 3346 falsitatis
3409 3289 3744 3366 redarguit,
3763 3295 3822 3348 at

407 3378 576 3434 initio
607 3395 641 3433 a
673 3379 1005 3445 Patrc,,non
1037 3378 1316 3450 putative,
1349 3379 1449 3435 sed
1481 3396 1632 3445 vere,
1665 3384 1721 3435 et
1749 3379 1900 3436 alius
1930 3398 2052 3438 crc-

408 3468 582 3524 datur
613 3467 868 3538 Spiritus
897 3472 1156 3532 sanctus,
1181 3467 1281 3544 qui
1315 3467 1567 3540 Spiritus
1597 3473 1837 3526 sanctus
1864 3475 1975 3536 est,
1997 3475 2054 3526 et

408 3573 442 3613 a
472 3556 636 3610 Patre
669 3554 925 3628 Filioque
956 3557 1215 3628 procedit
1247 3573 1259 3612 :
1293 3561 1350 3612 et
1380 3574 1493 3612 non
1540 3561 1630 3612 est
1671 3556 1827 3612 aliud
1865 3557 2048 3627 Pater,

407 3643 565 3712 aliud
627 3644 826 3710 Filius,
882 3644 1042 3701 aliud
1103 3645 1358 3716 Spiritus
1415 3649 1674 3713 sanctus,
1708 3645 1808 3701 sed
1867 3664 2051 3704 unum

407 3737 544 3788 sunt
577 3733 1044 3807 inseparabiliter
1074 3733 1239 3788 Pater
1267 3737 1326 3789 et
1357 3732 1537 3789 Filius
1559 3739 1616 3789 et
1635 3733 1886 3807 Spiritus
1914 3753 2051 3792 san-

405 3828 554 3877 ctus.
589 3824 713 3878 Non
766 3841 920 3878 unus
951 3823 1050 3878 sed
1087 3839 1292 3889 unum,
1325 3821 1464 3894 quia
1509 3823 1623 3879 alia
1669 3829 1756 3880 est
1803 3841 2052 3897 persona

406 3910 612 3976 Patris,
639 3911 755 3966 alia
787 3912 936 3979 Filii,
971 3911 1086 3966 alia
1133 3909 1388 3990 Spiritus
1437 3912 1620 3967 sancti
1657 3930 1671 3968 :
1705 3913 1804 3968 sed
1849 3931 1966 3972 una
1995 3919 2052 3970 et

403 3999 665 4070 (aqualis,
687 4003 745 4054 et
774 3997 1314 4070 consubstantialis,
1337 4004 1393 4054 et
1413 4004 1697 4056 coaeterna
1721 4004 1810 4056 est
1843 4002 2050 4069 Patris,

405 4085 651 4157 Filiique
681 4091 736 4140 ct
765 4086 1022 4158 Spiritus
1061 4087 1248 4141 sancti
1290 4087 1698 4145 inenarrabilis
1728 4089 2052 4146 divinitatis

405 4175 705 4244 majestas,
730 4174 868 4246 quia
900 4193 1053 4230 unus
1078 4180 1168 4230 est
1199 4175 1372 4231 Deus.
1399 4176 1679 4232 Unionem
1706 4194 1958 4249 namque
1990 4179 2049 4234 in

403 4261 660 4318 essentia
681 4264 1048 4328 confitemur,
1067 4262 1390 4320 trinitatem
1411 4281 1542 4320 vero
1575 4264 1631 4320 in
1665 4283 2048 4338 personarum

403 4349 749 4408 discretione
781 4353 1187 4424 praedicamus.
1213 4374 1240 4402 ιι

475 4441 544 4494 Et
571 4445 809 4497 sanctus
837 4441 1120 4500 Alcuinus
1150 4459 1218 4497 ex
1246 4442 1436 4498 verbis
1467 4443 1618 4500 beati
1648 4443 1960 4516 Augustini
1988 4445 2047 4526 in

403 4528 550 4584 libro
582 4529 700 4600 (lib.
739 4531 848 4586 Ide
882 4532 1053 4598 Trin.,
1086 4548 1203 4602 cap.
1235 4532 1289 4602 8)
1321 4533 1392 4587 ad
1444 4532 1717 4588 Carolum
1768 4535 2048 4607 Magnum

2162 3375 2462 3450 falsarium
2493 3379 2835 3452 comprobat
2870 3376 2930 3434 in
2977 3393 3088 3436 sua
3115 3375 3264 3434 falsa
3307 3377 3818 3452 interpretatione,

2161 3465 2261 3537 qui
2311 3466 2510 3522 volens
2555 3485 2786 3524 vomere
2838 3467 2995 3540 quod
3050 3483 3167 3526 non
3221 3465 3475 3540 glutivit,
3517 3477 3820 3542 τριθιοτιῑαν

2161 3554 2377 3610 trinam
2417 3555 2694 3612 deitatem
2743 3555 3155 3629 interpretatus
3182 3559 3290 3612 est.
3322 3555 3466 3614 Nam
3521 3554 3672 3616 illud
3720 3557 3818 3627 tri,

2161 3643 2220 3698 in
2254 3643 2474 3700 unitate
2503 3643 2762 3711 deitatis,
2793 3662 2920 3717 quae
2963 3647 3054 3704 est
3104 3643 3300 3702 unitas
3331 3643 3662 3712 Trinitatis,
3697 3663 3820 3704 non

2160 3732 2366 3805 recipit
2422 3751 2754 3803 numerum,
2789 3751 2895 3794 nec
2951 3750 3366 3808 quamcunque
3419 3734 3820 3808 adiectionem

2160 3821 2661 3878 demonstrantem
2692 3823 3115 3894 pluralitatem.
3139 3823 3265 3882 Non
3306 3821 3386 3880 ita
3424 3828 3490 3880 ut
3521 3823 3818 3900 interpre-

2158 3913 2318 3966 tatur
2331 3910 2767 3978 Gothescalcus,
2787 3911 3404 3972 intellixitVictorinus
3423 3913 3629 3972 rhetor
3649 3916 3817 3974 urbis

2160 3999 2378 4066 Romze,
2409 4003 2467 4056 et
2515 3999 2792 4072 magister
2839 4000 2994 4060 beati
3043 4001 3374 4076 Hieronymi
3422 4003 3694 4062 scribens
3738 4005 3818 4062 ad

2158 4087 2483 4144 Candidum
2506 4087 2808 4155 Arianum,
2825 4107 2927 4162 per
2941 4089 3348 4154 conclusiones
3362 4093 3422 4147 et
3439 4093 3818 4152 extensiones

2158 4177 2472 4234 dialectica:
2521 4195 2587 4236 ac
2638 4179 2938 4238 rhetoricae
2967 4177 3310 4252 disciplinae,
3344 4196 3472 4252 quis
3520 4182 3816 4262 quodam-

2158 4267 2332 4322 modo
2362 4265 2474 4324 sibi
2502 4272 2758 4340 cognatae
2778 4272 2939 4336 sunt,
2961 4285 3132 4327 suam
3161 4267 3429 4326 haeresim
3454 4272 3820 4330 conﬁrmans

2157 4354 2459 4424 nitentem,
2493 4357 2696 4413 eodem
2754 4357 2928 4414 modo
2977 4374 3113 4414 cum
3161 4357 3472 4416 verborum
3531 4361 3818 4418 sensibus

2157 4446 2364 4502 Graeca:
2396 4443 2628 4518 linguze,
2653 4445 2723 4502 de
2769 4447 2935 4506 Patre
2963 4448 3022 4503 et
3050 4445 3194 4502 Filio
3240 4451 3298 4502 et
3346 4446 3570 4521 Spiritu
3600 4454 3814 4506 sancto

2157 4535 2344 4609 ipsius
2377 4535 2733 4608 impietatem
2763 4535 3057 4606 refellens,
3087 4539 3146 4592 et
3171 4537 3482 4594 destruens
3515 4537 3673 4596 inter
3699 4555 3813 4596 ce-

403 4617 813 4688 imperatorem
854 4619 996 4673 dicit
1029 4637 1096 4674 :«
1131 4619 1446 4692 Quidquid,
1495 4621 1788 4694 inquiens,
1823 4625 1894 4678 ad
1936 4624 2046 4680 sci-
2075 4614 2135 4710 θ’
2155 4627 2279 4680 tera
2303 4641 2314 4680 :
2341 4649 2368 4674 «
2405 4625 2520 4693 Sic,
2553 4623 2764 4697 inquit,
2797 4625 3045 4683 istorum
3076 4623 3256 4682 trium
3309 4642 3491 4684 unum
3543 4631 3604 4684 et
3648 4626 3811 4686 idem

402 4724 574 4779 psum
605 4705 818 4762 dicitur
847 4708 1022 4772 Deus,
1047 4713 1103 4764 et
1133 4710 1204 4764 de
1236 4709 1484 4785 singulis
1521 4711 1784 4782 personis
1809 4713 2040 4782 dicitur,

401 4796 565 4852 Patre
595 4801 652 4852 ct
683 4797 824 4853 Filio
869 4802 926 4852 et
972 4797 1192 4870 Spiritu
1244 4803 1466 4867 sancto,
1499 4805 1556 4855 et
1608 4799 1783 4857 simul
1817 4803 1886 4857 de
1918 4801 2048 4875 ipsa

399 4885 705 4953 Trinitate,
729 4903 842 4941 non
877 4885 1198 4958 pluraliter,
1213 4889 1310 4943 sed
1338 4887 1712 4961 singulariter
1730 4889 2046 4948 dicendum

399 4979 505 5030 est.
540 4974 826 5041 Quoniam
875 4975 1089 5048 quippe
1137 4994 1252 5032 non
1299 4975 1458 5033 aliud
1508 4983 1597 5034 est
1644 4979 1758 5036 Deo
1803 4997 1956 5056 esse,
1988 4987 2046 5039 et

399 5063 556 5118 aliud
587 5082 864 5137 maguum
898 5083 1046 5132 esse,
1068 5065 1154 5120 vel
1188 5065 1345 5122 aliud
1379 5083 1528 5134 esse,
1551 5072 1608 5122 et
1631 5067 1791 5123 aliud
1823 5069 2042 5126 bonum

398 5168 546 5218 esse,
571 5155 668 5207 sed
703 5153 809 5209 hoc
841 5155 994 5209 idem
1033 5153 1112 5209 illi
1145 5159 1308 5210 estet
1338 5173 1465 5210 esse
1495 5160 1552 5210 et
1580 5174 1860 5229 magnum
1892 5176 2040 5226 esse,

398 5246 453 5295 et
483 5260 609 5297 esse
640 5248 696 5297 et
727 5245 946 5299 bonum
969 5261 1117 5310 esse,
1146 5249 1450 5316 prOptcrea
1470 5245 1624 5300 sicut
1645 5264 1760 5300 non
1791 5245 2044 5304 dicimus

400 5333 516 5384 tres
548 5331 706 5394 deus,
733 5351 836 5387 nec
871 5338 986 5387 tros
1019 5333 1324 5398 rssvntias,
1359 5334 1442 5388 sic
1489 5351 1600 5387 non
1634 5333 1884 5390 dicimus
1927 5341 2042 5390 tres

399 5419 854 5487 magnitudines,
881 5441 982 5478 nec
1013 5428 1129 5477 tres
1159 5423 1468 5482 bonitates,
1495 5423 1594 5476 sed
1629 5440 1810 5477 unum
1835 5424 2044 5493 Deum,

398 5522 574 5559 unum
608 5511 942 5578 essentiam,
968 5518 1025 5567 et
1055 5529 1230 5567 unam
1265 5510 1752 5581 magnitudinem,
1777 5516 1832 5566 et
1863 5530 2040 5569 unam

397 5594 738 5651 bonitatem.
762 5623 789 5646 ››
813 5600 880 5654 Et
909 5602 1060 5672 quod
1109 5599 1422 5672 Apostolus
1468 5599 1549 5654 ait
1581 5616 1594 5652 :
1629 5600 1904 5656 Christum
1945 5603 2044 5658 Dei

417 5683 651 5738 virtutem
682 5686 728 5754 (I
760 5687 879 5742 Cor.
909 5707 946 5756 ι,
978 5691 1090 5757 24),
1120 5697 1169 5744 et
1197 5689 1296 5744 Dei
1322 5689 1667 5760 sapientiam,
1695 5706 1808 5744 non
1842 5688 1922 5746 ita
1954 5691 2039 5747 in-

2153 4713 2522 4770 existentiam
2541 4731 2658 4770 una
2675 4713 2968 4784 divinitas,
2982 4717 3040 4771 et
3055 4730 3171 4772 non
3189 4713 3486 4775 multifida
3501 4715 3810 4788 maiestas,

2153 4807 2210 4860 et
2238 4801 2352 4858 tria
2382 4819 2588 4870 unum,
2612 4807 2670 4859 et
2716 4820 2900 4860 unum
2939 4803 3072 4872 tris,
3103 4807 3162 4860 et
3206 4808 3295 4862 ter
3341 4821 3526 4860 unum
3577 4804 3718 4873 tria,
3749 4810 3814 4863 et

2151 4888 2306 4945 idem
2329 4894 2388 4946 et
2413 4907 2596 4946 unum
2627 4895 2685 4946 et
2712 4891 2903 4948 solum
2924 4895 3034 4950 est.
3051 4915 3080 4943 ››
3101 4893 3171 4950 Et
3198 4891 3316 4949 veri
3347 4892 3556 4952 Greca:
3584 4892 3810 4968 lingua

2153 4978 2496 5050 interpretes
2515 4979 2822 5052 epistolam
2843 4981 2916 5037 ab
2938 4980 3260 5054 apostolica
3279 4981 3412 5055 ﬁde,
3426 4986 3486 5038 et
3503 4999 3539 5038 a
3561 4985 3816 5055 prem

2152 5073 2357 5124 sancta
2414 5073 2577 5125 sexta
2631 5071 2850 5141 synodo
2907 5070 3394 5144 receptissimam,
3427 5074 3492 5127 ut
3517 5070 3806 5145 diximus,

2151 5157 2338 5214 sancti
2363 5157 2669 5231 Sophronii
2702 5158 3212 5234 Ilieresolymitani
3234 5160 3494 5234 episcopi
3522 5159 3814 5234 interpu-

2151 5250 2363 5315 tantes,
2395 5264 2510 5303 non
2541 5247 2697 5304 trina
2732 5249 2834 5314 sed
2869 5253 2957 5305 ter
2985 5249 3351 5322 interpretati
3381 5254 3540 5319 sunt,
3573 5254 3634 5306 et
3657 5267 3811 5310 ana-

2150 5335 2533 5392 thematizant
2563 5336 2694 5394 illos
2723 5337 2822 5409 qui
2863 5337 3007 5394 illud
3050 5342 3138 5395 ter
3167 5356 3283 5396 non
3315 5344 3472 5395 recto
3503 5356 3682 5396 sensu
3713 5339 3808 5394 in.

2150 5425 2438 5497 telligunt,
2462 5431 2520 5482 et
2549 5425 2762 5482 trinam
2793 5427 3066 5484 deitatem
3089 5428 3312 5496 dicunt,
3335 5427 3490 5484 sicut
3509 5427 3572 5484 in
3593 5429 3802 5488 eadem

2151 5519 2313 5570 sexta
2341 5515 2562 5588 synodo
2591 5515 2942 5587 continetur,
2965 5515 3064 5572 ubi
3095 5516 3312 5576 dicitur
3345 5533 3406 5573 ει(
3443 5517 3806 5579 Numerata:

2149 5621 2284 5676 ergo
2315 5605 2483 5660 beata
2513 5603 2768 5660 Trinitas
2799 5622 2913 5662 non
2944 5605 3235 5674 essentiis,
3262 5623 3378 5664 non
3409 5604 3657 5673 naturis,
3687 5621 3802 5664 nec

2149 5691 2392 5751 diversis
2424 5689 2760 5758 deitatibus,
2792 5693 3033 5752 trinisve
3072 5695 3593 5764 dominationibus.
3613 5694 3798 5764 absit,
