4018 6468
197 454 344 518 ’541

1254 462 1357 523 DE
1400 463 1557 526 UNA
1605 463 1708 524 ET
1752 463 1909 524 NON
1955 462 2194 524 TItINA
2243 461 2610 524 DEITATE.

3511 467 3632 530 542

218 590 494 663 juvenea,
523 587 777 664 trigania
821 591 1052 662 mulier,
1087 593 1147 650 in'
1181 594 1397 668 quibus
1427 595 1704 652 omnibus
1745 595 1876 652 ﬁxis
1905 596 1956 664 Α
1992 595 2162 668 quasi
2195 594 2575 652 multivocum
2601 594 3055 668 quiddam.Nam
3085 615 3288 656 mucro
3319 601 3376 657 et
3403 599 3562 657 ensis
3579 603 3638 658 et

229 677 594 746 nominibus,
629 697 698 735 ex
727 680 1032 752 adjectivis
1061 681 1122 738 in
1152 699 1214 739 se
1236 682 1633 756 pluralitatem
1665 685 1885 742 haben-

226 767 412 835 tibus,
437 767 872 841 quodammodo
905 771 1171 842 quedam
1202 772 1508 844 pluralitas
1529 774 1886 830 demonstra-

227 856 505 912 tur.Nam
537 873 674 913 cum
707 857 958 915 dicimus
985 859 1132 916 hora
1159 860 1353 931 tertia,
1385 861 1660 917 horarum
1693 861 1887 918 multi-

228 943 470 1018 plicatio
498 944 848 1019 designatur
878 965 892 1002 :
926 963 1062 1002 cum
1093 948 1346 1005 dicimus
1392 950 1548 1005 trina
1597 951 1883 1022 repetitio,

228 1033 637 1106 pluralitatem
664 1034 1027 1108 repetitionis
1057 1037 1600 1094 ostendimuszcum
1633 1039 1886 1096 dicimus

226 1121 414 1179 trima
434 1124 711 1194 juvenca.
744 1141 1034 1180 annorum
1065 1125 1125 1181 in
1170 1144 1239 1183 ea
1268 1127 1666 1199 pluralitatem
1697 1129 1888 1202 signa-

229 1229 397 1268 mus:
418 1229 558 1268 cum
589 1211 847 1269 dicimus
877 1213 1128 1288 trigama
1156 1215 1600 1289 mulier,plures
1631 1233 1759 1273 eam
1789 1218 1886 1273 ha-

227 1301 435 1358 buisse
452 1301 609 1358 viros
632 1302 1885 1378 manifestamus.Inveniturquoquedictum

227 1390 717 1465 abAugustinoin
730 1390 898 1448 libris
909 1393 982 1449 de
993 1393 1539 1461 Trinitate,trinitas
1551 1395 1906 1464 anulorum,_

228 1478 474 1536 trinitas
522 1496 929 1553 personarum,
971 1481 1206 1539 trinitas
1254 1483 1315 1538 in
1365 1488 1560 1540 mente
1607 1483 1883 1552 hominis,

229 1567 330 1624 ubi
365 1569 444 1624 ad
477 1567 797 1642 imaginem
829 1569 930 1625 Dei
963 1569 1153 1626 factus
1184 1576 1292 1628 est.
1317 1571 1481 1628 Unde
1513 1577 1580 1628 ut
1609 1577 1888 1646 putamus

227 1657 389 1714 419
423 1673 540 1714 non
574 1657 1054 1715 inconvenienter
1099 1659 1274 1716 etiam
1325 1660 1439 1717 dici
1491 1665 1683 1734 potest
1731 1661 1890 1718 trina

227 1745 520 1804 Trinitas.
553 1747 666 1804 Sed
698 1763 834 1803 eum
863 1747 1335 1806 ineonvenienter
1361 1767 1396 1806 a
1429 1751 1776 1808 Gothesealo
1808 1751 1890 1806 di-

227 1833 390 1892 citur
419 1835 580 1892 trina
615 1835 823 1908 deitas,
855 1837 1164 1910 pluralitas
1208 1843 1264 1894 et
1310 1856 1612 1908 numerus,
1645 1857 1774 1912 qua:
1823 1843 1890 1896 ut

227 1923 375 1981 dicit
395 1925 635 1982 Boetius
655 1926 806 1982 fiunt
825 1942 895 1982 ex
914 1927 1258 1997 differentia,
1277 1927 1363 1984 illi
1386 1933 1606 1985 naturae
1629 1927 1882 2001 simplici

226 2017 286 2070 et
315 2012 825 2088 indivisibili,quse
856 2032 962 2072 nec
989 2013 1048 2070 in
1081 2016 1345 2090 personis
1365 2017 1539 2074 habet
1564 2035 1891 2092 quamcun-

228 2119 344 2176 que
370 2102 788 2176 differentiam,
819 2105 974 2178 quod
1005 2109 1096 2162 est
1123 2105 1314 2162 dicere
1345 2106 1508 2162 nefas
1538 2107 1884 2180 imponitur,

228 2197 288 2248 et
311 2192 376 2248 in
413 2191 526 2248 hoe
558 2191 762 2249 mobili
782 2197 840 2250 et
859 2194 1144 2266 adjective
1170 2195 1406 2251 nomine
1428 2197 1582 2268 quod
1605 2201 1696 2253 est
1713 2199 1884 2267 trina,

229 2285 288 2339 et
311 2281 374 2337 in
413 2281 528 2338 ﬁxo
558 2281 796 2338 nomine
824 2282 918 2338 cui
952 2283 1247 2355 adjicitur,
1281 2285 1436 2356 quod
1487 2289 1576 2342 est
1628 2288 1885 2354 Trinitas,

227 2369 577 2428 continetur
602 2369 1114 2444 pluralitas,quam
1142 2371 1204 2427 in
1226 2389 1289 2428 se
1316 2391 1432 2429 non
1456 2375 1662 2446 recipit
1678 2375 1888 2444 deitas,

229 2461 361 2528 Qua
395 2459 471 2516 de
499 2476 562 2516 re
591 2461 740 2517 trina
767 2461 939 2518 deitas
970 2479 1006 2518 a
1033 2460 1194 2518 nullo
1241 2462 1526 2520 catholico
1572 2462 1887 2531 intellecta,

231 2547 323 2606 vel
356 2548 523 2605 credi
553 2553 658 2605 aut
710 2548 824 2606 diei
873 2549 1088 2606 habere
1135 2550 1289 2606 dicta
1318 2555 1426 2619 est,
1460 2556 1526 2608 ut
1563 2553 1800 2609 Boetius
1830 2553 1890 2608 in

232 2637 390 2694 libro
423 2638 496 2694 ad
523 2638 813 2694 Joannem
845 2637 986 2694 dicit
1017 2656 1031 2696 :
1066 2661 1094 2690 «
1121 2639 1182 2695 Si
1212 2639 1392 2713 igitur
1420 2641 1791 2714 interrogem,
1817 2659 1889 2698 an

226 2726 334 2800 qui
369 2725 594 2782 dicitur
623 2727 794 2783 Pater
823 2727 1156 2784 substantia
1203 2729 1302 2798 sit,
1333 2730 1719 2801 respondetur
1764 2747 1892 2787 esse

231 2815 766 2881 substantia.0uod
793 2815 844 2872 si
865 2831 1122 2889 quaeram
1153 2835 1227 2874 an
1245 2817 1427 2874 Filius
1445 2818 1777 2879 substantia
1794 2819 1889 2888 sit,

231 2904 396 2964 idem
422 2901 952 2978 dicitur.Spiritum
967 2923 1199 2979 quoque
1215 2910 1484 2963 sanetum
1497 2907 1890 2964 substantiam

230 3009 365 3051 esse
393 3009 572 3049 nemo
603 2992 978 3050 dubitaverit.
1011 2995 1082 3050 Et
1110 3012 1245 3052 cum
1290 3013 1496 3052 rursus
1541 2995 1750 3069 colligo
1783 2997 1892 3053 Pa-

231 3085 416 3151 trem,
447 3081 686 3154 Filium,
721 3083 1006 3156 Spiritum
1039 3087 1332 3152 sanetum,
1384 3101 1501 3140 non
1539 3084 1760 3158 plures,
1791 3087 1891 3142 sed

230 3189 356 3229 una
385 3171 646 3228 occurrit
673 3188 802 3228 esse
831 3171 1181 3228 substantia.
1206 3172 1333 3229 Una
1359 3171 1543 3246 igitur
1563 3174 1896 3231 substantia

229 3260 444 3328 trium,
479 3260 878 3334 neeseparari
908 3261 1028 3317 ullo
1059 3261 1232 3317 modo
1255 3265 1358 3318 aut
1387 3262 1648 3336 disjungi
1679 3267 1889 3336 potest,

1995 685 2121 757 ipse
2151 689 2242 741 est
2271 689 2328 768 et
2356 684 2532 753 idem,
2569 685 2738 740 Pater
2763 701 2896 740 vero
2939 703 3006 742 ae
3053 687 3232 744 Filius
3281 691 3339 745 et
3381 689 3635 762 Spiritus

1987 779 2237 832 sanctus
2265 775 2420 830 idem
2445 775 2718 846 equidem
2741 778 2972 843 est,non
2995 793 3126 832 vero
3146 776 3328 848 ipse.»
3354 779 3496 834 [line
3516 796 3636 836 ma-

1995 864 2272 920 nifestum
2294 868 2384 919 est
2404 863 2849 920 G-othescaleum
2869 881 2984 919 non
3005 865 3196 921 dicere
3214 882 3435 922 verum:
3451 867 3634 937 Sicut,

1995 951 2382 1024 inquit,Deus
2399 951 2657 1008 Trinitas
2688 953 2918 1008 numeri
2951 951 3370 1025 singularisest
3387 955 3636 1027 juxtail-

1995 1040 2118 1108 lud,
2144 1040 2456 1097 Benedicta
2467 1041 2544 1096 sit
2565 1045 2762 1096 sancta
2797 1041 3054 1097 Trinitas
3079 1059 3091 1098 :
3118 1042 3202 1098 sic
3215 1042 3391 1099 etiam
3410 1044 3640 1100 numeri

1996 1129 2316 1202 singularis
2331 1133 2420 1184 est
2437 1129 2590 1184 trina
2606 1129 2814 1185 deitas.
2839 1129 3152 1196 Quiatrina
3169 1135 3226 1186 et
3245 1131 3476 1188 trinitas
3498 1149 3640 1190 sono

1997 1217 2317 1292 singularis
2333 1221 2472 1274 sunt
2489 1219 2739 1285 numeri,
2764 1221 2822 1273 et
2837 1218 3133 1275 intellectu
3160 1219 3424 1292 pluralis.
3444 1221 3641 1278 Deitas

1998 1311 2190 1364 autem
2203 1349 2216 1374 ,
2235 1308 2334 1380 qui
2354 1307 2583 1364 Patrem
2598 1307 2781 1362 Deum
2797 1305 3289 1376 dicimus,Filium
3301 1309 3484 1366 Deum
3498 1311 3640 1366 dici-

1995 1413 2152 1468 mus,
2176 1395 2459 1469 Spiritum
2480 1400 2750 1452 sanetum
2764 1395 2948 1452 Deum
2966 1397 3242 1470 dicimus,
3265 1401 3640 1456 etsonoetin-

1994 1485 2232 1542 telleetu
2251 1484 2571 1558 singularis
2582 1489 2672 1540 est
2686 1483 2999 1554 numeri,et
3009 1485 3078 1540 ad
3077 1485 3392 1557 jeetionem
3411 1488 3646 1562 plurali-

1997 1578 2177 1630 tatem
2219 1573 2649 1646 signiﬁcantem
2688 1591 2802 1629 non
2845 1573 3061 1646 recepit
3095 1591 3108 1630 :
3143 1575 3420 1647 quoniam
3441 1581 3646 1634 sancta

1996 1664 2153 1720 480
2165 1666 2222 1718 et
2234 1661 2640 1735 inseparabilis
2653 1661 2711 1717 in
2724 1661 2992 1734 personis
3003 1662 3351 1738 intelligitur
3363 1665 3646 1723 etdieitur

1997 1751 2256 1808 Trinitas
2267 1755 2324 1808 et
2339 1751 2399 1806 in
2414 1749 2765 1818 substantia,
2781 1751 3056 1820 essentia,
3073 1756 3299 1822 natura,
3319 1753 3640 1826 divinitate,

2000 1841 2234 1910 deitate,
2257 1838 2608 1912 intelligitur
2627 1843 2684 1894 et
2698 1839 2916 1895 dicitur
2929 1840 3144 1908 unitas,
3165 1841 3304 1914 quia
3315 1842 3642 1900 deitasTri-

1998 1930 2200 1986 nilatis
2211 1929 2528 1998 estunitas,
2554 1932 2837 1984 utomnes
2868 1929 3131 1985 doctores
3153 1929 3440 2000 catholici,
3461 1933 3562 1988 sed
3585 1937 3645 1989 et

1999 2019 2235 2076 Boetius
2251 2019 2311 2074 in
2327 2018 2565 2090 praefato
2587 2017 2737 2074 libro
2761 2018 2830 2073 de
2849 2017 3130 2073 Trinitate
3151 2023 3218 2074 ut
3247 2019 3642 2090 praemisimus

1998 2106 2141 2163 dicit
2173 2125 2186 2162 :
2219 2130 2248 2157 ‹‹
2282 2107 2412 2173 Ubi,
2447 2105 2740 2178 inquiens,
2775 2105 2937 2160 nulla
2978 2109 3069 2160 est
3099 2105 3446 2175 differentia,
3480 2107 3646 2165 nulla

1997 2199 2089 2252 est
2119 2195 2356 2251 omnino
2387 2195 2714 2268 pluralitas,
2750 2210 2930 2266 quare
2972 2209 3077 2249 nec
3127 2211 3430 2262 numerus,
3465 2195 3646 2269 igitur

1999 2284 2193 2341 unitas
2209 2287 2460 2340 tantum.
2485 2286 2627 2338 Nam
2647 2283 2802 2355 quod
2828 2281 2996 2338 tertio
3015 2282 3296 2355 repetitur
3307 2283 3480 2354 Deus,
3509 2301 3643 2342 cum

2000 2374 2166 2430 Pater
2194 2376 2251 2429 et
2281 2371 2461 2428 Filius
2491 2375 2550 2428 et
2573 2369 2835 2444 Spiritus
2856 2375 3097 2427 sanctus
3126 2376 3645 2445 nuncupatur,tres

1999 2462 2254 2519 unitates
2276 2479 2391 2517 non
2416 2461 2637 2516 faciunt
2657 2459 3054 2532 pluralitatem
3076 2460 3304 2516 numeri
3321 2461 3382 2516 in
3403 2478 3470 2518 eo
3487 2463 3645 2536 quod

1997 2552 2138 2624 ipsa:
2171 2554 2328 2618 sunt,
2363 2572 2391 2601 »
2426 2549 2483 2606 id
2533 2553 2622 2606 est
2667 2550 2726 2604 in
2773 2549 3048 2618 essentia,
3097 2548 3364 2606 videlicet
3410 2550 3643 2608 deitate.

2000 2640 2163 2696 Unde
2195 2638 2340 2694 dixit
2370 2639 2524 2694 Deus
2555 2639 2625 2693 ad
2650 2638 2907 2710 Moysem
2933 2655 2946 2693 :
2981 2639 3086 2710 Ego
3111 2653 3235 2693 sum
3265 2639 3362 2710 qui
3389 2653 3532 2708 sum,
3565 2644 3645 2712 et,

2000 2730 2142 2786 dices
2171 2729 2306 2800 ﬁliis
2334 2728 2504 2784 Israel
2530 2745 2548 2781 :
2583 2727 2689 2795 Qui
2715 2734 2794 2782 est
2819 2727 2974 2782 misit
2997 2743 3084 2783 me
3111 2727 3183 2783 ad
3210 2743 3301 2783 vos
3331 2729 3523 2798 (Exod.
3556 2746 3644 2799 III,

2002 2817 2338 2892 14).Regula
2351 2816 2528 2890 igitur
2547 2816 2678 2872 ﬁdei
2689 2815 3032 2884 ,secundum
3047 2815 3450 2872 auctoritatem
3466 2835 3643 2874 sacras

2001 2907 2334 2980 Seripturas,
2370 2905 2430 2960 in
2461 2922 2578 2978 qua
2605 2904 2820 2978 legitur
2845 2905 3098 2971 Sanctus,
3132 2905 3382 2974 Sanctus,
3415 2905 3644 2964 Sanetus

1999 2997 2262 3053 Dominus
2308 2997 2447 3050 Deus
2495 2994 2719 3050 sabaoth
2768 2993 2894 3064 (lsa.
2944 3011 3024 3060 v1,
3072 2995 3128 3063 3)
3163 3011 3177 3062 ;
3227 2998 3303 3062 et,
3353 2995 3646 3052 Benedicat

1999 3102 2098 3142 nos
2128 3087 2286 3151 Deus,
2323 3089 2470 3140 Deus
2499 3089 2698 3150 noster,
2733 3081 3008 3138 benedicat
3035 3098 3134 3138 nos
3160 3083 3386 3150 Deus,et
3401 3091 3647 3142 metuant

2000 3191 2126 3230 eum
2151 3189 2333 3230 omnes
2361 3174 2496 3245 ﬁnes
2527 3179 2692 3229 terra:
2723 3171 2892 3244 (Psal.
2927 3188 3072 3239 LXVI,
3103 3169 3158 3244 8)
3183 3189 3196 3240 ;
3232 3175 3308 3239 et,
3339 3173 3423 3228 Ex
3451 3174 3565 3246 ipso
3593 3181 3646 3230 et

1998 3280 2099 3336 per
2127 3265 2307 3334 ipsum
2333 3270 2384 3318 et
2412 3263 2473 3318 in
2493 3263 2608 3333 ipso
2627 3268 2758 3317 sunt
2781 3261 2986 3329 omnia,
3021 3261 3132 3332 ipsi
3155 3260 3337 3329 gloria
3362 3262 3537 3332 (Rom.
3559 3279 3640 3332 x1,

229 3367 340 3407 nec
371 3348 538 3407 velut
566 3349 838 3422 partibus
869 3349 930 3404 in
963 3367 1147 3406 unum
1178 3351 1494 3422 conjuncta
1530 3357 1639 3420 est,
1673 3353 1773 3409 sed
1804 3357 1894 3408 est
1923 3339 1965 3407 (ἶ
1995 3354 2108 3422 36),
2141 3351 2425 3408 catholico
2453 3350 2670 3406 dicitur
2701 3365 2714 3404 :
2749 3349 3038 3405 Benedicta
3065 3351 3140 3406 sit
3161 3357 3351 3405 sancta
3384 3351 3640 3420 Trinitas",

228 3455 354 3496 una
383 3437 758 3512 simpliciter.
793 3441 1164 3512 Quaecunque
1194 3439 1376 3513 igitur
1403 3441 1472 3496 de
1501 3440 1698 3497 divina
1727 3441 1892 3498 subs-

226 3527 426 3586 tantia
451 3525 866 3602 praedicantur,
901 3545 970 3584 ea
989 3527 1180 3584 tribus
1210 3533 1436 3601 oportet
1463 3547 1592 3587 esse
1621 3547 1889 3587 commu-

227 3616 348 3675 nia.
385 3617 450 3674 Si
493 3616 749 3673 dicimus
799 3617 970 3672 Pater
1013 3617 1168 3674 Deus
1208 3622 1315 3685 est,
1348 3617 1530 3674 Filius
1577 3619 1732 3675 Deus
1779 3624 1886 3691 est,

227 3704 496 3779 Spiritus
528 3708 771 3762 sanctus
801 3705 956 3761 Deus
983 3710 1091 3773 est,
1117 3705 1306 3778 Pater,
1325 3705 1508 3763 Filius
1539 3725 1605 3763 ae
1635 3707 1888 3780 Spiritus

227 3797 482 3851 sanctus
511 3810 670 3850 unus
702 3793 944 3850 Deus.Si
979 3793 1159 3867 igitur
1187 3811 1388 3850 eorum
1418 3813 1538 3852 una
1558 3795 1890 3867 deitas,una

227 3881 574 3942 substantia
605 3885 714 3938 est.
749 3904 779 3933 »
807 3883 879 3938 Et
906 3881 966 3938 in
997 3883 1148 3939 libro
1177 3884 1249 3940 de
1278 3883 1563 3940 Trinitate
1599 3901 1614 3939 :
1661 3908 1688 3936 «
1724 3886 1886 3952 Quod

225 3973 404 4030 tertio
435 3970 728 4048 repetitur
755 3971 911 4028 Deus
942 3987 1077 4026 eum
1096 3971 1266 4028 Pater
1281 3975 1338 4028 et
1355 3972 1538 4028 Filius
1555 3977 1609 4029 et
1630 3973 1886 4046 Spiritus

226 4063 478 4120 sanctus
491 4064 890 4134 nuncupatur,
906 4064 1026 4117 tres
1042 4059 1298 4118 unitates
1311 4078 1425 4117 non
1447 4061 1666 4118 faciunt
1687 4061 1885 4136 plura-

226 4151 462 4208 litatem
494 4149 556 4206 in
587 4167 653 4207 eo
683 4150 840 4222 quod
872 4149 1012 4223 ipsis
1043 4154 1200 4218 sunt,
1216 4149 1273 4205 id
1305 4154 1396 4207 est
1424 4150 1482 4205 in
1517 4149 1886 4224 deitate,quaz

226 4245 448 4299 natura
477 4242 536 4296 et
564 4237 822 4296 essentia
849 4242 958 4304 est,
1004 4256 1132 4312 quas
1180 4239 1254 4295 ab
1305 4257 1372 4296 eo
1423 4241 1578 4312 quod
1628 4243 1718 4297 est
1757 4259 1887 4298 esse

225 4327 494 4388 essentia
521 4327 678 4384 dicta
705 4331 814 4384 est.
833 4350 862 4378 υ
893 4329 1018 4383 Non
1048 4327 1447 4400 igitur,inquit
1475 4328 1631 4384 idem
1654 4329 1886 4387 Boetius

224 4420 351 4489 (lib.
375 4417 447 4475 de
471 4417 734 4474 Trinitate
754 4425 878 4474 ante
897 4417 1087 4486 med.),
1115 4439 1142 4468 ‹‹
1165 4417 1214 4473 si
1253 4417 1322 4472 de
1363 4417 1528 4474 Patre
1570 4435 1636 4474 ae
1666 4417 1810 4474 Filio
1831 4423 1888 4475 et

225 4507 456 4582 Spiritu
491 4509 694 4563 saneto
720 4505 890 4562 tertio
921 4504 1270 4578 praedicatur
1299 4505 1474 4575 Deus,
1495 4505 1710 4562 ideirco
1733 4507 1888 4564 trina

225 4593 570 4670 praedicatio
601 4611 917 4651 numerum
938 4593 1225 4650 facit.Hoe
1249 4593 1406 4650 enim
1439 4594 1556 4650 illis
1577 4598 1643 4649 ut
1661 4595 1884 4651 dictum

225 4689 320 4744 est
343 4682 622 4741 imminet
647 4683 748 4756 qui
779 4682 931 4740 inter
959 4700 1058 4740 eos
1088 4682 1426 4739 distantiam
1457 4683 1682 4739 faciunt
1712 4684 1884 4740 meri-
1915 4713 1962 4778 Β

224 4778 463 4832 torum:
499 4771 805 4829 catholicis
833 4789 969 4828 vero
999 4771 1082 4828 ita
1109 4771 1501 4828 indifferentia
1530 4772 1886 4829 constituen-

227 4863 414 4932 tibus,
448 4863 766 4934 ipsamque
796 4861 1047 4916 formam
1078 4866 1144 4916 ut
1191 4866 1280 4917 est
1330 4878 1459 4918 esse
1507 4863 1880 4934 ponentibus,

227 4969 420 5026 neque
449 4951 614 5008 aliud
647 4967 776 5006 esse
807 4967 985 5022 quam
1015 4954 1105 5006 est
1125 4948 1314 5022 ipsam
1345 4952 1499 5022 quod
1531 4954 1620 5006 est
1648 4951 1886 5024 opinan-

227 5042 414 5112 tibus,
447 5042 606 5097 reete
635 5039 904 5112 repetitio
943 5039 1014 5094 de
1043 5039 1246 5095 eodem
1297 5057 1474 5112 quam
1523 5041 1884 5097 enumeratio

228 5129 444 5187 diversi
479 5128 713 5184 videtur
741 5145 890 5196 esse,
923 5144 1058 5184 eum
1089 5127 1307 5182 dicitur
1335 5127 1488 5184 Deus
1519 5128 1707 5196 Pater,
1731 5130 1884 5186 Deus

230 5218 438 5285 Filius,
465 5223 623 5274 Deus
654 5217 909 5289 Spiritus
940 5220 1180 5272 sanctus
1215 5233 1226 5272 :
1260 5220 1438 5289 atque
1474 5217 1595 5272 haec
1626 5217 1882 5274 Trinitas

229 5325 385 5366 unus
415 5309 598 5375 Deus,
623 5305 786 5362 velut
815 5305 994 5373 ensis,
1028 5323 1231 5362 mucro
1263 5310 1436 5378 atque
1463 5305 1884 5379 gladius,unus

228 5396 486 5471 gladius,
513 5393 676 5451 velut
707 5393 816 5460 sol,
845 5393 952 5462 sol,
988 5393 1095 5463 sol,
1129 5411 1284 5449 unus
1332 5393 1439 5450 sol.
1473 5395 1583 5450 Sed
1637 5395 1747 5451 hoc
1793 5396 1882 5451 in-

227 5485 401 5543 terim
432 5485 497 5542 in
520 5501 653 5541 eam
684 5483 908 5540 dictum
925 5483 1002 5539 sit
1017 5482 1503 5556 signiﬁcationem
1525 5483 1883 5542 demonstra-

229 5573 596 5647 tionemque,
629 5589 748 5646 qua
777 5571 1110 5636 ostenditur
1137 5589 1254 5628 non
1300 5588 1535 5628 omnem
1585 5572 1880 5630 unitatum

230 5664 638 5738 repetitionem
677 5679 992 5718 numerum
1031 5661 1546 5734 pluralitatemque
1585 5663 1877 5733 perﬁcere.

229 5751 358 5810 Non
367 5769 503 5812 vero
514 5752 602 5810 ita
611 5751 826 5808 dicitur
836 5751 1004 5808 Pater
1014 5767 1081 5808 ac
1095 5749 1276 5808 Filius
1287 5749 1605 5822 etSpiritus
1619 5755 1878 5821 sanctus,

1999 3449 2160 3514 atque
2205 3439 2449 3496 indivisa
2505 3441 2690 3495 unitas
2719 3457 2738 3493 :
2786 3438 3163 3510 conﬁtebimur
3212 3439 3287 3507 ei,
3336 3440 3470 3510 quia
3515 3440 3648 3511 feeit

1997 3529 2280 3586 nobiscum
2305 3526 2742 3584 misericordiam
2768 3543 2948 3582 suam.
2981 3527 3092 3583 Sed
3125 3543 3241 3582 non
3272 3523 3425 3582 sicut
3451 3527 3646 3584 catho-

1998 3616 2106 3672 liee
2136 3616 2370 3683 dicitur,
2404 3615 2711 3670 benedicta
2741 3615 2818 3670 sit
2848 3618 3051 3670 sancta
3077 3613 3352 3682 Trinitas,
3375 3613 3646 3672 videlicet

1998 3721 2404 3780 personarum,
2439 3708 2612 3775 atque
2637 3703 2884 3760 indivisa
2917 3702 3265 3775 unitas,quze
3294 3701 3644 3778 intelligitur

1997 3794 2205 3862 deitas,
2225 3810 2354 3865 quas
2386 3791 2690 3848 Trinitatis
2722 3795 2812 3848 est
2839 3791 3054 3859 unitas,
3071 3807 3187 3846 non
3219 3795 3412 3862 potest
3441 3791 3542 3860 ita,
3577 3797 3644 3848 ut

1997 3882 2413 3940 Gothesealeus
2443 3880 2964 3954 desipit,catholice
2992 3879 3104 3934 diei
3125 3879 3280 3934 trina
3299 3879 3640 3951 deitas,quzs

1997 3977 2063 4028 ut
2090 3969 2452 4043 Augustinus
2485 3969 2636 4025 sicut
2652 3968 3044 4041 prmmisimus
3066 3965 3536 4033 dieit,Trinitatis
3551 3972 3642 4024 est

1997 4061 2292 4128 unitas,de
2321 4076 2436 4132 qua
2464 4057 2606 4114 dicit
2631 4056 3033 4114 Ambrosiuszu
3066 4057 3154 4112 Tu
3185 4055 3492 4111 Trinitatis
3515 4055 3642 4112 uni-

1993 4151 2308 4212 tas.orbem
2332 4151 2595 4220 potenter
2615 4146 2712 4220 qui
2737 4145 2948 4218 regis;»
2966 4149 3024 4200 et
3035 4143 3390 4200 Athanasius
3412 4143 3472 4199 in
3491 4143 3640 4202 libro

1995 4245 2154 4296 sexto
2185 4239 2256 4294 de
2291 4239 2452 4293 Fide:
2471 4259 2498 4286 ι(
2530 4237 2704 4304 Deus,
2739 4235 2955 4308 inquit,
2975 4236 3160 4301 Pater,
3181 4235 3336 4290 Deus
3355 4237 3414 4290 et
3433 4233 3636 4304 Filius,

1995 4331 2150 4386 Deus
2181 4333 2238 4384 et
2264 4326 2517 4400 Spiritus
2548 4324 3002 4380 sanetus.Vides
3017 4323 3324 4379 Trinitatis
3354 4322 3637 4380 indicium

1992 4419 2052 4474 in
2085 4417 2275 4473 tribus
2306 4431 2434 4472 esse
2459 4413 2746 4488 personis,
2773 4417 2830 4468 et
2858 4417 2974 4468 tres
3001 4413 3108 4468 bas
3137 4429 3416 4484 personas
3446 4413 3640 4468 nomi-

1994 4507 2170 4562 nibus
2195 4509 2426 4561 tantum
2457 4520 2586 4559 esse
2615 4501 3080 4558 discretaszunde
3102 4517 3207 4556 nee
3229 4499 3425 4556 unitas
3450 4505 3638 4574 potest

1991 4595 2221 4652 ostendi
2253 4594 2378 4649 sine
2409 4591 2695 4664 personis,
2729 4607 2835 4646 nee
2874 4591 2962 4646 hae
2992 4607 3253 4664 personae
3302 4589 3430 4646 sine
3473 4591 3640 4648 unite

1995 4684 2230 4740 nomine
2260 4681 2549 4738 deitatis.»
2571 4681 2784 4746 Hoe,ut
2809 4679 3178 4754 Augustinus
3199 4678 3640 4761 dieit,animalis

1993 4775 2169 4830 homo
2201 4790 2317 4828 non
2348 4769 2616 4844 percipit,
2651 4770 2760 4827 hoc
2811 4769 3232 4826 Gothesealeus
3281 4769 3474 4824 videre
3523 4785 3638 4824 non

1991 4863 2164 4932 valet,
2188 4861 2326 4934 quia
2355 4859 2508 4916 sicut
2531 4859 2589 4914 in
2618 4859 2828 4915 litteris
2860 4859 3142 4914 divinitus
3173 4856 3476 4930 inspiratis
3505 4855 3640 4930 legi-

1996 4969 2150 5023 mus,
2183 4949 2404 5006 scilicet
2434 4951 2684 5021 quatuor
2712 4965 2840 5004 esse
2869 4946 3268 5020 arrogantium
3300 4943 3544 5016 species,
3577 4945 3636 5000 id

1993 5046 2082 5098 est
2105 5058 2242 5096 eum
2273 5039 2523 5112 quisque
2553 5055 2832 5110 arrogans
2863 5037 3017 5109 quod
3049 5036 3244 5102 habet,
3265 5037 3366 5088 aut
3395 5051 3429 5088 a
3457 5050 3518 5088 se
3539 5033 3637 5089 ha-

1993 5131 2258 5196 bere,aut
2287 5129 2398 5185 sibi
2425 5146 2528 5202 pro
2557 5127 2784 5183 meritis
2814 5127 2939 5182 suis
2969 5126 3170 5180 datum
3191 5124 3510 5194 computat,
3535 5127 3638 5178 aut

1993 5221 2146 5293 quod
2181 5237 2294 5275 non
2327 5219 2504 5274 habet
2550 5217 2762 5273 habere
2812 5233 2874 5270 se
2923 5213 3184 5281 simulat,
3218 5215 3320 5266 aut
3369 5211 3427 5266 id
3477 5213 3634 5284 quod

1993 5309 2168 5364 habet
2199 5306 2572 5380 singulariter
2601 5323 2716 5378 prae
2749 5303 2972 5360 caeteris
2991 5302 3100 5359 sibi
3133 5301 3349 5356 habere
3378 5304 3632 5374 arrogat.

1991 5397 2050 5453 in
2083 5399 2192 5453 isto
2215 5395 2521 5452 manifeste
2539 5393 2978 5448 videmus.Nam
2997 5391 3068 5446 de
3085 5391 3316 5446 duabus
3338 5387 3634 5462 prioribus

1991 5487 2389 5561 arrogantium
2421 5483 2724 5555 speciebus
2743 5481 2865 5554 ipse
2882 5480 3261 5546 viderit,duas
3283 5480 3634 5553 posteriores

1990 5578 2048 5632 in
2081 5594 2148 5632 eo
2181 5576 2361 5630 fuisse
2380 5577 2437 5629 et
2469 5572 2658 5628 adhue
2680 5570 3140 5642 permanere,qui
3167 5570 3334 5625 illum
3355 5570 3428 5626 ab
3449 5569 3636 5626 infan-

1990 5667 2074 5723 tia
2103 5665 2516 5738 cognoverunt,
2549 5663 2604 5715 et
2634 5660 2940 5716 manifeste
2965 5659 3352 5732 conspiciunt,
3385 5663 3443 5716 et
3471 5675 3635 5716 cons-

1975 5753 2423 5829 'pexerunt.Non
2446 5749 2601 5806 enim
2623 5753 2817 5822 potest
2846 5749 3228 5822 sustinere,ut
3257 5749 3458 5806 audiat
3473 5749 3631 5820 quod

1990 5843 2148 5900 illius
2179 5840 2376 5899 sensui
2411 5856 2527 5896 non
2556 5838 3086 5912 eoneordat,mu1to
3117 5839 3314 5898 minus
3347 5841 3540 5895 autem
3565 5840 3632 5896 ut
