4018 6498
247 438 376 498 5f45

1289 439 1390 498 DE
1436 439 1595 500 UNA
1639 439 1738 499 ET
1782 440 1940 500 NON
1984 441 2222 500 TRINA
2267 443 2658 504 DEITATE.‘

244 571 398 634 turdo
415 567 1148 642 divinitatianterrogatio.
1176 569 1323 635 Quid
1345 574 1436 626 est
1466 588 1583 628 una
1612 572 1910 630 Trinitas?
1938 574 1992 640 Α
2021 596 2047 623 ‹‹
2085 573 2360 630 Dicamus
2379 575 2601 648 aliquid
2635 577 2706 630 de
2735 576 3072 650 Scripturis,
3105 596 3228 634 non.
3249 578 3532 636 rationem
3565 597 3661 637 se-

247 659 566 730 Responsio.
593 657 803 730 Utique
827 659 967 730 quia
999 676 1114 714 una
1144 663 1232 714 est
1251 659 1306 713 in
1333 659 1460 731 ipsa
1481 659 1764 715 Trinitate
1795 661 1907 733 ple-

244 748 462 807 nitudo
512 747 884 803 divinitatis:
919 748 1000 802 ita
1047 752 1102 802 et
1152 748 1395 804 unitatis
1439 753 1658 804 natura;
1691 767 1903 804 nomen

243 836 445 894 uniter
476 835 538 890 in
572 837 858 894 Trinitate
889 837 1209 892 consistere
1231 837 1576 906 declaratur,
1610 843 1666 894 et
1687 838 1746 892 in
1779 838 1905 909 ipsa

240 924 510 980 Trinitas
539 942 703 996 teque
734 943 837 998 per
866 925 1102 999 singula
1124 926 1362 982 nomina
1383 944 1761 998 personarum
1786 945 1904 999 per-

238 1015 397 1070 fecte
429 1015 888 1071 demonstratur.
920 1038 950 1067 ››

315 1105 388 1160 Et
406 1109 650 1160 sanctus
671 1104 928 1160 Hilarius
952 1105 1009 1160 in
1033 1105 1371 1160 Commento
1406 1105 1663 1161 Matthaei
1681 1106 1906 1177 (canone

234 1194 333 1264 26)
359 1211 372 1250 :
400 1217 428 1243 ‹‹
456 1194 582 1253 Duo
600 1198 797 1251 autem
813 1198 952 1250 sunt
972 1195 1031 1248 in
1053 1194 1200 1250 lecto
1211 1197 1476 1251 eamdem
1498 1194 1788 1267 passionis
1802 1195 1906 1250 Do-

237 1283 478 1344 minicm
493 1283 754 1356 requiem
769 1284 1172 1356 prmdicantes,
1188 1285 1340 1339 circa
1357 1302 1532 1356 quam
1545 1289 1604 1339 et
1617 1285 1906 1340 haeretico-

235 1389 376 1430 rum
400 1377 458 1430 et
478 1371 903 1430 catholicorum
925 1373 1127 1428 eadem
1152 1377 1328 1444 atque
1351 1390 1467 1429 una
1483 1372 1768 1428 confessio
1791 1375 1900 1427 est.

235 1461 354 1518 Sed
369 1461 626 1533 quiauni
636 1465 811 1517 tatem
826 1460 1078 1517 Patriset
1090 1462 1190 1518 Fili
1202 1463 1214 1517 i
1227 1467 1302 1530 ,et
1314 1479 1686 1518 communem
1699 1479 1900 1516 eorum

234 1550 783 1622 thooteiam,quam
817 1551 1093 1608 deitatem
1126 1551 1901 1624 nuncupamus,eatholico-

234 1657 374 1699 rum
393 1641 611 1696 veritas
634 1640 992 1711 praedicabit,
1009 1645 1066 1696 et
1084 1642 1349 1698 eamdem
1373 1658 1607 1696 rursum
1629 1639 1902 1714 plurimis

236 1731 406 1788 483
426 1729 806 1788 contumeliis
835 1729 1238 1785 haereticorum
1263 1729 1488 1786 falsitas
1509 1730 1897 1801 impugnabit,

235 1817 465 1877 idcirco
485 1835 555 1873 ex
586 1818 818 1876 duobus
848 1818 905 1872 in
936 1818 1084 1874 lecto
1109 1818 1260 1874 alius
1293 1818 1644 1891 relinquitur
1671 1823 1729 1874 et
1751 1818 1902 1874 alius

234 1907 740 1980 assumitur,quia
757 1908 934 1964 ﬁdem
957 1908 1339 1964 confessionis
1365 1907 1671 1979 utriusque
1691 1908 1751 1962 in
1784 1925 1900 1962 uno

232 1997 606 2056 assumenda
635 2001 692 2054 et
723 1995 835 2052 alio
869 1996 1249 2068 relinquendo
1281 1996 1460 2052 divini
1501 1997 1722 2052 arbitrii
1745 1997 1903 2067 judi-

233 2085 892 2158 cium;comprobabit.»
916 2087 986 2142 Et
1005 2086 1348 2142 Ambrosius
1372 2086 1430 2140 in
1454 2085 1641 2157 primo
1660 2085 1807 2140 libro
1829 2086 1900 2140 de

234 2175 536 2248 Fide-(lib.
572 2192 610 2244 ι,
637 2191 686 2230 c.
723 2174 773 2245 1)
811 2191 822 2229 ;
858 2173 1203 2244 «Scriptum
1224 2179 1335 2241 est,
1358 2174 1501 2229 Audi
1520 2174 1900 2241 Isracl,Domi-

225 2283 336 2324 nus
355 2265 507 2322 Deus
537 2271 664 2322 tuus
692 2265 831 2321 Deus
860 2280 1004 2318 unus
1033 2271 1112 2318 est
1139 2263 1313 2335 (Deut.
1337 2281 1410 2332 Vl,
1443 2265 1517 2331 4).
1543 2264 1695 2318 Deus
1739 2263 1895 2317 enim

231 2360 291 2410 et
320 2354 618 2410 Dominus
650 2370 862 2409 nomen
893 2353 1362 2424 magniﬁcentiae,
1397 2369 1609 2415 nomen
1657 2355 1748 2407 est
1797 2369 1895 2423 po-

231 2442 665 2509 testatis,sicut
698 2441 824 2513 ipse
853 2441 994 2496 dicit
1027 2457 1040 2494 :
1076 2439 1359 2497 Dominus
1390 2441 1543 2496 Deus
1575 2457 1782 2496 nomen
1807 2445 1898 2496 est

231 2531 386 2590 mihi
415 2549 431 2588 :
456 2535 515 2586 et
535 2531 690 2587 sicut
720 2529 858 2586 alibi
880 2529 1163 2601 propheta
1205 2528 1430 2596 asserit,
1464 2531 1726 2585 Dominus
1755 2531 1894 2586 Deus

227 2622 580 2692 armipotens
605 2636 799 2676 nomen
827 2627 906 2674 est
931 2621 985 2675 ei
1014 2618 1204 2689 (Exod.
1235 2636 1329 2688 xv,
1350 2619 1426 2686 3).
1452 2617 1737 2673 Dominus
1759 2634 1895 2690 ergo

227 2716 286 2767 et
305 2707 601 2778 Deus,vel
634 2709 792 2780 quod
814 2707 1148 2764 dominetur
1168 2708 1464 2776 omnibus,
1484 2706 1568 2762 vel
1594 2707 1748 2778 quod
1771 2724 1896 2780 spe-

223 2804 343 2856 ctet
360 2798 590 2864 omnia,
604 2802 664 2852 et
690 2796 968 2852 timeatur
986 2814 1020 2851 a
1035 2796 1282 2852 cunctis.
1300 2796 1358 2851 Si
1386 2812 1522 2867 ergo
1545 2813 1696 2850 unus
1715 2797 1889 2864 Deus,

223 2906 422 2946 unum
455 2903 696 2954 nomen,
715 2903 833 2942 una
863 2889 1142 2957 potestas,
1167 2903 1285 2940 una
1307 2889 1396 2940 est
1418 2884 1698 2940 Trinitas.
1723 2885 1890 2939 Deni-

222 2995 338 3050 que
371 2976 559 3033 dicit:
593 2975 666 3035 Ite
688 2975 1018 3047 baptizantes
1049 2976 1108 3029 in
1137 2975 1357 3030 nomine
1385 2975 1566 3029 Patris
1597 2983 1647 3028 et
1682 2975 1815 3028 Filii
1841 2982 1894 3029 et

219 3069 479 3141 Spiritus
507 3067 683 3122 saecli
712 3063 916 3137 (Matth.
939 3081 1134 3130 xxvm,
1162 3063 1268 3133 19).
1293 3063 1355 3117 In
1388 3063 1624 3118 nomine
1664 3062 1886 3134 utique,

221 3174 341 3216 non
397 3155 462 3210 in
505 3152 876 3212 nominibus.
906 3153 1036 3226 Ipse
1084 3151 1260 3207 etiam
1309 3151 1468 3221 dicit,
1499 3153 1607 3222 Ego
1650 3159 1700 3207 et
1728 3153 1890 3207 Pater

222 3263 408 3302 unum
438 3260 632 3301 sumus
662 3244 842 3316 (Joan.
874 3259 932 3310 x,
954 3243 1065 3310 30).
1096 3243 1270 3297 Unum
1287 3239 1452 3306 dixit,
1467 3258 1539 3296 nc
1559 3242 1660 3296 fiat
1677 3239 1886 3296 discre-

2013 680 2163 732 qucn
2175 666 2387 731 tes,sed
2404 665 2806 721 auctoritatem
2823 666 3046 721 Domini
3063 667 3661 728 salvatoris.Christus

2014 751 2156 804 dicit
2185 768 2537 809 ascensurus
2585 755 2657 808 ad
2706 754 2902 825 cmlos,
2930 756 2999 809 ad
3051 756 3343 827 apostolos
3391 757 3655 830 loquens,

2013 839 2229 911 quibus
2261 842 2534 912 praedicat
2566 847 2627 897 ut
2649 843 2928 914 magister
2957 848 3014 898 et
3044 843 3346 900 Dominus.
3371 844 3550 902 Nemo
3574 848 3665 903 sic

2013 929 2173 983 novit
2202 930 2272 984 dc
2305 933 2511 985 natura
2542 949 2650 986 sua
2679 931 3196 1004 dicere,quomodo
3227 933 3352 1005 ipse
3384 934 3481 1005 qui
3505 935 3657 991 Deus
3685 973 3690 978 -

2013 1021 2121 1072 est.
2150 1018 2326 1094 Nobis
2361 1023 2554 1074 autem
2587 1020 2842 1075 sufficiat
2883 1019 3030 1075 scire
3074 1021 3146 1076 de
3191 1020 3473 1082 Trinitate
3502 1025 3690 1094 quod“

2013 1105 2296 1161 Dominus
2321 1123 2604 1179 exponere
2635 1109 2912 1180 dignatus
2935 1113 3042 1165 est.
3062 1109 3210 1174 Quid
3241 1126 3377 1184 ergo
3408 1111 3566 1166 dicit
3586 1112 3685 1167 ad:

2012 1195 2344 1267 apostolos?
2384 1198 2476 1267 Ite,
2531 1197 2794 1269 baptizata
2849 1215 3033 1254 omnes
3087 1207 3268 1268 gentes
3323 1201 3385 1255 in
3439 1202 3691 1257 nomine-

2010 1286 2197 1339 Patris
2223 1293 2275 1340 et
2316 1286 2449 1340 Filii
2486 1294 2536 1340 ct
2575 1286 2813 1358 Spiritus
2857 1289 3035 1342 sancti
3073 1287 3274 1359 (Matth.
3319 1305 3512 1356 xxvm,
3548 1290 3662 1358 19).Δ

2013 1371 2148 1426 Tria
2178 1373 2415 1428 nomina
2446 1374 2639 1442 audio,
2664 1379 2721 1429 ct
2770 1392 2954 1430 unum
3002 1376 3217 1431 dicitur
3263 1393 3496 1433 nomen.
3533 1377 3686 1432 Non.

2010 1460 2167 1514 enim
2181 1461 2326 1515 dixit
2346 1461 2406 1515 in
2430 1463 2898 1534 nominibus,sed
2921 1463 2977 1518 in
3003 1463 3401 1520 nomine.Tria
3421 1462 3690 1520 nomina.

2010 1549 2173 1614 dicit,
2205 1553 2262 1604 et
2293 1551 2584 1622 quomodo
2614 1569 2797 1606 unum
2833 1552 3015 1624 ponit,
3037 1553 3092 1608 in
3129 1550 3362 1609 nomine
3385 1553 3572 1609 Patris
3601 1558 3677 1608 eti

2012 1637 2138 1691 Filii
2171 1642 2228 1692 et
2258 1638 2512 1710 Spiritus
2559 1639 2783 1695 sancti?
2822 1641 3043 1705 Nomen
3100 1642 3288 1696 Patris
3326 1646 3400 1696 et.
3428 1641 3557 1697 Filii
3601 1645 3676 1696 et'

2011 1727 2264 1799 Spiritus
2287 1729 2471 1783 sancti
2496 1747 2678 1784 unum
2702 1731 2916 1796 est,sed
2941 1731 3246 1787 Trinitatis
3267 1736 3356 1787 est
3375 1733 3660 1790 484Ἡο-

2010 1832 2165 1870 men.
2191 1817 2352 1882 Quod
2385 1817 2600 1872 dicitur
2629 1818 2686 1872 in
2724 1819 2959 1874 nomine
2994 1819 3180 1875 Patris
3205 1819 3657 1891 Dei,in.nomine

2011 1904 2136 1959 Filii
2169 1905 2290 1973 Dei,
2323 1907 2380 1960 in
2415 1907 2650 1962 nomine
2679 1907 2931 1981 Spiritus
2953 1909 3140 1964 sancti
3157 1909 3280 1980 Dei,
3299 1909 3465 1966 Pater
3481 1909 3654 1968 εδει.
3689 1949 3694 1953 ι

2011 1992 2126 2050 lius
2142 1999 2196 2050 et
2220 1996 2473 2067 Spiritus
2495 2001 2735 2052 sanctus
2759 2014 2942 2052 unum
2965 2014 3176 2053 nomen
3198 2002 3289 2054 est
3308 1997 3651 2054 divinitatis.

2009 2084 2120 2138 Sed
2155 2083 2403 2155 requiris
2431 2102 2463 2139 a
2495 2102 2586 2140 me
2618 2087 2909 2157 quomodo
2936 2103 3052 2141 uno
3074 2087 3310 2142 nomine
3326 2091 3444 2142 tres
3464 2081 3658 2160 appet;

2008 2168 2224 2237 lantur,
2258 2173 2473 2240 nescio,
2505 2178 2560 2228 et
2589 2171 2768 2229 libere
2800 2191 2892 2229 me
2923 2174 3146 2230 nescire
3175 2176 3450 2248 profiteor
3498 2177 3654 2248 quod

2006 2260 2272 2316 Christus
2302 2261 2489 2317 noluit
2510 2261 2786 2319 indicare.
2811 2263 2927 2319 Hoc
2957 2263 3147 2320 solum
3171 2264 3314 2331 scio,
3341 2263 3480 2336 quia
3508 2269 3564 2319 et
3594 2265 3682 2321 in.

2006 2349 2114 2406 hoc
2145 2367 2276 2406 sum
2308 2351 2851 2424 Christianus,quia
2874 2371 3058 2408 unum
3082 2353 3266 2408 Deum
3286 2353 3343 2408 in
3372 2352 3656 2410 Trinitate

2005 2440 2300 2494 confiteor.
2337 2440 2395 2494 Si
2447 2445 2641 2495 autem
2694 2441 2913 2512 dixero,
2949 2459 3126 2496 unam
3177 2459 3488 2514 personam
3527 2460 3658 2499 esse

2005 2527 2191 2582 Patris
2211 2531 2267 2583 et
2291 2528 2416 2584 Filii
2439 2534 2496 2584 et
2516 2529 2770 2602 Spiritus
2792 2529 3380 2598 sancti,Sabellianus
3403 2529 3655 2604 appella-

2003 2617 2127 2683 bor,
2161 2621 2218 2672 et
2246 2617 2461 2689 incipio
2494 2636 2609 2673 non
2639 2635 2767 2674 esse
2815 2618 3201 2685 Christianus,
3238 2620 3341 2685 sed
3388 2619 3651 2675 Judaeus.

2003 2706 2150 2771 Quia
2168 2706 2408 2762 Judmus
2423 2726 2606 2763 unum
2620 2709 2803 2763 Deum
2822 2707 3048 2776 dicit,et
3062 2708 3202 2780 quia
3223 2709 3448 2765 Patrem
3466 2709 3652 2766 nescit

2001 2800 2057 2848 et
2077 2795 2284 2849 Filium
2303 2800 2360 2850 et
2381 2797 2664 2868 Spiritum
2683 2801 3288 2868 sanctum,propterea
3308 2798 3684 2871 mysterium.

2001 2900 2115 2938 non
2139 2888 2295 2939 tenet
2316 2884 2638 2940 Trinitatis.
2656 2887 2804 2956 Ergo
2828 2885 2876 2940 si
2899 2884 2984 2940 sic
3001 2886 3254 2941 dicimus
3268 2903 3452 2941 unum
3467 2887 3658 2943 Deum

2001 2976 2066 3026 ut
2080 2973 2303 3028 Patrem
2319 2978 2376 3028 et
2395 2974 2603 3028 Filium
2619 2978 2676 3028 et
2689 2974 2971 3045 Spiritum
2986 2978 3256 3030 sanctum
3271 2974 3682 3031 excludamus

1999 3078 2033 3116 a
2063 3062 2336 3134 mysterio
2367 3061 2696 3134 Trinitatis,
2737 3063 2922 3118 Judaei
2956 3062 3264 3118 efﬁcimus.
3297 3063 3444 3136 Ergo
3472 3053 3684 3120 libere‘

1997 3149 2146 3215 dico,
2165 3167 2276 3205 non
2296 3168 2363 3206 ex
2386 3168 2478 3206 me
2501 3152 2600 3207 sed
2625 3151 2914 3207 sententia
2934 3143 3285 3216 ‘Salvatoris,
3305 3151 3684 3207 scandalum--

1996 3239 2150 3309 quod
2167 3239 2222 3293 in
2236 3239 2431 3295 animo
2444 3239 2707 3294 nascitur
2717 3240 3453 3311 auditoris,quomodotres
3467 3255 3652 3296 unum

222 3314 697 3408 tiopotestatis:
721 3349 910 3388 sumus
941 3331 1186 3399 addidit,
1202 3335 1268 3386 ut
1299 3329 1528 3385 Patrem
1555 3329 1885 3401 Filiumque
1916 3314 1957 3381 C
1997 3327 2134 3393 sint,
2170 3330 2460 3400 quomodo
2493 3329 2659 3384 Pater
2687 3333 2745 3384 et
2788 3327 2968 3384 Filius
3010 3332 3067 3384 et
3112 3328 3367 3401 Spiritus
3415 3333 3652 3384 sanctus

225 3440 582 3498 cognoscas,
609 3423 761 3495 quod
793 3422 1085 3494 perfectus
1114 3420 1282 3476 Pater
1311 3419 1630 3492 perfectum
1681 3417 1891 3474 Filium
1932 3456 1935 3458 -

224 3514 526 3587 genuisse.
542 3513 833 3581 credatur,
855 3516 912 3566 et
934 3511 1100 3566 Pater
1120 3527 1186 3565 ac
1212 3508 1392 3564 Filius
1413 3526 1598 3564 unum
1621 3508 1758 3578 sint,
1775 3526 1892 3564 non

225 3619 632 3676 personarum.
671 3600 1032 3670 confusione,
1067 3600 1168 3655 sed
1225 3599 1447 3654 unitate
1488 3603 1731 3654 natura).
1765 3620 1793 3647 »
1825 3599 1894 3653 Et

223 3695 368 3750 item
391 3696 540 3764 (cap.
561 3691 620 3763 2)
651 3709 664 3748 :
695 3714 722 3741 ‹‹
749 3689 940 3746 Unum
971 3705 1106 3761 ergo
1125 3689 1330 3756 Deum,
1347 3704 1461 3742 non
1485 3689 1632 3743 duos
1651 3691 1750 3742 aut
1773 3693 1892 3743 tres

227 3781 768 3849 Deos.dicimus,ut
793 3780 976 3852 impia
997 3777 1343 3833 Arianorum
1364 3776 1602 3832 hzeresis
1625 3778 1765 3832 dum
1789 3775 1894 3832 cri-

230 3874 502 3928 minatur
522 3869 791 3926 incurrit.
814 3871 956 3925 Tres
986 3867 1142 3923 enim
1166 3868 1314 3923 Deos
1334 3866 1492 3933 dicit,
1508 3866 1606 3937 qui
1629 3865 1895 3921 divinita-

227 3967 348 4018 tem
369 3964 613 4033 separat
643 3958 966 4015 Trinitatis.
992 3980 1019 4008 »
1047 3958 1114 4011 Et
1131 3956 1493 4028 Augustinus
1511 3956 1568 4009 in
1592 3954 1738 4010 libro
1761 3971 1890 4010 conc

226 4055 319 4108 tra
351 4050 624 4123 quinque
673 4049 920 4103 haereses
951 4062 966 4100 :
1004 4067 1032 4097 ‹‹
1061 4045 1185 4113 Dic,
1219 4045 1419 4100 doctor
1468 4061 1655 4112 meus,
1691 4048 1890 4100 sancte

229 4140 431 4205 Paule,
453 4141 598 4195 doce
625 4137 804 4193 divini
846 4135 1208 4208 jurispcrite,
1236 4133 1437 4206 sponsi
1468 4133 1672 4189 amice.
1707 4133 1890 4189 Homo

229 4229 340 4285 iste
359 4228 539 4284 modo
564 4226 736 4291 venit,
754 4227 934 4281 mund
945 4242 1042 4279 um
1065 4223 1431 4290 subvertit,et
1447 4222 1581 4278 ﬁdei
1604 4222 1889 4278 unitatem

229 4318 474 4382 scindit,
491 4316 837 4372 Trinitatem
859 4313 1120 4369 dividit.»
1143 4315 1213 4368 Et
1234 4313 1371 4368 item
1397 4316 1527 4384 post
1548 4311 1850 4383 aliquanta
1872 4328 1885 4367 :

231 4430 260 4458 ‹‹
292 4407 570 4464 Diximus
599 4406 672 4460 de
694 4405 860 4460 Patre
879 4409 937 4458 et
959 4402 1099 4458 Filio
1123 4402 1277 4474 quod
1301 4400 1621 4473 potuimus,
1637 4405 1695 4456 et
1711 4417 1893 4472 quan-

229 4500 360 4558 tum
389 4493 720 4568 potuimus,
744 4493 794 4549 si
814 4498 1010 4549 tamen
1035 4491 1256 4562 aliquid
1287 4491 1460 4564 digne
1491 4490 1891 4562 potuimus,de

229 4584 456 4658 Spiritu
482 4588 689 4639 sancto
710 4583 1028 4652 tacuimus,
1048 4581 1147 4636 sed
1180 4597 1294 4635 non
1319 4596 1451 4634 cum
1469 4579 1886 4651 separavimus.

2003 3436 2116 3472 non
2141 3418 2478 3473 dividantur
2497 3418 2556 3473 in
2578 3417 3005 3485 divinitate,sed
3029 3418 3088 3473 in
3111 3435 3491 3490 personarum
3515 3435 3658 3490 qua-

2001 3506 2183 3562 litate.
2207 3507 2687 3580 Quandocunque
2705 3524 2986 3580 personas
3003 3506 3396 3581 appello,rogo
3415 3525 3516 3564 vos
3537 3525 3652 3563 non
3680 3535 3684 3544 ι

2003 3612 2096 3650 me
2128 3597 2407 3668 reputctis
2437 3613 2721 3668 personas
2752 3596 3060 3652 hominum
3086 3597 3428 3669 dicere.Ego
3451 3613 3654 3670 perso-

2001 3702 2108 3740 nas
2130 3684 2188 3739 in
2215 3685 2381 3740 Patre
2403 3691 2460 3740 et
2482 3684 2623 3740 Filio
2644 3689 2700 3740 et
2719 3685 2938 3756 Spiritu
2961 3689 3162 3741 sancto
3179 3701 3294 3740 non
3325 3676 3454 3741 dico
3483 3685 3652 3757 quasi

2002 3791 2279 3846 personas
2313 3773 2641 3829 hominum.
2668 3773 2855 3828 Patris
2887 3790 3198 3844 personam
3227 3773 3376 3844 dico,
3396 3774 3535 3845 quia
3555 3774 3661 3829 Pa.

2001 3867 2087 3917 ter
2116 3866 2296 3928 est,et
2328 3863 2454 3918 Filii
2500 3862 2639 3934 quia
2688 3861 2870 3917 Filius
2921 3865 3028 3927 est,
3061 3865 3120 3916 et
3163 3860 3414 3932 Spiritus
3463 3862 3677 3916 sancti.
3719 3875 3724 3877 '

2000 3953 2138 4024 quia
2168 3951 2419 4024 Spiritus
2450 3955 2689 4005 sanctus
2719 3955 2826 4005 est.
2845 3951 2971 4005 Non
3001 3953 3090 4005 est
3121 3950 3289 4005 Pater
3321 3949 3520 4018 Filius,
3545 3967 3651 4006 nec

2001 4041 2183 4098 Filius
2204 4041 2391 4109 Pater,
2415 4057 2518 4095 nec
2551 4039 2802 4112 Spiritus
2833 4043 3074 4094 sanctus
3106 4039 3273 4094 Pater
3301 4043 3402 4094 aut
3443 4039 3648 4095 Filius;

2000 4131 2346 4187 Dividuntur
2374 4130 2531 4185 enim
2563 4128 3035 4202 proprietatibus,
3069 4129 3170 4183 sed
3200 4133 3410 4184 natura
3429 4129 3660 4184 socian-

1999 4224 2112 4275 tur.
2141 4243 2169 4270 »
2192 4220 2333 4275 Item
2361 4219 2419 4274 in
2449 4219 2560 4274 alio
2593 4235 2860 4274 sermone
2889 4218 2961 4272 de
2994 4218 3130 4274 Fide
3162 4222 3365 4274 contra
3403 4217 3684 4274 Ariano'su

2000 4315 2056 4365 et
2085 4309 2477 4365 Sabellianos:
2508 4331 2534 4359 «
2556 4308 2670 4364 Nec
2691 4312 2781 4364 est
2799 4324 3041 4380 prorsus
3064 4306 3278 4379 aliquis
3294 4307 3351 4361 in
3367 4306 3666 4362 Trinitate-

1999 4400 2236 4473 gradus,
2257 4397 2402 4454 nihil
2425 4399 2578 4469 quod
2603 4397 2846 4452 inferius
2873 4394 3254 4468 specialiusve
3276 4395 3388 4451 dici
3420 4399 3646 4468 potest:

2000 4490 2081 4544 ita
2110 4493 2231 4542 tota
2259 4487 2446 4542 deitas
2478 4505 2586 4542 sua
2633 4475 2986 4558 perfectione
3033 4485 3274 4558 aequalis
3303 4488 3522 4554 est,—ut,
3555 4501 3650 4540 ex-

1999 4579 2182 4649 ceptis
2213 4575 2510 4632 vocabulis
2533 4593 2659 4647 qua:
2691 4574 3104 4648 proprietatem
3145 4591 3528 4646 personarum
3567 4573 3655 4629 in-

228 4673 532 4746 Quidquid
561 4671 722 4728 enim
749 4672 818 4727 de
840 4671 1007 4726 Patre
1035 4675 1092 4726 et
1131 4670 1274 4725 Filio
1295 4668 1573 4736 diximus,
1607 4668 1782 4724 etiam
1818 4669 1889 4724 de
1920 4687 1967 4751 Β
2000 4668 2216 4734 dicant,
2251 4665 2539 4738 quidquid
2562 4665 2632 4720 de
2664 4681 2782 4718 una
2813 4680 3062 4736 persona
3092 4662 3324 4730 dicitur,
3357 4663 3429 4718 de
3460 4663 3650 4718 tribu
3677 4683 3681 4688 τ

229 4764 468 4837 Spiritu.
489 4765 695 4819 sancto
717 4760 992 4816 dixi-mus.
1019 4761 1122 4815 Est
1139 4759 1294 4814 enim
1317 4758 1376 4814 in
1398 4758 1517 4814 illis
1539 4762 1749 4814 etcum
1774 4757 1892 4813 illis

230 4853 499 4927 (aqualis,
535 4870 690 4908 unus
722 4869 838 4907 non
886 4851 1078 4906 minor
1125 4854 1228 4905 aut
1274 4848 1478 4905 tertius
1528 4849 1701 4904 Deus.
1737 4847 1883 4914 Quid

230 4944 423 4999 adhuc
445 4942 984 5014 dicamfatigatus?
1007 4940 1114 5007 Qui
1138 4940 1422 5012 Spiritum
1445 4942 1712 4994 sanctum
1735 4955 1768 4992 a
1789 4938 1888 4993 Pa-

231 5038 317 5088 tre
337 5039 396 5088 et
427 5031 973 5100 Filio,.aeternitate,
1006 5035 1063 5086 et
1109 5031 1456 5100 substantia,
1487 5028 1573 5084 vel
1623 5045 1883 5082 commu-

235 5124 405 5180 nione
436 5128 691 5196 separat,
720 5127 780 5177 et
801 5121 901 5194 qui
935 5125 1107 5193 negat
1138 5119 1410 5193 spiritum
1441 5137 1568 5175 esse
1615 5119 1802 5174 Patris
1830 5122 1886 5173 et

234 5213 382 5281 Filii,
419 5213 632 5286 plenus
661 5217 751 5266 est
781 5211 990 5282 spiritu
1042 5211 1368 5276 immundo,
1401 5226 1622 5264 vacuus
1666 5207 1882 5279 Spiritu

234 5308 460 5359 sancto.
497 5303 633 5360 Ideo
657 5302 813 5357 enim
845 5301 999 5356 Deus
1028 5300 1245 5355 dicitur
1273 5299 1547 5367 charilas,
1583 5299 1723 5370 quia
1771 5314 1887 5352 non

233 5393 502 5463 partibus
530 5391 738 5446 dividit
766 5390 1071 5458 unitatem,
1097 5390 1194 5444 scd
1225 5387 1597 5442 ineffabiliter
1622 5385 1890 5458 coagulat

234 5482 579 5538 trinitatem.
598 5481 730 5552 Ipsa
758 5482 850 5535 est
877 5479 1035 5535 enim
1057 5478 1315 5534 Trinitas
1335 5495 1490 5532 unus
1520 5475 1888 5543 Deus,turris

235 5571 600 5634 fortitudinis
615 5587 654 5627 a
670 5570 816 5632 facie
835 5568 1080 5635 inimici,
1097 5568 1195 5640 qui
1217 5568 1518 5622 credentes
1541 5565 1599 5618 in
1619 5582 1682 5620 se
1700 5568 1890 5619 custo-

236 5660 324 5716 dit
362 5662 428 5717 in.
473 5657 1087 5719 saecula-saeculorum.
1111 5680 1141 5709 »
1170 5658 1239 5712 Et
1280 5657 1420 5712 item
1460 5655 1615 5710 idem
1647 5658 1888 5710 sanctus

236 5749 692 5829 Augustinus-in
724 5765 992 5808 sermone
1025 5750 1098 5806 de
1128 5748 1244 5806 ﬁde
1291 5751 1491 5806 contra
1537 5744 1843 5803 hereticos
1871 5761 1884 5803 :

2003 4755 2349 4829 dignissime
2399 4754 2586 4826 possit
2631 4752 2907 4826 intelligi;
2942 4756 3118 4824 atque
3159 4757 3228 4807 ut
3280 4753 3688 4807 conl'utantes

1993 4848 2196 4906 Arium
2227 4862 2406 4900 unam
2457 4844 2840 4915 eamdemque
2890 4841 3142 4897 dicimus
3189 4841 3490 4896 Trinitatis
3522 4855 3670 4896 esse-

1995 4937 2409 5004 substantiam,
2444 4939 2500 4990 et
2530 4951 2716 4991 unum
2764 4932 2825 4987 in
2872 4933 3062 4988 tribus
3102 4931 3367 5005 personis
3398 4931 3651 4985 fatemur

1994 5030 2177 5084 Deum
2210 5045 2222 5083 :
2255 5027 2337 5082 ita
2393 5026 2754 5097 impietatem
2811 5022 3047 5078 Sabellii
3109 5021 3488 5087 declinantes,
3528 5022 3646 5074 tres

1994 5135 2275 5190 personas
2308 5132 2612 5188 expressas
2644 5113 2733 5168 sui
2781 5113 3130 5185 proprietate
3175 5107 3596 5182 distinguimus
3627 5123 3642 5162 :

1995 5225 2108 5263 non
2145 5207 2337 5278 ipsum
2365 5205 2475 5260 sibi
2495 5205 2742 5267 Patrem,
2764 5201 2960 5274 ipsum
2988 5201 3223 5265 Filium,
3242 5200 3436 5271 ipsum
3459 5196 3646 5269 Spiri.

1999 5301 2122 5351 tum
2157 5298 2425 5351 sanctum
2447 5310 2573 5348 esse
2595 5293 2881 5358 dicentes;
2908 5291 3009 5347 sed
3033 5289 3206 5344 aliam
3243 5286 3448 5354 Patris,
3470 5286 3660 5342 aliam-

2000 5386 2146 5452 Filii,
2163 5384 2336 5438 aliam
2361 5382 2611 5454 Spiritus
2631 5380 2815 5436 sancti
2839 5397 2966 5434 esse
2983 5393 3313 5452 personam.
3341 5376 3466 5432 Non
3489 5375 3645 5431 enim

1997 5475 2236 5530 nomina
2254 5470 2790 5538 tantuinmodo,sed
2809 5469 2984 5523 etiam
3008 5466 3312 5523 nominum
3331 5465 3648 5539 proprieta-

1996 5563 2197 5631 tem,id
2224 5567 2310 5618 est
2331 5576 2610 5634 personas
2632 5559 2978 5614 confitemur
2999 5573 3142 5613 :-nec
3163 5556 3332 5612 Pater
3367 5554 3493 5612 Filii
3543 5558 3656 5610 aut-

1997 5653 2251 5727 Spiritus
2283 5650 2469 5707 sancti
2520 5665 2828 5721 personam
2873 5647 3186 5720 aliquando
3231 5644 3670 5713 excludit,'nec-

1997 5759 2203 5804 rursus
2234 5741 2414 5801 Filius
2463 5743 2565 5797 aut
2609 5737 2862 5815 Spiritus
2906 5741 3163 5796 sanctus.
3196 5735 3400 5796 Patris
3429 5749 3701 5795 nomen-2
