4018 6458
239 411 364 472 545

1278 413 1378 470 DE
1424 413 1583 474 UNA
1628 413 1728 472 ET
1771 414 1928 474 NON
1973 414 2211 474 TRINA
2257 417 2648 477 DEITATEI

3533 423 3678 483 διε

236 544 385 606 tudo
401 541 1136 614 divinitatianterrogatio.
1165 542 1312 609 Quid
1335 547 1424 599 est
1454 562 1572 601 una
1601 544 1898 602 Trinitas?
1925 549 1980 614 Α
2010 570 2036 596 ‹‹
2073 547 2348 604 Dicamus
2367 548 2591 621 aliquid
2624 551 2695 605 de
2725 549 3060 624 Scripturis,
3094 570 3216 608 non.
3239 553 3520 610 rationem
3553 571 3650 611 se-

239 633 554 704 Responsio.
581 631 792 702 Utique
815 632 955 704 quia
987 650 1103 688 una
1133 637 1220 687 est
1239 632 1295 686 in
1321 632 1449 705 ipsa
1470 633 1752 688 Trinitate
1784 634 1896 706 ple-

237 721 449 778 nitudo
501 720 872 776 divinitatis:
908 721 988 776 ita
1035 726 1091 776 et
1141 722 1384 777 unitatis
1428 726 1646 778 naturae
1680 740 1892 778 nomen

235 809 432 868 uniter
465 809 527 864 in
560 809 846 868 Trinitatc
877 811 1197 866 consistere
1219 811 1564 878 declaratur,
1599 817 1655 867 et
1677 811 1734 866 in
1768 811 1895 882 ipsa

231 898 498 954 Trinitas
527 915 691 970 aeque
722 915 824 971 per
855 899 1090 972 singula
1112 900 1351 956 nomina
1371 917 1749 972 personarum
1774 918 1893 972 per-

231 989 320 1046 fec
331 993 384 1044 te
415 989 875 1044 demonstratur.
909 1012 938 1040 »

303 1079 374 1133 Et
393 1083 638 1133 sanctus
659 1077 917 1134 Hilarius
940 1079 998 1134 in
1021 1079 1360 1134 Commento
1393 1078 1652 1134 Matthaei
1670 1079 1895 1152 (canone

225 1169 320 1238 26)
345 1185 359 1224 :
387 1190 415 1218 ‹‹
444 1167 570 1226 Duo
587 1172 786 1224 autem
801 1172 940 1223 sunt
960 1168 1019 1223 in
1042 1167 1188 1223 lecto
1200 1170 1463 1224 eamdem
1488 1167 1777 1241 passionis
1791 1169 1894 1224 Do-

229 1256 465 1318 minicae
480 1256 742 1329 requiem
757 1257 1162 1330 praedicantes,
1177 1258 1329 1312 circa
1346 1275 1520 1329 quam
1535 1261 1592 1312 et
1606 1257 1895 1314 hazrctico-

227 1363 363 1402 rum
386 1350 446 1403 et
466 1345 890 1403 catholicorum
913 1347 1116 1401 eadem
1141 1351 1317 1418 atque
1339 1364 1455 1402 una
1471 1346 1757 1402 confessio
1779 1350 1889 1400 est.

225 1435 341 1492 Sed
355 1434 502 1507 quia
514 1436 798 1490 unitatem
814 1434 1066 1490 Patriset
1079 1435 1202 1491 Filii
1215 1441 1290 1504 ,et
1303 1453 1674 1491 communem
1688 1453 1822 1490 eoru
1834 1452 1889 1490 m

225 1524 770 1595 thooteiam,quam
805 1525 1081 1582 deitatem
1115 1525 1890 1598 nuncupamus,catholico—

225 1631 360 1672 rum
380 1615 599 1670 veritas
621 1613 979 1685 praedicabit,
997 1618 1054 1670 et
1072 1616 1338 1670 eamdem
1361 1632 1594 1670 rursum
1618 1613 1890 1688 plurimis

227 1704 394 1762 483
414 1702 794 1760 contumeliis
823 1702 1225 1759 hazrcticorum
1251 1703 1477 1759 falsitas
1499 1704 1886 1775 impugnabit,

226 1791 452 1850 idcirco
473 1808 544 1847 ex
573 1791 806 1849 duobus
836 1791 893 1846 in
924 1791 1073 1847 lecto
1098 1791 1250 1848 alius
1281 1791 1633 1864 relinquitur
1660 1796 1718 1848 et
1738 1791 1890 1847 alius

225 1880 728 1953 assumitur,quia
745 1881 922 1937 ﬁdem
945 1881 1327 1938 confessionis
1354 1880 1659 1952 utriusque
1680 1881 1740 1936 in
1773 1898 1889 1936 uno
1917 1920 1964 1984 Β

223 1971 593 2028 assumenda
622 1975 680 2028 et
711 1969 823 2026 alio
857 1970 1238 2042 relinquendo
1269 1970 1448 2025 divini
1488 1970 1710 2026 arbitrii
1733 1971 1890 2041 judi-

224 2058 880 2132 ciumcomprobabit.»
903 2061 974 2115 Et
993 2059 1338 2115 Ambrosius
1360 2059 1418 2113 in
1442 2059 1629 2131 primo
1649 2059 1796 2114 libro
1817 2060 1888 2115 de

226 2148 524 2220 Fide-(lib.
560 2165 598 2218 ι,
624 2164 673 2203 c.
711 2148 762 2219 1)
798 2164 810 2202 :
847 2168 873 2197 «
897 2147 1190 2218 Scriptum
1213 2152 1323 2215 est,
1347 2147 1489 2202 Audi
1508 2148 1888 2215 Isracl,D0mi-

216 2256 324 2297 nus
343 2239 495 2295 Deus
524 2245 652 2294 tuus
680 2238 819 2292 Deus
849 2253 992 2292 unus
1021 2245 1099 2292 est
1127 2237 1301 2308 (Deut.
1326 2255 1398 2306 vn,
1432 2239 1505 2305 4).
1532 2237 1683 2291 Deus
1727 2237 1884 2291 enim

222 2333 279 2384 et
307 2328 606 2384 Dominus
637 2343 850 2382 nomen
882 2326 1350 2398 magnificentiae,
1385 2343 1598 2388 nomen
1645 2330 1736 2380 est
1785 2343 1884 2396 po-

222 2415 653 2482 testatis,sicut
685 2415 812 2487 ipse
841 2414 982 2470 dicit
1015 2430 1028 2468 :
1065 2413 1348 2470 Dominus
1378 2415 1532 2469 Deus
1563 2431 1770 2469 nomen
1795 2419 1886 2470 est

223 2505 373 2564 mihi
405 2508 502 2562 :et
523 2505 678 2561 sicut
707 2502 846 2560 alibi
868 2503 1152 2575 propheta
1193 2502 1419 2570 asserit,
1453 2504 1714 2558 Dominus
1744 2505 1883 2559 Deus

217 2595 568 2666 omnipotens
592 2609 788 2650 nomen
815 2600 894 2648 est
919 2594 974 2648 ei
1002 2591 1193 2663 (Exod.
1224 2610 1317 2661 xv,
1338 2593 1414 2660 3).
1440 2591 1725 2647 Dominus
1747 2608 1883 2664 ergo

217 2689 274 2740 et
293 2681 588 2750 Deus,vel
622 2683 778 2753 quod
802 2681 1136 2738 dominetur
1157 2681 1453 2750 omnibus,
1472 2681 1558 2736 vel
1582 2681 1736 2752 quod
1760 2697 1884 2753 spe-

214 2778 332 2830 ctet
349 2771 577 2838 omnia,
592 2775 651 2826 et
678 2770 956 2826 timeatur
975 2787 1008 2825 a
1023 2771 1271 2826 cunctis.
1288 2770 1345 2825 Si
1375 2786 1510 2842 ergo
1532 2787 1684 2824 unus
1703 2770 1877 2837 Deus,

214 2879 410 2920 unum
443 2877 684 2927 nomen,
703 2877 821 2915 una
852 2863 1130 2930 potestas,
1156 2876 1274 2914 una
1295 2863 1385 2914 est
1406 2858 1686 2914 Trinitas.
1713 2859 1878 2913 Deni-

213 2968 326 3024 que
359 2950 546 3007 dicit:
580 2949 655 3006 Ite
676 2949 1006 3020 baptizantes
1039 2949 1097 3003 in
1125 2949 1345 3003 nomine
1372 2949 1555 3002 Patris
1585 2956 1635 3002 et
1671 2948 1804 3002 Filii
1830 2956 1882 3002 et

211 3041 467 3114 Spiritus
494 3040 671 3095 saecli
699 3037 904 3110 (Matth.
927 3055 1122 3103 xxvm,
1151 3037 1256 3108 19).
1280 3037 1343 3091 In
1376 3036 1612 3091 nomine
1652 3036 1876 3108 utique,

211 3147 330 3188 non
386 3128 449 3184 in
502 3126 864 3184 nominibus.
895 3126 1024 3199 Ipse
1072 3125 1248 3181 etiam
1297 3124 1456 3194 dicit,
1487 3126 1595 3197 Ego
1638 3133 1688 3181 et
1716 3127 1878 3181 Pater

212 3237 397 3276 unum
426 3235 620 3275 sumus
650 3217 830 3290 (Joan.
863 3233 920 3284 x,
942 3217 1053 3284 30).
1084 3216 1257 3271 Unum
1275 3213 1440 3279 dixit,
1455 3231 1526 3270 ne
1547 3213 1875 3270 fiatdiscre-

2003 639 2376 706 quentes,sed
2392 639 2795 694 auctoritatem
2811 639 3034 695 Domini
3051 641 3649 702 salvatoris.Christus

2003 725 2144 778 dicit
2174 742 2526 782 ascensurus
2574 729 2644 781 ad
2695 727 2891 799 emlos,
2919 729 2987 783 ad
3040 730 3332 801 apostolos
3379 731 3644 803 loquens,

2001 813 2218 884 quibus
2250 816 2522 886 praedicat
2555 821 2616 870 ut
2638 817 2918 889 magister
2947 821 3003 872 et
3033 817 3335 874 Dominus.
3360 820 3539 876 Nemo
3563 821 3652 878 sie

2002 902 2161 957 novit
2191 903 2260 957 de
2293 908 2500 959 natura
2531 923 2638 960 sua
2667 905 3186 978 dicere,quomodo
3216 907 3341 979 ipse
3373 909 3470 979 qui
3494 908 3646 965 Deus
3675 947 3678 952 -

2002 995 2110 1046 est.
2139 991 2316 1066 Nobis
2349 997 2542 1048 autem
2576 994 2831 1049 sufficiat
2871 994 3020 1049 seire
3063 995 3134 1050 de
3179 994 3462 1054 Trinitate
3491 999 3680 1069 quod'

2001 1079 2286 1135 Dominus
2311 1098 2592 1153 exponere
2623 1083 2900 1155 dignatus
2923 1087 3031 1138 est.
3051 1083 3199 1148 Quid
3229 1100 3366 1158 ergo
3396 1085 3538 1140 dicit
3574 1085 3670 1141 ad:

2001 1169 2332 1241 apostolos?
2373 1171 2466 1240 Ite,
2520 1171 2783 1243 baptizata
2839 1189 3022 1228 omnes
3075 1181 3257 1242 gentes
3312 1175 3374 1229 in
3428 1176 3680 1230 nomine

1999 1260 2184 1312 Patris
2212 1267 2263 1314 et
2305 1260 2437 1314 Filii
2475 1267 2524 1314 ct
2563 1260 2802 1332 Spiritus
2847 1263 3024 1317 sancti
3062 1261 3262 1333 (Matth.
3307 1279 3501 1330 xxvm,
3537 1265 3650 1332 19):

2001 1345 2138 1400 Tria
2166 1347 2404 1402 nomina
2435 1347 2628 1416 audio,
2653 1353 2710 1403 et
2759 1365 2943 1404 unum
2991 1349 3206 1405 dicitur
3253 1367 3486 1408 nomen.
3521 1351 3645 1406 Non

1999 1435 2315 1488 enimdixit
2335 1435 2394 1488 in
2419 1437 2886 1507 nominibus,sed
2910 1437 2966 1493 in
2991 1437 3390 1494 nomine.Tria
3409 1439 3650 1495 nomina

1999 1522 2162 1588 dicit,
2194 1527 2251 1578 et
2281 1525 2572 1596 quomodo
2603 1543 2786 1580 unum
2822 1527 3003 1598 ponit,
3024 1527 3081 1582 in
3118 1526 3350 1584 nomine
3373 1527 3560 1583 Patris
3589 1533 3664 1583 et'

2002 1611 2126 1665 Filii
2159 1616 2215 1666 et
2247 1612 2502 1684 Spiritus
2547 1614 2772 1669 sancti?
2811 1615 3032 1670 Nomen
3088 1615 3276 1670 Patris
3315 1620 3388 1670 et.
3416 1615 3545 1671 Filii
3589 1619 3664 1672 et'

1999 1701 2253 1773 Spiritus
2275 1703 2459 1757 sancti
2485 1721 2667 1758 unum
2691 1705 2905 1770 est,sed
2929 1705 3234 1762 Trinitatis
3256 1710 3344 1761 est
3362 1707 3516 1764 484
3532 1715 3648 1762 ἠοο

1999 1805 2153 1844 men.
2179 1791 2341 1856 Quod
2374 1791 2589 1846 dicitur
2619 1793 2674 1846 in
2712 1793 2947 1848 nomine
2982 1793 3168 1850 Patris
3193 1793 3645 1866 Dei,in.uomine

1998 1877 2124 1934 Filii
2158 1879 2278 1946 Dei,
2312 1881 2369 1935 in
2404 1881 2638 1937 nomine
2667 1881 2920 1955 Spiritus
2943 1882 3127 1938 sancti
3146 1883 3268 1954 Dei,
3288 1883 3453 1940 Pater
3469 1884 3642 1942 et-Ft-
3677 1917 3680 1927 ι

1998 1966 2114 2024 lius
2130 1973 2184 2024 et
2209 1969 2461 2041 Spiritus
2484 1975 2723 2026 sanctus
2747 1987 2930 2026 unum
2953 1988 3164 2027 nomen
3187 1977 3277 2028 est
3296 1971 3638 2029 divinitatis.

1997 2057 2108 2112 Sed
2143 2057 2391 2128 requiris
2418 2075 2451 2113 a
2483 2076 2574 2114 me
2606 2060 2897 2130 quomodo
2924 2077 3041 2114 uno
3063 2061 3298 2116 nomine
3315 2065 3433 2117 tres
3453 2055 3664 2134 appel-J.

1996 2142 2212 2211 lantur,
2246 2147 2461 2212 nescio,
2493 2152 2548 2202 et
2577 2145 2756 2203 libere
2789 2164 2880 2203 me
2911 2149 3135 2204 nescire
3164 2150 3439 2222 profiteor
3485 2151 3642 2222 quod

1995 2234 2260 2290 Christus
2291 2235 2477 2290 noluit
2499 2235 2774 2292 indicare.
2799 2237 2915 2293 Hoc
2946 2237 3136 2293 solum
3160 2238 3303 2305 scio,
3329 2237 3469 2310 quia
3495 2243 3553 2293 et
3583 2239 3642 2295 in
3667 2291 3670 2294 .

1995 2323 2102 2378 hoc
2133 2342 2264 2379 sum
2297 2325 2839 2398 Christianus,quia
2863 2344 3047 2382 unum
3070 2327 3254 2382 Deum
3274 2327 3332 2382 in
3360 2327 3644 2384 Trinitate

1993 2414 2289 2468 confiteor.
2325 2413 2382 2469 Si
2435 2419 2628 2469 autem
2683 2415 2902 2486 dixero,
2937 2433 3115 2471 unam
3166 2433 3476 2489 personam
3515 2434 3644 2472 esse

1994 2501 2180 2556 Patris
2199 2506 2255 2557 et
2279 2502 2404 2557 Filii
2427 2508 2485 2558 et
2505 2502 2758 2576 Spiritus
2781 2503 3368 2572 saneti,Sabellianus
3391 2503 3643 2578 appella-

1993 2590 2115 2658 bor,
2149 2595 2206 2645 et
2234 2591 2450 2663 incipio
2483 2610 2597 2647 non
2628 2609 2755 2648 esse
2803 2592 3196 2660 Christianus,
3226 2595 3329 2649 sed
3377 2594 3639 2649 Judzeus.

1991 2680 2138 2745 Quia
2157 2680 2396 2736 Judmus
2411 2699 2594 2736 unum
2609 2683 2792 2737 Deum
2811 2681 3036 2751 dicit,et
3051 2682 3189 2754 quia
3211 2683 3438 2739 Patrem
3454 2683 3640 2740 nescit

1989 2773 2045 2822 et
2065 2769 2272 2823 Filium
2291 2775 2348 2824 et
2369 2770 2652 2842 Spiritum
2671 2776 3276 2842 sanctum,propterea
3296 2772 3673 2844 mysterium.

1989 2874 2103 2911 non
2128 2862 2283 2912 tenet
2304 2858 2626 2914 Trinitatis.
2645 2861 2792 2930 Ergo
2817 2859 2864 2914 si
2887 2858 2972 2914 sic
2989 2859 3242 2915 dicimus
3257 2877 3440 2915 unum
3455 2861 3640 2917 Deum

1988 2950 2053 3000 ut
2069 2947 2291 3001 Patrem
2307 2951 2364 3002 et
2383 2947 2590 3003 Filium
2606 2952 2664 3002 et
2677 2948 2959 3018 Spiritum
2974 2952 3244 3004 sanctum
3259 2947 3640 3005 excludamus
3667 2983 3670 2986 -

1987 3052 2021 3090 a
2051 3036 2324 3107 mysterio
2355 3035 2684 3108 Trinitatis,
2725 3037 2910 3091 Judazi
2944 3036 3252 3092 efficimus.
3285 3037 3432 3110 Ergo
3461 3037 3672 3094 libers~

1985 3122 2134 3188 dico,
2153 3141 2265 3178 non
2283 3141 2350 3179 ex
2374 3142 2466 3180 me
2489 3126 2588 3181 sed
2613 3125 2902 3181 sententia
2921 3124 3272 3189 'Salvatoris,
3292 3125 3671 3181 scandalum--

1985 3213 2138 3283 quod
2155 3213 2210 3266 in
2224 3213 2419 3268 animo
2433 3213 2695 3268 nascitur
2705 3214 3312 3286 auditoris,quomodo
3324 3217 3441 3269 tres
3455 3230 3638 3270 unum

213 3310 296 3364 tio
329 3289 685 3382 potestatis:
708 3323 898 3362 sumus
929 3305 1173 3373 addidit,
1190 3309 1256 3360 ut
1287 3303 1516 3359 Patrem
1543 3302 1873 3375 Filiumque
1904 3289 1945 3355 C
1985 3301 2122 3367 sint,
2158 3303 2448 3373 quomodo
2482 3303 2647 3358 Pater
2675 3307 2733 3358 et
2775 3301 2956 3360 Filius
2998 3306 3054 3358 et
3100 3302 3355 3374 Spiritus
3402 3307 3641 3358 sanctus

215 3413 569 3471 cognoscas,
596 3397 749 3468 quod
781 3395 1073 3468 perfectus
1103 3394 1270 3449 Pater
1299 3393 1618 3466 perfectum
1669 3391 1880 3448 Filium

213 3487 514 3560 genuisse.
529 3487 821 3554 credatur,
844 3489 901 3540 et
922 3485 1089 3540 Pater
1108 3500 1174 3539 ac
1200 3483 1379 3538 Filius
1402 3500 1586 3538 unum
1609 3481 1747 3551 sint,
1764 3499 1879 3538 non

215 3593 616 3649 personarum
658 3574 1020 3644 confusione,
1055 3573 1156 3628 sed
1213 3573 1436 3628 unitate
1477 3578 1718 3628 naturae.
1754 3594 1781 3621 »
1812 3573 1882 3627 Et

214 3668 357 3725 item
379 3670 528 3737 (cap.
548 3665 608 3736 2)
639 3683 652 3721 :
683 3687 710 3714 «
737 3663 930 3719 Unum
959 3679 1094 3735 ergo
1113 3662 1318 3730 Deum,
1335 3678 1450 3716 non
1473 3662 1620 3717 duos
1639 3666 1738 3716 aut
1762 3667 1880 3718 tres

216 3757 370 3814 Deos
394 3754 756 3821 dicimus,ut
782 3753 965 3826 impia
985 3751 1332 3807 Arianorum
1353 3750 1590 3806 haeresis
1613 3752 1752 3806 dum
1777 3750 1882 3806 cri-

219 3848 490 3903 minatur
510 3843 778 3900 incurrit.
802 3845 945 3899 Tres
974 3841 1130 3897 enim
1153 3841 1302 3896 Deos
1323 3840 1480 3906 dicit,
1497 3839 1595 3911 qui
1617 3839 1882 3896 divinita-

217 3941 336 3993 tem
357 3938 601 4007 separat
631 3931 954 3989 Trinitatis.
979 3954 1008 3982 »
1035 3932 1102 3986 Et
1119 3929 1481 4002 Augustinus
1500 3929 1556 3983 in
1579 3928 1726 3983 libro
1749 3945 1878 3983 con-

216 4030 306 4082 tra
338 4023 611 4096 quinque
660 4023 907 4077 haereses
939 4036 954 4074 :
992 4042 1020 4070 «
1050 4019 1174 4087 Dic,
1207 4019 1407 4074 doctor
1457 4034 1643 4087 meus,
1679 4022 1878 4073 sancte

219 4114 420 4180 Paule,
441 4114 586 4168 doce
613 4111 793 4167 divini
833 4109 1196 4182 jurisperite,
1224 4107 1424 4180 sponsi
1455 4107 1660 4163 amice.
1695 4108 1877 4163 Homo

218 4203 327 4259 iste
347 4202 527 4258 modo
551 4200 724 4266 venit,
741 4201 1030 4255 mundum
1053 4197 1420 4264 subvertit,et
1436 4197 1569 4252 fidei
1593 4196 1878 4252 unitatem

218 4292 461 4356 scindit,
477 4290 824 4346 Trinitatem
848 4287 1108 4343 dividit.»
1132 4289 1202 4342 Et
1222 4287 1359 4341 item
1383 4290 1514 4358 post
1536 4285 1838 4358 aliquanta
1861 4302 1874 4341 :

220 4405 247 4432 ‹‹
280 4381 558 4438 Diximus
587 4379 660 4434 de
683 4379 847 4434 Patre
867 4382 925 4432 et
946 4376 1087 4432 Filio
1111 4377 1265 4448 quod
1289 4375 1609 4447 potuimus,
1625 4379 1683 4430 et
1699 4391 1880 4446 quan-

220 4475 346 4527 tum
374 4468 708 4542 potuimus,
731 4465 1243 4537 sitamen-aliquid
1275 4465 1448 4537 digne
1480 4464 1879 4537 potuimus,de

218 4559 442 4632 Spiritu
471 4562 677 4614 saneto
697 4557 1016 4626 tacuimus,
1036 4555 1135 4610 sed
1167 4572 1282 4609 non
1307 4570 1438 4608 eum
1457 4553 1874 4625 separavimus.

1991 3409 2104 3446 non
2129 3391 2466 3448 dividantur
2485 3392 2544 3447 in
2566 3391 2993 3459 divinitate,sed
3017 3392 3076 3447 in
3098 3409 3479 3464 personarum
3503 3409 3646 3464 qua-

1989 3480 2171 3536 litate.
2195 3481 2676 3554 Quandoeunque
2693 3499 2974 3554 personas
2991 3481 3384 3555 appello,rogo
3403 3499 3504 3538 vos
3525 3499 3640 3538 non
3668 3509 3673 3518 ι

1991 3586 2084 3624 me
2116 3570 2395 3642 reputetis
2425 3587 2710 3642 personas
2741 3570 3049 3626 hominum
3075 3571 3416 3643 dicere.Ego
3438 3588 3642 3644 perso-

1989 3675 2096 3714 nas
2118 3658 2177 3713 in
2204 3659 2369 3714 Patre
2391 3665 2448 3714 et
2470 3658 2611 3714 Filio
2633 3663 2689 3714 et
2707 3659 2926 3730 Spiritu
2949 3663 3150 3716 sancto
3167 3675 3282 3714 non
3313 3651 3442 3715 di-CO
3470 3660 3640 3731 quasi

1990 3765 2268 3820 personas
2301 3747 2630 3803 hominum.
2657 3747 2844 3802 Patris
2875 3764 3186 3818 personam
3215 3746 3364 3818 dico,
3384 3747 3523 3819 quia
3544 3748 3648 3803 Pa.

1989 3841 2075 3891 ter
2104 3841 2284 3902 est,et
2318 3836 2442 3891 Filii
2489 3836 2627 3908 quia
2677 3835 2858 3891 Filius
2908 3839 3016 3902 est,
3049 3839 3108 3890 et
3151 3834 3402 3907 Spiritus
3451 3836 3638 3890 sancti

1988 3926 2126 3998 quia
2157 3925 2407 3998 Spiritus
2439 3929 2677 3980 sanctus
2707 3929 2814 3980 est.
2834 3925 2959 3979 Non
2989 3927 3078 3980 est
3109 3925 3276 3979 Pater
3309 3923 3508 3991 Filius,
3533 3941 3639 3979 nec

1989 4015 2171 4071 Filius
2193 4015 2379 4083 Pater,
2403 4031 2505 4070 nec
2539 4014 2790 4086 Spiritus
2821 4018 3062 4068 sanctus
3095 4013 3261 4068 Pater
3289 4017 3390 4068 aut
3430 4013 3634 4070 Filius.

1988 4105 2334 4160 Dividuntur
2362 4105 2519 4159 enim
2550 4102 3023 4176 proprietatibus,
3058 4103 3157 4157 sed
3188 4107 3397 4158 natura
3416 4103 3648 4158 sociari-

1986 4198 2100 4249 tur.
2129 4217 2156 4244 »
2181 4194 2320 4249 Item
2349 4193 2407 4248 in
2437 4192 2549 4248 alio
2581 4208 2847 4248 sermone
2877 4192 2948 4246 de
2982 4191 3118 4248 Fide
3150 4196 3352 4248 contra
3391 4191 3637 4248 Arianos

1987 4289 2043 4339 et
2074 4283 2465 4339 Sabellianos:
2495 4306 2522 4332 «
2545 4282 2658 4337 Nec
2679 4286 2769 4338 est
2788 4299 3029 4354 prorsus
3052 4280 3264 4353 aliquis
3282 4281 3339 4335 in
3354 4280 3638 4337 Trinitate

1987 4375 2224 4447 gradus,
2245 4372 2389 4427 nihil
2412 4373 2565 4443 quod
2591 4371 2834 4426 inferius
2861 4369 3241 4442 specialiusve
3263 4370 3376 4426 dici
3409 4373 3634 4442 potest:

1987 4463 2069 4518 ita
2098 4467 2219 4517 tota
2247 4461 2434 4517 dcitas
2466 4479 2573 4516 sua
2620 4449 2974 4532 perfectione
3022 4458 3262 4531 aequalis
3291 4464 3406 4528 est,
3424 4463 3510 4528 ut,
3543 4476 3638 4515 ex-

1987 4553 2170 4623 ceptis
2201 4549 2498 4606 vocabulis
2521 4567 2647 4622 quae
2679 4548 3092 4622 proprietatem
3134 4565 3516 4621 personarum
3556 4548 3642 4604 in-

217 4648 520 4721 Quidquid
547 4645 710 4703 enim
736 4647 806 4702 de
830 4646 995 4700 Patre
1023 4650 1080 4700 et
1119 4644 1262 4699 Filio
1283 4643 1561 4709 diximus,
1595 4643 1770 4698 etiam
1806 4643 1878 4698 de
1909 4661 1955 4726 D
1988 4643 2205 4708 dicant,
2239 4639 2528 4712 quidquid
2550 4639 2620 4694 de
2652 4656 2770 4694 una
2802 4655 3050 4711 persona
3081 4637 3313 4705 dicitur,
3345 4638 3417 4693 de
3448 4637 3638 4693 tribus

218 4738 443 4811 Spiritu
475 4739 682 4792 saneto
705 4734 980 4790 diximus.
1007 4735 1109 4789 Est
1127 4733 1282 4788 enim
1305 4733 1364 4788 in
1386 4733 1504 4788 illis
1527 4737 1584 4787 et
1605 4749 1738 4788 cum
1762 4731 1880 4788 illis

219 4827 486 4901 aqualis,
523 4844 678 4882 unus
709 4843 825 4882 non
874 4825 1066 4880 minor
1113 4829 1215 4880 aut
1263 4823 1466 4879 tertius
1515 4823 1690 4878 Deus.
1726 4821 1872 4887 Quid

219 4919 408 4973 adhuc
431 4915 973 4988 dicamfatigatus?
995 4915 1101 4981 Qui
1126 4914 1410 4985 Spiritum
1433 4915 1700 4968 sanctum
1723 4929 1756 4966 a
1777 4912 1876 4966 Pa-

220 5011 302 5062 tre
323 5013 381 5063 et
414 5005 586 5073 Filio,
620 5007 961 5072 azternitatc,
994 5010 1051 5059 ct
1097 5004 1444 5074 substantia,
1474 5002 1560 5057 vel
1610 5018 1871 5056 commu-

223 5097 390 5154 nione
423 5101 679 5170 separat,
708 5100 768 5151 et
789 5095 890 5167 qui
924 5099 1095 5167 negat
1125 5093 1397 5166 spiritum
1429 5111 1555 5149 esse
1603 5093 1788 5148 Patris
1818 5095 1875 5147 et

222 5187 368 5255 Filii,
406 5186 619 5259 plenus
650 5191 739 5240 est
769 5185 978 5256 spiritu
1031 5184 1356 5249 immundo,
1390 5200 1609 5238 vacuus
1654 5181 1870 5253 Spiritu

222 5283 447 5333 sancto.
484 5277 621 5334 Ideo
645 5276 801 5330 enim
833 5275 987 5330 Deus
1016 5274 1233 5329 dicitur
1261 5273 1535 5340 charilas,
1571 5273 1710 5344 quia
1760 5289 1874 5326 non

221 5367 488 5438 partibus
518 5365 726 5420 dividit
754 5364 1059 5432 unitatem,
1085 5365 1182 5418 sed
1213 5361 1585 5417 ineffabiliter
1609 5359 1878 5432 coagulat

222 5457 567 5513 trinitatem.
585 5455 718 5526 Ipsa
746 5456 838 5510 est
863 5453 1023 5510 enim
1045 5452 1302 5508 Trinitas
1322 5469 1477 5506 unus
1508 5451 1679 5517 Deus,
1697 5449 1876 5504 turris

222 5545 587 5608 fortitudinis
603 5562 642 5601 a
657 5544 804 5606 faeie
823 5542 1069 5609 inimici,
1085 5542 1182 5614 qui
1205 5542 1505 5597 credentes
1528 5539 1586 5592 in
1608 5556 1669 5593 se
1688 5543 1878 5593 custo-

223 5635 310 5691 dit
348 5637 410 5692 in
459 5633 678 5692 saecula
707 5632 1075 5690 saeculorum.
1100 5655 1128 5683 »
1158 5631 1227 5686 Et
1269 5631 1408 5685 item
1449 5629 1603 5684 idem
1635 5631 1876 5684 sanctus

223 5723 680 5803 Augustinus-in
711 5739 980 5782 sermone
1013 5724 1086 5780 de
1117 5722 1231 5780 fide
1279 5724 1479 5780 contra
1525 5717 1872 5778 haereticos:

1991 4730 2337 4803 dignissime
2387 4728 2574 4800 possit
2619 4727 2894 4801 intelligi;
2931 4732 3106 4800 atque
3148 4732 3214 4782 ut
3268 4727 3642 4782 confutantes

1981 4821 2184 4880 Arium
2217 4836 2394 4874 unam
2445 4818 2829 4889 eamdemque
2879 4816 3130 4872 dicimus
3177 4815 3477 4871 Trinitatis
3509 4829 3636 4869 esse

1983 4911 2397 4979 substantiam,
2432 4913 2488 4964 et
2519 4925 2704 4965 unum
2753 4907 2812 4961 in
2862 4907 3050 4962 tribus
3090 4905 3354 4979 personis
3386 4903 3638 4958 fatemur

1983 5004 2165 5058 Deum
2198 5019 2209 5057 :
2242 5001 2325 5056 ita
2382 5000 2742 5071 impietatem
2799 4996 3033 5052 Sabellii
3097 4995 3474 5058 declinantes,
3515 4995 3632 5046 tres

1982 5109 2263 5164 personas
2296 5106 2599 5162 expressas
2631 5087 2720 5142 sui
2769 5087 3118 5158 proprietate
3162 5079 3582 5153 distinguimus
3613 5097 3630 5136 ς

1982 5200 2096 5238 non
2135 5181 2325 5252 ipsum
2353 5178 2463 5234 sibi
2483 5179 2729 5240 Patrem,
2752 5174 2948 5247 ipsum
2976 5173 3210 5238 Filium,
3230 5173 3423 5243 ipsum
3445 5169 3632 5242 Spiri~

1987 5277 2111 5325 tum
2145 5273 2411 5325 sanetum
2435 5283 2561 5321 esse
2583 5266 2868 5332 dicentes;
2896 5263 2997 5319 sed
3019 5261 3192 5317 aliam
3230 5258 3434 5328 Patris,
3457 5259 3661 5315 aliam‘

1989 5360 2134 5427 Filii,
2151 5359 2323 5413 aliam
2349 5355 2599 5428 Spiritus
2619 5353 2803 5409 sancti
2827 5369 2952 5407 esse
2970 5366 3300 5424 personam.
3328 5349 3452 5406 Non
3475 5349 3632 5405 enim

1985 5450 2223 5504 nomina
2243 5443 2778 5510 tantummodo,sed
2797 5442 2971 5496 etiam
2995 5439 3299 5495 nominum
3319 5439 3634 5512 proprieta-

1982 5538 2185 5605 tem,id
2212 5541 2298 5592 est
2319 5550 2598 5607 personas
2619 5532 2966 5587 confitemur
2987 5547 3129 5586 :nee
3150 5529 3319 5586 Pater
3354 5528 3480 5586 Filii
3530 5532 3643 5584 aut

1985 5628 2238 5700 Spiritus
2271 5623 2456 5680 sancti
2508 5638 2814 5694 personam
2861 5620 3174 5692 aliquando
3218 5619 3502 5687 excludit,
3525 5633 3630 5674 nec

1984 5733 2191 5777 rursus
2222 5714 2402 5774 Filius
2451 5715 2552 5770 aut
2596 5710 2849 5787 Spiritus
2895 5715 3137 5770 sanctus
3184 5709 3388 5770 Patris
3416 5723 3649 5768 nomen-
