4018 6444
465 362 583 424 547

1395 325 1782 435 HINCMAPI
1831 376 2278 441 RHEMENSIS
2321 383 2938 453 ARCHIEPISCOPI.

3715 410 3815 473 548

463 509 890 567 personamque
919 497 1141 570 recipit,
1165 499 1274 555 Sed
1295 501 1462 557 Pater
1481 519 1712 577 semper
1728 505 2104 572 Pater,Filius
2131 512 2183 577 Α
2215 507 2466 584 ἱιη’ρ1θηε
2497 523 2903 590 personas,sed
2925 524 2985 580 in
3008 542 3357 603 unaquaque
3373 533 3618 593 existens
3636 537 3820 610 plenis-

463 597 691 610 ﬁnmnn—
737 583 915 610 1.1:”---
971 586 1223 610 ρυλε-ει---
1282 606 1374 610 --μ
1397 595 1479 610 γιη
1851 595 1886 610 ιι.
1938 597 1948 607 .
1989 597 2021 610 ι,
2251 599 2261 609 .
2460 606 2467 610 .

461 597 691 654 semper
737 583 937 651 Filius,
971 586 1226 658 Spiritus
1279 595 1518 647 sanctus
1575 609 1806 665 semper
1851 595 2102 668 Spiritus

458 674 718 726 sanctus.
753 673 956 746 Itaque
988 676 1318 734 substantia
1346 696 1530 735 unum
1564 686 1720 750 sunt,
1755 685 2018 756 personis
2035 705 2101 742 ac

455 757 794 814 nominibus
827 761 1288 834 distinguuntur.
1316 789 1344 815 ››
1376 768 1444 822 Et
1474 769 1612 824 item
1645 776 1883 828 sanctus
1911 775 2100 846 Augu-

453 843 648 902 stinus
678 845 739 902 in
767 845 914 904 libro
945 849 1134 920 primo
1166 853 1306 925 (cap.
1334 855 1386 926 4)
1415 856 1486 911 de
1537 857 1820 914 Trinitate
1853 877 1866 916 :
1901 883 1928 911 ‹‹
1963 843 2095 917 0m-

450 948 556 990 nes
585 951 734 1006 quos
761 935 949 1008 legere
978 939 1160 1010 potui,
1191 941 1291 1014 qui
1321 948 1457 999 ante
1487 961 1578 1000 me
1623 946 1985 1020 scripserunt
2025 951 2097 1006 de

451 1023 754 1090 Trinitate,
793 1042 919 1097 quae
951 1031 1040 1083 est
1075 1033 1246 1098 Deus,
1279 1031 1608 1090 divinorum
1638 1034 1921 1092 librorum
1950 1044 2097 1095 vete-

449 1127 580 1166 rum
605 1115 662 1166 et
689 1130 970 1184 novorum
1001 1117 1272 1199 catholici
1308 1124 1795 1189 tractatores,hoc
1831 1125 2092 1184 intende-

447 1205 586 1255 runt
633 1204 956 1259 secundum
1005 1206 1336 1279 Scripturas
1380 1211 1604 1280 docere,
1641 1215 1795 1285 quod
1843 1215 2010 1271 Pater
2037 1222 2096 1272 et

446 1287 627 1344 Filius
657 1296 713 1346 et
743 1291 996 1363 Spiritus
1027 1299 1266 1352 sanctus
1315 1299 1492 1356 unius
1540 1301 1922 1376 ejusdemque
1951 1305 2090 1360 sub-

443 1378 1084 1453 stantize,inseparabili
1117 1385 1446 1458 aequalitate
1495 1389 1750 1448 divinam
1788 1392 2090 1450 insinuent

441 1467 760 1536 unitatem;
784 1469 1030 1542 ideoque
1051 1490 1165 1528 non
1189 1474 1310 1530 sint
1329 1479 1447 1532 tres
1477 1477 1577 1546 dii,
1595 1480 1694 1534 sed
1727 1498 1880 1536 unus
1910 1482 2085 1555 Deus,

440 1557 708 1626 quamvis
734 1557 903 1615 Pater
923 1561 1132 1617 Filium
1153 1565 1438 1634 genuerit,
1453 1571 1509 1621 et
1525 1567 1654 1623 ideo
1674 1569 1856 1626 Filius
1875 1587 1988 1626 non
2009 1573 2087 1628 sit

437 1643 537 1715 qui
563 1645 729 1701 Pater
746 1652 852 1712 est,
876 1648 1055 1704 Filius
1077 1667 1111 1705 a
1143 1651 1310 1707 Patre
1331 1653 1408 1708 sit
1430 1656 1582 1712 485
1603 1657 1856 1729 genitus,
1871 1663 1930 1716 et
1955 1659 2084 1716 ideo

435 1750 550 1788 non
600 1733 677 1788 sit
716 1735 883 1790 Pater
923 1737 1020 1808 qui
1075 1739 1257 1795 Filius
1284 1746 1392 1814 est,
1427 1744 1680 1816 Spiritus
1711 1751 1954 1803 sanctus
1977 1766 2082 1805 nec

434 1821 602 1877 Pater
631 1823 732 1890 sit,
763 1841 868 1879 nec
901 1825 1101 1895 Filius,
1125 1829 1226 1884 sed
1259 1834 1488 1888 tantum
1525 1833 1710 1890 Patris
1739 1841 1797 1892 et
1821 1837 1947 1892 Filii
1971 1839 2083 1910 spi-

431 1909 600 1976 ritus,
622 1909 770 1966 Patri
795 1916 851 1967 et
883 1913 1024 1969 Filio
1055 1915 1230 1972 etiam
1255 1917 1378 1990 ipse
1408 1922 1814 1994 cozequalis,et
1845 1925 1916 1980 ad
1950 1909 2082 1981 Tri-

427 1996 627 2052 nitatis
658 1999 956 2070 pertinens
989 2003 1297 2060 unitatem.
1328 2029 1356 2057 »

496 2086 568 2140 Et
589 2091 826 2144 sanctus
857 2089 1222 2161 Sophronius
1247 2094 1305 2149 in
1338 2097 1623 2153 catholica
1667 2117 1777 2156 sua
1802 2101 2078 2173 epistola,

427 2190 604 2244 quam
637 2180 800 2231 sexta
827 2179 1084 2250 synodus
1105 2180 1323 2253 (synodi
1341 2201 1396 2239 vx
1427 2194 1530 2242 act.
1566 2189 1652 2258 11)
1673 2189 1744 2243 ad
1782 2190 2079 2246 catholica:

427 2261 560 2316 ﬁdei
610 2264 1113 2322 conﬁrmationem
1175 2271 1490 2340 produxit:
1527 2299 1556 2324 ‹‹
1593 2276 1728 2343 Nos,
1781 2278 2076 2352 inquiens,

425 2366 609 2404 unum
637 2352 989 2424 principium
1015 2357 1190 2412 unius
1212 2360 1482 2417 novimus
1505 2363 1950 2436 deitatis,unum
1975 2369 2079 2425 im-

422 2439 677 2510 perium,
711 2458 889 2497 unam
939 2449 1309 2524 potestatem,
1344 2467 1522 2506 unam
1568 2453 1858 2524 virtutem,
1895 2474 2072 2514 unam

421 2529 840 2602 operationem,
873 2549 1058 2588 unum
1091 2522 1427 2606 consilium,
1461 2557 1640 2597 unam
1687 2543 2068 2616 voluntatem,

420 2631 601 2672 unam
633 2618 1116 2695 dominationem,
1151 2642 1338 2682 unum
1371 2633 1616 2698 motum,
1651 2637 1771 2688 tam
1803 2635 2068 2692 omnium

419 2719 546 2775 quae
577 2711 709 2778 post
741 2724 868 2764 eam
901 2715 1040 2767 sunt
1069 2714 1428 2785 creatricem,
1449 2735 1742 2794 quamque
1767 2723 2065 2794 providam

417 2795 474 2848 et
503 2795 894 2854 stabilientem
925 2804 1098 2874 atque
1129 2807 1633 2876 conservatricem,
1663 2827 1842 2867 unam
1873 2814 2066 2871 domi-

415 2883 921 2951 nationem,unam
936 2891 1546 2968 sempiternitatem,et
1566 2915 1810 2972 quaeque
1823 2907 1964 2958 sunt
1984 2909 2066 2960 ta-

409 2969 490 3026 lia
518 2971 842 3046 singularia
877 2982 934 3033 et
963 2978 1353 3053 incomposita
1387 2985 1563 3042 unius
1584 2969 1856 3044 essentia;
1886 2996 2062 3064 atque

411 3064 630 3118 natura:
661 3063 719 3120 in
751 3065 938 3123 tribus
969 3070 1374 3140 personalibus
1412 3075 1839 3148 subsistentiis:
1871 3098 2059 3154 neque

409 3149 823 3210 subsistentias
847 3158 1292 3229 confundentes,
1317 3166 1388 3217 et‘
1411 3163 1467 3218 in
1492 3181 1671 3220 unam
1695 3183 1794 3224 eas
1832 3170 2056 3227 subsis-

410 3238 654 3294 tentiam
677 3241 1244 3319 deducentes,neque
1259 3251 1525 3306 eamdem
1551 3271 1729 3310 unam
1743 3259 2057 3316 essentiam
2089 3254 2131 3320 C

410 3327 748 3398 partientes,
767 3335 826 3386 et
856 3331 915 3386 in
951 3331 1067 3390 tres
1089 3352 1214 3391 eam
1248 3341 1532 3396 essentias
1573 3343 2062 3418 discerpentes,et

409 3431 588 3470 unam
633 3433 702 3472 ex
748 3417 857 3475 hoc
906 3421 1232 3481 dividentes
1279 3427 1574 3486 deitatem.
1609 3432 1720 3488 Sed
1769 3417 1858 3490 est
1904 3453 2058 3495 unus

407 3501 584 3572 Deus,
605 3521 724 3562 una
752 3507 1036 3578 deitas,in
1067 3512 1257 3570 tribus
1292 3517 1694 3576 subsistentiis
1724 3521 1980 3596 fulgens,
2002 3527 2060 3582 et

405 3594 526 3648 tres
557 3594 948 3654 subsistentia;
980 3604 1037 3656 et
1065 3617 1327 3673 personae
1361 3605 1420 3661 in
1459 3605 1673 3664 deitate
1693 3594 2056 3686 una‘cogno-

403 3685 671 3738 scuntur.
707 3683 1013 3758 Propterea
1043 3691 1334 3762 perfectus
1377 3693 1530 3751 Deus
1577 3702 1665 3752 est
1705 3698 1889 3768 Pater,
1912 3683 2052 3775 per-

402 3769 589 3827 fectus
623 3777 768 3829 Deus
790 3779 879 3830 est
910 3776 1112 3846 Filius,
1149 3782 1438 3852 perfectus
1463 3784 1616 3842 Deus
1664 3793 1753 3842 est
1799 3769 2051 3862 Spiritus

399 3863 658 3931 sanctus,
693 3861 908 3921 idcirco
959 3868 1114 3938 quod
1169 3887 1346 3926 unam
1393 3875 1778 3948 eamdemque
1817 3861 2051 3954 singula

397 3963 642 4022 qumque
655 3967 904 4022 persona
921 3954 1390 4028 inseparabilem,
1417 3961 1855 4037 indiminutam,
1872 3975 2048 4042 atque

395 4037 709 4108 perfectam
747 4039 921 4097 habet
951 4044 1333 4103 deitatem.Et
1354 4051 1524 4121 juxta
1554 4055 1710 4123 quod
1732 4055 1886 4112 Deus
1915 4037 2045 4131 qui-

394 4123 528 4180 dem
542 4125 912 4198 est,idipsum
934 4131 1130 4187 existit
1148 4138 1777 4211 unumquodque,dum
1799 4147 2043 4205 seorsim

393 4212 818 4284 consideratur,
839 4215 967 4288 ipsa
985 4219 1368 4294 intelligentia
1389 4228 1544 4298 quod
1569 4246 1683 4284 non
1707 4236 1796 4287 est
1815 4251 2043 4307 separa-

392 4299 508 4357 bile
527 4308 935 4374 separante,ut
965 4307 1132 4365 Pater
1167 4315 1361 4368 tamen
1395 4319 1452 4370 et
1493 4317 1674 4374 Filius
1704 4325 1761 4375 et
1788 4299 2040 4395 Spiritus

391 4393 652 4460 sanctus,
667 4390 850 4462 aliud,
879 4399 936 4451 et
953 4395 1130 4464 aliud,
1155 4404 1212 4455 et
1241 4400 1399 4458 aliud
1430 4403 1718 4463 dicantur.
1737 4410 1804 4465 Et
1822 4390 2038 4471 idcirco

389 4475 579 4534 haece
609 4479 708 4535 Dei
730 4484 1042 4556 capacibus
1066 4488 1456 4558 praedicantur
1485 4493 1659 4566 Deus,
1685 4503 1743 4553 et
1772 4500 1948 4572 Deus,
1979 4509 2038 4561 et

387 4564 565 4638 Deus,
597 4569 698 4624 sed
733 4587 887 4628 unus
917 4577 1008 4628 est
1037 4574 1156 4631 haec
1187 4577 1300 4634 tria
1327 4581 1500 4638 Deus.
1532 4564 1657 4641 Non
1687 4587 1841 4644 enim
1881 4591 2034 4650 alius

385 4761 516 4800 rum
538 4749 688 4803 Deus
719 4748 1409 4829 Spiritus'sanetus,quia
1430 4777 1535 4816 nec
1565 4761 1681 4819 alia
1710 4771 1920 4826 natura
1948 4768 2037 4828 eet

385 4832 692 4907 Pater,nec
723 4837 838 4893 alia
866 4844 1077 4898 natura
1105 4848 1194 4899 est
1227 4845 1428 4914 Filius,
1445 4866 1630 4922 neque
1661 4853 1778 4913 alia
1821 4855 2032 4918 iterum

385 4927 593 4980 natura
621 4931 712 4981 est
731 4926 986 5000 Spiritus
1009 4937 1268 4989 sanctus.
1293 4935 1409 4992 Hoc
1439 4939 1595 4996 enim
1617 4943 1796 4999 etiam
1815 4947 2031 5006 multos

383 5014 556 5084 atque
583 5013 847 5073 diversos
878 5017 1026 5075 Deos
1049 5022 1401 5097 ofticinatur,
1417 5027 1747 5104 multasque
1767 5039 1824 5090 et
1841 5037 2030 5095 varias

381 5108 620 5170 generat
647 5104 930 5175 deitates;
965 5110 1066 5166 sed
1099 5110 1254 5168 Deus
1283 5114 1523 5186 quldem
1555 5123 1643 5175 est
1665 5121 1850 5193 Pater,
1875 5126 2028 5184 Deus

380 5203 513 5244 vero
544 5197 633 5247 est
666 5193 866 5264 Filius,
899 5196 1172 5255 similiter
1201 5206 1258 5256 et
1294 5207 1444 5260 Deus
1472 5211 1560 5261 est
1591 5209 1843 5281 Spiritus
1873 5231 2036 5273 sanc-

381 5278 534 5344 ctus,
565 5295 632 5334 eo
665 5285 822 5353 quod
854 5285 1113 5344 indivisaa
1161 5295 1219 5346 et
1273 5278 1652 5352 indiminutzew
1667 5300 1882 5358 easdem
1913 5309 2032 5363 tres

379 5380 642 5436 persona;
673 5387 792 5427 una
821 5374 1179 5448 impleantur
1209 5380 1441 5450 deitate,
1474 5388 1530 5440 et
1575 5385 1634 5441 in
1680 5406 2030 5466 unaquaque

379 5469 582 5511 earum
617 5457 885 5520 funditus
904 5470 1024 5522 tota
1040 5473 1148 5524 est.
1164 5469 1308 5526 Nam
1332 5471 1518 5530 deitas
1538 5457 1879 5536 divisionem
1910 5457 2026 5542 non

379 5543 649 5616 sustinet,
668 5553 729 5604 et
751 5550 810 5606 in
842 5553 1031 5610 tribus
1062 5557 1206 5630 ipsis
1253 5561 1518 5633 personis
1548 5563 1813 5636 plenifice
1853 5575 2026 5645 atque

376 5633 628 5715 perfecte
653 5642 760 5712 est,
777 5657 892 5699 non
924 5645 1294 5720 partibiliter,
1325 5649 1444 5710 sive
1484 5633 1567 5711 exi
1591 5661 1756 5730 parte
1787 5633 2022 5724 easdem

2215 599 2388 672 sima,
2419 606 2476 657 et
2505 623 2623 661 una
2662 625 3032 680 permanens,
3066 599 3200 670 licet
3247 617 3305 672 in
3353 619 3538 676 tribus
3582 630 3816 696 personis

2211 695 2663 752 monstrctur.et
2689 698 2761 752 ad
2785 699 3026 757 deorum
3051 705 3486 765 multitudinem
3516 695 3814 787 excurrens,

2207 775 2342 834 licet
2369 779 2427 834 in
2459 783 2648 839 tribus
2679 786 2756 842 sit
2785 789 3202 863 subsistentiis,
3236 801 3300 851 ut
3329 814 3444 854 non
3493 775 3813 875 corporalem

2208 869 2525 938 quamdam
2557 874 2844 932 sustineat
2863 879 3335 956 sectionem,quze
3351 892 3503 945 certe
3522 869 3607 947 est
3626 892 3814 968 impas-

2207 953 2393 1012 sibilis
2423 961 2479 1014 et
2508 959 2867 1036 incorporea,
2882 971 2939 1022 et
2965 969 3086 1040 pati
3119 953 3384 1032 nesciens
3415 993 3536 1050 quae
3571 953 3815 1042 creatura

2203 1049 2344 1100 sunt
2368 1049 2623 1121 propria.
2658 1074 2686 1102 »

2273 1135 2403 1190 Haec
2428 1136 2680 1209 Spiritus
2709 1148 2952 1203 sanctus
2997 1164 3100 1221 per
3123 1142 3358 1210 sanctos
3408 1154 3546 1213 dicit
3588 1159 3812 1219 Athana-

2202 1223 2378 1293 sium,
2406 1225 2690 1323 ililarium
2721 1237 2779 1288 et
2805 1225 3200 1310 Ambrosium,
3223 1245 3402 1316 atque
3419 1246 3808 1323 Augustinum;

2199 1316 2256 1368 et
2287 1313 2526 1386 spiritus
2545 1317 2889 1380 immundus
2905 1326 3135 1384 exhalat
3163 1347 3266 1404 per
3297 1313 3807 1398 immundissimum

2198 1400 2646 1463 Gothescalcum
2697 1410 2898 1469 dicens
2933 1431 2945 1470 :
2984 1437 3012 1467 ‹‹
3045 1400 3208 1474 Sicut
3255 1438 3717 1500 unamquamque
3753 1445 3811 1486 ex

2197 1489 2480 1550 Trinitate
2509 1511 2890 1567 personarum
2924 1504 3195 1580 quisquis
3224 1489 3546 1571 catholicus
3575 1489 3740 1573 credit
3763 1525 3811 1575 et

2194 1580 2524 1678 confitetur,
2559 1585 2872 1678 integrum,
2927 1593 3190 1666 plenum,
3238 1599 3560 1672 perfectum
3604 1605 3809 1678 penitus

2197 1669 2377 1724 Deum
2402 1687 2414 1725 :
2442 1671 2526 1728 sic
2557 1674 2874 1751 unicuique
2902 1699 3160 1754 personae
3191 1669 3362 1744 suam
3394 1693 3677 1766 propriam
3705 1695 3809 1752 dei-

2193 1759 2373 1854 tatem
2407 1761 2563 1818 480
2606 1764 2918 1842 integram,
2949 1771 3204 1847 plenam,
3251 1759 3563 1850 perfectam
3604 1785 3808 1856 penitus

2191 1843 2383 1902 inesse
2406 1851 2602 1907 credat
2630 1859 2688 1910 et
2709 1843 3082 1931 confiteatur;
3113 1886 3140 1912 υ
3157 1843 3398 1936 ονιιιιιμιι
3435 1843 3662 1928 sanctus
3686 1875 3807 1931 Am-

2194 1933 2659 2028 brosiusiscribit
2688 1944 2808 2017 (lib.
2841 1965 2860 2003 ι
2891 1949 2962 2005 de
2992 1951 3124 2022 ﬁde,
3157 1969 3274 2026 cap.
3302 1933 3367 2028 v2)
3399 1973 3414 2013 :
3446 1958 3714 2019 Dominus
3733 1963 3806 2020 di-

2191 2025 2395 2093 cendo,
2430 2027 2523 2094 Ite,
2549 2030 2816 2102 baptizata
2841 2045 3022 2107 gentes
3052 2041 3111 2096 in
3138 2025 3362 2101 nomine
3390 2047 3570 2104 Patri:
3603 2057 3653 2106 et
3692 2052 3807 2108 Filii

2187 2120 2243 2202 et
2265 2113 2504 2184 Spiritus
2530 2125 2710 2177 sancti
2735 2123 2941 2190 (Matth.
2962 2145 3159 2196 xxvm,
3193 2131 3302 2202 19),
3328 2135 3505 2193 unius
3549 2154 3669 2195 esse
3696 2140 3803 2196 Tri-

2189 2199 2429 2258 nitatem
2462 2211 2766 2277 potestatis
2797 2217 3136 2274 ostenderit.
3151 2199 3267 2278 Nos
3288 2199 3516 2281 Patrem
3535 2231 3592 2283 et
3619 2228 3802 2286 Filium

2185 2293 2243 2343 et
2271 2290 2555 2363 Spiritum
2589 2304 2859 2357 sanctum
2889 2305 3354 2376 conﬁtemur,ita
3375 2318 3441 2368 ut
3469 2314 3527 2370 in
3549 2316 3803 2373 Trinitate

2182 2379 2530 2478 perfecta,et
2557 2384 2860 2457 plenitudo
2884 2392 2960 2448 sit
2987 2394 3336 2458 divinitatis.
3357 2406 3415 2458 et
3444 2404 3635 2461 unitas
3663 2410 3801 2478 pote-

2183 2467 2372 2524 statis.
2398 2471 2565 2528 Omne
2593 2491 2824 2546 regnum
2853 2483 2914 2536 in
2935 2499 2993 2539 se
3019 2484 3260 2544 divisum
3299 2493 3468 2561 facile
3503 2491 3797 2562 destruetur,

2181 2555 2466 2617 Dominus
2495 2563 2604 2620 hoc
2626 2565 2785 2623 dicit.
2819 2569 2943 2626 Non
2975 2589 3110 2646 ergo
3158 2576 3417 2637 divisum
3447 2585 3536 2640 est
3581 2599 3798 2656 regnum

2179 2646 2501 2707 Trinitatis.
2517 2653 2576 2709 Si
2609 2671 2744 2730 ergo
2777 2658 3030 2718 divisum
3063 2681 3176 2720 non
3209 2671 3521 2735 est,unum
3541 2646 3796 2740 θείουοά

2177 2735 2331 2792 enim
2362 2755 2546 2796 unum
2579 2761 2694 2800 non
2727 2749 3100 2816 est,divisum
3133 2759 3241 2811 est.
3261 2757 3404 2814 Tale
3421 2775 3555 2833 ergo
3576 2778 3794 2835 regnum

2175 2839 2304 2881 esse
2351 2829 2599 2901 cupiunt
2631 2833 2954 2907 Trinitatis,
2987 2842 3141 2913 quod
3191 2829 3601 2906 divisione‘sui
3637 2829 3792 2907 facile

2172 2913 2526 3009 destruatur.
2562 2920 2682 3009 Imo
2728 2925 2868 2996 quia
2919 2945 3033 2984 non
3081 2937 3274 3004 potest
3315 2936 3556 3009 destrui,
3588 2943 3792 2996 constat

2171 3019 2285 3058 non
2318 3021 2446 3061 esse
2473 3007 2744 3066 divisum.
2769 3013 2893 3070 Non
2928 3017 3084 3074 enim
3135 3019 3417 3081 dividitur
3462 3007 3670 3099 unitas,
3699 3045 3790 3085 nec

2168 3091 2474 3190 scinditur.
2499 3119 2538 3190 _»
2570 3098 2638 3190 Et
2675 3107 2808 3190 post
2853 3103 3154 3179 aliquanta
3180 3112 3323 3185 (cap.
3373 3115 3572 3190 eodem)
3604 3134 3616 3175 :
3647 3091 3674 3168 «ξ
3701 3118 3790 3174 Est

2168 3180 2675 3279 enim-plenitudo,
2705 3189 3025 3252 divinitatis
3069 3197 3129 3254 in
3180 3180 3368 3273 Patre,
3392 3209 3482 3261 est
3516 3180 3790 3279 plenitudo

2167 3269 2488 3364 divinitatis
2512 3275 2573 3332 in
2598 3277 2762 3351 Filio,
2787 3283 2889 3338 sed
2928 3301 3041 3340 non
3063 3269 3432 3364 discrepans,
3451 3269 3551 3352 sed
3580 3311 3690 3352 una
3715 3295 3790 3351 di-

2166 3357 2410 3430 vinitas;
2438 3380 2542 3420 nec
2562 3367 2873 3426 confusum
2889 3376 3042 3446 quod
3067 3394 3251 3434 unum
3272 3385 3496 3450 est,nec
3514 3383 3792 3458 multiplex

2168 3449 2320 3519 quod
2372 3449 2734 3514 indifferens.
2762 3480 2790 3510 ››
2825 3460 2895 3516 Et
2940 3463 3114 3535 paulo
3159 3473 3293 3540 post
3323 3487 3339 3527 :
3370 3449 3404 3523 iu
3435 3449 3696 3530 Necesse-
3714 3476 3792 3529 est

2167 3543 2377 3632 negent
2403 3541 2600 3632 Ariani
2624 3550 2733 3632 aut
2764 3548 2951 3607 Patris
2979 3557 3082 3609 aut
3112 3556 3241 3612 Filii
3287 3559 3666 3632 divinitatem,
3689 3561 3786 3619 nisi

2163 3625 2427 3696 ejusdem
2459 3629 2778 3691 divinitatis
2800 3639 3154 3700 crediderint
3174 3645 3515 3706 unitatem.»
3539 3651 3606 3707 Et
3623 3625 3749 3707 item
3772 3665 3784 3706 :

2163 3735 2192 3762 «
2316 3721 2510 3772 autem
2545 3737 2663 3776 una
2693 3723 2880 3781 deitas
2911 3727 3096 3786 Patris
3126 3736 3184 3788 et
3205 3732 3356 3804 Filii,
3389 3742 3448 3794 et
3476 3755 3592 3796 una
3617 3737 3785 3796 domi-

2162 3802 2315 3902 palio
2343 3807 2709 3880 probaretur,
2726 3830 2797 3868 ne
2827 3817 3060 3888 gentilis
3089 3825 3190 3878 aut
3211 3802 3468 3883 Judaicze
3491 3825 3784 3902 impietatis

2157 3889 2592 3954 incurrercmus
2649 3917 2924 3972 errorem,
2965 3909 3277 3980 providens
3320 3889 3630 3990 Apostolus
3657 3916 3782 3990 quid

2157 3982 2322 4053 sequi
2343 3983 2689 4045 deberemus
2723 3994 2980 4051 ostendit
3019 3997 3258 4058 dicens:
3285 3982 3436 4062 Unas
3462 4009 3600 4063 Deus
3619 3982 3780 4074 Pater,

2153 4085 2224 4123 ea:
2251 4087 2355 4142 quo
2385 4078 2590 4145 omnia,
2619 4085 2672 4134 et
2691 4096 2790 4137 nos
2821 4083 2882 4138 in
2912 4085 3060 4157 ipso;
3088 4097 3142 4144 et
3166 4106 3312 4148 unus
3348 4095 3609 4152 Dominus
3645 4097 3785 4153 Iesu:

2154 4157 2422 4259 Christus,
2447 4179 2548 4234 per
2588 4183 2744 4238 quem
2793 4175 2996 4243 omnia,
3019 4184 3074 4232 et
3106 4195 3205 4236 nos
3250 4197 3351 4253 per
3395 4185 3575 4257 ipsum
3601 4186 3644 4259 (Ι
3669 4188 3780 4242 Cor.

2149 4263 2276 4313 vm,
2305 4249 2382 4322 6).
2416 4272 2444 4301 ››
2478 4253 2548 4308 Et
2577 4261 2710 4326 post
2739 4275 2924 4331 pauca
2953 4268 3092 4337 (cap.
3125 4249 3329 4340 eodem)
3364 4289 3378 4327 :
3412 4249 3440 4325 ξ‹
3473 4249 3616 4340 Quas.
3640 4274 3780 4331 enim

2149 4342 2340 4409 potest
2360 4357 2488 4397 esse
2519 4343 2635 4400 alia
2663 4348 2990 4422 aestimatio,
3015 4355 3116 4410 ubi
3147 4357 3384 4417 deitatis
3416 4362 3608 4420 unitas
3626 4361 3780 4420 est?»

2147 4426 2216 4481 Et
2263 4427 2322 4482 in
2379 4427 2528 4524 libro
2575 4433 2765 4524 primo
2814 4437 2886 4493 de
2940 4439 3160 4512 Spiritu
3216 4452 3418 4506 sancto
3467 4452 3604 4524 (cap.
3655 4449 3776 4519 i3):

2144 4538 2172 4566 «
2197 4516 2476 4609 Nunquid
2497 4525 2582 4576 est
2615 4521 2730 4579 alia
2750 4527 2971 4584 offensa
3001 4529 3151 4602 Filii,
3167 4533 3283 4591 alia
3301 4516 3780 4609 Spiritus-sancti?

2146 4605 2308 4662 Sicut
2333 4607 2492 4665 enim
2525 4627 2644 4667 una
2683 4613 2976 4687 divinitas,
3001 4618 3085 4676 sic
3125 4639 3242 4678 una
3270 4605 3506 4698 injuria.
3530 4627 3587 4684 Si
3619 4626 3780 4700 igitur

2145 4711 2264 4750 una
2292 4713 2424 4768 pax,
2443 4715 2561 4768 una
2588 4702 2797 4773 gratia,
2815 4722 2935 4762 una
2963 4707 3237 4781 charitas,
3257 4730 3376 4770 una
3404 4717 3778 4774 communica-

2143 4783 2223 4838 tio
2251 4790 2342 4842 est
2373 4786 2558 4844 Patris
2589 4793 2646 4845 et
2676 4791 2804 4848 Filii
2833 4799 2890 4850 et
2931 4797 3186 4870 Spiritus
3237 4805 3445 4874 sancti,
3477 4823 3594 4862 una
3637 4808 3776 4860 certe

2142 4873 2400 4946 operatio
2425 4881 2532 4946 est,
2557 4883 2614 4934 et
2665 4881 2763 4938 ubi
2810 4901 2928 4941 una
2979 4889 3237 4960 operatio
3267 4873 3623 4968 est,utrique
3668 4907 3772 4950 non

2141 4967 2302 5034 potet
2330 4964 2515 5022 virtus
2563 4984 2690 5024 esse
2733 4971 2939 5044 divisa,
2973 4980 3030 5032 et
3077 4977 3394 5040 indiscreta
3441 4964 3769 5042 substantia.

2139 5051 2433 5125 Scriptum
2459 5059 2548 5111 est
2577 5057 2730 5114 enim
2767 5077 2779 5116 :
2808 5061 2900 5132 Ite,
2934 5064 3202 5138 baptizata
3243 5079 3424 5142 gentes
3466 5075 3527 5130 in
3569 5073 3772 5130 nomine

2136 5141 2318 5196 Patris
2338 5151 2390 5198 et
2418 5145 2552 5234 Filii
2579 5153 2631 5202 et
2663 5147 2904 5220 Spiritu:
2947 5159 3126 5212 sancti
3153 5141 3357 5230 (Matth.
3388 5179 3548 5232 χχιιι,
3579 5163 3680 5234 19).
3712 5159 3768 5216 In

2143 5229 2380 5287 nomine
2409 5233 2574 5306 dixit,
2605 5253 2720 5292 non
2774 5239 2832 5294 in
2882 5243 3242 5304 nominibus.
3275 5250 3399 5308 Non
3443 5267 3577 5326 ergo
3622 5247 3767 5306 aliud

2141 5334 2353 5375 nomen
2404 5327 2492 5378 est
2532 5324 2739 5396 Patris,
2765 5328 2922 5386 aliud
2955 5349 3166 5391 nomen
3200 5337 3350 5409 Filii,
3383 5324 3540 5397 aliud
3570 5353 3764 5395 nomen

2139 5406 2392 5478 Spiritus
2423 5413 2794 5482 sancti.0uia
2812 5435 2966 5477 unus
2995 5422 3300 5495 Deus,non
3321 5427 3489 5502 plura
3521 5429 3761 5493 nomina,

2136 5497 2276 5568 quia
2305 5517 2418 5555 non
2451 5503 2566 5559 duo
2586 5504 2691 5574 dii,
2724 5523 2839 5563 non
2869 5513 2988 5567 tres
3023 5512 3125 5569 dii.
3159 5515 3228 5572 Et
3257 5497 3598 5592 utaperiret
3638 5514 3764 5590 quia

2135 5603 2252 5642 una
2283 5588 2554 5648 divinitas
2585 5610 2704 5650 una
2733 5598 3012 5670 majestas
3042 5608 3149 5674 est,
3184 5606 3322 5680 quia
3349 5588 3532 5665 unum
3565 5619 3759 5664 nomen

2133 5674 2318 5740 Patris
2338 5684 2396 5740 et
2416 5680 2544 5740 Filii
2567 5685 2624 5741 et
2647 5683 2901 5763 Spiritus
2942 5674 3281 5770 sancti,an
3303 5697 3363 5760 in
3401 5697 3513 5761 alio
3541 5695 3760 5758 nomine
