4018 6458
198 403 323 464 5-19

1233 405 1334 468 DE
1377 407 1536 470 UNA
1580 407 1682 468 ET
1727 408 1883 469 NON
1929 409 2168 470 TRINA
2209 411 2570 474 DEITATE.

3479 422 3600 484 550

195 535 425 592 venerit
463 535 668 605 Filius,
692 537 752 593 in
786 537 899 594 alio
930 538 1166 595 nomine
1196 539 1451 613 Spiritus
1481 543 1738 607 sanctus,
1772 539 1853 596 ait
1875 540 1932 608 Α
1961 558 2146 597 unum
2167 546 2916 617 suntpropterineffabilem
2932 550 3402 621 coniunctionem
3423 553 3602 612 deita-

197 623 328 695 ipse
357 624 674 682 Dominus:
697 627 814 700 Ego
843 630 969 683 veni
998 630 1057 684 in
1079 630 1300 684 nomine
1328 630 1508 685 Patris
1534 630 1644 685 mei
1673 629 1847 700 (Joan.

193 730 250 778 v,
275 713 389 785 43).
413 735 442 763 ››
463 714 534 769 Et
555 715 730 786 paulo
759 720 892 787 post
917 733 930 772 :
955 740 982 766 «
1007 717 1304 790 Scriptum
1333 721 1424 773 est
1453 721 1592 790 (cap.
1623 719 1850 787 eodem),

191 803 515 858 Paracletus
544 811 728 859 autem
754 805 1002 876 spiritus,
1035 822 1194 878 quem
1237 808 1411 862 mittet
1455 812 1622 862 Pater
1658 809 1718 862 in
1747 823 1851 863 no-

191 893 347 948 mine
373 908 517 961 mea,
548 893 648 950 ille
676 909 768 950 vos
795 893 1004 950 docebit
1029 896 1213 951 omnia
1244 895 1418 968 (Joan.
1451 913 1566 964 xw,
1597 896 1708 968 26).
1743 895 1850 962 Qui

193 983 396 1037 autem
425 981 586 1037 venit
615 981 677 1037 in
708 983 944 1040 nomine
966 983 1326 1056 Filii,utique
1343 985 1515 1041 etiam
1538 985 1598 1040 in
1615 987 1853 1044 nomine

193 1070 386 1127 Patris
419 1071 604 1138 venit,
637 1073 778 1144 quia
806 1091 993 1128 unum
1042 1090 1254 1147 nomen
1286 1074 1470 1131 Patris
1496 1080 1552 1132 et
1582 1075 1709 1132 Filii
1740 1079 1850 1133 est.

192 1159 287 1216 Sic
321 1159 392 1214 ﬁt
418 1163 488 1215 ut
511 1177 701 1216 unum
733 1161 920 1217 Patris
951 1166 1009 1218 et
1041 1161 1168 1218 Filii
1197 1179 1407 1219 nomen
1426 1163 1850 1237 sit,etSpiritus

191 1247 406 1304 sancti.
441 1248 558 1305 Nec
587 1249 746 1306 enirn
776 1254 866 1306 est
893 1249 1051 1306 aliud
1085 1267 1296 1308 nomen
1327 1252 1437 1308 sub
1466 1251 1608 1308 coelo
1638 1253 1850 1322 ullum,

191 1337 250 1391 in
274 1353 396 1409 quo
418 1341 687 1408 oporteat
713 1355 821 1394 nos
851 1337 1040 1395 salvos
1061 1340 1206 1395 ﬁeri.
1231 1340 1418 1396 Simul
1449 1341 1647 1396 docuit
1671 1343 1853 1399 unita-

194 1429 312 1481 tem
337 1423 527 1482 divini
548 1426 805 1485 nominis
827 1444 954 1484 esse
975 1429 1344 1498 credendam,
1360 1447 1476 1486 non
1495 1430 1852 1504 disparilita-

193 1517 334 1569 tem.
368 1536 402 1566 »
439 1515 512 1570 Et
541 1515 602 1570 in
633 1514 784 1571 libro
813 1516 1007 1584 tertio,
1040 1516 1296 1590 capitulo
1335 1519 1560 1575 decimo
1595 1525 1801 1592 quarto
1834 1540 1848 1578 :

193 1625 220 1652 α
245 1602 355 1659 Ubi
373 1602 538 1659 enim
559 1621 677 1660 una
691 1604 879 1660 deitas
893 1605 1260 1679 intelligitur,
1276 1625 1432 1664 unus
1450 1612 1601 1666 Deus
1617 1608 1849 1668 dicitur.

191 1692 301 1748 Sed
323 1708 684 1750 excusemus
703 1711 804 1750 vos
827 1693 899 1750 ab
928 1694 1258 1767 inscientia,
1290 1700 1347 1751 et
1377 1696 1426 1751 si
1459 1713 1574 1753 non
1607 1714 1852 1755 excusa-

191 1797 374 1836 musa
391 1779 826 1854 culpa.Etenim
849 1783 1174 1839 secundum
1199 1787 1460 1841 nostram
1475 1787 1850 1855 sententiam,

189 1868 332 1940 quia
362 1887 530 1926 unus
553 1870 730 1940 Deus,
759 1889 876 1927 una
897 1871 1193 1940 divinitas,
1217 1876 1274 1928 et
1294 1873 1488 1930 unitas
1509 1874 1854 1948 intelligitur

195 1957 702 2028 potestatis,sicut
722 1977 907 2016 unum
925 1960 1108 2016 Deum
1124 1961 1460 2031 dicimus,et
1472 1963 1699 2019 Patrem
1711 1981 1856 2020 verae

195 2047 342 2103 487
375 2047 624 2104 deitatis
655 2049 892 2104 nomine
925 2050 1287 2119 conﬁtentes,
1307 2067 1413 2106 nec
1446 2051 1656 2108 Filium
1688 2054 1858 2110 dene-

192 2141 430 2210 gantes,
464 2137 549 2194 ita
573 2137 750 2194 etiam
782 2137 1066 2211 Spiritum
1110 2145 1381 2196 sanctum
1411 2159 1446 2196 a
1473 2141 1853 2200 deitatis‘non

190 2225 569 2283 excludimus
591 2227 838 2295 unitate,
866 2231 924 2283 et
943 2231 1066 2284 tres
1087 2229 1227 2285 deos
1253 2247 1369 2284 non
1403 2230 1851 2300 asserimus,sed

190 2333 505 2388 negamus,
539 2315 682 2388 quia
707 2315 1101 2389 pluralitatem
1159 2335 1274 2373 non
1329 2319 1527 2376 unitas
1575 2321 1714 2376 facit
1752 2323 1851 2378 scd

187 2405 397 2461 divisio
412 2404 1050 2478 potestatis.Quomodo
1064 2407 1220 2462 enim
1235 2406 1630 2480 pluralitatem
1647 2411 1854 2483 recipit

187 2494 389 2550 unitas
425 2493 916 2563 divinitatis,cum
947 2494 1255 2566 pluralitas
1287 2499 1516 2552 numeri
1549 2498 1854 2564 sit,nume-

186 2599 313 2638 rum
347 2586 558 2638 autem
591 2599 708 2638 non
739 2583 981 2656 recipiat
1009 2584 1207 2639 divina
1237 2585 1495 2641 natura?
1523 2585 1686 2643 Unus
1715 2605 1852 2660 ergo

185 2671 340 2728 Deus
373 2672 524 2745 (cap.
557 2672 648 2741 15)
677 2671 839 2728 salva
899 2674 1204 2744 majestate
1259 2673 1544 2730 trinitatis
1601 2681 1846 2744 aeternae,

186 2760 338 2816 sicut
372 2758 682 2832 proposito
713 2759 1049 2816 declaratur
1093 2761 1376 2834 exemplo.
1413 2763 1528 2818 Nec
1557 2781 1622 2818 eo
1652 2768 1848 2820 tamen

185 2849 307 2906 solo
340 2847 478 2906 loco
511 2847 859 2904 Trinitatem
880 2848 1148 2905 videmus
1167 2851 1405 2906 nomine
1425 2851 1742 2918 divinitatis
1762 2870 1852 2908 ex-

186 2953 500 3010 pressam:
537 2937 639 2993 sed
685 2953 820 2992 cum
869 2937 1166 3010 plerisque
1212 2937 1374 3007 locis,
1408 2939 1560 2994 sicut
1583 2945 1642 2996 ct
1671 2958 1850 3013 supra

184 3027 473 3095 diximus,
500 3029 624 3083 tam
648 3026 902 3083 maxime
921 3027 982 3082 in
1004 3026 1096 3082 his
1117 3027 1382 3100 epistolis
1404 3045 1552 3100 quas
1571 3031 1644 3086 ad
1665 3029 1846 3086 Thes-

183 3115 592 3174 salonicenses
611 3114 926 3188 Apostolus
947 3115 1202 3188 scripsit.
1224 3138 1251 3166 »
1273 3117 1344 3172 Et
1364 3116 1502 3172 item
1535 3117 1672 3190 (cap.
1708 3121 1796 3191 17)
1830 3137 1843 3176 :

185 3207 379 3279 «Ergo
393 3204 554 3262 sicut
566 3205 734 3262 Pater
744 3205 900 3262 Deus
913 3208 969 3260 ct
981 3204 1163 3262 Filius
1183 3205 1490 3276 Dominus,
1504 3206 1654 3263 itaet
1667 3207 1846 3265 Filius

1963 629 2035 686 tis
2059 649 2174 708 qua
2201 631 2574 690 ineffabiliter
2621 635 2989 708 copulantur,
3022 656 3175 694 unus
3223 641 3378 696 Deus
3424 648 3531 699 est.
3567 667 3594 695 »

1959 721 2028 774 Et
2055 720 2194 776 item
2227 737 2296 776 ex
2325 721 2472 777 libro
2517 728 2719 779 contra
2767 724 3148 782 Maximinum
3180 729 3298 796 (lib.
3331 747 3416 796 ιιι,
3445 731 3594 804 ﬁne).
3628 778 3632 786 .

1959 831 1988 858 «
2023 809 2178 865 Satis
2237 815 2478 882 apparet
2529 811 2716 869 Patris
2762 817 2820 870 et
2868 813 2996 868 Filii
3025 819 3082 870 et
3111 816 3363 888 Spiritus
3412 820 3600 876 sancti

1959 915 2139 954 unam
2170 915 2298 954 esse
2321 899 2618 968 virtutem,
2644 919 2821 958 unam
2845 919 2972 959 esse
3003 904 3599 976 substantiam,unam

1958 986 2252 1055 deitatem,
2275 1005 2454 1044 unam
2478 991 3054 1062 majestatem,unam
3075 993 3603 1069 gloriam,quaipsa

1959 1074 2216 1131 Trinitas
2259 1079 2350 1132 est
2399 1095 2554 1134 unus
2600 1079 2886 1135 Dominus
2935 1081 3089 1137 Deus
3137 1086 3356 1150 noster,
3387 1084 3458 1140 de
3486 1102 3602 1158 quo

1959 1163 2181 1218 dictum
2213 1169 2320 1232 est,
2353 1165 2518 1234 Audi,
2549 1167 2736 1234 Israel,
2767 1169 3032 1242 Dominus
3081 1173 3222 1230 Deus
3268 1179 3393 1228 tuus
3437 1174 3600 1241 Deus,

1957 1269 2102 1308 unus
2131 1260 2208 1308 est
2237 1254 2412 1321 (Dent.
2443 1273 2522 1321 v1,
2550 1256 2663 1324 4).»
2694 1257 2764 1312 Et
2797 1257 2908 1314 Leo
2940 1259 3012 1314 ad
3039 1259 3348 1315 Turibium
3377 1261 3602 1319 Asturi-

1959 1355 2192 1396 censem
2223 1341 2564 1414 episcopum
2597 1345 2772 1416 (epist.
2807 1347 2858 1414 4,
2889 1363 2937 1402 c.
2974 1348 3046 1416 1).
3085 1371 3114 1400 α
3135 1348 3428 1405 Catholica
3457 1351 3603 1408 ﬁdes

1960 1432 2068 1494 est,
2100 1445 2228 1500 quae
2277 1429 2619 1487 Trinitatem
2651 1433 2882 1490 deitatis
2909 1435 2993 1492 sic
3013 1443 3242 1508 ὁμούσιον
3271 1439 3600 1510 conﬁtetur,

1961 1520 2026 1570 ut
2044 1516 2271 1572 Patrem
2296 1522 2354 1573 et
2375 1519 2586 1574 Filium
2607 1524 2666 1575 et
2685 1520 2969 1593 Spiritum
2991 1530 3260 1582 sanetum
3273 1526 3398 1583 sine
3409 1530 3607 1584 confu-

1960 1604 2123 1660 sione
2143 1605 2442 1674 indivisos,
2477 1607 2602 1664 sine
2620 1613 2880 1681 tempore
2901 1613 3316 1684 sempiternos,
3333 1615 3459 1672 sine
3487 1617 3603 1673 dif-

1960 1691 2205 1748 ferentia
2233 1695 2429 1750 credat
2459 1697 2729 1768 aequales,
2754 1699 2892 1770 quia
2918 1701 3200 1758 unitatem
3228 1703 3288 1759 in
3321 1705 3604 1762 Trinitate

1961 1799 2076 1836 non
2099 1783 2300 1838 eadem
2329 1801 2596 1856 persona,
2614 1787 2716 1842 sed
2736 1787 2938 1843 eadem
2960 1789 3165 1861 implet
3184 1793 3455 1849 essentia.
3475 1815 3504 1846 »
3533 1795 3605 1850 Et

1963 1875 2200 1926 sanctus
2223 1871 2535 1944 Gregorius
2558 1874 2858 1932 multoties
2879 1876 2959 1932 ita
2975 1877 3034 1932 in
3051 1877 3218 1936 libris
3239 1881 3363 1937 suis
3383 1882 3454 1938 de
3475 1881 3603 1938 Tri-

1967 1959 2145 2015 nitate
2174 1961 2350 2016 unius
2385 1960 2616 2018 deitatis
2646 1964 2870 2036 scribit,
2895 1965 3048 2022 sicut
3073 1971 3129 2023 et
3149 1986 3328 2042 supra
3359 1969 3418 2026 in
3447 1971 3602 2028 488

1965 2047 2205 2102 homilia
2261 2053 2422 2105 sexta
2476 2051 2702 2107 decima
2759 2053 3074 2111 Ezechielis
3131 2057 3422 2130 prophetae
3468 2075 3604 2114 eum

1962 2137 2176 2193 dixisse
2197 2139 2582 2193 ostendimus.
2609 2139 2888 2196 Similiter
2905 2159 3136 2215 quoque
3157 2145 3402 2218 Prosper
3420 2151 3478 2202 et
3497 2163 3606 2202 cae-

1962 2224 2070 2280 teri
2089 2224 2358 2280 catholici
2381 2227 2646 2282 doctores
2667 2232 2868 2284 sancto
2889 2228 3207 2287 illuminati
3232 2231 3452 2304 Spiritu
3473 2249 3604 2289 sen-

1963 2319 2166 2370 serunt
2183 2320 2358 2386 atque
2380 2315 2669 2384 dixerunt,
2694 2321 2750 2372 et
2773 2318 2896 2372 suis
2917 2319 3152 2391 scriptis
3174 2321 3344 2377 nobis
3362 2320 3608 2394 legenda

1961 2408 2136 2474 atque
2167 2405 2419 2459 tenenda
2463 2404 2907 2460 immutabiliter
2952 2409 3340 2464 tradiderunt.
3372 2411 3443 2466 Et
3471 2409 3607 2466 hinc

1962 2496 2200 2547 sanctus
2220 2493 2576 2548 Athanasius
2598 2494 2658 2548 in
2684 2493 2831 2550 libro
2855 2495 3234 2566 professionis
3251 2498 3384 2554 ﬁdei
3416 2498 3609 2556 catho-

1961 2579 2084 2634 licae
2109 2598 2284 2652 super
2305 2581 2748 2637 Golhescaleum
2774 2583 3008 2656 (exstant
3035 2587 3096 2641 in
3127 2586 3268 2642 libro
3285 2589 3364 2656 v1)
3394 2591 3452 2643 et
3479 2587 3608 2658 ejus

1960 2669 2273 2740 complices
2309 2668 2451 2724 dicit
2476 2687 2488 2726 :
2533 2693 2560 2720 ‹‹
2589 2669 2932 2727 Maledictus
2962 2673 3062 2744 qui
3095 2673 3282 2729 Patris
3311 2680 3368 2730 et
3397 2673 3524 2731 Filii
3553 2679 3610 2732 et

1961 2757 2214 2829 Spiritus
2245 2759 2432 2813 sancti
2477 2757 2702 2814 unitam
2747 2759 3164 2832 sempiternam
3214 2763 3608 2820 substantiam

1959 2845 2280 2900 divinitatis
2303 2862 2430 2902 esse
2455 2863 2568 2901 non
2591 2848 2919 2903 conﬁtetur.
2947 2848 3092 2918 Fiat,
3116 2850 3239 2905 ﬁat.
3263 2850 3608 2908 Maledictus

1958 2934 2054 3006 qui
2081 2935 2296 2990 secund
2309 2952 2406 2989 um
2424 2939 2541 2991 tres
2554 2952 2761 3008 person
2771 2953 2834 2992 as
2847 2941 2965 2992 tres
2977 2937 3234 2994 diversas
3246 2939 3607 2998 substantias

1956 3021 2016 3076 in
2039 3022 2130 3079 his
2152 3040 2280 3079 esse
2301 3025 2634 3080 conﬁtetur.
2661 3024 2806 3093 Fiat,
2834 3025 2953 3080 ﬁat.
2977 3025 3324 3084 Maledictus
3354 3028 3453 3100 qui
3483 3028 3610 3085 uni-

1955 3118 2082 3168 tum
2117 3129 2337 3167 nomon
2365 3113 2689 3168 secundum
2723 3113 2999 3170 deitatem
3021 3114 3325 3172 Trinitatis
3343 3133 3472 3174 esse
3490 3134 3607 3174 non

1961 3203 2290 3258 conﬁtetur.
2313 3199 2458 3270 Fiat,
2479 3202 2598 3256 fiat.
2616 3199 2960 3260 Maledictus
2982 3201 3081 3276 qui
3101 3203 3411 3262 indivisam
3435 3206 3611 3262 deita-

159 3276 336 3352 ‘Deug
369 3297 432 3352 et
465 3295 637 3350 Pater
663 3294 969 3351 Dominus,
1001 3293 1338 3351 Alternatur
1355 3295 1454 3368 pia
1473 3295 1842 3370 signiﬁcatio,
1877 3276 1919 3342 C
1958 3295 2076 3347 tem
2109 3289 2294 3346 Patris
2317 3294 2374 3344 et
2396 3288 2523 3344 Filii
2547 3293 2603 3344 et
2625 3289 2877 3362 Spiritus
2916 3291 3102 3348 sancti
3136 3310 3249 3348 non
3273 3294 3604 3351 conﬁtetur.

181 3400 292 3440 non
315 3383 652 3440 alternatur
672 3383 870 3440 divina
888 3385 1226 3451 natura,sed
1248 3383 1637 3442 immutabilis
1650 3390 1848 3442 manet

179 3473 394 3546 gratia.
431 3472 560 3528 Non
593 3471 752 3528 enim
783 3472 1074 3545 largitatis
1103 3472 1392 3541 collativa,
1427 3473 1529 3529 sed
1560 3474 1845 3532 naturalis

180 3561 398 3634 placita
429 3560 741 3617 charitatis
771 3565 929 3626 sunt,
953 3560 1094 3634 quia
1119 3565 1176 3617 et
1205 3562 1402 3618 unitas
1431 3562 1844 3634 proprietatem

179 3650 376 3720 habet,
405 3653 468 3706 et
487 3648 818 3723 proprietas
858 3649 1170 3706 unitatem.
1207 3671 1236 3698 »
1266 3651 1338 3706 Et
1361 3649 1502 3707 item
1535 3652 1674 3724 (cap.
1710 3653 1798 3722 19)
1827 3670 1842 3710 :

185 3762 206 3788 ι
229 3741 346 3796 Aut
367 3739 578 3796 dicant
601 3737 782 3815 igitur
819 3737 960 3810 quid
1002 3738 1080 3794 sit
1094 3739 1249 3810 quod
1271 3738 1397 3794 sine
1419 3739 1584 3794 Patre
1614 3743 1671 3795 et
1702 3740 1845 3798 Filio

183 3827 422 3903 deitatis
451 3843 585 3884 esse
613 3827 924 3883 fateantur.
961 3849 989 3876 ››
1021 3827 1089 3882 Et
1120 3831 1360 3883 sanctus
1389 3827 1754 3899 Augustinus
1783 3830 1844 3885 in

181 3917 326 3974 libro
360 3920 579 3990 quarto
611 3916 683 3972 de
713 3915 998 3972 Trinitate
1028 3915 1281 3987 capitulo
1331 3915 1613 3988 vigesimo
1655 3917 1844 3988 primo

183 4007 352 4063 dicit:
369 4029 400 4056 ‹‹
419 4007 484 4062 In
503 4021 613 4061 sua
629 4005 846 4078 quippe
870 4005 1203 4074 substantia
1225 4021 1342 4077 qua
1362 4005 1640 4074 sunt,tria
1659 4024 1843 4062 unum

182 4101 320 4153 sunt
352 4095 530 4150 Pater
560 4098 619 4150 et
650 4093 829 4150 Filius
859 4098 918 4150 et
948 4093 1203 4166 Spiritus
1234 4097 1494 4162 sanctus,
1523 4094 1683 4150 nullo
1705 4099 1846 4152 tem-

183 4183 366 4257 porali
388 4187 558 4239 motu
583 4199 762 4256 super
781 4199 1016 4240 omnem
1057 4187 1385 4238 creaturam
1409 4183 1468 4238 id
1491 4183 1686 4256 ipsum
1719 4183 1844 4242 sine

181 4273 315 4332 ullis
326 4271 658 4330 intervallis
669 4276 1000 4346 temporum
1013 4271 1100 4328 vel
1111 4271 1457 4339 locorum,et
1468 4271 1645 4328 simul
1658 4291 1843 4330 unum

180 4369 352 4436 atque
385 4362 548 4418 idem
581 4348 1004 4434 ab'ieternitate
1034 4361 1095 4416 in
1127 4361 1535 4429 aeternitatem,
1558 4365 1842 4434 tanquam

179 4453 304 4526 ipsa
331 4451 660 4519 teternitas,
693 4467 819 4524 quae
869 4449 994 4507 sine
1043 4449 1285 4507 veritate
1317 4455 1374 4506 et
1403 4449 1688 4507 charitate
1725 4469 1842 4508 non

177 4547 281 4599 est.
315 4543 384 4600 In
417 4541 571 4598 meis
604 4543 800 4596 autem
830 4539 1071 4596 vocibus
1121 4540 1371 4612 separati
1422 4543 1562 4596 sunt
1591 4539 1760 4596 Pater
1787 4545 1846 4598 et

1955 3379 2103 3448 Fiat,
2139 3379 2258 3434 ﬁat.
2295 3377 2650 3434 Maledictus
2673 3378 2774 3450 qui
2805 3379 3032 3436 unitam
3055 3381 3328 3444 deitatem
3344 3382 3530 3440 Patris
3549 3387 3609 3440 et

1956 3467 2084 3524 Filii
2104 3473 2162 3524 et
2183 3467 2436 3540 Spiritus
2451 3467 2639 3523 sancti
2655 3485 2724 3524 ex
2741 3469 3020 3526 charitate
3037 3471 3356 3526 concordiae
3373 3475 3605 3529 tantum

1954 3575 2081 3614 esse
2102 3558 2428 3630 proﬁtetur,
2449 3561 2506 3612 et
2528 3573 2643 3612 non
2665 3557 2858 3630 magis
2879 3574 2986 3630 per
3009 3559 3365 3632 hancipsam
3379 3561 3606 3618 unitam

1954 3645 2334 3703 divinitatem.
2371 3645 2514 3714 Fiat,
2549 3646 2671 3702 ﬁat.
2707 3646 3054 3705 Maledictus
3093 3649 3195 3720 qui
3228 3648 3454 3705 unitam
3483 3649 3603 3706 dei-

1953 3740 2133 3792 tatem
2164 3735 2224 3790 in
2273 3738 2390 3791 tres
2439 3733 2544 3790 has
2593 3751 2876 3808 personas
2933 3753 3062 3792 esse
3109 3753 3224 3792 non
3273 3739 3601 3796 conﬁtetur.

1955 3825 2099 3894 Fiat,
2151 3825 2272 3880 ﬁat.
2306 3822 2650 3878 Maledictus
2706 3823 2807 3895 qui
2865 3823 3152 3880 unitatem
3205 3825 3294 3880 vel
3347 3825 3601 3898 plenitu-

1953 3912 2148 3967 dinem
2179 3910 2384 3965 divinae
2415 3910 2719 3966 Trinitatis
2773 3910 3084 3967 indivisam
3139 3929 3266 3969 esse
3317 3931 3432 3970 non
3463 3931 3598 3970 con~

1953 4002 2168 4057 ﬁtetur.
2200 3999 2348 4069 Fiat,
2380 3999 2502 4054 ﬁat.
2537 4021 2566 4049 ››
2596 3999 2746 4055 Hinc
2805 3999 2967 4055 mille
3024 4001 3360 4058 testimonia
3405 4019 3598 4061 sacra-

1952 4107 2084 4145 rum
2117 4088 2550 4162 Scripturarum
2569 4093 2626 4144 et
2645 4105 2714 4144 ex
2733 4087 3185 4146 orthodoxorum
3217 4091 3452 4164 scriptis
3471 4093 3598 4150 dari

1952 4181 2221 4252 possunt.
2257 4179 2378 4234 [mo
2424 4193 2540 4233 non
2599 4175 2768 4232 aliter
2818 4193 3080 4250 unquam
3125 4177 3214 4236 vel
3255 4197 3506 4253 usquam
3537 4181 3598 4238 in

1952 4269 2172 4324 sanctis
2226 4267 2542 4340 Scripturis
2573 4265 2662 4323 vel
2693 4267 3145 4324 orthodoxorum
3175 4269 3347 4326 dictis
3375 4271 3598 4328 inveni-

1950 4361 2066 4426 tur,
2099 4357 2213 4413 nisi
2243 4356 2383 4429 quia
2413 4357 2472 4412 in
2501 4359 2707 4412 sancta
2768 4355 3052 4414 Trinitate
3107 4361 3228 4414 tres
3282 4364 3424 4416 sunt
3457 4377 3598 4434 per-

1951 4464 2106 4504 sonae
2137 4451 2195 4503 et
2225 4464 2342 4502 una
2381 4450 2470 4502 est
2515 4444 2809 4514 divinitas,
2841 4446 3047 4517 deitas,
3083 4451 3312 4518 natura,
3343 4449 3598 4508 essentia

1950 4541 2126 4609 atque
2148 4535 2500 4591 substantia.
2527 4533 2810 4592 Cazterum
2832 4538 3036 4592 contra
3057 4535 3115 4591 id
3141 4537 3298 4608 quod
3327 4537 3484 4594 idem
3504 4539 3598 4595 de-

179 4630 360 4688 Filius
378 4635 440 4688 et
455 4629 716 4703 Spiritus
753 4632 1014 4697 sanctus,
1035 4645 1138 4684 nec
1153 4628 1333 4684 simul
1354 4628 1467 4684 dici
1497 4632 1834 4701 potuerunt,
1867 4648 1914 4713 D
1951 4624 2356 4682 mentissimus
2386 4624 2696 4696 potiusque
2721 4623 3162 4684 amentissimus
3181 4626 3594 4684 Gothescalcus

178 4725 233 4776 et
247 4718 309 4777 in
323 4717 545 4778 litteris
567 4716 900 4776 visibilibus
921 4734 1030 4773 sua
1048 4715 1362 4790 separatim
1375 4715 1634 4774 locorum
1648 4718 1838 4792 Spatia
1944 4713 2088 4771 dicit
2120 4731 2132 4770 :

179 4811 518 4868 tenuerunt.
547 4830 577 4860 »
601 4809 674 4864 Et
695 4807 756 4864 in
783 4806 932 4864 libro
964 4805 1034 4862 de
1058 4823 1195 4863 vera
1223 4805 1521 4880 Religione
1551 4809 1690 4880 (cap.
1719 4809 1832 4880 55).

181 4921 207 4949 «
229 4901 421 4965 Quare
451 4899 654 4970 ipsum
684 4897 906 4953 donum
937 4895 1038 4952 Dei
1069 4913 1203 4966 cum
1235 4895 1405 4952 Patre
1426 4901 1484 4952 et
1511 4896 1654 4954 Filio
1673 4913 1835 4971 aeque

180 4985 668 5046 incommutabile
698 4985 886 5043 colere
917 4989 974 5041 et
1003 4989 1199 5042 tenere
1229 5001 1338 5041 nos
1367 4985 1835 5055 convenit,unius

180 5076 527 5135 substantiae
559 5074 964 5132 Trinitatem.»
982 5075 1054 5131 Et
1079 5075 1140 5130 in
1168 5073 1316 5130 libro
1346 5079 1548 5132 contra
1575 5075 1836 5132 Maximi-

182 5183 322 5222 num
355 5166 488 5241 (tib.
520 5182 606 5234 111,
637 5181 757 5237 cap.
791 5165 898 5233 10).
929 5187 958 5216 «
993 5165 1134 5222 Tres
1187 5163 1342 5220 enim
1388 5181 1650 5238 personae
1697 5169 1836 5223 sunt

181 5253 350 5312 Pater
369 5260 428 5313 et
467 5253 654 5311 Filius
683 5257 741 5310 et
772 5253 1026 5326 Spiritus
1055 5257 1316 5322 sanctus,
1349 5257 1404 5310 et
1434 5253 1496 5310 hi
1526 5257 1666 5324 tres,
1698 5254 1837 5328 quia

180 5343 355 5402 unius
385 5343 736 5401 substantiae
757 5345 1112 5413 sunt,unum
1145 5345 1285 5399 sunt
1313 5346 1370 5399 et
1399 5359 1630 5400 summe
1647 5361 1832 5400 unum

180 5431 446 5504 sunt,ubi
468 5429 636 5488 nulla
655 5435 1064 5502 naturarum,n
1075 5430 1194 5488 ulla
1213 5435 1301 5488 est
1321 5431 1834 5489 diversitasvolun-

177 5522 456 5580 tatum.Si
479 5525 681 5578 autem
701 5524 914 5578 natura
934 5537 1120 5578 unum
1141 5525 1360 5589 essent,
1374 5524 1431 5576 et
1451 5519 1832 5578 consensione

179 5628 293 5668 non
315 5614 534 5682 essent,
560 5628 678 5688 non
697 5627 932 5668 summe
951 5628 1136 5668 unum
1159 5614 1373 5668 essent.
1389 5609 1450 5666 Si
1465 5625 1598 5666 vero
1621 5613 1832 5666 natura

175 5700 442 5783 dispares
461 5703 689 5777 essent,
710 5717 900 5761 unum
921 5718 1038 5762 non
1059 5703 1275 5762 essent.
1291 5699 1360 5758 Hi
1381 5715 1517 5775 ergo
1537 5701 1676 5770 tres,
1692 5697 1832 5773 quia

2723 4839 2814 4896 IX.

2031 4990 2131 5050 eu
2161 4983 2224 5040 In
2246 4982 2375 5052 hoc,
2399 4984 2674 5056 inquiens,
2692 4982 2879 5056 liquet
2911 4983 3040 5040 luce
3069 4982 3303 5052 clarius,
3326 4983 3469 5054 quin
3493 5000 3592 5056 pa-
3639 5041 3649 5051 _

1945 5097 1973 5124 ‹‹
2009 5078 2092 5130 tet
2111 5073 2232 5130 sole
2253 5072 2636 5146 splendidius,
2653 5073 2804 5144 quod
2825 5072 2978 5128 inest
2993 5071 3308 5144 unicuique
3329 5089 3588 5144 personae

1945 5187 1972 5214 ‹‹
2009 5180 2116 5220 sua
2143 5161 2378 5236 propria
2424 5161 2630 5230 deitas,
2665 5166 2838 5233 atque
2888 5161 3183 5230 divinitas,
3215 5159 3356 5234 quia
3391 5177 3590 5219 revera

1945 5276 1971 5304 ‹‹
2007 5267 2381 5325 nequaquam
2411 5250 2734 5322 assumpsit
2764 5250 3212 5317 humanitatem,
3233 5251 3387 5322 quod
3412 5249 3585 5324 absit,

1943 5365 1971 5393 «
2006 5341 2125 5398 ullo
2158 5341 2330 5396 modo
2359 5343 2482 5396 tota
2528 5337 2806 5410 Trinitas,
2838 5339 2941 5395 sed
3001 5337 3125 5396 sola
3179 5341 3588 5398 tantummodo

1947 5453 1968 5482 α
2005 5429 2132 5487 Filii
2165 5429 2370 5486 deitas.
2406 5451 2436 5478 »

2010 5537 2104 5576 χρ.
2135 5518 2394 5576 Etollens
2446 5534 2645 5574 vocem
2703 5516 2960 5574 Ecclesia
3007 5519 3293 5576 catholica
3329 5521 3587 5580 tonitruo

1940 5609 2170 5678 fortius,
2191 5609 2337 5664 tuba
2367 5607 2658 5677 sonorius,
2679 5607 2938 5663 ostendit
2965 5609 3326 5668 Gothescalci
3356 5612 3590 5669 menda-

1939 5699 2095 5758 cium
2117 5703 2287 5758 nocte
2307 5695 2566 5777 opacius,
2592 5696 2847 5761 tenebris
2877 5699 3415 5774 tenebrosius.Quae
3445 5701 3588 5767 dicit
