4018 6444
471 386 584 448 561

1392 383 1768 446 HINGMARI
1819 380 2263 444 RHEMENSIS
2313 381 2931 445 ARCHIEPISCOPI.

3716 384 3825 450 582

469 519 741 591 quianon
764 516 1466 587 inest,utmendaxisdem
1489 515 2108 588 mentitur,unicuiqne
2136 517 2338 584 Az'ecee
2382 516 2609 588 angelus
2663 516 2886 573 Domini
2931 517 2993 572 in
3038 516 3244 572 somnis
3291 517 3446 573 visus
3467 524 3544 574 est
3568 519 3631 573 ab
3656 520 3839 595 Ioseph"

469 624 727 682 persona
758 624 866 663 sua
894 606 1149 679 propria,
1179 604 1238 660 id
1270 610 1361 661 est
1400 605 1689 678 specialis,
1716 604 1902 661 deitas
1941 608 2114 675 atque

467 695 769 755 divinitas:
795 696 893 751 sed
917 699 1008 751 est
1026 711 1145 750 una
1164 695 1483 766 eademque
1505 694 1685 749 trium
1707 692 1885 749 simul
1917 709 2112 764 perso-

467 802 678 842 narum
701 784 887 840 deitas
907 787 1083 856 atque
1104 782 1578 855 substantia,qua
1592 798 1795 838 omnes
1806 786 1924 837 tres
1936 780 2111 836 simul

467 891 729 948 persona
742 890 901 929 unus
913 889 1086 928 verus
1119 872 1525 944 perfectasque
1544 874 1634 928 est
1656 875 1803 926 Deus
1825 886 1895 925 ex
1922 869 2112 942 pleni-

466 964 673 1022 tudine
691 962 869 1019 unius
888 963 1271 1035 ejusdemque
1281 961 1746 1034 divinitatis,qua
1756 959 1901 1016 nihil
1916 960 2114 1017 minus

465 1052 527 1109 in
547 1051 818 1126 singulis,
841 1050 987 1107 nihil
1015 1050 1271 1124 amplius
1299 1050 1648 1124 intelligitur
1668 1051 1875 1107 essein
1899 1050 2108 1105 tribus.

467 1141 684 1198 Ethinc
707 1139 1006 1197 indi-vidua
1022 1144 1197 1213 atque
1216 1140 1629 1213 inseparabilis
1641 1144 1844 1196 sancta
1855 1139 2113 1195 Trinitas

467 1230 702 1287 dicitur.
736 1230 902 1287 Sicut
932 1230 1047 1285 Leo
1073 1229 1145 1285 de
1176 1228 1327 1285 Urbe
1356 1228 1516 1284 orbis
1544 1229 1732 1302 capite
1774 1244 1889 1284 non
1920 1227 2112 1284 solum

466 1324 669 1375 contra
683 1318 949 1384 eum,sed
968 1322 1028 1373 et
1046 1334 1151 1391 per
1169 1320 1357 1373 totum
1376 1318 1666 1374 mundum
1686 1322 1889 1373 contra
1908 1333 2112 1372 omnes

466 1408 789 1477 hareticos,
822 1406 1126 1464 dulcisono
1176 1407 1372 1479 rugitu
1422 1406 1671 1477 intonat,
1705 1407 1776 1461 ad
1807 1406 2110 1461 Turibium

466 1496 901 1554 Asturicensem
957 1495 1309 1569 Episcopum
1339 1496 1602 1551 scribens
1631 1498 1808 1567 (epist.
1841 1497 1894 1561 4,
1923 1512 1973 1550 c.
2010 1496 2060 1567 1)
2094 1513 2108 1550 :

467 1610 495 1637 ‹‹
526 1586 672 1654 Quia
701 1585 983 1641 unitatem
1014 1584 1073 1640 in
1105 1584 1386 1641 Trinitate
1436 1601 1550 1640 non
1597 1584 1800 1641 eadem
1841 1600 2109 1657 persona,

467 1676 567 1731 sed
581 1676 781 1732 eadem
797 1674 1320 1746 impletesscntia.»
1344 1674 1413 1729 Et
1429 1672 1795 1746 Augustinus
1816 1662 2110 1745 expon'ens

462 1763 835 1820 Ambrosium
853 1763 1162 1830 dicentem,
1193 1764 1277 1817 Tu
1310 1763 1589 1819 Trinitatis
1615 1764 1822 1817 unitas.
1846 1785 1873 1812 ‹‹
1898 1761 2112 1817 Divini-

462 1832 665 1922 ta'tem,
690 1852 901 1956 inquit,
925 1851 1013 1908 vel
1035 1851 1084 1907 si
1105 1851 1438 1950 expressius
1459 1851 1572 1956 dici
1596 1855 1788 1949 potest
1808 1850 2105 1919 deitatem,
2138 1891 2186 1956 B

463 1956 592 2013 qua
622 1938 931 1996 Trinitatis
975 1942 1067 1995 est
1116 1939 1329 1995 unitas.
1366 1961 1394 1989 »
1428 1938 1785 1997 Athanasius
1815 1955 2110 2011 exponens

463 2028 605 2102 quid
624 2028 1037 2101 interpretetur
1049 2028 1247 2084 unitas
1269 2027 1427 2096 dicit,
1443 2028 1583 2100 quia
1599 2044 1717 2083 una
1738 2033 1826 2084 est
1836 2027 2032 2083 'Patris
2051 2032 2111 2085 et

464 2118 680 2174 Filiiet
708 2116 962 2189 Spiritus
987 2116 1570 2185 sanctidivinitas,ac
1595 2134 1697 2189 per
1724 2117 1833 2171 hoc
1863 2134 1977 2172 non
2009 2134 2107 2172 so-

464 2206 707 2262 111-480
726 2205 1140 2261 tantummodo
1187 2204 1312 2261 Filii
1360 2206 1566 2275 deitas,
1600 2211 1664 2260 ut
1693 2204 2107 2262 Gotbescaleus

463 2296 732 2365 dicit,sed
759 2294 885 2350 sola
902 2293 1029 2349 Filii
1054 2311 1301 2366 persona
1321 2295 2101 2367 assumpsithumanitatem,

463 2384 755 2440 ut-beatus
776 2382 1142 2455 Augustinus
1163 2383 1221 2438 in
1244 2383 1579 2455 supradicto
1614 2399 1880 2439 sermone
1901 2384 1972 2439 de
1995 2385 2105 2440 ﬁde

461 2478 665 2529 contra
723 2470 1086 2529 Sabellianos
1132 2476 1190 2527 et
1234 2471 1480 2528 Arianos
1523 2472 1663 2527 dicit
1697 2489 1709 2528 :
1744 2495 1772 2522 «
1807 2472 2101 2541 Quamvis,

461 2560 757 2634 inquiens,
779 2558 1010 2634 proprie
1048 2575 1297 2632 persona
1326 2559 1476 2632 Filii,
1502 2559 1559 2615 id
1578 2564 1669 2616 est
1693 2560 1794 2617 Dei
1823 2561 2103 2630 Verbum,

461 2648 784 2722 susceperit
813 2647 1153 2721 passibilem
1183 2647 1502 2719 hominem,
1534 2648 1617 2705 ita
1646 2653 1839 2705 tamen
1871 2651 2001 2723 ejus
2020 2651 2103 2727 in:

459 2738 817 2795 habitatione
866 2737 1192 2793 secundum
1238 2755 1406 2793 suam
1466 2738 1857 2795 substantiam
1914 2739 2103 2795 deitas

457 2827 630 2884 Verbi
651 2826 795 2883 nihil
818 2843 994 2900 passa
1011 2830 1120 2895 est,
1145 2831 1210 2883 ut
1229 2831 1349 2883 tota
1370 2827 1650 2893 Trinitas,
1681 2844 1860 2900 quam
1890 2827 2104 2900 impas-

456 2916 686 2974 sibilem
709 2933 837 2973 esse
859 2932 1094 2972 necesse
1127 2920 1215 2973 est
1235 2916 1518 2972 confiteri:
1543 2916 1624 2972 De
1645 2918 1817 2988 cujus
1848 2916 2100 2973 Trinita-

454 3006 553 3075 tis,
577 3005 798 3062 scilicet
837 3005 1021 3061 Patris
1040 3009 1098 3060 et
1120 3004 1246 3061 Filii
1272 3008 1329 3061 et
1357 3005 1609 3077 Spiritus
1638 3006 1846 3074 sancti,
1879 3006 2101 3062 unitate

455 3096 820 3163 substantia,
843 3093 904 3149 in
923 3092 1071 3149 libre
1094 3099 1296 3150 contra
1319 3094 1686 3150 Pascentium
1709 3094 1954 3167 (epistola
1978 3096 2099 3167 178)

456 3185 611 3241 idem
650 3184 858 3241 beatus
904 3182 1268 3256 Augustinus
1308 3182 1487 3238 dicit:
1516 3184 1660 3239 Ecce
1686 3190 1917 3254 ὁμούσιον
1949 3187 2101 3240 recte

2220 605 2404 661 dicens
2434 606 2525 661 illi
2557 621 2569 661 :
2605 606 2713 661 Fili
2766 604 2958 671 David,
3005 621 3078 661 ne
3112 606 3302 661 timeas
3355 608 3585 678 recipere
3627 608 3825 666 loriam

2220 710 2448 751 uenerem
2476 702 2645 762 tuam,
2679 694 2820 767 quod
2867 696 3016 750 enim
3052 710 3123 749 ex
3162 711 3227 750 ea
3264 701 3533 761 nascetur,
3561 696 3622 753 de
3643 694 3827 770 Spiritu

2219 791 2403 839 sancto
2426 790 2506 839 est
2533 783 2735 855 (Matth.
2771 784 2930 853 1,18).
2963 784 3034 838 Et
3061 782 3198 838 licet
3225 782 3510 856 sapientia
3534 783 3847 845 Salomonir

2221 870 2281 926 in
2304 870 2627 927 Proverbiis
2647 871 2721 927 de
2750 887 2990 944 corpore
3021 870 3338 927 Salvatoris
3368 871 3595 941 diceret,
3621 872 3824 947 διψίαν-

2220 960 2301 1016 tia
2321 959 2618 1032 aediﬁcavit
2660 961 2771 1016 sibi
2815 960 3037 1017 domum
3083 962 3270 1031 (Prov.
3304 977 3381 1028 1x,
3417 960 3487 1032 1),
3518 966 3575 1017 et
3602 961 3695 1019 hic
3714 980 3824 1036 pro-

2221 1048 2418 1104 litetur
2439 1049 2807 1121 unigenitum
2830 1053 3148 1105 creatorem
3163 1049 3426 1122 corporis
3445 1048 3843 1118 sui,hictamen'

2220 1136 2563 1208 angelus‘ex
2593 1137 2815 1210 Spiritu
2864 1142 3065 1195 sancto
3125 1137 3272 1193 illud
3328 1154 3457 1195 esse
3496 1138 3653 1207 dixit,
3681 1142 3829 1198 et-sie

2220 1226 2413 1283 omnis
2432 1226 2799 1282 Christianus
2811 1243 2947 1282 cum
2959 1226 3271 1283 instruitur
3288 1226 3848 1301 credit.Nequeeni1na

2221 1313 2523 1386 Scriptura
2555 1315 2711 1372 circa
2756 1314 3099 1371 Trinitatem
3148 1316 3461 1389 discrepat,
3492 1332 3659 1373 unam
3686 1334 3826 1375 eam-

2219 1403 2473 1475 demque
2518 1403 2915 1478 operationem
2963 1404 3094 1476 ejus
3142 1405 3354 1460 factam
3384 1405 3826 1476 ubiquedooeas.’

2220 1491 2482 1565 Denique
2537 1494 2721 1550 Deum
2775 1492 3037 1567 paritura
3093 1494 3264 1549 beata
3291 1493 3467 1567 Virgo
3491 1492 3681 1563 Maria,
3710 1511 3841 1551 cum-

2219 1581 2545 1639 Gabrielem
2565 1582 2829 1640 audisset
2855 1582 3167 1650 dicentem,
3196 1584 3327 1639 Ecce
3356 1585 3418 1639 in
3442 1590 3592 1640 utero
3616 1585 3829 1653 habebis,

2217 1680 2269 1729 et
2290 1674 2478 1746 paries
2504 1674 2705 1744 ﬁlium,
2735 1681 2789 1729 et
2814 1674 3030 1730 vocabis
3068 1689 3267 1729 nomen
3296 1674 3414 1746 ejus
3437 1678 3641 1743 Iesum,
3668 1678 3719 1730 et
3736 1691 3826 1730 ca-

2217 1765 2359 1831 tera,
2392 1766 2450 1818 et
2477 1779 2614 1818 cum
2645 1762 3081 1835 interrogasset,
3116 1762 3402 1835 Quomodo
3429 1766 3535 1820 erit
3562 1763 3696 1819 istud
3720 1766 3827 1836 quia

2216 1852 2402 1905 virum
2429 1866 2540 1907 non
2567 1852 2868 1924 novi(Luc.
2901 1868 2944 1918 1,
2977 1852 3069 1920 31)
3091 1851 3119 1907 ‘t
3150 1851 3354 1909 statim
3413 1852 3648 1908 docetur
3677 1853 3745 1908 ab
3772 1868 3831 1909 eo

2218 1939 2445 1995 dicente
2476 1957 2489 1996 :
2522 1939 2761 2014 Spiritus
2787 1948 3008 1997 sanctus
3048 1943 3394 2013 superveniet
3420 1943 3482 1997 in
3517 1948 3582 2010 te,
3610 1950 3663 1999 et
3682 1943 3843 1997 virtus:

2217 2028 2488 2084 Altissimi
2515 2029 2860 2086 obumbrabit
2885 2036 2952 2086 te.
2984 2030 3275 2101 Propterea
3334 2029 3474 2103 quod
3518 2037 3751 2086 nascetur
3770 2047 3829 2087 es

2216 2125 2271 2172 te
2292 2125 2562 2185 sanetum,
2591 2118 2872 2174 vocabitur
2918 2119 3096 2174 Filius
3124 2119 3241 2174 Dei.
3275 2119 3440 2184 Quod
3464 2118 3522 2174 ‘si
3550 2118 3719 2175 virtus
3741 2119 3824 2175 Ai-

2217 2206 2429 2261 tissimi
2462 2210 2552 2262 est
2580 2207 2919 2279 unigenitus
2935 2207 3260 2263 secundum
3285 2207 3529 2262 Paulum
3549 2208 3821 2274 dicentem,

2216 2294 2459 2351 Christus
2487 2297 2587 2351 Dei
2613 2298 2788 2352 virtus
2816 2292 2875 2353 et"
2892 2298 3164 2368 sapientia
3193 2297 3237 2368 (l
3266 2296 3392 2353 Cor.
3423 2297 3577 2366 1,24),
3605 2297 3824 2369 Spiritus

2212 2399 2346 2440 vero
2403 2389 2642 2441 sanctus
2699 2384 3033 2441 Paracletus
3076 2386 3232 2441 400
3273 2385 3522 2458 spiritus
3575 2386 3819 2455 veritatis,

2212 2470 2423 2545 hisque
2450 2473 2943 2531 obumbrantibus
2983 2470 3253 2547 paritura
3271 2474 3459 2530 Deum
3491 2474 3663 2531 Maria
3688 2490 3819 2531 crea-

2212 2564 2338 2616 tum
2387 2566 2477 2618 est
2522 2562 2893 2619 Dominicum
2943 2561 3253 2636 templum,
3287 2563 3532 2637 angelus
3561 2566 3740 2620 autem
3756 2577 3821 2619 ex

2212 2648 2431 2722 Spiritu
2463 2655 2667 2707 sancto
2692 2655 2957 2707 creatum
2987 2650 3154 2706 illum
3187 2643 3353 2720 dixit,
3383 2667 3491 2707 cur
3517 2668 3627 2708 non
3654 2666 3822 2723 opera-

2210 2737 2427 2797 tionem
2460 2755 2589 2795 esse
2617 2739 2924 2797 Trinitatis
2944 2740 3252 2797 erudimur
3269 2740 3299 2796 ‘t
3323 2763 3352 2791 »
3375 2741 3445 2797 Et
3470 2745 3698 2798 sanctus
3712 2742 3823 2796 Αω-

2210 2826 2443 2883 brosius
2473 2827 2532 2883 in
2561 2827 2710 2884 libro
2752 2830 3010 2885 secundo
3037 2832 3181 2901 (cap.
3214 2830 3273 2899 8)
3302 2830 3377 2885 de
3408 2829 3623 2903 Spiritu
3648 2833 3851 2885 sanctos

2209 2915 2353 2972 dicit
2384 2932 2398 2972 :
2432 2938 2462 2967 «
2490 2916 2744 2986 Etenim,
2772 2918 2985 2991 inquit,
3016 2919 3169 2974 sicut
3196 2917 3451 2991 legimus
3479 2919 3616 2993 quia
3637 2917 3835 2975 creavit

2210 3003 2378 3062 Pater
2397 3005 2709 3062 Dominica
2726 3005 3144 3064 incarnationis
3172 3005 3839 3077 sacramentum,-creavit-

2209 3097 2268 3148 et
2289 3092 2544 3165 Spiritus
2562 3098 2823 3163 sanctus,
2847 3095 2930 3152 ita
2949 3100 3008 3153 et
3025 3095 3279 3169 legimus
3299 3098 3458 3170 quod
3480 3101 3537 3154 et
3554 3098 3672 3170 ipse
3688 3094 3824 3152 Chri-

2209 3187 2341 3240 stus
2382 3200 2558 3240 suum
2607 3200 2823 3257 corpus
2861 3186 3097 3242 creavit.
3129 3185 3357 3243 Creavit
3384 3188 3540 3244 enim
3570 3188 3722 3244 Pater
3744 3201 3823 3242 se-

455 3274 776 3348 probamus
796 3272 1077 3345 positum,
1100 3271 1233 3327 etin
1257 3272 1636 3329 assertionem
1670 3273 1949 3344 ﬁdei,qua
1977 3272 2103 3329 Tri-
2128 3263 2171 3329 C
2210 3272 2470 3328 cundum
2526 3273 2683 3345 quod
2731 3273 3015 3347 scriptum
3056 3278 3165 3343 est,
3198 3278 3483 3334 Dominus
3514 3277 3721 3335 creavit
3742 3290 3851 3332 nis‘

453 3362 609 3419 nitas
637 3361 834 3417 unitas
855 3378 890 3416 a
909 3360 1211 3418 catholicis
1241 3362 1516 3431 creditur,
1536 3378 1570 3417 a
1590 3362 1802 3418 Gracis
1832 3362 2101 3419 Patribus

451 3451 697 3507 dictum.
732 3471 761 3500 »
790 3450 859 3505 Et
885 3453 1020 3521 post
1049 3467 1235 3522 pauca
1266 3466 1280 3505 :
1315 3473 1342 3500 ‹‹
1371 3459 1625 3522 Ὀμούσιος
1670 3466 1806 3522 ergo
1862 3449 2100 3523 exponi-

451 3545 551 3597 tur
569 3539 747 3595 unius
766 3538 1111 3595 substantia
1136 3540 1304 3596 Pater
1322 3544 1381 3595 et
1404 3540 1585 3596 Filius
1604 3544 1662 3596 et
1690 3539 1942 3613 Spiritus
1971 3557 2103 3597 san-

450 3634 601 3686 ctus.
636 3652 665 3679 ››
696 3629 765 3684 Et
794 3628 931 3684 item
964 3628 1023 3684 in
1052 3630 1256 3685 eodem
1290 3628 1470 3685 libro:
1506 3651 1535 3680 ‹‹
1561 3628 1896 3685 Ahsurdum
1921 3629 2102 3703 igitur

450 3735 567 3775 non
600 3722 689 3774 est
717 3723 781 3774 ut
807 3718 866 3773 in
897 3718 1161 3775 conciliis
1191 3719 1426 3774 Patrum
1474 3719 1667 3774 Graec
1707 3719 1881 3775 verbo
1913 3719 2099 3776 Patris

449 3812 508 3864 et
531 3807 656 3864 Filii
684 3812 743 3863 ct
764 3807 1017 3880 Spiritus
1038 3808 1222 3863 sancti
1249 3824 1366 3862 una
1385 3807 1716 3863 substantia
1745 3808 2095 3876 ﬁrmaretur,

448 3913 581 3954 cum
606 3912 782 3970 super
802 3897 1098 3969 apostolos
1110 3897 1385 3969 primitus
1398 3896 1585 3953 sancti
1600 3896 1852 3969 Spiritus
1864 3899 2100 3970 propria

446 3986 714 4059 largitate
745 3985 1079 4058 linguarum
1111 3985 1358 4041 varietas
1395 3986 1792 4043 funderetur.»
1824 3987 1893 4042 Et
1922 3987 2096 4059 paulo

447 4078 617 4149 post:
651 4096 678 4124 α
703 4073 867 4129 Sicut
887 4073 1041 4129 enim
1066 4074 1263 4130 Graca
1290 4073 1513 4146 lingua,
1536 4075 1691 4146 quod
1730 4080 1820 4130 est
1842 4084 2093 4147 ὸμούσιον,

447 4178 569 4220 una
594 4160 812 4218 dicitur
840 4161 928 4217 vel
954 4162 1215 4217 creditur
1244 4179 1279 4217 a
1308 4162 1579 4218 ﬁdelibus
1625 4163 1926 4221 Trinitatis
1970 4182 2094 4221 om-

446 4250 588 4307 nino
614 4250 968 4318 substantia,
1002 4250 1086 4306 sic
1116 4268 1235 4306 una
1282 4255 1522 4324 rogatur
1576 4256 1641 4307 ut
1687 4254 2034 4310 misereatur
2061 4271 2097 4311 a

446 4339 675 4397 cunctis
697 4338 919 4395 Latinis
938 4344 996 4395 et
1016 4340 1286 4396 Barbarie
1308 4340 1484 4397 unius
1506 4341 1607 4398 Dei
1630 4347 1862 4399 natura.
1898 4365 1927 4393 »
1957 4345 2093 4410 Qua

447 4427 624 4485 unius
652 4427 998 4485 substantia
1029 4432 1150 4485 tota
1180 4433 1382 4485 sancta
1398 4429 2093 4506 Trinitas,cujusinsepa-

447 4514 651 4573 rabilis
679 4520 769 4573 est
797 4517 1078 4590 operatio,
1111 4517 1265 4573 sicut
1310 4522 1367 4574 et
1396 4519 1581 4576 deitas
1611 4536 1679 4577 ac
1707 4520 2000 4590 voluntas,
2031 4522 2091 4578 in

2209 3360 2368 3433 (Gal.
2383 3364 2552 3432 mli).
2577 3363 2647 3418 Et
2669 3362 3011 3431 alibi,Misit
3034 3368 3180 3420 Deus
3198 3365 3430 3424 Filium
3447 3382 3608 3424 suum
3627 3367 3819 3438 factm

2208 3466 2284 3505 ex
2303 3453 2561 3521 muliere,
2581 3454 2812 3529 factum
2831 3456 2939 3513 sub
2961 3456 3090 3531 lege
3110 3456 3348 3527 (Matth.
3360 3457 3529 3530 1,18).
3550 3455 3758 3513 Creavit
3771 3456 3820 3509 et

2210 3539 2463 3613 Spiritus
2482 3542 2627 3600 illud
2649 3561 2823 3601 omne
2843 3545 3187 3620 mysterium
3209 3547 3537 3603 secundum
3549 3542 3823 3619 quodlegi-

2208 3630 2509 3703 mus,quia
2526 3634 2765 3691 inventa
2788 3645 2871 3692 est
2889 3636 3091 3692 Maria
3108 3637 3169 3692 in
3188 3641 3356 3692 utero
3382 3636 3598 3694 habens
3621 3635 3690 3692 de
3712 3632 3821 3706 Spi-

2206 3720 2333 3775 ritu
2360 3731 2584 3779 sancto.
2617 3724 2808 3780 Habes
2856 3723 2996 3797 quia
3045 3725 3262 3782 creavit
3308 3725 3497 3795 Pater,
3535 3724 3737 3782 creavit
3773 3724 3824 3777 et

2208 3809 2463 3881 Spiritus
2497 3817 2756 3884 sanctus,
2782 3813 2979 3887 accipe
3015 3815 3156 3887 quia
3178 3815 3402 3871 creavit
3425 3819 3484 3872 et
3512 3813 3687 3871 Filius
3714 3809 3819 3878 Dei,

2206 3898 2435 3955 dicente
2455 3901 3104 3976 Salomone,Sapientia
3114 3905 3229 3961 sibi
3244 3905 3386 3976 fecit
3407 3906 3636 3962 domum
3648 3904 3819 3975 (Prov.

2206 4002 2283 4058 1x,
2302 3989 2411 4062 1).»
2444 3991 2657 4047 Beatus
2687 3991 3071 4049 nihilominus
3097 3992 3467 4067 Augustinus
3490 3994 3550 4051 in
3581 4005 3822 4051 sermons

2205 4079 2275 4134 de
2302 4077 2586 4137 Trinitate
2617 4080 2738 4139 hac
2767 4082 2970 4139 eadem
3019 4082 3453 4156 Scripturarum
3497 4078 3822 4141 testimoniis

2204 4169 2530 4226 conﬁrmat.

2273 4259 2344 4313 Et
2366 4262 2784 4318 memorandus
2800 4261 2890 4317 vir
2908 4260 3209 4331 Alcuinus,
3228 4262 3288 4318 in
3306 4262 3457 4320 libro
3482 4263 3552 4319 ad
3564 4274 3819 4335 magnum

2202 4347 2613 4420 imperatorem
2658 4350 2930 4408 Carolum
2976 4352 3048 4408 de
3098 4352 3233 4419 fide,
3265 4351 3507 4409 collecto
3553 4368 3620 4409 ex
3653 4345 3819 4406 sancti

2199 4437 2514 4509 Augustini
2541 4437 2691 4495 libro
2721 4439 2909 4512 primo
2940 4440 3012 4496 de
3039 4439 3349 4509 Trinitate,
3380 4445 3440 4499 et
3466 4440 3706 4498 aliorum
3730 4452 3820 4493 eeo

2201 4526 2553 4584 tholicorum
2573 4532 2808 4601 patrum
2827 4529 3001 4586 dictis
3020 4533 3081 4586 et
3100 4529 3395 4599 sensibus,
3404 4542 3652 4604 quorum
3669 4526 3822 4584 verba

447 4610 925 4706 utere‘perpetua
941 4606 1185 4706 virginis
1198 4607 1383 4706 beata
1404 4612 1462 4664 et
1477 4608 1740 4682 gloriosa
1758 4611 1952 4667 Maria
1981 4611 2089 4706 hu-
2123 4636 2171 4703 D
2200 4616 2301 4688 qui
2329 4616 2389 4672 in
2432 4617 2556 4674 suis
2597 4617 2743 4675 locis
2771 4616 2977 4692 legerit
3002 4618 3064 4674 in
3094 4619 3205 4675 hoc
3233 4635 3407 4693 opere
3437 4628 3821 4706 recognoscere

447 4695 813 4763 manitatem,
835 4711 1012 4768 quam
1030 4695 1089 4750 in
1111 4695 1335 4752 unitate
1351 4713 1609 4770 persona
1632 4717 1749 4755 sua
1770 4701 2096 4774 assumpsit
2123 4695 2163 4703 ⁷
2202 4706 2436 4777 poterit,
2467 4706 2551 4762 ita
2581 4707 2722 4763 dicit
2749 4707 2882 4777 (lib.
2916 4724 2981 4764 111
3007 4709 3082 4765 de
3102 4708 3213 4782 [ide
3235 4710 3293 4765 S.
3330 4708 3517 4779 Trin.,
3545 4724 3674 4782 cap.
3706 4704 3817 4777 10):

445 4784 547 4841 Dei
572 4782 775 4850 Filius,
799 4801 918 4839 una
936 4800 1005 4839 ex
1043 4785 1245 4840 eadem
1276 4790 1479 4842 sancta
1507 4788 1789 4845 Trinitate
1819 4806 2088 4862 persona,

446 4871 818 4929 inetl'abiliter
840 4876 896 4928 et
918 4872 1583 4945 incomprehensibiliter
1612 4877 2093 4944 fabricavit,sicut

444 4967 685 5020 sanctus
731 4961 1087 5018 Athanasius
1138 4963 1194 5018 in
1241 4962 1387 5019 libro
1419 4966 1582 5038 (libro
1610 4984 1683 5034 χι,
1714 4970 1773 5022 in
1800 4968 2085 5039 medium),

443 5052 515 5108 de
546 5053 659 5108 {ide
689 5051 850 5120 dicit,
891 5073 911 5101 ι
947 5052 1108 5117 Quod
1159 5057 1269 5119 est,
1303 5053 1595 5126 inquiens,
1629 5060 1822 5127 majus
1866 5058 1923 5112 in
1968 5062 2089 5114 tota

443 5146 728 5211 creatura,
753 5140 864 5197 hoc
884 5144 974 5196 est
1002 5158 1214 5214 corpus
1252 5142 1503 5212 Domini,
1536 5161 1604 5199 ex
1635 5146 1854 5217 Spiritu
1885 5153 2087 5203 sancto

444 5246 571 5287 esse
591 5230 867 5299 creditur,
893 5229 1046 5287 sicut
1083 5231 1438 5305 evangelista
1467 5232 1773 5290 Matthaus
1798 5235 2039 5291 tradidit
2070 5253 2084 5293 :

445 5317 647 5375 Christi
670 5322 945 5392 generatio
973 5323 1055 5377 sic
1080 5322 1209 5394 fuit.
1245 5322 1379 5378 Cum
1406 5322 1723 5395 desponsata
1752 5332 1887 5380 esset
1913 5324 2089 5380 Maria

441 5415 617 5463 mater
658 5408 776 5479 ejus
803 5409 871 5465 ab
897 5411 1109 5483 Ioseph,
1138 5419 1429 5485 antequam
1473 5414 1824 5468 convenireni
1868 5416 2088 5469 inventa

442 5503 529 5551 est
548 5497 611 5551 in
637 5503 789 5553 utero
845 5499 1047 5556 habens
1092 5501 1159 5557 de
1205 5501 1419 5574 Spiritu
1459 5509 1660 5558 sancto.
1686 5504 1877 5575 Ioseph
1907 5510 2087 5559 autem

442 5586 531 5643 vir
555 5586 674 5659 ejus
701 5602 825 5642 ctua
851 5596 986 5644 esset
1012 5590 1171 5647 homo
1199 5592 1384 5663 justus
1410 5598 1461 5648 et
1484 5591 1655 5647 nollet
1678 5608 1799 5648 eam
1825 5592 2084 5665 detegere,

442 5675 623 5738 voluit
634 5690 762 5735 eam
784 5677 990 5739 occulte
1012 5678 1303 5740 diruittere.
1333 5681 1463 5741 Hac
1499 5687 1680 5741 autem
1707 5697 1770 5743 eo
1796 5684 2081 5759 cogitante,

2201 4817 2228 4845 ‹‹
2255 4797 2624 4868 Quanquam,
2649 4796 2943 4868 inquiens,
2968 4814 3087 4853 una
3102 4798 3182 4853 sit
3202 4802 3411 4854 natura
3431 4803 3640 4855 sancta
3655 4792 3820 4852 Trini-

2202 4884 2359 4955 tatis,
2392 4901 2507 4941 non
2547 4888 2741 4941 tamen
2789 4890 2911 4943 tota
2954 4886 3212 4944 Trinitas
3258 4888 3563 4945 incarnata
3597 4888 3699 4953 est,
3727 4880 3817 4938 sed

2199 4973 2324 5029 sola
2346 4972 2473 5029 Filii
2496 4990 2744 5046 persona
2764 4974 3085 5032 humanam
3108 4977 3561 5034 misericorditer
3584 4968 3819 5044 suscepit

2199 5067 2490 5118 naturam.
2524 5063 2637 5119 Nec
2668 5069 2863 5121 tamen
2895 5067 2977 5122 ita
3006 5066 3104 5122 Dei
3140 5066 3320 5123 Filius
3356 5068 3689 5123 incarnatus
3717 5064 3823 5126 est,

2197 5155 2264 5206 ut
2284 5168 2401 5206 una
2423 5157 2577 5207 esset
2597 5152 2656 5207 in
2677 5169 2744 5209 eo
2766 5158 2977 5211 natura
2996 5155 3318 5212 divinitatis
3338 5161 3397 5211 et
3416 5155 3625 5211 carnis.
3639 5152 3827 5223 Neque

2197 5239 2353 5295 enim
2384 5257 2455 5295 ex
2480 5240 2708 5298 Christo
2737 5242 2848 5299 hoc
2878 5244 3065 5300 deitas
3094 5245 3286 5317 potuit
3321 5261 3450 5301 esse
3480 5243 3644 5317 quod
3674 5252 3812 5301 caro.

2197 5333 2300 5385 aut
2327 5345 2460 5386 caro
2509 5332 2663 5403 quod
2711 5333 2917 5403 deitas,
2951 5333 3092 5406 quia
3118 5340 3369 5407 utraque
3400 5337 3627 5398 natura,
3657 5329 3711 5385 id
3737 5328 3815 5383 est

2195 5417 2517 5475 divinitatis
2542 5426 2600 5476 et
2615 5420 3023 5495 humanitatis,
3039 5422 3100 5479 in
3123 5441 3231 5480 sua
3246 5422 3568 5497 permansit
3582 5416 3815 5495 proprie-

2193 5512 2330 5565 tate.
2366 5509 2673 5583 Prcpterea
2718 5511 2921 5585 utique
2969 5514 3292 5570 humanam
3335 5516 3623 5580 naturam,
3652 5507 3708 5563 id
3735 5506 3837 5560 est‘

2192 5614 2428 5656 carnem
2458 5599 2979 5676 rationabilcmque
3007 5603 3408 5671 animam,non
3437 5618 3473 5658 a
3498 5603 3621 5658 tota
3645 5591 3825 5654 Trini'

2192 5692 2330 5761 tate,
2363 5690 2466 5749 sed
2514 5706 2549 5749 a
2597 5689 2721 5750 solo
2774 5691 2918 5751 Filio
2975 5694 3327 5755 conﬁtemur
3376 5691 3721 5768 susceptam,
3754 5681 3839 5740 in‘
