4018 6462
191 413 302 476 553

1127 417 1230 478 DE
1275 418 1438 479 UNA
1484 417 1582 477 ET
1627 415 1784 476 NON
1829 413 2072 476 TRINA
2115 417 2655 484 DISSERTATIO.

3472 425 3591 486 554

183 545 476 604 unitatem
509 546 725 620 quippe
747 563 1030 620 personae,
1055 565 1168 604 non
1193 549 1251 604 in
1274 547 1555 604 unitatem
1589 551 1830 604 naturae.
1861 543 1916 614 Α
1947 569 1974 598 ‹‹
2005 565 2103 604 rea
2129 551 2284 607 trina
2313 551 2440 625 ipsa
2465 554 2698 624 mersio,
2715 559 2772 610 et
2793 555 3013 612 trinum
3035 557 3480 630 baptismum,id
3504 549 3593 614 est

185 635 396 709 Utique
425 652 680 708 persona
709 635 836 692 Filii
867 654 984 692 non
1015 641 1103 694 est
1133 639 1336 694 eadem
1369 655 1498 710 qua:
1539 637 1722 693 Patris
1748 640 1838 693 est

186 728 286 782 aut
315 723 574 796 Spiritus
605 725 814 780 sancti.
849 725 1056 781 Unitas
1085 741 1221 798 ergo
1253 743 1532 799 personae,
1563 729 1835 782 manente

186 814 473 869 duntaxat
503 812 813 886 utriusque
844 813 1198 888 proprietate
1219 815 1832 881 substantim,sicutin

185 903 415 959 Christo
447 919 761 976 personam
793 921 910 960 non
943 903 1076 960 fecit
1106 905 1420 978 duplicem,
1448 905 1532 961 sic
1562 905 1833 960 humana:

181 984 406 1049 naturae
465 993 902 1066 susceptionem
960 1011 1074 1050 non
1120 994 1256 1050 fecit
1305 998 1520 1050 sanctae
1562 992 1834 1050 Trinitati

184 1097 373 1138 comm
383 1083 672 1138 unem.Ad
687 1099 998 1155 personam
1023 1083 1237 1156 quippe
1258 1082 1359 1138 Dei
1382 1083 1555 1139 Verbi
1576 1085 1832 1138 tantum-

183 1169 355 1227 mede
378 1169 642 1244 acceptio
663 1169 766 1227 illa
786 1171 1012 1228 servilis
1034 1171 1232 1228 formae
1255 1173 1538 1245 pertinet:
1563 1173 1664 1228 sed
1687 1170 1833 1227 nihil

181 1259 392 1316 divina;
422 1259 812 1332 plenitudinis
842 1260 1268 1330 abstulit,nihil
1292 1262 1712 1317 dominationis
1731 1261 1832 1317 ad-

181 1349 323 1418 emit
343 1348 406 1404 in
429 1349 664 1406 Christo
686 1349 1072 1406 humanitatis
1093 1351 1559 1424 susceptio.Hinc
1575 1355 1662 1406 est
1677 1351 1832 1424 quod

181 1438 236 1494 in
269 1455 392 1495 uno
413 1440 739 1512 eodemque
757 1439 990 1496 Christo
1011 1444 1066 1496 et
1087 1439 1357 1496 humanae
1380 1445 1602 1496 naturae
1621 1441 1834 1497 veritas

179 1525 414 1596 claruit,
433 1531 494 1584 et
513 1528 720 1584 divina;
741 1533 962 1585 natura:
985 1529 1548 1585 incommutabilitas
1569 1547 1836 1602 perman-

181 1616 252 1674 sit
292 1621 535 1674 aeterna.
571 1619 687 1674 lloc
731 1622 930 1675 tamen
984 1619 1289 1676 sciendum
1340 1622 1448 1686 est,
1479 1621 1631 1693 quod
1683 1619 1834 1675 hane

178 1705 452 1764 servilem
486 1707 758 1776 formam,
793 1723 972 1780 quam
1003 1707 1164 1765 solus
1205 1707 1306 1764 Dei
1357 1708 1538 1764 Filius
1587 1709 1830 1782 accepit,

173 1798 300 1858 tota
331 1794 595 1852 Trinitas
625 1795 796 1866 fecit;
831 1813 1011 1870 quam
1040 1801 1238 1854 tamen
1279 1801 1504 1854 certum
1535 1801 1625 1854 est
1653 1815 1686 1854 a
1713 1801 1835 1854 tota

177 1889 388 1942 sancta
417 1883 706 1987 Trinitate
726 1885 940 1987 factam
963 1887 1034 1942 ad
1060 1886 1247 1943 solam
1272 1885 1398 1944 Filii
1421 1887 1521 1944 Dei
1547 1887 1834 1960 pertinere

178 1989 517 2048 personam.
553 1970 678 2030 Non
709 1975 866 2031 enim
898 1975 1066 2032 Pater
1092 1993 1323 2032 carnem
1358 1977 1698 2049 assumpsit,
1731 1993 1832 2032 ne-

177 2080 290 2138 que
323 2063 584 2136 Spiritus
615 2067 874 2134 sanctus,
899 2064 1000 2120 sed
1034 2064 1218 2120 Filius
1241 2069 1566 2134 tantum,ut
1587 2066 1684 2139 qui
1710 2073 1837 2121 erat

175 2153 230 2210 in
255 2153 576 2210 divinitate
609 2153 710 2210 Dei
743 2153 931 2210 Patris
959 2153 1160 2222 Filius,
1185 2155 1310 2228 ipse
1334 2155 1497 2210 ﬁeret
1518 2155 1576 2210 in
1599 2154 1834 2212 homine

175 2243 386 2300 matris
417 2242 680 2316 Virginis
729 2241 909 2312 ﬁlius,
941 2261 1015 2300 ne
1061 2243 1168 2300 filii
1218 2261 1428 2300 nomen
1481 2243 1537 2299 in
1591 2243 1832 2306 alteram

173 2319 461 2389 transiret
495 2347 826 2405 personam,
857 2331 956 2406 qui
985 2349 1100 2389 non
1133 2337 1288 2390 esset
1325 2333 1622 2390 nativitate
1653 2331 1830 2389 ﬁlius.

173 2419 274 2479 Dei
329 2433 472 2495 ergo
519 2418 704 2478 Filius
759 2421 1018 2478 hominis
1069 2422 1258 2479 factus
1311 2427 1400 2479 est
1448 2421 1626 2493 illius,
1659 2425 1834 2480 natus

173 2511 512 2574 secundum
542 2509 847 2567 veritatem
896 2515 1120 2568 naturas
1172 2525 1241 2568 ex
1288 2511 1403 2567 Deo
1451 2511 1553 2566 Dei
1603 2510 1829 2568 Filius:

173 2601 322 2658 491
378 2602 438 2656 et
486 2599 815 2656 secundum
862 2599 1164 2657 veritatem
1215 2603 1436 2656 natura:
1483 2615 1552 2655 ex
1597 2599 1834 2656 homine

168 2676 440 2744 hominis
471 2685 631 2742 filius
664 2685 724 2742 in
755 2689 1005 2760 utraque
1034 2689 1414 2759 naturatnon
1447 2685 1834 2758 appellatione

171 2779 413 2832 tantum
463 2774 558 2830 vel
605 2774 940 2848 adoptione,
976 2775 1078 2832 sed
1126 2774 1368 2832 veritate
1413 2775 1514 2830 Dei
1564 2773 1830 2830 Filius.»

171 2865 308 2930 Ideo
343 2878 464 2921 non
501 2865 641 2920 sunt
671 2863 788 2920 duo
819 2861 1036 2920 Christi
1083 2863 1208 2932 ﬁlii,
1243 2880 1350 2919 nec
1397 2863 1512 2920 duo
1563 2861 1697 2931 ﬁlii;
1729 2861 1831 2918 sed

169 2965 332 3012 unus
362 2953 660 3020 Christus,
692 2956 750 3009 et
771 2969 928 3008 unus
957 2951 1139 3022 ﬁlius,
1165 2953 1320 3010 Deus
1351 2957 1409 3010 et
1437 2953 1612 3009 homo
1647 2969 1661 3008 :
1695 2969 1836 3026 quo-

167 3041 336 3100 niam
367 3043 529 3100 Deus
553 3041 652 3098 Dei
676 3041 859 3098 Filius
879 3041 1200 3098 humanam
1222 3041 1516 3116 assumpit
1534 3045 1830 3110 naturam,

171 3149 284 3190 non
322 3147 678 3206 personam;
709 3131 772 3187 in
817 3133 1098 3188 aeternum
1147 3130 1474 3204 suscipiens
1520 3145 1832 3205 personam

170 3216 526 3293 divinitatis,
557 3219 940 3293 temporalem
978 3219 1367 3276 humanitatis
1413 3221 1830 3276 substantiam.
1862 3273 1870 3290 ,

1943 659 1972 687 ‹‹
2005 637 2160 694 trina
2191 633 2413 709 tinctio,
2448 659 2585 714 non,
2619 645 2774 716 quod
2808 644 2982 712 absit,
3014 649 3131 701 tres
3159 647 3502 717 mersiones,
3529 649 3590 704 et

1943 746 1973 774 «
2005 728 2124 781 tres
2155 727 2484 798 tinctiones,
2508 736 2610 786 aut
2641 731 2752 786 tria
2773 737 2911 788 sunt
2931 733 3285 805 baptismata
3308 753 3320 790 :
3347 737 3448 791 sed
3469 753 3587 792 una

1945 836 1972 864 ‹‹
2005 819 2094 870 est
2125 817 2469 888 generaliter
2497 819 2732 888 mersio,
2765 825 2820 876 et
2841 839 2959 877 una
2977 821 3265 890 tinctio,id
3289 829 3376 878 est
3397 841 3582 880 unum

1943 924 1971 953 «
2007 903 2319 977 baptisma,
2353 908 2580 964 dicente
2609 909 2880 982 Apostolo
2905 927 2918 964 :
2947 933 2975 961 υ
3003 913 3148 968 Unus
3177 912 3586 982 Dominus,una

1941 991 2092 1064 ﬁdes,
2123 1010 2298 1050 unum
2327 995 2594 1069 baptisma
2622 998 2840 1070 (Ep/ws.
2875 1017 2951 1068 ιν,
2973 1001 3050 1070 5).

2010 1098 2084 1136 xr
2107 1081 2265 1138 More
2286 1101 2392 1140 suo
2419 1085 2702 1142 novitates
2723 1088 3586 1162 vocum,quibussemperdele-

1942 1173 2133 1225 etatus
2163 1175 2270 1240 est,
2293 1177 2358 1228 et
2386 1173 2698 1246 exquisivit
2729 1178 2794 1230 ut
2823 1177 3060 1248 sapiens
3088 1177 3355 1234 videatur
3373 1179 3446 1235 ad
3468 1177 3588 1234 elu-

1943 1259 2196 1314 dendam
2219 1260 2351 1316 fidei
2375 1261 2968 1335 simplicitatem,etin
2992 1265 3102 1321 hac
3125 1271 3396 1332 causa,ut
3418 1284 3586 1323 suam

1941 1365 2176 1420 pravam
2237 1351 2583 1408 conﬁrmare
2629 1357 2826 1425 posset
2871 1354 3221 1410 sententiam
3271 1355 3586 1412 adinvenit.

1942 1435 2106 1492 Sicut
2133 1438 2206 1493 ad
2239 1437 2346 1494 hoc
2377 1441 2846 1497 confirmandum
2878 1444 3030 1516 quod
3063 1441 3454 1517 dixerat,quia
3482 1445 3583 1501 Ju-

1941 1527 2046 1582 das
2076 1530 2132 1582 et
2160 1527 2358 1583 Simon
2393 1547 2602 1603 magus
2623 1535 2682 1587 et
2703 1531 2830 1587 falsi
2871 1532 3078 1588 fratres
3115 1533 3185 1588 de
3207 1533 3424 1606 quibus
3441 1534 3586 1589 dicit

1941 1616 2272 1688 Apostolus,
2307 1622 2364 1673 et
2403 1635 2605 1675 omnes
2652 1620 2927 1693 baptizati
2977 1621 3192 1676 Christi
3239 1623 3590 1696 baptismate

1941 1703 2040 1776 qui
2064 1721 2177 1760 non
2205 1711 2344 1762 sunt
2366 1707 2646 1777 salvandi,
2664 1727 2778 1764 non
2805 1709 3040 1765 fuerunt
3060 1710 3274 1767 Christi
3301 1711 3587 1786 sanguine

1941 1791 2247 1864 redempti,
2281 1809 2414 1849 cum
2453 1799 2688 1852 ostensa
2735 1795 2785 1852 ei
2837 1797 2948 1852 fuit
2996 1797 3285 1855 sententia
3328 1797 3588 1872 Apostoli

1943 1879 2095 1935 Petri
2124 1881 2374 1938 dicentis
2405 1883 2474 1938 de
2505 1883 2792 1941 hazreticis
2827 1901 2841 1941 :
2875 1887 3013 1942 Eum
3041 1889 3139 1960 qui
3156 1889 3286 1944 emit
3304 1904 3391 1946 eos
3410 1889 3590 1946 Domi-

1939 1986 2075 2025 num
2119 1979 2375 2043 negantes
2423 1973 2497 2044 (II
2539 1974 2686 2030 Petr.
2727 1992 2790 2044 It,
2828 1975 2898 2048 1),
2932 1977 3208 2049 angustia
3254 1981 3587 2034 coarctatus

1941 2076 2112 2116 suam
2142 2061 2202 2115 in
2233 2061 2433 2117 eadem
2467 2064 2755 2120 sententia
2799 2065 3217 2138 expositionem
3269 2068 3584 2138 adinvenit,

1943 2148 2158 2205 docens
2187 2150 2334 2206 duas
2365 2167 2492 2207 esse
2523 2153 2986 2226 redemptiones:
3015 2172 3192 2210 unam
3226 2173 3342 2230 qua
3361 2157 3586 2212 redem-

1942 2236 2024 2308 pti
2055 2241 2215 2306 sunt,
2248 2240 2346 2294 sed
2381 2257 2494 2295 non
2528 2240 2585 2295 in
2619 2241 2830 2297 Christi
2863 2243 3150 2315 sanguine
3193 2243 3468 2318 baptizati
3500 2244 3588 2300 illi

1941 2325 2044 2398 qui
2076 2341 2191 2382 non
2223 2333 2364 2382 sunt
2393 2328 2740 2397 salvandi,et
2769 2329 2944 2386 aliam
2977 2348 3094 2404 qua
3125 2335 3264 2388 sunt
3285 2333 3342 2388 in
3373 2331 3588 2390 Christi

1942 2415 2226 2488 sanguine
2249 2417 2524 2489 baptizati
2547 2417 2629 2473 illi
2652 2419 2751 2490 qui
2777 2424 2917 2475 sunt
2937 2420 3428 2490 salvandi,dicens
3449 2406 3588 2496 quia

1941 2501 2128 2574 perire
2147 2503 2346 2559 nullus
2359 2505 2573 2576 poterit
2589 2506 2688 2578 qui
2707 2507 2991 2581 sanguine
3013 2508 3224 2566 Christi
3249 2511 3586 2584 redemptus

1941 2589 2334 2658 fuerit,videre
2353 2609 2470 2648 non
2491 2593 2691 2650 valens
2707 2595 2860 2666 quod
2883 2594 3023 2650 dicit
3044 2595 3196 2652 Petri
3217 2597 3587 2670 coapostolus

1942 2677 2193 2736 Paulus:
2221 2680 2539 2755 Quicunque
2569 2683 2723 2739 492
2757 2683 3021 2755 baptizati
3066 2688 3256 2740 sumus
3287 2687 3348 2741 in
3379 2685 3590 2742 Christo

1939 2769 2086 2836 Jesu,
2119 2769 2178 2824 in
2206 2777 2376 2826 morte
2407 2773 2581 2842 ipsius
2632 2772 2893 2844 baptizati
2937 2790 3128 2830 sumus
3176 2776 3352 2844 (Rom.
3381 2791 3460 2843 vr,
3493 2775 3585 2844 5);

1939 2861 1998 2912 et
2024 2873 2037 2912 :
2071 2859 2282 2914 Peribz't
2311 2860 2372 2914 in
2401 2867 2496 2916 tua
2525 2863 2755 2917 scientia
2782 2863 2956 2934 frater
2980 2871 3200 2935 propter
3241 2879 3399 2936 quem
3428 2861 3578 2918 Chri-

1939 2953 2054 3001 stus
2108 2954 2354 3003 mortuus
2409 2956 2489 3005 est
2531 2950 2576 3019 (Ι
2605 2949 2723 3006 Cor.
2759 2967 2880 3020 vm,
2917 2951 3024 3024 11).
3077 2951 3225 3006 Mira
3270 2955 3412 3007 sunt
3457 2968 3584 3022 qua:

1939 3035 2100 3104 dicit,
2135 3053 2282 3092 nova
2311 3041 2451 3093 sunt
2479 3055 2604 3111 quae
2635 3038 2798 3094 dicit.
2824 3040 3185 3112 Quapropter
3215 3039 3368 3096 sicut
3394 3040 3587 3110 Augu-

1939 3124 2133 3182 stinus
2162 3130 2366 3182 contra
2395 3127 2694 3184 Julianum
2724 3127 2986 3185 scribens
3018 3127 3178 3184 dicit.
3210 3129 3359 3184 Mira
3387 3131 3584 3201 stupe-

1939 3231 2094 3286 mus,
2123 3232 2267 3272 nova
2288 3233 2582 3288 cavemus,
2607 3217 2755 3274 falsa
2775 3217 3197 3274 convincimus.
3222 3217 3366 3274 Hinc
3388 3218 3448 3273 in
3471 3216 3584 3274 alio

165 3309 364 3368 Homo
391 3308 666 3366 transivit
689 3309 750 3364 in
781 3309 990 3377 Deum,
1021 3324 1138 3365 non
1167 3299 1548 3366 versibilitate
1589 3313 1836 3380 natura,
1863 3293 1913 3362 ί]
1945 3304 2114 3374 libro,
2147 3321 2320 3378 quem
2351 3323 2419 3362 ex
2448 3307 2798 3364 authenticis
2830 3307 3220 3380 scripturis,et
3238 3307 3584 3364 orthodoXo-

173 3400 272 3457 sed
304 3389 554 3474 propter
583 3397 792 3454 divinae
823 3397 1106 3454 unitatem
1138 3413 1419 3470 personae,
1442 3416 1515 3456 ne
1535 3399 1596 3456 in
1629 3403 1833 3456 sancta

169 3487 468 3544 Trinitate
497 3485 864 3560 quaternitas
895 3489 1070 3554 esset,
1101 3500 1216 3541 non
1246 3485 1660 3546 trinitas.Eoce
1683 3502 1831 3560 quo-
1857 3503 1865 3510 '

170 3579 350 3635 modo
381 3576 708 3632 ostendunt
737 3572 1007 3632 catholici
1040 3575 1350 3631 mentitum
1379 3575 1834 3648 fuissejGothcs-

167 3665 405 3724 ealcum
437 3661 803 3736 haereticum,
836 3663 976 3737 quia
1004 3679 1120 3720 non
1151 3663 1232 3720 ita
1261 3669 1328 3720 ut
1354 3665 1480 3737 ipse
1511 3663 1834 3733 dixit,inest

167 3753 501 3828 unicuique
518 3766 780 3826 personae
798 3752 857 3808 in
875 3756 1077 3810 sancta
1093 3752 1377 3809 Trinitate
1392 3755 1628 3827 propria
1643 3754 1830 3809 deitas

165 3848 347 3918 atque
379 3843 686 3910 divinitas,
717 3842 818 3898 sed
848 3841 1028 3898 unius
1057 3841 1438 3915 ejusdemque
1487 3843 1830 3899 substantiae

165 3931 407 3991 deitatis
440 3935 622 4004 atque
643 3929 987 3996 divinitatis,
1001 3930 1059 3986 id
1085 3933 1174 3986 est
1193 3934 1411 3986 naturae
1431 3930 1521 3987 vel
1543 3931 1826 4000 essentize,

165 4025 310 4080 sunt
339 4025 468 4078 tres
499 4019 561 4075 in
593 4023 798 4076 sancta
827 4019 1113 4076 Trinitate
1144 4036 1438 4092 personae;
1472 4020 1748 4093 quoniam
1779 4019 1830 4076 si

167 4110 500 4184 unicuique
529 4108 591 4164 in
623 4113 830 4166 sancta
857 4107 1142 4164 Trinitate
1163 4125 1422 4182 personae
1445 4127 1554 4165 sua
1573 4109 1828 4182 propria,

163 4199 222 4257 id
253 4205 349 4258 est
381 4196 661 4274 specialis
689 4197 910 4255 inesset
939 4197 1144 4268 deitas,
1176 4197 1332 4256 sicut
1368 4199 1745 4272 praediximus
1777 4203 1833 4256 et

167 4305 408 4364 semper
437 4287 890 4346 contradicendo
920 4287 1208 4344 haereticis
1239 4288 1633 4344 contradicere
1657 4288 1830 4344 debe-

169 4393 330 4451 mus,
363 4395 487 4434 non
519 4381 676 4434 esset
710 4376 1014 4434 individua
1062 4381 1120 4433 et
1169 4376 1578 4450 inseparabilis
1629 4381 1832 4434 sancta

167 4468 456 4538 Trinitas,
489 4471 552 4524 et
579 4470 702 4523 tres
731 4465 811 4522 dii
841 4469 1070 4524 essent:
1105 4471 1162 4524 et
1191 4483 1330 4536 non,
1355 4465 1509 4522 sicut
1527 4466 1682 4522 idem
1707 4467 1834 4523 imi-

168 4557 394 4615 tatione
429 4555 592 4612 filius
624 4555 809 4628 patris
839 4555 932 4613 sui
962 4554 1203 4624 diaboli,
1237 4556 1338 4629 qui
1369 4560 1458 4613 est
1501 4557 1752 4612 mendax
1775 4560 1834 4613 et

1938 3411 2072 3450 rum
2104 3395 2297 3464 dictis,
2330 3400 2534 3452 contra
2561 3399 2688 3468 ejus
2717 3402 2776 3453 et
2803 3395 3156 3470 complicum
3206 3397 3394 3471 ipsius
3433 3397 3587 3454 dicta

1939 3501 2206 3560 perversa
2235 3484 2600 3559 collegimus,
2634 3503 2768 3542 eum
2802 3485 3014 3542 falsum
3047 3487 3262 3549 dixisse
3292 3487 3583 3544 convinci-

1938 3590 2096 3645 mus,
2130 3573 2283 3646 quod
2313 3577 2370 3630 et
2399 3575 2625 3631 cunctis
2647 3575 3010 3648 sapientibus
3029 3579 3207 3648 patet.
3225 3581 3299 3632 De
3317 3576 3428 3633 hoc
3448 3592 3583 3634 vero

1939 3663 2094 3734 quod
2127 3663 2269 3719 dicit
2297 3664 2437 3737 quia
2457 3665 2613 3721 trina
2638 3665 2852 3722 mersio
2873 3669 2930 3720 et
2949 3665 3170 3720 trinum
3193 3666 3580 3738 baptismum,

1938 3751 1997 3806 id
2030 3756 2119 3808 est
2145 3751 2300 3808 trina
2329 3753 2553 3823 tinctio,
2588 3771 2702 3808 non
2735 3757 2892 3822 sunt,
2927 3754 3080 3826 quod
3113 3753 3408 3822 absit,trcs
3431 3772 3582 3810 mer-

1938 3839 2133 3896 siones
2162 3845 2220 3896 et
2248 3845 2368 3897 tres
2397 3841 2728 3910 tinctiones,
2759 3841 2818 3896 id
2846 3847 2934 3897 est
2961 3842 3070 3897 tria
3099 3841 3582 3914 baptismata,sed

1940 3947 2058 3986 una
2087 3933 2177 3985 est
2205 3929 2554 4004 generaliter
2602 3929 2816 3986 mersio
2859 3935 2918 3986 et
2965 3947 3086 3986 una
3131 3929 3352 4000 tinctio,
3387 3930 3446 3986 id
3494 3934 3584 3988 est

1938 4034 2122 4073 unum
2152 4017 2467 4089 baptisma,
2498 4017 2726 4073 dicente
2755 4017 3027 4090 Apostolo
3062 4035 3076 4072 :
3106 4019 3251 4076 Unus
3299 4019 3580 4088 Dominus,

1938 4123 2052 4163 una
2094 4105 2251 4179 ﬁdes,
2297 4123 2472 4162 unum
2521 4107 2782 4180 baptisma
2833 4106 3152 4180 (Ephesflv,
3184 4109 3261 4178 5),
3297 4107 3452 4164 dicat
3499 4107 3584 4164 illi

1941 4197 2086 4252 ﬁdes
2117 4195 2404 4252 catholica
2430 4212 2444 4251 :
2479 4197 2553 4251 Ev
2581 4213 2674 4252 ore
2701 4203 2790 4252 tuo
2821 4203 2870 4252 te
2892 4197 3124 4270 judicio,
3157 4213 3308 4253 serve
3352 4214 3586 4270 nequam

1940 4285 2090 4358 (Luc.
2123 4303 2236 4353 xxx,
2258 4289 2370 4355 2'2).
2396 4285 2456 4342 Si
2486 4285 2673 4341 credis
2706 4289 2764 4341 et
2789 4285 3084 4342 conﬁteris
3114 4290 3230 4343 tres
3261 4286 3585 4342 mersiones

1939 4375 2000 4430 in
2029 4375 2264 4430 nomine
2295 4378 2508 4430 sanctae
2538 4374 2842 4430 Trinitatis
2874 4374 3062 4431 Patris
3091 4380 3150 4431 et
3180 4375 3308 4432 Filii
3331 4379 3390 4432 et
3409 4375 3588 4450 Spiri-

1939 4467 2038 4522 tus
2068 4463 2256 4520 sancti
2286 4480 2472 4520 unum
2502 4481 2632 4520 esse
2651 4463 2966 4536 baptisma,
2983 4464 3121 4536 quia
3143 4482 3298 4522 unus
3321 4468 3409 4522 est
3429 4465 3584 4522 Deus

1940 4554 2108 4610 Pater
2136 4556 2194 4609 et
2224 4552 2406 4609 Filias
2437 4558 2494 4610 et
2523 4553 2778 4626 Spiritus
2810 4557 3070 4620 sanctus,
3104 4553 3283 4611 unius
3321 4553 3589 4628 videlicet

169 4649 340 4719 pater
369 4643 691 4714 mendacii,
726 4643 874 4702 falso
906 4644 1070 4714 dicit,
1105 4643 1230 4702 sola
1272 4645 1682 4728 tantummodo
1727 4643 1832 4701 ﬁlii
1862 4664 1911 4736 Ι)
1941 4641 2228 4709 essentiae,
2274 4641 2452 4698 unius
2503 4642 2758 4712 deitatis,
2809 4642 2987 4698 unius
3034 4647 3276 4713 naturis,
3307 4643 3368 4698 in
3417 4644 3588 4716 cujus

167 4735 364 4793 deitas
394 4747 637 4792 carnem
669 4734 1014 4808 assumpsit.
1048 4731 1162 4790 Sed
1193 4733 1318 4790 sola
1336 4751 1587 4807 persona
1609 4731 1832 4804 ﬁlii,cui
1862 4731 1902 4757 τ
1944 4731 2180 4788 nomine
2227 4731 2524 4805 baptisma
2565 4731 2918 4789 catholicum
2968 4733 3311 4799 celebratur,
3351 4749 3456 4789 cur
3503 4732 3588 4788 sic

169 4814 483 4898 proprium
515 4825 626 4891 est,
659 4822 802 4895 quia
829 4823 902 4878 de
928 4821 1115 4878 Patris
1145 4822 1480 4879 substantia
1518 4828 1838 4882 coaeternus

168 4911 333 4970 illius
363 4912 496 4970 sine
527 4910 648 4967 ullo
671 4909 838 4967 initio
865 4913 1040 4966 natus
1061 4915 1168 4980 est,
1189 4914 1246 4966 et
1261 4911 1440 4966 unius
1457 4913 1840 4986 ejusdemque

172 5001 549 5068 substantiae,
563 5001 624 5056 id
647 5004 740 5056 est
761 4986 1015 5078 deitatis,
1032 5016 1158 5072 quae
1183 5003 1272 5056 est
1294 4999 1488 5056 unitas
1509 5000 1837 5072 Trinitatis,

172 5105 314 5146 cum
349 5089 524 5146 Patre
553 5091 614 5144 et
645 5087 866 5161 Spiritu
889 5093 1091 5144 sancto
1111 5092 1218 5158 est,
1240 5105 1472 5144 carnem
1497 5091 1837 5163 assumpsit,

169 5194 363 5252 quam
387 5177 568 5236 simul
593 5181 717 5234 tota
739 5181 944 5234 sancta
963 5177 1220 5234 Trinitas
1241 5176 1476 5234 sibimet
1496 5181 1842 5236 coessentia-

169 5265 247 5325 iis
279 5273 343 5326 et
373 5273 666 5326 comterna
694 5283 762 5324 ac
791 5267 1290 5341 coomnipotentes
1321 5267 1380 5322 in
1411 5271 1574 5325 utero
1610 5286 1841 5343 semper

174 5353 440 5432 Virginis
469 5355 797 5414 fabricavit.
830 5355 1093 5429 Denique
1121 5356 1447 5430 subjungit.

978 5500 1045 5557 X.

241 5631 304 5692 ἐς
345 5648 372 5676 ‹‹
395 5625 705 5700 Siquidem
725 5625 972 5699 quando
1003 5623 1390 5698 baptizamur,
1415 5625 1473 5680 id
1497 5629 1586 5682 est
1616 5625 1840 5699 tingui-

171 5736 204 5770 α
236 5729 405 5786 mur,
425 5719 518 5773 ter
540 5715 743 5789 procul
763 5713 943 5772 dubio
962 5713 1307 5788 mergimur,
1321 5717 1379 5770 et
1398 5717 1594 5773 tamen
1615 5719 1841 5790 propte-

507 5843 785 5908 PATROL.
829 5841 1063 5908 CXXV.

1947 4837 2146 4877 excors
2189 4819 2410 4890 existis,
2445 4825 2510 4877 ut
2555 4821 2841 4878 unitatem
2889 4821 3144 4894 deitatis,
3177 4838 3295 4894 qua
3337 4821 3506 4878 Pater
3531 4825 3588 4878 et

1947 4910 2129 4968 Filius
2155 4915 2212 4967 et
2241 4911 2496 4984 Spiritus
2535 4915 2774 4988 sanctus
2821 4929 2974 4968 unus
3022 4916 3112 4967 est
3162 4917 3331 4980 Deus,
3365 4911 3588 4967 dividas

1947 5001 2162 5057 trinam
2195 5018 2462 5058 asserens
2493 5003 2873 5058 deitatem.Et
2894 5002 3032 5075 quia
3060 5017 3220 5058 more
3248 4999 3462 5057 diaboli
3485 5018 3585 5074 pa-

1947 5091 2056 5148 tris
2086 5090 2168 5146 tui
2199 5092 2350 5148 veris
2381 5091 2526 5146 falsa
2556 5091 2967 5163 permisces,ct
2989 5090 3144 5146 melli
3170 5091 3328 5146 virus
3351 5090 3586 5144 commi-

1948 5197 2095 5248 sces,
2129 5183 2196 5236 ut
2223 5181 2294 5237 de
2323 5179 2472 5237 veris
2501 5184 2559 5236 et
2588 5179 2894 5236 dulcedine
2925 5179 3115 5236 mellis
3138 5179 3286 5234 falsa
3305 5183 3363 5234 et
3385 5179 3587 5235 morti-

1949 5270 2070 5326 fera
2099 5271 2510 5326 commendare
2539 5268 2751 5341 possis,
2780 5268 2838 5323 in
2869 5267 2980 5324 hoc
3019 5269 3173 5342 quod
3223 5267 3422 5324 dixisti
3448 5273 3590 5326 'tres

1947 5359 2270 5416 mersiones
2296 5357 2385 5414 vel
2413 5359 2724 5414 tinctiones
2753 5375 2938 5414 unum
2969 5375 3097 5415 esse
3124 5357 3593 5432 baptisma,quia

1949 5465 2105 5506 unus
2137 5447 2439 5518 Dominus,
2470 5465 2590 5503 una
2636 5448 2802 5517 fides,
2833 5448 3174 5520 probamus.
3207 5448 3318 5504 Sed
3367 5446 3507 5522 quia
3535 5453 3594 5506 et

1949 5538 2145 5594 dixisti
2177 5555 2293 5594 non
2341 5553 2467 5594 esse
2512 5536 2573 5591 in
2624 5536 2976 5610 baptismate
3021 5541 3139 5595 tres
3188 5538 3510 5597 mersiones
3536 5542 3595 5596 et

1947 5631 2066 5684 tres
2096 5627 2428 5696 tinctiones,
2463 5625 2846 5700 reprobamus
2878 5627 2936 5682 et
2965 5627 3198 5684 mentiri
3229 5631 3287 5685 te
3325 5645 3591 5704 compro-

1947 5717 2179 5775 bemus.
2211 5715 2500 5774 Volumus
2535 5719 2728 5774 tamen
2773 5716 3132 5793 interrogare
3161 5721 3240 5790 te,
3271 5735 3451 5794 quare
3479 5717 3594 5775 illac

3193 5845 3270 5909 18
