4018 6444
480 381 592 443 561

1399 381 1778 443 HINGMARI
1828 379 2273 442 RHEMENSIS
2323 379 2941 444 ARCHIEPISGOPI.

3729 386 3835 450 ξω

478 514 617 587 quia
635 530 750 571 non
773 512 1476 582 inest,utmendaxisdem
1499 511 2118 586 montitur,unicuiqne
2145 515 2214 582 Ai
2227 529 2347 571 ecce
2391 514 2618 586 angelus
2673 514 2896 571 Domini
2940 516 3002 571 in
3047 515 3254 570 somnis
3300 516 3459 572 uisus
3478 518 3644 573 est-ab
3669 519 3853 594 Joseplr

477 619 738 677 personas
767 619 875 659 sua
903 602 1158 675 propria,
1187 600 1247 657 id
1277 606 1370 658 est
1408 602 1698 676 specialis,
1725 602 1910 659 deitas
1949 606 2124 674 atque

475 691 777 750 divinitas:
803 691 903 747 sed
927 694 1016 747 est
1035 707 1154 746 una
1173 691 1493 764 eademque
1513 691 1694 747 trium
1716 689 1894 747 simul
1926 706 2122 762 perso-

475 798 688 838 narum
709 780 896 836 deitas
915 784 1092 852 atque
1112 779 1588 852 substantia,qua
1601 795 1804 835 omnes
1815 784 1933 834 tres
1945 777 2120 835 simul

473 887 737 944 personas
751 885 910 925 unus
921 884 1094 924 verus
1127 869 1534 940 perfectasque
1553 871 1642 924 est
1665 872 1812 924 Deus
1834 883 1904 923 ex
1931 866 2120 939 pleni-

473 959 682 1018 tudine
699 958 878 1015 unius
897 957 1754 1032 ejusdemquedivinitatis,qua
1765 957 1910 1014 nihil
1924 957 2122 1016 minus

472 1048 535 1105 in
555 1047 826 1122 singulis,
849 1046 997 1104 nihil
1023 1046 1282 1120 amplius
1307 1047 1657 1121 intelligitur
1676 1065 1805 1104 esse
1825 1048 1884 1102 in
1907 1047 2116 1103 tribus.

474 1136 692 1194 Ethinc
714 1135 1016 1192 individua
1031 1139 1206 1210 atque
1225 1136 1638 1210 inseparabilis
1650 1141 1852 1193 sancta
1863 1136 2122 1193 Trinitas

475 1225 710 1284 dicitur.
744 1225 910 1282 Sicut
940 1225 1058 1282 Leo
1081 1225 1154 1281 de
1185 1225 1336 1282 Urbe
1365 1224 1526 1281 orbis
1553 1226 1740 1300 capite
1782 1243 1898 1282 non
1929 1223 2120 1282 solum

474 1319 676 1371 contra
691 1315 958 1381 eum,sed
977 1318 1036 1370 et
1056 1331 1160 1387 per
1177 1317 1366 1370 totum
1383 1315 1674 1371 mundum
1695 1318 1898 1370 contra
1915 1330 2120 1370 omnes

474 1403 797 1473 haereticos,
829 1401 1136 1460 dulcisono
1184 1403 1382 1476 rugitu
1430 1403 1679 1475 intonat,
1714 1404 1785 1459 ad
1815 1403 2119 1459 Turibium

473 1493 910 1550 Asturicensem
966 1491 1319 1566 Episcopum
1347 1493 1611 1548 scribens
1639 1495 1816 1564 (epist.
1849 1494 1902 1558 4,
1931 1509 1981 1548 c.
2018 1492 2068 1565 1)
2101 1509 2118 1548 :

474 1605 504 1633 «
533 1582 680 1650 Quia
707 1581 992 1637 unitatem
1023 1581 1082 1638 in
1113 1580 1395 1638 Trinitate
1444 1599 1559 1637 non
1605 1581 1807 1638 eadem
1849 1597 2117 1654 persona,

473 1672 574 1727 sed
589 1671 790 1727 eadem
805 1670 1328 1742 impletesscntia.»
1352 1671 1422 1726 Et
1437 1669 1802 1744 Augustinus
1824 1659 2118 1742 expon'ens

469 1759 845 1816 Ambrosium
861 1759 1170 1827 dicentem,
1202 1760 1285 1814 Tu
1318 1759 1597 1816 Trinitatis
1623 1761 1830 1815 unitas.
1853 1782 1882 1809 ‹‹
1906 1758 2120 1814 Divini-

469 1828 672 1918 ta'tem,
697 1848 909 1922 inquit,
932 1847 1021 1904 vel
1043 1847 1092 1904 si
1113 1847 1446 1920 expressius
1467 1847 1581 1903 dici
1604 1852 1795 1920 potest
1815 1847 2112 1918 deitatem,

469 1951 600 2009 qua
629 1934 940 1994 Trinitatis
983 1938 1076 1991 est
1124 1935 1336 1992 unitas.
1373 1957 1402 1986 »
1436 1935 1793 1995 Athanasius
1822 1952 2116 2009 exponens

469 2023 612 2098 quid
630 2023 1045 2097 interpretetur
1057 2024 1256 2080 unitas
1277 2024 1435 2093 dicit,
1451 2024 1590 2097 quia
1606 2041 1725 2081 una
1745 2029 1834 2082 est
1843 2024 2039 2081 'Patris
2059 2029 2118 2084 et

471 2113 600 2170 Filii
630 2117 688 2168 et
715 2112 970 2185 Spiritus
994 2113 1182 2170 sancti
1201 2113 1578 2181 divinitas,ac
1603 2131 1704 2186 per
1731 2113 1840 2169 hoc
1871 2131 1986 2170 non
2016 2131 2114 2170 so-

471 2201 1148 2259 la'ASO-tantummodo
1193 2201 1320 2257 Filii
1367 2203 1573 2271 deitas,
1608 2208 1672 2258 ut
1700 2202 2114 2260 Gothescaleus

469 2291 740 2362 dieit,sed
765 2290 892 2347 sola
911 2289 1037 2346 Filii
1060 2307 1310 2362 persona
1329 2291 2108 2364 assumpsithumanitatem,

469 2379 1150 2451 ut-beatus-Augustinus
1171 2379 1229 2434 in
1251 2380 1586 2452 supradicto
1621 2396 1887 2436 sermone
1908 2381 1979 2436 de
1999 2381 2112 2438 ﬁde

467 2473 672 2526 contra
729 2467 1093 2525 Sabellianos
1139 2473 1198 2524 et
1241 2468 1486 2526 Arianos
1529 2469 1716 2526 dicit:
1751 2492 1779 2520 «
1813 2469 2108 2539 Quamvis,

467 2556 764 2630 inquiens,
784 2555 1017 2630 proprie
1055 2571 1305 2629 persona
1333 2556 1482 2630 Filii,
1507 2557 1565 2612 id
1585 2561 1676 2614 est
1699 2557 1800 2614 Dei
1830 2558 2109 2629 Verbum,

467 2644 791 2718 susceperit
819 2643 1160 2718 passibilem
1189 2644 1508 2717 hominem,
1540 2645 1624 2702 ita
1651 2651 1846 2704 tamen
1877 2649 2008 2720 ejus
2027 2649 2110 2725 in:

464 2733 824 2791 habitatione
873 2733 1200 2790 secundum
1245 2752 1413 2791 suam
1472 2735 1863 2793 substantiam
1920 2737 2109 2794 deitas

462 2823 636 2880 Verbi
657 2823 804 2880 nihil
824 2839 1000 2896 passa
1017 2826 1126 2892 est,
1151 2826 1218 2880 ut
1235 2827 1356 2880 tota
1376 2824 1656 2892 Trinitas,
1687 2841 1866 2898 quam
1896 2825 2110 2898 impas-

461 2912 692 2970 sihilem
715 2929 843 2970 esse
865 2928 1102 2968 necesse
1133 2916 1222 2970 est
1241 2913 1524 2969 conﬁteri:
1549 2914 1630 2970 De
1651 2915 1823 2987 cujus
1853 2914 2106 2971 Trinita-

459 3003 558 3072 tis,
583 3001 804 3059 scilicet
843 3001 1027 3058 Patris
1045 3005 1105 3057 et
1125 3001 1252 3058 Filii
1277 3005 1335 3058 et
1363 3001 1614 3075 Spiritus
1643 3003 1853 3072 sancti,
1885 3003 2107 3060 unitate

461 3091 826 3160 substantiae,
848 3089 909 3145 in
929 3089 1078 3146 libre
1099 3094 1302 3147 contra
1325 3091 1692 3147 Pascentium
1715 3091 1961 3165 (epistola
1981 3093 2105 3165 178)

461 3180 618 3236 idem
657 3179 864 3236 beatus
909 3179 1274 3252 Augustinus
1314 3178 1494 3235 dicit:
1522 3181 1666 3236 Ecce
1692 3187 1924 3252 δμούσιον
1955 3185 2107 3237 recte

2145 1888 2194 1954 B

2229 603 2414 660 dicens
2442 604 2534 658 ilti
2567 619 2578 659 :
2613 603 2722 660 Fili
2775 603 2967 670 David,
3015 619 3087 660 ne
3121 605 3312 660 timeas
3365 606 3598 678 recipere
3639 607 3839 666 larius

2228 708 2457 749 uxorem
2485 700 2655 761 tuam,
2688 692 2830 765 quod
2876 693 3025 749 enim
3061 709 3132 748 ea:
3170 709 3238 749 ea
3273 699 3544 762 nascetur,
3572 695 3634 752 de
3655 693 3840 770 Spiritu

2228 789 2412 838 sancto
2435 788 2516 837 est
2541 781 2744 852 (Matth.
2780 783 2939 852 1,18).
2971 782 3042 837 Et
3070 781 3208 837 licet
3235 781 3521 855 sapientia
3542 782 3860 844 Salomonis

2229 868 2289 924 in
2313 868 2635 925 Proverbiis
2655 869 2730 925 de
2759 885 3000 942 corpore
3029 869 3346 926 Salvatoris
3377 869 3607 940 diceret,
3632 871 3837 946 Sapien-

2228 958 2309 1013 tia
2330 957 2626 1030 aediﬁcavit
2669 959 2780 1014 sibi
2823 958 3046 1015 domum
3091 961 3279 1030 (Prov.
3313 975 3390 1026 ιχ,
3426 959 3498 1031 1),
3529 964 3586 1016 et
3613 960 3836 1036 hic-pro—

2229 1046 2426 1102 litetur
2447 1047 2816 1120 unigenitum
2839 1051 3156 1104 creatorem
3171 1047 3436 1120 corporis
3455 1047 3855 1118 sui,hiotamen'

2227 1134 2572 1206 angolus‘cx
2601 1135 2823 1209 Spiritu
2872 1141 3073 1194 sancto
3134 1135 3280 1192 illud
3337 1153 3467 1194 esse
3505 1138 3664 1207 dixit,
3691 1142 3838 1198 ct-sic

2228 1223 2422 1280 omnis
2439 1223 2808 1282 Christianus
2819 1241 2954 1281 cum
2967 1225 3280 1282 instruitur
3297 1225 3860 1301 credit.N‘equeenimn

2229 1311 2531 1385 Scriptura
2563 1313 2719 1370 circa
2763 1313 3107 1370 Trinitatem
3156 1314 3470 1388 discrepat,
3501 1331 3670 1372 unam
3697 1334 3837 1376 eam-

2227 1401 2481 1474 demque
2525 1402 2923 1476 operationem
2971 1403 3127 1475 ejus-
3149 1403 3376 1459 factam
3391 1405 3838 1476 ubiqnedocensz

2227 1489 2492 1564 Denique
2545 1493 2730 1548 Deum
2782 1491 3045 1566 paritura
3101 1493 3272 1548 beata
3299 1493 3477 1566 Virgo
3500 1492 3690 1563 Maria,
3719 1509 3832 1552 cum

2227 1579 2552 1637 Gabrielem
2571 1581 2836 1639 audisset
2863 1580 3175 1650 dicentem,
3202 1583 3334 1638 Ecce
3364 1583 3427 1638 in
3451 1589 3602 1640 utero
3626 1584 3840 1654 habetis,

2224 1677 2278 1726 et
2297 1672 2486 1744 paries
2511 1672 2712 1743 ﬁlium,
2742 1679 2796 1728 et
2821 1673 3038 1729 vocabis
3075 1687 3274 1728 nomen
3303 1673 3422 1745 ejus
3445 1677 3650 1742 Jesum,
3677 1678 3729 1730 et
3745 1690 3836 1730 cn-

2225 1763 2367 1829 tera,
2399 1764 2457 1816 et
2484 1777 2622 1816 cum
2652 1760 3088 1834 interrogasset,
3123 1761 3410 1834 Quomodo
3437 1765 3545 1820 erit
3571 1763 3706 1820 istud
3729 1765 3836 1836 quia

2223 1849 2410 1904 virum
2435 1865 2548 1906 non
2573 1851 2706 1906 novi
2723 1849 2874 1924 (Luc.
2907 1867 2951 1919 ι,
2984 1851 3076 1920 31)
3097 1850 3126 1906 ‘t
3157 1850 3362 1908 statim
3421 1852 3656 1908 docetur
3686 1853 3755 1908 ab
3781 1868 3840 1909 eo

2225 1936 2452 1994 dicente
2482 1955 2496 1995 :
2529 1937 2768 2013 Spiritus
2793 1947 3015 1996 sanctus
3054 1941 3402 2012 superveniet
3427 1942 3489 1997 in
3525 1948 3590 2010 te,
3619 1942 3852 1998 enim

2223 2026 2495 2083 Altissimi
2521 2027 2866 2084 obumbrabit
2891 2035 2959 2085 te.
2990 2029 3282 2101 Propterea
3341 2029 3482 2103 quod
3525 2037 3837 2088 nasceturer

2223 2122 2278 2170 te
2299 2123 2569 2184 sanctum,
2597 2117 2878 2173 vocabitur
2923 2117 3102 2174 Filius
3131 2117 3248 2173 Dei.
3283 2119 3452 2184 Quod
3481 2117 3530 2174 si
3556 2117 3726 2175 virtus
3748 2118 3832 2174 Al-

2222 2203 2436 2258 tissimi
2469 2209 2559 2261 est
2586 2205 2926 2278 unigenitus
2942 2207 3266 2262 secundum
3292 2207 3536 2262 Paulum
3556 2207 3828 2275 dicentem,

2222 2292 2467 2349 Christus
2495 2295 2594 2350 Dei
2620 2296 2794 2351 virtus
2823 2291 2884 2352 et
2897 2297 3171 2367 sapientia
3199 2296 3245 2368 (Ι
3272 2295 3399 2353 Ger.
3429 2297 3584 2366 1,24),
3611 2297 3830 2369 Spiritus

2219 2397 2354 2440 vero
2411 2387 2649 2439 sanctus
2707 2383 3039 2440 Paracletus
3081 2385 3241 2440 400‘
3280 2383 3528 2458 spiritus
3581 2385 3824 2455 veritatis,

2218 2467 2430 2543 hisque
2457 2471 2950 2529 obumbrantibus
2988 2469 3260 2546 paritura
3277 2473 3465 2530 Deum
3497 2473 3668 2530 Maria
3693 2489 3825 2530 crea-

2218 2562 2345 2615 tum
2394 2563 2486 2617 est
2528 2560 2899 2617 Dominicum
2949 2559 3258 2634 templum,
3293 2563 3538 2636 angelus
3567 2566 3854 2620 autemet-

2218 2645 2438 2720 Spiritu
2469 2653 2672 2706 sancto
2699 2654 2964 2706 creatum
2993 2648 3161 2706 illum
3192 2642 3360 2720 dixit,
3388 2665 3496 2707 cur
3522 2667 3632 2708 non
3659 2665 3826 2723 opera-

2216 2735 2434 2796 tionem
2465 2753 2595 2794 esse
2623 2737 2930 2796 Trinitatis
2951 2739 3257 2795 erudimur
3275 2739 3305 2796 ?
3328 2761 3358 2789 »
3381 2740 3451 2796 Et
3475 2743 3702 2796 sanctus
3717 2741 3826 2795 Am-

2215 2824 2448 2882 brosius
2478 2825 2539 2882 in
2566 2826 2715 2883 libro
2757 2828 3016 2884 secundo
3043 2830 3186 2900 (cap.
3219 2829 3278 2898 8)
3309 2829 3384 2884 de
3413 2828 3629 2902 Spiritu
3653 2831 3854 2884 salutatoa

2215 2913 2358 2970 dicit
2389 2930 2404 2970 :
2437 2936 2468 2965 «
2495 2915 2750 2985 Etenim,
2777 2915 2991 2990 inquit,
3021 2917 3175 2973 sicut
3203 2915 3456 2990 legimus
3483 2918 3620 2992 quia
3640 2916 3840 2975 ereavit

2216 3001 2384 3060 Pater
2402 3003 2715 3061 Dominicis
2731 3004 3150 3063 incarnationis
3175 3004 3842 3078 sacramentum,screavit-

2213 3095 2274 3146 et
2293 3091 2550 3164 Spiritus
2565 3097 2828 3161 sanctus,
2853 3093 2935 3152 ita
2954 3098 3013 3152 et
3029 3094 3284 3168 legimus
3305 3097 3464 3170 quod
3485 3100 3541 3154 et
3558 3097 3674 3170 ipse
3691 3093 3826 3152 Chri-

2214 3185 2346 3238 stus
2387 3198 2564 3238 suum
2612 3198 2828 3256 corpus
2865 3184 3102 3241 creavit.
3135 3183 3362 3242 Creavit
3389 3186 3544 3244 enim
3573 3186 3725 3243 Pater
3745 3199 3824 3241 se-

461 3268 1082 3344 probamus'positum,
1105 3267 1238 3324 etin
1263 3267 1643 3324 assertionem
1676 3269 1956 3341 ﬁdei,qua
1983 3269 2110 3326 Tri-
2133 3260 2176 3326 C
2215 3269 2474 3326 cundum
2531 3271 2689 3344 quod
2735 3271 3021 3346 scriptum
3061 3276 3171 3343 est,
3203 3277 3488 3332 Dominus
3516 3275 3724 3334 creauit
3743 3288 3852 3330 m-

459 3357 615 3414 nitas
643 3356 839 3412 unitas
861 3373 896 3412 a
914 3356 1216 3414 catholicis
1247 3357 1522 3426 creditur,
1542 3373 1577 3413 a
1595 3357 1809 3414 Graecis
1837 3358 2106 3416 Patribus

456 3446 702 3502 dictum.
737 3467 767 3495 ››
795 3445 866 3500 Et
891 3448 1026 3517 post
1055 3462 1241 3518 pauca
1271 3461 1286 3500 :
1321 3469 1348 3496 ‹‹
1377 3454 1632 3518 Ὃμούσιος
1675 3461 1812 3518 ergo
1869 3446 2106 3520 exponi.-

457 3540 556 3592 tur
574 3533 752 3590 unius
771 3533 1117 3590 substantias
1141 3534 1310 3592 Pater
1327 3539 1387 3591 et
1409 3535 1591 3592 Filius
1609 3540 1668 3592 et
1695 3534 1948 3609 Spiritus
1977 3553 2108 3594 san-

455 3628 607 3681 ctus.
642 3647 670 3674 »
701 3624 771 3679 Et
799 3623 937 3680 item
969 3623 1030 3679 in
1057 3624 1262 3680 eodem
1295 3623 1476 3680 libro:
1512 3645 1540 3676 ι(
1566 3624 1902 3682 Absurdum
1925 3625 2122 3700 igitur-

455 3729 572 3770 nen
605 3717 694 3768 est
722 3717 787 3768 ut
812 3713 871 3768 in
903 3713 1166 3771 conciliis
1197 3713 1432 3770 Patrum
1479 3714 1672 3771 Graeco
1711 3715 1886 3772 verbo
1917 3715 2104 3772 Patris

453 3807 513 3860 et
534 3801 662 3860 Filii
689 3806 749 3858 ot
769 3801 1022 3875 Spiritus
1043 3803 1227 3858 sancti
1253 3819 1372 3858 una
1389 3803 1720 3860 substantia
1750 3805 2098 3873 ﬁrmaretur,

452 3908 586 3950 cum
610 3907 787 3965 super
806 3892 1102 3964 apostolos
1115 3891 1390 3966 primitus
1403 3893 1590 3949 sancti
1603 3893 1856 3966 Spiritus
1869 3895 2104 3967 propria

449 3981 718 4054 largitate
748 3979 1084 4054 linguarum
1115 3981 1362 4038 varietas
1399 3982 1797 4040 funderetur.»
1827 3983 1897 4039 Et
1927 3983 2100 4056 paulo

451 4073 621 4142 post:
655 4091 684 4120 ‹‹
707 4069 871 4124 Sicut
890 4068 1045 4124 enim
1070 4069 1267 4126 Graeca
1294 4069 1518 4143 lingua,
1539 4071 1696 4142 quod
1734 4076 1825 4128 est
1846 4081 2097 4145 ὸμούσιον,

450 4173 573 4214 una
598 4156 817 4213 dicitur
843 4156 932 4212 vel
958 4157 1219 4213 creditur
1248 4175 1283 4214 a
1311 4159 1583 4215 ﬁdelibus
1629 4160 1930 4218 Trinitatis
1973 4179 2098 4219 om-

450 4245 592 4302 nino
613 4245 972 4313 substantia,
1006 4245 1090 4302 sic
1119 4263 1240 4302 una
1284 4251 1526 4320 rogatur
1580 4253 1645 4304 ut
1691 4250 2038 4307 misereatur
2065 4268 2101 4309 a

449 4335 678 4391 cunctis
701 4333 923 4391 Latinis
942 4339 1000 4391 et
1019 4335 1290 4392 Barbaris
1311 4337 1488 4394 unius
1509 4337 1610 4394 Dei
1634 4343 1866 4396 natura.
1903 4361 1932 4390 »
1961 4342 2098 4406 Quae

450 4421 628 4480 unius
654 4422 1014 4480 substantias
1031 4428 1154 4482 tota
1183 4430 1385 4482 sancta
1401 4425 2097 4502 Trinitas,cujusinsepa-

450 4509 654 4568 rabilis
682 4515 772 4568 est
800 4513 1082 4585 operatio,
1115 4513 1269 4570 sicut
1313 4518 1370 4570 et
1399 4515 1584 4573 deitas
1614 4533 1682 4573 ac
1711 4517 2004 4588 voluntas,
2035 4519 2095 4576 in

2214 3357 2373 3430 (Gal.
2389 3377 2466 3427 ιν,
2481 3361 2557 3430 li).
2581 3361 2652 3416 Et
2673 3360 2834 3430 alibi,
2848 3363 3016 3419 Misit
3039 3367 3184 3420 Deus
3203 3363 3434 3423 Filium
3451 3381 3611 3424 suum
3629 3366 3820 3438 factm

2213 3463 2290 3503 ea:
2301 3451 2566 3520 muliere,
2585 3452 2817 3528 factum
2835 3455 2944 3512 sub
2965 3454 3095 3530 lege
3115 3456 3410 3527 (Mattlm,
3425 3455 3532 3530 18).
3553 3453 3760 3513 Cmavit
3773 3455 3822 3508 et

2214 3537 2468 3610 Spiritus
2488 3539 2632 3598 illud
2653 3559 2828 3600 omne
2847 3544 3192 3618 mysterium
3214 3540 3822 3618 secundumquodlegi-

2213 3628 2514 3700 mus,quia
2530 3632 2770 3690 inventa
2793 3643 2876 3690 est
2893 3635 3096 3692 Maria
3111 3635 3174 3692 in
3192 3640 3362 3692 utero
3386 3636 3604 3693 habens
3623 3634 3692 3691 de
3713 3631 3820 3705 Spi-

2209 3717 2338 3772 ritu
2365 3728 2590 3776 sancto.
2621 3721 2812 3778 Habes
2860 3723 3000 3796 quia
3049 3725 3266 3781 creavit
3312 3723 3500 3796 Pater,
3538 3722 3737 3782 creavit
3774 3721 3823 3776 et

2212 3806 2468 3878 Spiritus
2501 3815 2760 3882 sanctus,
2785 3812 2984 3886 accipe
3020 3813 3160 3886 quia
3182 3814 3408 3871 creavit
3428 3819 3488 3872 et
3516 3813 3688 3871 Filius
3714 3807 3818 3878 Dei,

2211 3895 2440 3954 dicente
2459 3899 3109 3974 Salomone,Sapientia
3119 3904 3234 3960 sibi
3249 3904 3391 3976 fecit
3411 3905 3639 3961 domum
3649 3902 3818 3974 (Prov.

2210 3999 2288 4056 lx,
2307 3987 2416 4060 1).»
2448 3989 2660 4046 Beatus
2691 3989 3076 4048 nihilominus
3102 3991 3471 4066 Augustinus
3493 3993 3554 4050 in
3583 4002 3823 4050 sermone

2209 4077 2280 4132 de
2307 4075 2591 4135 Trinitate
2621 4078 2742 4138 hinc
2769 4081 2974 4138 eadem
3023 4080 3458 4156 Scripturarum
3499 4077 3820 4140 testimoniis

2207 4167 2534 4224 conﬁrmat.

2277 4256 2349 4311 Et
2369 4259 2788 4316 memorandus
2803 4260 2894 4316 vir
2911 4259 3214 4330 Alcuinus,
3232 4261 3292 4318 in
3310 4261 3461 4320 libro
3485 4261 3554 4318 ad
3566 4271 3817 4332 magnum

2206 4345 2616 4418 imperatorem
2662 4347 2934 4406 Carolum
2979 4351 3052 4407 de
3102 4351 3238 4418 ﬁde,
3269 4351 3510 4410 collecto
3555 4367 3622 4408 ex
3653 4341 3817 4404 sancti

2203 4435 2517 4508 Augustini
2545 4435 2694 4493 libro
2723 4437 2913 4511 primo
2943 4439 3016 4495 de
3042 4438 3354 4509 Trinitate,
3383 4445 3451 4498 et
3468 4439 3705 4498 aliorum
3727 4447 3817 4490 cs-

2205 4523 2556 4582 tholicorum
2577 4530 2812 4600 patrum
2831 4527 3004 4585 dictis
3023 4531 3084 4584 et
3103 4529 3399 4598 sensibus,
3407 4523 3818 4604 quorum‘verbs

449 4593 928 4700 ubere-perpetuis
944 4601 1189 4700 virginis
1201 4603 1386 4700 beatae
1407 4609 1464 4660 et
1480 4605 1743 4679 gloriosae
1760 4607 1956 4664 Mariae
1984 4607 2093 4700 hu-
2127 4633 2174 4700 D
2203 4614 2304 4686 qui
2333 4614 2393 4670 in
2435 4615 2560 4672 suis
2577 4593 2747 4673 -locis
2775 4615 2980 4690 legerit
3006 4617 3066 4674 in
3097 4617 3208 4674 hoc
3237 4593 3412 4692 opere
3424 4593 3818 4692 recognoscere

450 4690 817 4780 inanitatem,
839 4707 1015 4763 quam
1033 4690 1092 4746 in
1115 4691 1337 4748 unitate
1353 4709 1613 4766 personae
1635 4712 1753 4752 sua:
1773 4697 2099 4772 assumpsit
2127 4690 2168 4700 ”
2205 4703 2440 4775 poterit,
2469 4704 2554 4761 ita
2583 4705 2725 4762 dicit
2750 4705 2885 4776 (lib.
2919 4723 2984 4764 ιιι
3010 4708 3085 4764 de
3105 4706 3216 4780 fide
3239 4690 3298 4764 ἑ.
3334 4707 3519 4778 Tria,
3546 4690 3672 4780 cap.
3703 4701 3782 4773 10)
3797 4715 3812 4755 ε

448 4778 551 4835 Dei
575 4777 778 4845 Filius,
802 4796 921 4834 una
939 4795 1009 4835 ex
1046 4780 1248 4836 eadem
1277 4786 1482 4838 sancta
1509 4784 1793 4841 Trinitate
1823 4803 2091 4859 persona,

449 4867 821 4924 inell‘abiliter
842 4871 899 4923 et
920 4867 1586 4941 incomprehensibiliter
1614 4873 2096 4941 fabricavit,sicut

447 4962 688 5015 sanctus
735 4956 1090 5014 Athanasius
1139 4952 1197 5014 in
1243 4957 1390 5016 libro
1421 4961 1585 5033 (libro
1612 4980 1687 5031 ιι,
1717 4965 1777 5019 in
1803 4965 2089 5036 medium),

446 5046 520 5102 de
549 5047 662 5103 ﬁde
691 5045 854 5114 dicit,
893 5068 915 5096 ι
950 5047 1110 5112 Quod
1162 5052 1271 5116 est,
1305 5049 1599 5122 inquiens,
1632 5057 1825 5124 majus
1867 5055 1927 5109 in
1971 5059 2092 5112 tota

447 5141 732 5206 creatura,
757 5135 868 5193 hoc
887 5139 977 5192 est
1005 5153 1216 5209 corpus
1254 5137 1506 5209 Domini,
1538 5157 1607 5197 ex
1638 5142 1857 5214 Spiritu
1888 5149 2090 5201 sancto

447 5239 574 5281 esse
595 5225 870 5294 creditur,
895 5224 1048 5282 sicut
1085 5227 1440 5301 evangelista
1469 5229 1776 5287 Mattheus
1802 5231 2042 5288 tradidit
2073 5250 2087 5291 :

447 5311 650 5370 Christi
673 5317 948 5386 generatio
975 5317 1058 5372 sic
1082 5317 1210 5389 fuit.
1246 5318 1382 5374 Cum
1407 5318 1726 5392 desponsata
1753 5329 1892 5377 esset
1915 5321 2092 5378 Maria

444 5408 620 5458 mater
661 5404 779 5474 ejus
806 5403 874 5460 ab
899 5405 1112 5478 Ioseph,
1140 5415 1431 5481 antequam
1475 5411 1827 5466 σθηυωίωηί
1871 5413 2091 5467 inventa

2203 4815 2231 4842 ‹‹
2258 4794 2627 4866 Quanquam,
2653 4795 2946 4867 inquiens,
2971 4811 3090 4852 una
3104 4796 3186 4852 sit
3205 4800 3415 4854 natura
3434 4801 3640 4854 sancta:
3655 4788 3816 4849 Trini-

2203 4881 2362 4953 tatis,
2395 4899 2510 4939 non
2550 4887 2745 4940 tamen
2791 4889 2914 4942 tota
2957 4885 3215 4942 Trinitas
3261 4887 3563 4944 incarnata
3596 4885 3696 4949 est,
3723 4876 3812 4934 βοά

2201 4969 2327 5026 sola
2348 4971 2476 5026 Filii
2499 4988 2746 5044 persona
2767 4973 3087 5032 humanam
3111 4975 3562 5033 misericorditer
3583 4963 3813 5040 suscepit

2202 5065 2492 5116 naturam.
2526 5061 2641 5116 Nec
2669 5067 2866 5120 tamen
2898 5065 2979 5120 ita
3007 5065 3106 5122 Dei
3143 5065 3324 5122 Filius
3359 5066 3686 5122 incarnatus
3713 5058 3816 5121 est,

2200 5152 2267 5204 ut
2286 5165 2405 5204 una
2425 5155 2580 5206 esset
2600 5150 2660 5206 in
2679 5167 2746 5208 eo
2767 5157 2980 5210 natura
2998 5154 3321 5211 divinitatis
3341 5159 3400 5211 et
3419 5153 3623 5210 carnis.
3636 5149 3822 5218 N'quw'

2199 5237 2358 5293 enim
2387 5255 2458 5294 ex
2483 5239 2710 5297 Christo
2740 5241 2850 5298 hoc
2879 5242 3068 5300 deitas
3095 5244 3289 5316 potuit
3323 5259 3452 5301 esse
3481 5239 3641 5314 quod
3669 5247 3804 5297 caro.

2199 5330 2302 5382 aut
2329 5343 2462 5384 caro
2511 5329 2665 5402 quod
2713 5330 2919 5402 deitas,
2953 5332 3094 5405 quia
3119 5339 3371 5407 utraque
3401 5335 3623 5394 natura,
3652 5325 3706 5381 id
3731 5322 3808 5378 est

2198 5414 2519 5474 divinitatis
2544 5423 2602 5475 et
2616 5418 3025 5494 humanitatis,
3041 5421 3102 5478 in
3124 5440 3232 5480 sua
3248 5419 3566 5496 permansit
3578 5411 3806 5491 propria-

445 5491 614 5583 estin
640 5497 792 5548 utero
847 5493 1050 5552 habens
1094 5495 1160 5552 de
1207 5496 1422 5570 Spiritu
1461 5507 1663 5555 sancto.
1689 5500 1880 5572 Ioseph
1909 5507 2090 5556 autem
2194 5509 2332 5562 tate.
2366 5507 2675 5582 Propterea
2719 5509 2924 5583 utique
2971 5491 3293 5570 humanam
3335 5515 3620 5577 naturam,
3647 5503 3702 5560 id
3727 5501 3824 5555 est'

443 5581 534 5638 vir
557 5581 677 5653 ejus
704 5597 827 5637 cum
853 5591 988 5640 esset
1013 5584 1174 5643 homo
1201 5587 1387 5659 justus
1412 5595 1464 5644 et
1487 5589 1658 5645 nollet
1679 5604 1801 5644 eam
1827 5589 2086 5662 delegem,

2194 5611 2430 5654 carnem
2459 5597 2981 5674 rationabilemque
3009 5602 3410 5670 animam,non
3438 5617 3474 5657 a
3497 5600 3616 5656 tota
3639 5585 3813 5650 Trin"

443 5668 764 5733 votuiteam
783 5673 992 5734 occulte
1014 5673 1305 5736 dimittere.
1335 5677 1464 5738 Haec
1501 5685 1682 5738 autem
1709 5693 1772 5740 eo
1798 5681 2084 5756 cogitante,
2193 5689 2332 5759 tate,
2365 5687 2468 5747 sed
2515 5704 2550 5747 a
2597 5687 2722 5748 solo
2775 5668 2920 5750 Filio
2977 5668 3328 5754 conﬁtemur
3377 5687 3712 5766 suscoptam.
3745 5675 3797 5735 ίιι
