4018 6462
190 425 306 488 553

1126 428 1228 488 DE
1273 429 1437 490 UNA
1482 427 1582 488 ET
1626 427 1782 488 NON
1828 413 2070 486 TRINA
2114 428 2654 495 DISSERTATIO.

3471 437 3590 497 554

183 558 473 616 unitatem
507 557 722 632 quippe
745 573 1029 630 personae,
1053 575 1166 614 non
1191 559 1248 615 in
1271 559 1554 616 unitatem
1586 562 1828 614 natura).
1859 555 1915 624 Α
1946 580 1974 609 ‹‹
2003 575 2102 614 rea
2127 562 2282 618 trina
2311 563 2438 637 ipsa
2464 565 2770 635 mersio,et
2793 567 3011 624 trinum
3033 567 3478 642 baptismum,id
3502 563 3590 626 est

183 647 392 721 Utique
421 663 678 720 persona
707 645 834 703 Filii
865 665 981 702 non
1013 652 1101 704 est
1131 649 1334 704 eadem
1367 665 1497 721 qum
1536 647 1722 704 Patris
1746 651 1836 704 est

185 739 285 794 aut
314 735 572 808 Spiritus
603 735 812 792 sancti.
847 735 1054 792 Unitas
1083 752 1220 809 ergo
1251 754 1530 810 personae,
1563 740 1834 792 manente

185 825 468 881 duntaxat
500 823 810 898 utriusque
843 824 1197 898 proprietate
1217 826 1752 893 substantim,sicut
1771 826 1830 880 in

183 914 410 970 Christo
440 930 759 986 personam
791 931 908 970 non
939 914 1074 970 fecit
1104 915 1418 989 duplicem,
1446 916 1529 972 sic
1559 915 1832 970 humana:

179 1007 402 1060 naturae
461 1003 900 1077 susceptionem
957 1021 1073 1059 non
1117 1005 1254 1060 fecit
1303 1008 1518 1060 sanctae
1561 1003 1833 1060 Trinitati

182 1093 670 1149 communem.Ad
686 1109 996 1166 personam
1021 1093 1236 1167 quippe
1258 1093 1359 1149 Dei
1381 1093 1552 1149 Verbi
1575 1097 1831 1149 tantum-

181 1182 352 1238 modo
372 1181 639 1254 acceptio
660 1181 764 1238 illa
783 1182 1010 1239 servilis
1033 1181 1230 1239 formae
1254 1183 1502 1256 pertinet
1523 1200 1536 1238 :
1561 1184 1662 1238 sed
1685 1181 1831 1238 nihil

181 1271 386 1328 divinae
419 1269 810 1344 plenitudinis
841 1271 1266 1340 abstulit,nihil
1290 1273 1710 1328 dominationis
1729 1273 1831 1328 ad-

179 1361 316 1417 emit
336 1360 401 1416 in
426 1360 661 1416 Christo
684 1360 1070 1417 humanitatis
1091 1362 1556 1434 susceptio.Hine
1573 1366 1661 1417 est
1677 1362 1830 1435 quod

181 1449 235 1504 in
265 1465 386 1506 uno
409 1451 737 1523 eodemque
755 1450 988 1506 Christo
1008 1455 1064 1508 et
1085 1451 1356 1507 humanae
1378 1455 1600 1506 natura:
1618 1452 1833 1508 veritas

179 1537 410 1607 claruit,
430 1542 490 1596 et
510 1539 624 1595 divi
633 1556 718 1594 nte
738 1541 960 1596 natura:
983 1540 1546 1596 incommutabilitas
1568 1558 1727 1613 perm
1737 1558 1834 1596 an-

179 1628 250 1685 sit
285 1632 532 1686 eterna.
567 1629 685 1685 Hoc
729 1633 927 1686 tamen
983 1629 1287 1686 sciendum
1337 1633 1446 1696 est,
1477 1631 1629 1703 quod
1682 1629 1832 1686 hane

177 1709 449 1776 servilem
483 1719 757 1788 formam,
791 1734 970 1790 quam
1001 1717 1163 1776 solus
1203 1719 1304 1775 Dei
1355 1719 1536 1775 Filius
1585 1719 1828 1792 accepit,

171 1810 291 1870 tota
322 1806 592 1864 Trinitas
623 1806 795 1876 fecit;
829 1824 1009 1880 quam
1037 1811 1236 1864 tamen
1277 1812 1501 1864 certum
1533 1811 1622 1864 est
1651 1825 1684 1864 a
1710 1811 1833 1865 tota

177 1899 381 1954 sancta
413 1895 704 1998 Trinitate
725 1897 938 1998 factum
961 1899 1032 1954 ad
1058 1897 1245 1954 solam
1269 1897 1396 1954 Filii
1419 1898 1520 1954 Dei
1545 1897 1831 1972 pertinere

176 2001 514 2059 personam.
549 1985 677 2041 Non
706 1985 864 2042 enim
895 1985 1063 2042 Pater
1090 2003 1321 2043 carnem
1356 1988 1696 2060 assumpsit,
1729 2004 1830 2044 ne-

177 2091 284 2149 que
313 2073 582 2148 Spiritus
612 2079 872 2146 sanctus,
897 2075 998 2131 sed
1032 2075 1216 2132 Filius
1242 2079 1562 2144 tantum,ut
1585 2077 1682 2150 qui
1707 2083 1835 2132 erat

173 2165 228 2222 in
255 2165 574 2228 divinitate
607 2164 708 2221 Dei
740 2165 928 2222 Patris
957 2163 1158 2234 Filius,
1183 2165 1308 2240 ipse
1331 2167 1494 2222 fieret
1516 2167 1574 2221 in
1596 2165 1832 2222 homine

174 2255 380 2312 matris
413 2253 678 2327 Virginis
727 2253 907 2323 filius,
939 2271 1013 2311 ne
1059 2255 1166 2310 filii
1215 2272 1427 2310 nomen
1479 2255 1535 2310 in
1589 2254 1830 2317 alteram

172 2331 458 2400 transiret
491 2357 824 2416 personam,
855 2342 955 2416 qui
983 2361 1098 2400 non
1131 2347 1286 2400 esset
1323 2343 1620 2400 nativitate
1651 2343 1828 2400 filius.

173 2429 270 2490 Dei
317 2445 469 2507 ergo
516 2430 702 2490 Filius
757 2431 1016 2488 hominis
1066 2433 1256 2490 factus
1309 2437 1398 2490 est
1445 2433 1624 2504 ﬁlius,
1657 2437 1832 2490 natus

173 2523 510 2584 secundum
539 2521 844 2578 veritatem
894 2525 1118 2578 naturae
1170 2537 1239 2578 ex
1285 2522 1402 2578 Deo
1451 2521 1551 2578 Dei
1601 2521 1826 2578 Filius:

172 2613 311 2669 491
371 2613 436 2667 et
483 2610 813 2666 secundum
859 2609 1161 2668 veritatem
1212 2615 1434 2666 naturae
1482 2626 1550 2666 ex
1595 2609 1832 2668 homine

167 2689 438 2754 hominis
468 2695 628 2753 ﬁlius
661 2697 721 2753 in
753 2701 1002 2771 utraque
1031 2699 1412 2769 natura,_non
1445 2696 1831 2770 appellatione

171 2791 410 2844 tantum
461 2785 554 2842 vel
603 2785 938 2859 adoptione,
973 2787 1076 2842 sed
1123 2785 1367 2842 veritate
1411 2785 1510 2840 Dei
1561 2785 1761 2842 Filius.
1799 2807 1826 2836 ››

171 2875 300 2941 ideo
333 2888 462 2932 non
499 2877 638 2932 sunt
667 2873 785 2930 duo
817 2873 1034 2931 Christi
1081 2873 1206 2943 ﬁlii,
1240 2891 1346 2930 nec
1394 2875 1510 2930 duo
1561 2872 1694 2941 ﬁlii;
1727 2872 1828 2929 sed

170 2957 322 3024 unus
356 2963 658 3031 Christus,
689 2967 748 3020 et
770 2979 925 3020 unus
955 2961 1136 3033 ﬁlius,
1163 2964 1318 3020 Deus
1349 2967 1406 3020 et
1434 2963 1610 3020 homo
1644 2979 1658 3018 :
1693 2979 1833 3036 quo-

167 3052 328 3112 niam
360 3055 526 3110 Deus
550 3052 650 3110 Dei
673 3052 857 3110 Filius
876 3046 1198 3110 humanam
1220 3053 1513 3126 assumpit
1531 3057 1827 3121 naturam,

171 3159 280 3201 non
313 3157 676 3218 personam;
709 3143 770 3198 in
814 3145 1095 3199 aeternum
1145 3141 1473 3214 suscipiens
1517 3157 1828 3215 personam

170 3231 524 3304 divinitatis,
554 3230 938 3304 temporalem
975 3229 1365 3287 humanitatis
1411 3231 1826 3287 substantiam.
1859 3283 1868 3300 ,

1941 671 1971 698 ‹‹
2005 649 2158 705 trina
2189 645 2412 720 tinctio,
2447 671 2584 726 non,
2617 657 2772 727 quod
2807 655 2980 722 absit,
3013 660 3129 712 tres
3157 659 3499 728 mersiones,
3527 661 3588 715 et

1942 758 1971 785 «
2003 738 2123 792 tres
2154 738 2482 809 tinctiones,
2506 747 2608 798 aut
2639 743 2750 798 tria
2771 748 2910 799 sunt
2929 744 3318 816 baptismate:
3345 748 3445 803 sed
3467 765 3585 804 una

1943 847 1971 874 «
2003 830 2094 880 est
2122 828 2468 899 generaliter
2495 831 2731 900 mersio,
2763 836 2819 887 et
2839 850 2957 888 una
2977 833 3262 901 tinctio,id
3287 841 3375 890 est
3397 853 3578 892 unum

1941 936 1970 964 «
2005 914 2318 988 baptisma,
2352 919 2578 976 dicente
2605 921 2879 994 Apostolo
2904 939 2916 976 :
2946 945 2974 972 »
3001 923 3146 978 Unus
3175 924 3585 993 Dominus,uim

1939 1003 2091 1074 ﬁdes,
2121 1021 2296 1061 unum
2325 1007 2591 1080 baptisma
2620 1009 2838 1082 (Ep/ws.
2873 1029 2950 1079 ιν,
2972 1012 3048 1081 5).

2009 1109 2082 1148 xr
2105 1093 2263 1150 More
2285 1112 2390 1152 suo
2417 1097 2701 1153 novitates
2721 1100 3585 1174 vocum,quibussemperdele-

1941 1185 2131 1236 ctatus
2161 1185 2268 1251 est,
2299 1187 2356 1239 et
2385 1185 2696 1258 exquisivit
2727 1190 2792 1241 ut
2821 1188 3058 1260 sapiens
3088 1189 3354 1246 videatur
3371 1191 3444 1246 ad
3467 1189 3586 1246 elu-

1941 1269 2193 1326 dendam
2216 1271 2350 1326 ﬁdei
2373 1273 2965 1346 simplicitatem,etin
2989 1276 3100 1332 hac
3123 1283 3394 1344 causa,ut
3417 1295 3585 1335 suam

1939 1375 2176 1431 pravam
2235 1362 2581 1418 confirmare
2627 1368 2824 1437 posset
2869 1365 3220 1422 sententiam
3270 1366 3584 1423 adinvenit.

1940 1447 2104 1504 Sicut
2131 1449 2204 1504 ad
2237 1449 2344 1505 hoc
2376 1452 2844 1508 confirmandum
2876 1456 3030 1526 quod
3062 1455 3452 1528 dixerat,quia
3480 1457 3581 1512 Ju-

1940 1537 2044 1593 das
2074 1540 2130 1593 et
2159 1539 2358 1594 Simon
2392 1557 2600 1614 magus
2621 1547 2679 1598 et
2700 1543 2828 1598 falsi
2869 1544 3076 1599 fratres
3113 1544 3183 1600 de
3205 1545 3422 1618 quibus
3439 1545 3584 1600 dicit

1938 1627 2270 1699 Apostolus,
2304 1634 2362 1684 et
2401 1646 2602 1686 omnes
2651 1631 2926 1704 baptizati
2975 1632 3188 1688 Christi
3237 1635 3587 1707 baptismate

1940 1715 2038 1786 qui
2062 1733 2175 1770 non
2203 1721 2342 1772 sunt
2363 1718 2644 1788 salvandi,
2661 1737 2776 1776 non
2801 1721 3038 1776 fuerunt
3058 1721 3272 1778 Christi
3298 1722 3586 1796 sanguine

1938 1802 2245 1875 redempti,
2279 1821 2412 1860 cum
2451 1809 2687 1864 ostensa
2733 1807 2784 1864 ei
2835 1808 2946 1864 fuit
2994 1808 3282 1866 sententia
3327 1808 3586 1882 Apostoli

1941 1889 2092 1946 Petri
2122 1891 2371 1948 dicentis
2402 1893 2472 1950 de
2503 1893 2790 1952 haereticis
2825 1913 2838 1952 :
2872 1897 3010 1953 Eum
3039 1901 3136 1971 qui
3153 1899 3284 1956 emit
3301 1915 3390 1956 eos
3408 1901 3588 1956 Domi-

1937 1997 2074 2036 num
2117 1990 2372 2054 negantes
2421 1983 2494 2054 (II
2536 1985 2683 2041 Petr.
2725 2003 2788 2054 Il,
2825 1986 2896 2060 1),
2930 1987 3205 2060 angustia
3251 1992 3585 2044 coarctatus

1939 2086 2109 2126 suam
2140 2070 2200 2126 in
2231 2073 2431 2128 eadem
2465 2075 2752 2131 sententia
2796 2077 3214 2149 expositionem
3267 2078 3582 2148 adinvenit,

1939 2159 2156 2215 docens
2185 2161 2332 2216 duas
2363 2179 2490 2218 esse
2521 2163 2984 2237 redemptiones:
3013 2183 3190 2220 unam
3223 2183 3340 2240 qua
3359 2155 3584 2222 redem-

1939 2247 2021 2320 pti
2055 2251 2214 2316 sunt,
2247 2251 2344 2306 sed
2379 2267 2492 2306 non
2526 2251 2584 2306 in
2617 2251 2827 2308 Christi
2861 2253 3148 2326 sanguine
3191 2255 3466 2328 baptizati
3499 2255 3585 2310 illi

1939 2337 2041 2408 qui
2074 2353 2188 2392 non
2221 2344 2362 2394 sunt
2391 2339 2738 2408 salvandi,et
2767 2340 2942 2397 aliam
2974 2359 3092 2416 qua
3122 2347 3262 2398 sunt
3282 2344 3340 2399 in
3371 2343 3586 2420 Christi

1939 2425 2224 2500 sanguine
2247 2427 2522 2500 baptizati
2545 2429 2627 2484 illi
2651 2430 2750 2502 qui
2775 2434 2914 2486 sunt
2935 2431 3426 2500 salvandi,dieens
3447 2433 3586 2506 quia

1938 2513 2126 2585 perire
2144 2513 2344 2571 nullus
2357 2517 2571 2587 poterit
2587 2517 2685 2588 qui
2705 2518 2988 2591 sanguine
3010 2519 3222 2576 Christi
3247 2521 3584 2595 redemptus

1939 2601 2332 2669 fuerit,videre
2351 2621 2468 2659 non
2489 2603 2689 2660 valens
2705 2606 2858 2678 quod
2881 2605 3020 2662 dicit
3041 2606 3192 2662 Petri
3215 2607 3584 2682 coapostolus

1940 2689 2191 2747 Paulus:
2219 2692 2537 2766 Quicunque
2566 2694 2721 2750 492
2755 2694 3020 2766 baptizati
3063 2712 3254 2752 sumus
3283 2698 3346 2752 in
3377 2697 3588 2753 Christo

1935 2779 2084 2846 Iesu,
2117 2781 2176 2834 in
2204 2788 2374 2836 morte
2405 2783 2579 2854 ipsius
2630 2783 2890 2855 baptimti
2935 2801 3126 2840 sumus
3173 2786 3350 2854 (Rom.
3379 2803 3458 2854 v1,
3491 2787 3582 2856 5);

1937 2871 1994 2923 et
2021 2884 2034 2922 :
2068 2870 2280 2926 Peribit
2309 2871 2370 2925 in
2399 2877 2494 2926 tua
2523 2873 2752 2928 scientia
2780 2873 2954 2944 frater
2977 2881 3198 2946 propter
3237 2891 3397 2946 quem
3426 2871 3575 2930 Chri-

1935 2963 2050 3012 stus
2105 2965 2352 3014 mortuus
2407 2967 2487 3016 est
2528 2960 2574 3030 (I
2603 2960 2721 3016 Cor.
2755 2978 2877 3030 vm,
2914 2961 3022 3035 11).
3073 2961 3222 3017 Mira
3267 2966 3410 3018 sunt
3454 2978 3582 3034 quis

1937 3046 2098 3114 dicit,
2133 3063 2280 3102 nova
2309 3051 2449 3104 sunt
2477 3065 2602 3122 qua:
2633 3048 2796 3105 dicit.
2821 3052 3183 3124 Quapropter
3213 3051 3366 3106 sicut
3391 3051 3584 3122 Augu~

1937 3135 2130 3192 stinus
2159 3141 2364 3192 contra
2391 3137 2692 3194 Julianum
2721 3138 2984 3196 scribens
3015 3138 3174 3194 dicit.
3207 3139 3356 3195 Mira
3384 3133 3595 3212 stupe?

1935 3241 2092 3295 mus,
2120 3243 2264 3283 nova
2285 3244 2579 3300 cavemus,
2605 3227 2752 3284 falsa
2773 3227 3194 3284 convincimus.
3219 3228 3364 3284 Hinc
3386 3228 3446 3284 in
3469 3227 3582 3286 alio

165 3320 358 3380 Homo
385 3319 664 3378 transivit
685 3303 748 3375 in
779 3319 987 3388 Deum,
1019 3335 1135 3376 non
1165 3310 1546 3377 versibilitate
1587 3325 1834 3392 natura,
1860 3303 1910 3372 Ο
1943 3314 2111 3385 libro,
2145 3333 2318 3388 quem
2349 3334 2417 3372 ex
2445 3318 2795 3374 authenticis
2827 3318 3216 3391 scripturis,et
3235 3318 3582 3375 orthodoxe-

172 3411 269 3468 sed
297 3400 552 3485 propter
581 3407 790 3466 divinae
821 3408 1104 3465 unitatem
1135 3425 1416 3481 personae,
1439 3427 1512 3466 ne
1532 3409 1592 3466 in
1625 3413 1830 3466 sancta

169 3499 466 3556 Trinitate
495 3496 862 3570 quaternitas
892 3500 1067 3564 esset,
1099 3513 1213 3552 non
1244 3495 1657 3557 trinitas.Eece
1680 3513 1828 3570 quo-
1853 3514 1862 3521 ·

170 3590 346 3646 modo
378 3587 706 3644 ostendunt
735 3583 1005 3642 catholici
1036 3585 1347 3642 mentitum
1379 3585 1832 3659 fuissejGothes-

169 3677 404 3734 ealcum
435 3671 800 3747 haereticum,
833 3675 974 3748 quia
1001 3691 1118 3730 non
1149 3674 1229 3730 ita
1251 3679 1325 3730 ‘ut
1352 3675 1478 3748 ipse
1509 3674 1831 3744 dixit,inest

167 3765 499 3838 unicuique
515 3779 777 3838 personas
795 3763 854 3819 in
872 3767 1075 3822 sancta
1091 3763 1374 3820 Trinitate
1389 3765 1626 3837 prepria
1641 3765 1828 3820 deitas

166 3859 345 3930 atque
377 3853 684 3920 divinitas,
713 3853 815 3910 sed
846 3851 1025 3909 unius
1054 3853 1436 3926 ejusdemque
1484 3853 1828 3910 substantiae

167 3943 407 4002 deitatis
438 3945 621 4015 atque
641 3940 1056 4008 divinitatis,id
1082 3945 1171 3997 est
1191 3945 1409 3996 naturae
1429 3941 1518 3998 vel
1541 3942 1824 4010 essentiee,

166 4037 306 4090 sunt
335 4036 466 4088 tres
498 4029 558 4086 in
591 4033 795 4087 sancta
823 4029 1110 4086 Trinitate
1141 4047 1436 4102 personae;
1470 4031 1746 4104 quoniam
1777 4030 1828 4086 si

167 4121 498 4194 unicuique
527 4119 588 4174 in
620 4123 828 4176 sancta
854 4118 1140 4175 Trinitate
1160 4136 1420 4192 personae
1443 4137 1551 4176 sua
1570 4120 1826 4194 propria,

164 4210 223 4268 id
251 4217 348 4269 est
381 4207 658 4284 specialis
687 4209 908 4266 inesset
937 4209 1142 4278 deitas,
1173 4208 1328 4266 sicut
1366 4209 1743 4282 praediximus
1774 4213 1831 4266 et

167 4314 408 4376 semper
435 4297 888 4356 contradicendo
917 4297 1206 4356 hz-ereticis
1235 4300 1630 4355 contradicere
1655 4299 1828 4355 debe-

169 4405 328 4462 mus,
361 4405 486 4446 non
517 4392 674 4446 esset
708 4387 1012 4444 individua
1059 4391 1118 4444 et
1166 4387 1576 4461 inseparabilis
1626 4392 1830 4445 sancta

169 4479 456 4548 Trinitas,
489 4482 550 4535 et
577 4481 699 4534 tres
727 4475 808 4532 dii
839 4479 1068 4534 essent:
1103 4481 1159 4534 et
1189 4494 1327 4546 non,
1353 4476 1507 4533 sicut
1525 4477 1680 4532 idem
1705 4477 1831 4534 imi-

168 4568 394 4626 tatione
429 4567 591 4624 filius
621 4565 806 4639 patris
836 4565 929 4624 sui
959 4565 1200 4635 diaboli,
1235 4566 1334 4640 qui
1367 4571 1456 4624 est
1498 4568 1750 4623 mendax
1773 4571 1832 4623 et

171 4661 339 4730 pater
369 4653 688 4726 mendacii,
723 4654 872 4713 falso
904 4655 1082 4747 dicit,
1102 4654 1228 4747 sola
1258 4656 1704 4747 tantummodo
1725 4655 1829 4747 filii
1859 4675 1909 4747 Β

170 4747 364 4804 deitas
394 4751 634 4803 carnem
666 4745 1012 4818 assumpsit.
1047 4743 1160 4801 Sed
1189 4743 1316 4802 sola
1331 4762 1585 4818 persona
1607 4743 1831 4815 ﬁlii,cui
1859 4743 1892 4768 τ

171 4835 482 4910 proprium
513 4837 623 4902 est,
657 4833 798 4906 quia
827 4834 898 4890 de
925 4832 1113 4890 Patris
1143 4833 1478 4890 substantia
1515 4838 1836 4893 coaeternus

170 4923 333 4981 ﬁlius
363 4923 496 4981 sine
525 4921 645 4978 ullo
667 4921 835 4978 initio
861 4924 1037 4978 natus
1058 4925 1166 4992 est,
1187 4925 1244 4977 et
1259 4921 1436 4978 unius
1454 4923 1837 4998 ejusdemque

175 5011 546 5080 substantiae,
561 5012 621 5068 id
645 5015 737 5067 est
759 4997 1012 5089 deitatis,
1029 5027 1156 5083 quis
1179 5015 1268 5066 est
1291 5010 1486 5067 unitas
1507 4997 1834 5083 Trinitatis,

176 5115 314 5158 cum
349 5100 522 5156 Patre
551 5103 612 5155 et
641 5097 1088 5173 Spiritu‘sancto
1108 5103 1216 5168 est,
1237 5115 1470 5156 carnem
1493 5103 1834 5174 assumpsit,

174 5206 362 5264 quam
387 5188 566 5248 simul
590 5192 713 5246 tota
736 5191 942 5246 sancta
961 5188 1217 5246 Trinitas
1238 5187 1473 5246 sibimet
1493 5191 1839 5247 coessentia-

175 5277 251 5336 lis
281 5284 342 5338 et
373 5283 664 5337 conteras.
691 5293 759 5335 ac
789 5277 1288 5352 ooomnipotentes
1319 5278 1377 5334 in
1409 5283 1572 5336 utero
1608 5297 1839 5354 semper

181 5365 438 5443 Virginis
469 5366 794 5425 fabricavit.
827 5367 1090 5440 Denique
1119 5367 1444 5442 subjungit.

975 5511 1042 5568 X.

247 5642 307 5702 σξη
342 5659 369 5688 ‹‹
394 5635 704 5710 Siquidem
723 5636 969 5710 quando
999 5613 1386 5710 haptizamur,
1411 5635 1470 5691 id
1494 5639 1584 5692 est
1613 5636 1837 5710 tingui-

180 5746 212 5780 α
241 5741 404 5797 mur,
423 5729 518 5784 ter
538 5725 741 5800 procul
761 5725 940 5783 dubio
959 5725 1304 5800 mergimur,
1319 5728 1376 5781 et
1397 5729 1592 5784 tamen
1613 5731 1838 5802 propte-

507 5854 783 5919 Pnnon.
827 5852 1060 5919 CXXV.

1935 3421 2070 3461 rum
2101 3405 2294 3475 dictis,
2328 3411 2532 3463 contra
2558 3409 2686 3480 ejus
2715 3412 2773 3464 et
2801 3407 3154 3480 complicum
3203 3407 3391 3482 ipsius
3431 3407 3584 3464 dicta

1936 3511 2204 3570 perversa
2233 3495 2598 3570 collegimus,
2631 3514 2766 3554 eum
2799 3496 3012 3553 falsum
3045 3497 3260 3559 dixisse
3290 3497 3580 3554 convinci-

1935 3601 2094 3656 mus,
2127 3585 2281 3658 quod
2311 3589 2368 3640 et
2397 3587 2623 3642 cunctis
2645 3587 3007 3659 sapientibus
3027 3589 3204 3660 patet.
3221 3592 3296 3643 De
3316 3587 3426 3643 hoc
3446 3603 3581 3645 vero

1937 3674 2091 3746 quod
2125 3674 2266 3730 dicit
2295 3675 2435 3748 quia
2454 3676 2611 3731 trina
2637 3676 2849 3733 mersio
2871 3680 2928 3732 et
2946 3675 3167 3731 trinum
3190 3676 3578 3750 baptismum,

1936 3762 1994 3818 id
2028 3766 2116 3818 est
2143 3763 2298 3819 trina
2326 3764 2551 3834 tinctio,
2585 3781 2700 3820 non
2733 3769 2889 3833 sunt,
2925 3765 3078 3837 quod
3111 3764 3406 3832 absit,tres
3429 3783 3579 3820 mer-

1935 3851 2130 3907 siones
2161 3855 2217 3908 et
2247 3856 2366 3908 tres
2394 3852 2726 3920 tinctiones,
2756 3852 2817 3906 id
2843 3858 2932 3908 est
2959 3853 3068 3908 tria
3097 3851 3579 3925 baptismata,sed

1937 3957 2056 3996 una
2085 3945 2174 3996 est
2203 3940 2552 4014 generaliter
2599 3940 2814 3996 mersio
2857 3945 2916 3996 et
2963 3958 3082 3996 una
3127 3941 3350 4010 tinctio,
3385 3941 3443 3997 id
3491 3945 3581 3999 est

1936 4045 2120 4084 unum
2150 4029 2464 4100 baptisma,
2495 4027 2723 4084 dicente
2753 4027 3024 4101 Apostolo
3059 4045 3073 4084 :
3103 4031 3249 4086 Unus
3296 4031 3578 4098 Dominus,

1935 4135 2050 4174 una
2091 4117 2249 4190 ﬁdes,
2295 4133 2469 4173 unum
2518 4117 2780 4190 baptisma
2830 4117 3149 4190 (Ephesfw,
3181 4120 3258 4188 5),
3295 4117 3450 4175 dicat
3497 4119 3581 4174 illi

1937 4207 2084 4262 ﬁdes
2115 4205 2402 4262 catholica
2427 4222 2442 4262 :
2477 4207 2550 4262 Ev
2579 4223 2672 4262 ore
2699 4214 2788 4264 tuo
2819 4215 2868 4263 te
2889 4207 3122 4280 judicio,
3154 4224 3305 4264 serve
3349 4225 3584 4281 nequam

1937 4297 2088 4370 (Luc.
2120 4313 2234 4366 x1x,
2255 4299 2368 4366 22).
2393 4295 2453 4352 Si
2483 4295 2670 4352 credis
2703 4300 2762 4351 et
2785 4296 3081 4353 conﬁteris
3110 4301 3228 4354 tres
3259 4297 3582 4354 mersiones

1937 4385 1998 4441 in
2028 4385 2262 4442 nomine
2293 4389 2505 4440 sanctae
2535 4384 2840 4442 Trinitatis
2872 4385 3059 4442 Patris
3089 4391 3147 4442 et
3178 4386 3306 4442 Filii
3329 4391 3388 4443 et
3407 4387 3586 4461 Spiri-

1938 4478 2036 4532 tus
2066 4474 2252 4531 sancti
2284 4491 2470 4530 unum
2500 4491 2628 4531 esse
2648 4474 2964 4547 baptisma,
2981 4475 3119 4547 quia
3139 4493 3296 4534 unus
3318 4479 3407 4532 est
3426 4476 3582 4533 Deus

1938 4565 2106 4621 Pater
2133 4568 2192 4619 et
2222 4563 2402 4620 Filius
2435 4568 2492 4620 et
2521 4563 2776 4636 Spiritus
2807 4568 3068 4632 sanctus,
3102 4563 3280 4621 unius
3319 4564 3586 4640 videlicet

1939 4652 2225 4721 assentire,
2271 4653 2450 4708 unius
2501 4653 2756 4722 deitatis,
2807 4653 2984 4710 unius
3032 4659 3274 4724 natura},
3305 4654 3366 4710 in
3414 4655 3586 4728 cujus

1941 4743 2178 4799 nomine
2224 4743 2522 4816 baptisma
2563 4742 2916 4800 catholicum
2965 4743 3308 4811 celebratur,
3347 4759 3454 4800 cur
3500 4743 3585 4798 sic

1943 4848 2144 4888 excors
2186 4831 2406 4902 existis,
2441 4836 2508 4888 ut
2553 4833 2838 4888 unitatem
2887 4832 3142 4904 deitatis,
3175 4849 3292 4904 qua
3334 4831 3502 4888 Pater
3529 4835 3586 4888 et

1945 4921 2128 4979 Filius
2152 4926 2209 4978 et
2239 4921 2492 4996 Spiritus
2533 4926 2772 4999 sanctus
2817 4940 2971 4979 unus
3019 4927 3108 4978 est
3160 4927 3328 4991 Deus,
3362 4921 3586 4977 dividas

1943 5011 2159 5068 trinam
2193 5029 2460 5068 asserens
2491 5013 2870 5069 deitatem.Et
2891 5013 3030 5085 quia
3057 5029 3217 5068 more
3245 5009 3460 5067 diaboli
3483 5027 3583 5083 pa-

1945 5102 2054 5158 tris
2082 5101 2166 5157 tui
2197 5102 2348 5159 veris
2378 5103 2525 5158 falsa
2553 5102 2964 5174 permisces,et
2987 5101 3140 5156 melli
3167 5101 3326 5155 virus
3348 5101 3584 5155 commi-

1945 5207 2092 5258 sces,
2127 5195 2193 5247 ut
2219 5192 2291 5248 de
2320 5191 2470 5248 veris
2499 5195 2556 5246 et
2585 5189 2892 5246 dulcedine
2922 5189 3113 5246 mellis
3136 5189 3284 5246 falsa
3303 5191 3360 5244 et
3381 5189 3584 5245 morti-

1945 5281 2068 5338 fera
2097 5281 2506 5336 commendare
2534 5279 2748 5351 possis,
2777 5279 2835 5334 in
2867 5278 2977 5335 hoc
3017 5279 3171 5352 quod
3221 5277 3420 5334 dixisti
3445 5282 3588 5336 'tres

1945 5369 2268 5427 mersiones
2293 5368 2383 5424 vel
2410 5369 2720 5424 tinctiones
2750 5384 2934 5423 unum
2965 5384 3094 5424 esse
3121 5367 3436 5442 baptisma,
3449 5368 3590 5442 quia

1947 5475 2102 5516 unus
2133 5459 2436 5528 Dominus,
2467 5459 2586 5512 una
2632 5457 2800 5526 ﬁdos,
2831 5457 3170 5530 probamus.
3204 5459 3316 5515 Sed
3365 5455 3504 5532 quia
3531 5463 3590 5516 et

1945 5548 2142 5604 dixisti
2173 5565 2290 5604 non
2338 5563 2464 5604 esse
2509 5547 2569 5601 in
2621 5546 2972 5618 baptismate
3017 5551 3136 5604 tres
3185 5548 3508 5607 mersiones
3533 5553 3592 5607 et

1945 5641 2064 5694 tres
2093 5637 2426 5707 tinctiones,
2460 5635 2842 5710 reprobamus
2875 5637 2932 5690 et
2961 5637 3195 5694 mentiri
3225 5642 3284 5696 te
3323 5655 3588 5714 compro-

1944 5727 2176 5786 bamus.
2209 5725 2498 5784 Volumus
2531 5729 2724 5784 tamen
2770 5725 3129 5803 interrogare
3159 5731 3237 5800 te,
3268 5746 3448 5804 quare
3475 5728 3592 5786 illae

3189 5856 3266 5920 18
