  <div class='ocr_page' id='page_1' title='image "/cluster/home/n/w/nwhite01/storage/ocr_20150623/125/umn.31951002477418t/307.png"; bbox 0 0 4018 6478; ppageno 0'>
   <div class='ocr_carea' id='block_1_1' title="bbox 536 399 652 460">
    <p class='ocr_par' dir='ltr' id='par_1_1' title="bbox 536 399 652 460">
     <span class='ocr_line' id='line_1_1' title="bbox 536 399 652 460; baseline 0.017 -2"><span class='ocrx_word' id='word_1_1' title='bbox 536 399 652 460; x_wconf 82' lang='grc'>555</span> 
     </span>
    </p>
   </div>
   <div class='ocr_carea' id='block_1_2' title="bbox 1471 389 2998 452">
    <p class='ocr_par' dir='ltr' id='par_1_2' title="bbox 1471 389 2998 452">
     <span class='ocr_line' id='line_1_2' title="bbox 1471 389 2998 452; baseline -0.002 0"><span class='ocrx_word' id='word_1_2' title='bbox 1471 391 1848 452; x_wconf 81' lang='lat' dir='ltr'>HlNGMARI</span> <span class='ocrx_word' id='word_1_3' title='bbox 1894 389 2339 452; x_wconf 76' lang='lat' dir='ltr'>RIIEMENSIS</span> <span class='ocrx_word' id='word_1_4' title='bbox 2385 391 2998 452; x_wconf 80' lang='lat' dir='ltr'>ARCHIEPISCOP].</span> 
     </span>
    </p>
   </div>
   <div class='ocr_carea' id='block_1_3' title="bbox 3771 405 3867 464">
    <p class='ocr_par' dir='ltr' id='par_1_3' title="bbox 3771 405 3867 464">
     <span class='ocr_line' id='line_1_3' title="bbox 3771 405 3867 464; baseline 0.01 -1"><span class='ocrx_word' id='word_1_5' title='bbox 3771 405 3867 464; x_wconf 75' lang='lat'>556</span> 
     </span>
    </p>
   </div>
   <div class='ocr_carea' id='block_1_4' title="bbox 535 523 3865 602">
    <p class='ocr_par' dir='ltr' id='par_1_4' title="bbox 535 523 3865 602">
     <span class='ocr_line' id='line_1_4' title="bbox 535 523 3865 602; baseline 0.001 -17"><span class='ocrx_word' id='word_1_6' title='bbox 535 533 654 586; x_wconf 88' lang='lat' dir='ltr'>tres</span> <span class='ocrx_word' id='word_1_7' title='bbox 683 525 1007 585; x_wconf 89' lang='lat' dir='ltr'>mersiones</span> <span class='ocrx_word' id='word_1_8' title='bbox 1035 531 1093 582; x_wconf 88' lang='lat' dir='ltr'>et</span> <span class='ocrx_word' id='word_1_9' title='bbox 1122 529 1240 582; x_wconf 87' lang='lat' dir='ltr'>tres</span> <span class='ocrx_word' id='word_1_10' title='bbox 1269 525 1582 581; x_wconf 89' lang='lat' dir='ltr'>tinctiones</span> <span class='ocrx_word' id='word_1_11' title='bbox 1614 542 1728 580; x_wconf 89' lang='lat' dir='ltr'>non</span> <span class='ocrx_word' id='word_1_12' title='bbox 1761 528 1902 580; x_wconf 88' lang='lat' dir='ltr'>sunt</span> <span class='ocrx_word' id='word_1_13' title='bbox 1929 523 2041 580; x_wconf 84' lang='lat' dir='ltr'>tria</span> <span class='ocrx_word' id='word_1_14' title='bbox 2068 525 2173 580; x_wconf 91' lang='lat' dir='ltr'>ba—</span> <span class='ocrx_word' id='word_1_15' title='bbox 2202 524 2260 592; x_wconf 80' lang='grc' dir='ltr'><strong>Α</strong></span> <span class='ocrx_word' id='word_1_16' title='bbox 2287 526 2343 578; x_wconf 90' lang='lat' dir='ltr'>et</span> <span class='ocrx_word' id='word_1_17' title='bbox 2373 539 2563 596; x_wconf 88' lang='lat' dir='ltr'>opere.</span> <span class='ocrx_word' id='word_1_18' title='bbox 2590 525 2790 597; x_wconf 94' lang='lat' dir='ltr'>Itaque</span> <span class='ocrx_word' id='word_1_19' title='bbox 2819 527 2875 580; x_wconf 92' lang='lat' dir='ltr'>et</span> <span class='ocrx_word' id='word_1_20' title='bbox 2903 539 3075 580; x_wconf 89' lang='lat' dir='ltr'>omne</span> <span class='ocrx_word' id='word_1_21' title='bbox 3104 529 3402 596; x_wconf 88' lang='lat' dir='ltr'>peccatum</span> <span class='ocrx_word' id='word_1_22' title='bbox 3433 532 3530 582; x_wconf 85' lang='lat' dir='ltr'>aut</span> <span class='ocrx_word' id='word_1_23' title='bbox 3548 529 3865 602; x_wconf 78' lang='lat' dir='ltr'>cogitatione,</span> 
     </span>
    </p>
   </div>
   <div class='ocr_carea' id='block_1_5' title="bbox 533 613 2178 692">
    <p class='ocr_par' dir='ltr' id='par_1_5' title="bbox 533 613 2178 692">
     <span class='ocr_line' id='line_1_5' title="bbox 533 613 2178 692; baseline -0.004 -18"><span class='ocrx_word' id='word_1_24' title='bbox 533 619 832 692; x_wconf 84' lang='lat' dir='ltr'>ptismata,</span> <span class='ocrx_word' id='word_1_25' title='bbox 867 618 967 674; x_wconf 86' lang='lat' dir='ltr'>sed</span> <span class='ocrx_word' id='word_1_26' title='bbox 998 634 1183 672; x_wconf 91' lang='lat' dir='ltr'>unum</span> <span class='ocrx_word' id='word_1_27' title='bbox 1216 615 1529 688; x_wconf 86' lang='lat' dir='ltr'>baptisma.</span> <span class='ocrx_word' id='word_1_28' title='bbox 1552 615 1636 669; x_wconf 79' lang='lat' dir='ltr'>Ad</span> <span class='ocrx_word' id='word_1_29' title='bbox 1668 633 1795 687; x_wconf 71' lang='lat' dir='ltr'>qua:</span> <span class='ocrx_word' id='word_1_30' title='bbox 1827 613 1873 669; x_wconf 89' lang='lat' dir='ltr'>si</span> <span class='ocrx_word' id='word_1_31' title='bbox 1909 613 2178 682; x_wconf 77' lang='lat' dir='ltr'>tacueris,</span> 
     </span>
    </p>
   </div>
   <div class='ocr_carea' id='block_1_6' title="bbox 535 703 2177 774">
    <p class='ocr_par' dir='ltr' id='par_1_6' title="bbox 535 703 2177 774">
     <span class='ocr_line' id='line_1_6' title="bbox 535 703 2177 774; baseline -0.004 -10"><span class='ocrx_word' id='word_1_32' title='bbox 535 709 790 764; x_wconf 85' lang='lat' dir='ltr'>dicimus</span> <span class='ocrx_word' id='word_1_33' title='bbox 819 707 948 762; x_wconf 89' lang='lat' dir='ltr'>ideo</span> <span class='ocrx_word' id='word_1_34' title='bbox 981 709 1098 761; x_wconf 88' lang='lat' dir='ltr'>tres</span> <span class='ocrx_word' id='word_1_35' title='bbox 1130 705 1452 761; x_wconf 89' lang='lat' dir='ltr'>mersiones</span> <span class='ocrx_word' id='word_1_36' title='bbox 1487 721 1668 759; x_wconf 88' lang='lat' dir='ltr'>unum</span> <span class='ocrx_word' id='word_1_37' title='bbox 1699 721 1826 759; x_wconf 87' lang='lat' dir='ltr'>esse</span> <span class='ocrx_word' id='word_1_38' title='bbox 1866 703 2177 774; x_wconf 87' lang='lat' dir='ltr'>baptisma,</span> 
     </span>
    </p>
   </div>
   <div class='ocr_carea' id='block_1_7' title="bbox 537 791 2182 870">
    <p class='ocr_par' dir='ltr' id='par_1_7' title="bbox 537 791 2182 870">
     <span class='ocr_line' id='line_1_7' title="bbox 537 791 2182 870; baseline -0.004 -17"><span class='ocrx_word' id='word_1_39' title='bbox 537 797 818 870; x_wconf 88' lang='lat' dir='ltr'>quoniam</span> <span class='ocrx_word' id='word_1_40' title='bbox 849 797 909 851; x_wconf 91' lang='lat' dir='ltr'>in</span> <span class='ocrx_word' id='word_1_41' title='bbox 940 794 1126 862; x_wconf 88' lang='lat' dir='ltr'>unite,</span> <span class='ocrx_word' id='word_1_42' title='bbox 1149 794 1267 848; x_wconf 89' lang='lat' dir='ltr'>imo</span> <span class='ocrx_word' id='word_1_43' title='bbox 1295 793 1351 848; x_wconf 90' lang='lat' dir='ltr'>in</span> <span class='ocrx_word' id='word_1_44' title='bbox 1376 811 1490 848; x_wconf 92' lang='lat' dir='ltr'>uno</span> <span class='ocrx_word' id='word_1_45' title='bbox 1513 793 1746 847; x_wconf 83' lang='lat' dir='ltr'>nomine</span> <span class='ocrx_word' id='word_1_46' title='bbox 1768 791 1950 847; x_wconf 89' lang='lat' dir='ltr'>Patris</span> <span class='ocrx_word' id='word_1_47' title='bbox 1972 797 2030 847; x_wconf 91' lang='lat' dir='ltr'>et</span> <span class='ocrx_word' id='word_1_48' title='bbox 2051 791 2182 846; x_wconf 89' lang='lat' dir='ltr'>Filii</span> 
     </span>
    </p>
   </div>
   <div class='ocr_carea' id='block_1_8' title="bbox 537 881 2178 958">
    <p class='ocr_par' dir='ltr' id='par_1_8' title="bbox 537 881 2178 958">
     <span class='ocr_line' id='line_1_8' title="bbox 537 881 2178 958; baseline -0.004 -16"><span class='ocrx_word' id='word_1_49' title='bbox 537 890 595 942; x_wconf 90' lang='lat' dir='ltr'>et</span> <span class='ocrx_word' id='word_1_50' title='bbox 615 884 869 958; x_wconf 77' lang='lat' dir='ltr'>Spiritus</span> <span class='ocrx_word' id='word_1_51' title='bbox 901 883 1364 955; x_wconf 87' lang='lat' dir='ltr'>saneti,quorum</span> <span class='ocrx_word' id='word_1_52' title='bbox 1399 887 1485 938; x_wconf 89' lang='lat' dir='ltr'>est</span> <span class='ocrx_word' id='word_1_53' title='bbox 1517 899 1633 937; x_wconf 86' lang='lat' dir='ltr'>una</span> <span class='ocrx_word' id='word_1_54' title='bbox 1663 881 2178 949; x_wconf 86' lang='lat' dir='ltr'>divinitas,deitas,</span> 
     </span>
    </p>
   </div>
   <div class='ocr_carea' id='block_1_9' title="bbox 539 969 2179 1047">
    <p class='ocr_par' dir='ltr' id='par_1_9' title="bbox 539 969 2179 1047">
     <span class='ocr_line' id='line_1_9' title="bbox 539 969 2179 1047; baseline -0.004 -17"><span class='ocrx_word' id='word_1_55' title='bbox 539 979 716 1047; x_wconf 86' lang='lat' dir='ltr'>atque</span> <span class='ocrx_word' id='word_1_56' title='bbox 747 973 1098 1042; x_wconf 71' lang='lat' dir='ltr'>substantia,</span> <span class='ocrx_word' id='word_1_57' title='bbox 1133 971 1412 1028; x_wconf 82' lang='lat' dir='ltr'>catholico</span> <span class='ocrx_word' id='word_1_58' title='bbox 1445 971 1788 1036; x_wconf 79' lang='lat' dir='ltr'>celebratur,</span> <span class='ocrx_word' id='word_1_59' title='bbox 1824 970 1977 1026; x_wconf 87' lang='lat' dir='ltr'>sicut</span> <span class='ocrx_word' id='word_1_60' title='bbox 2003 969 2179 1024; x_wconf 81' lang='lat' dir='ltr'>Atha-</span> 
     </span>
    </p>
   </div>
   <div class='ocr_carea' id='block_1_10' title="bbox 539 1059 2184 1134">
    <p class='ocr_par' dir='ltr' id='par_1_10' title="bbox 539 1059 2184 1134">
     <span class='ocr_line' id='line_1_10' title="bbox 539 1059 2184 1134; baseline -0.003 -16"><span class='ocrx_word' id='word_1_61' title='bbox 539 1061 743 1120; x_wconf 85' lang='lat' dir='ltr'>nasius</span> <span class='ocrx_word' id='word_1_62' title='bbox 773 1063 834 1118; x_wconf 91' lang='lat' dir='ltr'>in</span> <span class='ocrx_word' id='word_1_63' title='bbox 864 1061 1014 1118; x_wconf 91' lang='lat' dir='ltr'>libro</span> <span class='ocrx_word' id='word_1_64' title='bbox 1045 1063 1115 1117; x_wconf 89' lang='lat' dir='ltr'>de</span> <span class='ocrx_word' id='word_1_65' title='bbox 1147 1060 1400 1134; x_wconf 82' lang='lat' dir='ltr'>propriis</span> <span class='ocrx_word' id='word_1_66' title='bbox 1430 1060 1695 1132; x_wconf 90' lang='lat' dir='ltr'>personis</span> <span class='ocrx_word' id='word_1_67' title='bbox 1721 1064 1777 1115; x_wconf 91' lang='lat' dir='ltr'>et</span> <span class='ocrx_word' id='word_1_68' title='bbox 1805 1059 1876 1114; x_wconf 90' lang='lat' dir='ltr'>de</span> <span class='ocrx_word' id='word_1_69' title='bbox 1903 1059 2064 1114; x_wconf 91' lang='lat' dir='ltr'>unito</span> <span class='ocrx_word' id='word_1_70' title='bbox 2088 1076 2184 1114; x_wconf 90' lang='lat' dir='ltr'>no-</span> 
     </span>
    </p>
   </div>
   <div class='ocr_carea' id='block_1_11' title="bbox 539 1147 2180 1222">
    <p class='ocr_par' dir='ltr' id='par_1_11' title="bbox 539 1147 2180 1222">
     <span class='ocr_line' id='line_1_11' title="bbox 539 1147 2180 1222; baseline -0.004 -15"><span class='ocrx_word' id='word_1_71' title='bbox 539 1151 699 1208; x_wconf 88' lang='lat' dir='ltr'>mine</span> <span class='ocrx_word' id='word_1_72' title='bbox 726 1150 1048 1206; x_wconf 84' lang='lat' dir='ltr'>divinitatis</span> <span class='ocrx_word' id='word_1_73' title='bbox 1075 1150 1193 1222; x_wconf 80' lang='lat' dir='ltr'>(tib.</span> <span class='ocrx_word' id='word_1_74' title='bbox 1227 1167 1287 1217; x_wconf 84' lang='grc' dir='ltr'>ιι,</span> <span class='ocrx_word' id='word_1_75' title='bbox 1319 1149 1419 1204; x_wconf 82' lang='lat' dir='ltr'>sub</span> <span class='ocrx_word' id='word_1_76' title='bbox 1441 1149 1624 1220; x_wconf 83' lang='lat' dir='ltr'>ﬁnem)</span> <span class='ocrx_word' id='word_1_77' title='bbox 1648 1147 1788 1204; x_wconf 84' lang='lat' dir='ltr'>dicit</span> <span class='ocrx_word' id='word_1_78' title='bbox 1813 1164 1826 1204; x_wconf 92' lang='lat'>:</span> <span class='ocrx_word' id='word_1_79' title='bbox 1851 1171 1879 1197; x_wconf 77' lang='grc' dir='ltr'>α</span> <span class='ocrx_word' id='word_1_80' title='bbox 1903 1149 2180 1215; x_wconf 79' lang='lat' dir='ltr'>Joannes,</span> 
     </span>
    </p>
   </div>
   <div class='ocr_carea' id='block_1_12' title="bbox 538 1237 2184 1314">
    <p class='ocr_par' dir='ltr' id='par_1_12' title="bbox 538 1237 2184 1314">
     <span class='ocr_line' id='line_1_12' title="bbox 538 1237 2184 1314; baseline -0.004 -18"><span class='ocrx_word' id='word_1_81' title='bbox 538 1239 836 1314; x_wconf 86' lang='lat' dir='ltr'>inquiens,</span> <span class='ocrx_word' id='word_1_82' title='bbox 867 1243 1117 1295; x_wconf 81' lang='lat' dir='ltr'>testatur</span> <span class='ocrx_word' id='word_1_83' title='bbox 1145 1239 1214 1294; x_wconf 89' lang='lat' dir='ltr'>de</span> <span class='ocrx_word' id='word_1_84' title='bbox 1244 1239 1513 1305; x_wconf 92' lang='lat' dir='ltr'>Domino,</span> <span class='ocrx_word' id='word_1_85' title='bbox 1545 1237 1684 1309; x_wconf 85' lang='lat' dir='ltr'>quia</span> <span class='ocrx_word' id='word_1_86' title='bbox 1713 1239 1773 1291; x_wconf 82' lang='lat' dir='ltr'>in</span> <span class='ocrx_word' id='word_1_87' title='bbox 1799 1253 1900 1292; x_wconf 83' lang='lat' dir='ltr'>sua</span> <span class='ocrx_word' id='word_1_88' title='bbox 1938 1238 2101 1304; x_wconf 78' lang='lat' dir='ltr'>venit,</span> <span class='ocrx_word' id='word_1_89' title='bbox 2133 1243 2184 1290; x_wconf 82' lang='lat' dir='ltr'>et</span> 
     </span>
    </p>
   </div>
   <div class='ocr_carea' id='block_1_13' title="bbox 537 1328 2184 1400">
    <p class='ocr_par' dir='ltr' id='par_1_13' title="bbox 537 1328 2184 1400">
     <span class='ocr_line' id='line_1_13' title="bbox 537 1328 2184 1400; baseline -0.004 -15"><span class='ocrx_word' id='word_1_90' title='bbox 537 1330 630 1385; x_wconf 77' lang='lat' dir='ltr'>sui</span> <span class='ocrx_word' id='word_1_91' title='bbox 655 1345 781 1385; x_wconf 83' lang='lat' dir='ltr'>eum</span> <span class='ocrx_word' id='word_1_92' title='bbox 819 1345 931 1384; x_wconf 79' lang='lat' dir='ltr'>non</span> <span class='ocrx_word' id='word_1_93' title='bbox 972 1335 1304 1400; x_wconf 77' lang='lat' dir='ltr'>receperunt,</span> <span class='ocrx_word' id='word_1_94' title='bbox 1341 1328 1602 1399; x_wconf 79' lang='lat' dir='ltr'>Quotquot</span> <span class='ocrx_word' id='word_1_95' title='bbox 1645 1334 1826 1382; x_wconf 83' lang='lat' dir='ltr'>autem</span> <span class='ocrx_word' id='word_1_96' title='bbox 1871 1333 2184 1398; x_wconf 78' lang='lat' dir='ltr'>receperunt</span> 
     </span>
    </p>
   </div>
   <div class='ocr_carea' id='block_1_14' title="bbox 536 1415 2182 1491">
    <p class='ocr_par' dir='ltr' id='par_1_14' title="bbox 536 1415 2182 1491">
     <span class='ocr_line' id='line_1_14' title="bbox 536 1415 2182 1491; baseline -0.003 -17"><span class='ocrx_word' id='word_1_97' title='bbox 536 1418 835 1487; x_wconf 77' lang='lat' dir='ltr'>eum,dedit</span> <span class='ocrx_word' id='word_1_98' title='bbox 851 1420 931 1474; x_wconf 78' lang='lat' dir='ltr'>eis</span> <span class='ocrx_word' id='word_1_99' title='bbox 945 1425 1254 1491; x_wconf 75' lang='lat' dir='ltr'>potestatem</span> <span class='ocrx_word' id='word_1_100' title='bbox 1273 1417 1416 1488; x_wconf 61' lang='lat' dir='ltr'>ﬁlius</span> <span class='ocrx_word' id='word_1_101' title='bbox 1447 1416 1543 1471; x_wconf 77' lang='lat' dir='ltr'>Dei</span> <span class='ocrx_word' id='word_1_102' title='bbox 1587 1416 1732 1486; x_wconf 79' lang='lat' dir='ltr'>ﬁeri,</span> <span class='ocrx_word' id='word_1_103' title='bbox 1753 1415 2090 1470; x_wconf 76' lang='lat' dir='ltr'>credentibus</span> <span class='ocrx_word' id='word_1_104' title='bbox 2122 1417 2182 1470; x_wconf 79' lang='lat' dir='ltr'>in</span> 
     </span>
    </p>
   </div>
   <div class='ocr_carea' id='block_1_15' title="bbox 535 1505 2184 1584">
    <p class='ocr_par' dir='ltr' id='par_1_15' title="bbox 535 1505 2184 1584">
     <span class='ocr_line' id='line_1_15' title="bbox 535 1505 2184 1584; baseline -0.003 -21"><span class='ocrx_word' id='word_1_105' title='bbox 535 1509 760 1563; x_wconf 75' lang='lat' dir='ltr'>nomine</span> <span class='ocrx_word' id='word_1_106' title='bbox 783 1508 920 1580; x_wconf 80' lang='lat' dir='ltr'>ejus,</span> <span class='ocrx_word' id='word_1_107' title='bbox 954 1508 1051 1579; x_wconf 76' lang='lat' dir='ltr'>qui</span> <span class='ocrx_word' id='word_1_108' title='bbox 1077 1523 1186 1584; x_wconf 69' lang='lat' dir='ltr'>non</span> <span class='ocrx_word' id='word_1_109' title='bbox 1213 1523 1284 1560; x_wconf 73' lang='lat' dir='ltr'>ea:</span> <span class='ocrx_word' id='word_1_110' title='bbox 1309 1507 1598 1574; x_wconf 73' lang='lat' dir='ltr'>sanguine,</span> <span class='ocrx_word' id='word_1_111' title='bbox 1621 1521 1795 1576; x_wconf 79' lang='lat' dir='ltr'>neque</span> <span class='ocrx_word' id='word_1_112' title='bbox 1822 1521 1892 1559; x_wconf 76' lang='lat' dir='ltr'>ex</span> <span class='ocrx_word' id='word_1_113' title='bbox 1913 1505 2184 1560; x_wconf 82' lang='lat' dir='ltr'>voluntate</span> 
     </span>
    </p>
   </div>
   <div class='ocr_carea' id='block_1_16' title="bbox 537 1593 2186 1668">
    <p class='ocr_par' dir='ltr' id='par_1_16' title="bbox 537 1593 2186 1668">
     <span class='ocr_line' id='line_1_16' title="bbox 537 1593 2186 1668; baseline -0.002 -16"><span class='ocrx_word' id='word_1_114' title='bbox 537 1597 740 1664; x_wconf 78' lang='lat' dir='ltr'>carnis,</span> <span class='ocrx_word' id='word_1_115' title='bbox 772 1611 946 1668; x_wconf 82' lang='lat' dir='ltr'>nequc</span> <span class='ocrx_word' id='word_1_116' title='bbox 971 1612 1042 1650; x_wconf 72' lang='lat' dir='ltr'>ex</span> <span class='ocrx_word' id='word_1_117' title='bbox 1068 1596 1338 1650; x_wconf 78' lang='lat' dir='ltr'>voluntate</span> <span class='ocrx_word' id='word_1_118' title='bbox 1365 1596 1494 1660; x_wconf 78' lang='lat' dir='ltr'>viri,</span> <span class='ocrx_word' id='word_1_119' title='bbox 1524 1593 1617 1649; x_wconf 84' lang='lat' dir='ltr'>scd</span> <span class='ocrx_word' id='word_1_120' title='bbox 1646 1610 1715 1648; x_wconf 73' lang='lat' dir='ltr'>ex</span> <span class='ocrx_word' id='word_1_121' title='bbox 1745 1595 1846 1648; x_wconf 81' lang='lat' dir='ltr'>Deo</span> <span class='ocrx_word' id='word_1_122' title='bbox 1891 1595 2010 1649; x_wconf 79' lang='lat' dir='ltr'>uati</span> <span class='ocrx_word' id='word_1_123' title='bbox 2056 1600 2186 1648; x_wconf 84' lang='lat' dir='ltr'>sunt</span> 
     </span>
    </p>
   </div>
   <div class='ocr_carea' id='block_1_17' title="bbox 539 1683 2184 1757">
    <p class='ocr_par' dir='ltr' id='par_1_17' title="bbox 539 1683 2184 1757">
     <span class='ocr_line' id='line_1_17' title="bbox 539 1683 2184 1757; baseline -0.003 -14"><span class='ocrx_word' id='word_1_124' title='bbox 539 1686 770 1757; x_wconf 75' lang='lat' dir='ltr'>(JoauJ,</span> <span class='ocrx_word' id='word_1_125' title='bbox 807 1684 1088 1757; x_wconf 77' lang='lat' dir='ltr'>11).Disee</span> <span class='ocrx_word' id='word_1_126' title='bbox 1107 1700 1242 1756; x_wconf 87' lang='lat' dir='ltr'>ergo</span> <span class='ocrx_word' id='word_1_127' title='bbox 1265 1683 1372 1738; x_wconf 91' lang='lat' dir='ltr'>hoc</span> <span class='ocrx_word' id='word_1_128' title='bbox 1395 1683 1626 1738; x_wconf 89' lang='lat' dir='ltr'>unitum</span> <span class='ocrx_word' id='word_1_129' title='bbox 1655 1699 1865 1737; x_wconf 88' lang='lat' dir='ltr'>nomen</span> <span class='ocrx_word' id='word_1_130' title='bbox 1887 1699 2015 1737; x_wconf 90' lang='lat' dir='ltr'>esse</span> <span class='ocrx_word' id='word_1_131' title='bbox 2037 1699 2184 1738; x_wconf 88' lang='lat' dir='ltr'>sem-</span> 
     </span>
    </p>
   </div>
   <div class='ocr_carea' id='block_1_18' title="bbox 537 1771 2180 1846">
    <p class='ocr_par' dir='ltr' id='par_1_18' title="bbox 537 1771 2180 1846">
     <span class='ocr_line' id='line_1_18' title="bbox 537 1771 2180 1846; baseline -0.005 -18"><span class='ocrx_word' id='word_1_132' title='bbox 537 1772 832 1846; x_wconf 88' lang='lat' dir='ltr'>piternum</span> <span class='ocrx_word' id='word_1_133' title='bbox 857 1772 914 1828; x_wconf 91' lang='lat' dir='ltr'>in</span> <span class='ocrx_word' id='word_1_134' title='bbox 936 1773 1152 1828; x_wconf 89' lang='lat' dir='ltr'>deitate</span> <span class='ocrx_word' id='word_1_135' title='bbox 1177 1771 1360 1827; x_wconf 85' lang='lat' dir='ltr'>Patris</span> <span class='ocrx_word' id='word_1_136' title='bbox 1374 1776 1432 1827; x_wconf 90' lang='lat' dir='ltr'>et</span> <span class='ocrx_word' id='word_1_137' title='bbox 1446 1771 1572 1826; x_wconf 82' lang='lat' dir='ltr'>Filii</span> <span class='ocrx_word' id='word_1_138' title='bbox 1587 1777 1642 1826; x_wconf 91' lang='lat' dir='ltr'>et</span> <span class='ocrx_word' id='word_1_139' title='bbox 1655 1771 1908 1843; x_wconf 83' lang='lat' dir='ltr'>Spiritus</span> <span class='ocrx_word' id='word_1_140' title='bbox 1921 1771 2105 1826; x_wconf 82' lang='lat' dir='ltr'>sancti</span> <span class='ocrx_word' id='word_1_141' title='bbox 2129 1789 2180 1840; x_wconf 86' lang='grc'>;››</span> 
     </span>
    </p>
   </div>
   <div class='ocr_carea' id='block_1_19' title="bbox 537 1859 2260 1958">
    <p class='ocr_par' dir='ltr' id='par_1_19' title="bbox 537 1859 2260 1958">
     <span class='ocr_line' id='line_1_19' title="bbox 537 1859 2260 1958; baseline -0.002 -40"><span class='ocrx_word' id='word_1_142' title='bbox 537 1862 692 1918; x_wconf 92' lang='lat' dir='ltr'>sicut</span> <span class='ocrx_word' id='word_1_143' title='bbox 709 1865 766 1918; x_wconf 90' lang='lat' dir='ltr'>et</span> <span class='ocrx_word' id='word_1_144' title='bbox 777 1877 962 1917; x_wconf 89' lang='lat' dir='ltr'>unum</span> <span class='ocrx_word' id='word_1_145' title='bbox 976 1861 1271 1934; x_wconf 89' lang='lat' dir='ltr'>baptisma</span> <span class='ocrx_word' id='word_1_146' title='bbox 1282 1865 1370 1916; x_wconf 89' lang='lat' dir='ltr'>est</span> <span class='ocrx_word' id='word_1_147' title='bbox 1384 1861 1515 1915; x_wconf 84' lang='lat' dir='ltr'>ﬁdei</span> <span class='ocrx_word' id='word_1_148' title='bbox 1526 1861 1700 1932; x_wconf 87' lang='lat' dir='ltr'>,quod</span> <span class='ocrx_word' id='word_1_149' title='bbox 1716 1859 1892 1915; x_wconf 89' lang='lat' dir='ltr'>vitam</span> <span class='ocrx_word' id='word_1_150' title='bbox 1905 1863 2179 1958; x_wconf 65' lang='lat' dir='ltr'>aeternam</span> <span class='ocrx_word' id='word_1_151' title='bbox 2211 1893 2260 1958; x_wconf 83' lang='lat' dir='ltr'><strong>B</strong></span> 
     </span>
    </p>
   </div>
   <div class='ocr_carea' id='block_1_20' title="bbox 537 1946 2177 2020">
    <p class='ocr_par' dir='ltr' id='par_1_20' title="bbox 537 1946 2177 2020">
     <span class='ocr_line' id='line_1_20' title="bbox 537 1946 2177 2020; baseline -0.002 -14"><span class='ocrx_word' id='word_1_152' title='bbox 537 1948 910 2006; x_wconf 86' lang='lat' dir='ltr'>credentibus</span> <span class='ocrx_word' id='word_1_153' title='bbox 932 1949 1138 2004; x_wconf 86' lang='lat' dir='ltr'>tribuit</span> <span class='ocrx_word' id='word_1_154' title='bbox 1160 1967 1172 2004; x_wconf 88' lang='lat'><strong>:</strong></span> <span class='ocrx_word' id='word_1_155' title='bbox 1198 1947 1338 2020; x_wconf 90' lang='lat' dir='ltr'>quia</span> <span class='ocrx_word' id='word_1_156' title='bbox 1357 1948 1509 2005; x_wconf 85' lang='lat' dir='ltr'>sicut</span> <span class='ocrx_word' id='word_1_157' title='bbox 1531 1947 1760 2003; x_wconf 88' lang='lat' dir='ltr'>unitum</span> <span class='ocrx_word' id='word_1_158' title='bbox 1785 1965 1997 2003; x_wconf 88' lang='lat' dir='ltr'>nomen</span> <span class='ocrx_word' id='word_1_159' title='bbox 2020 1946 2177 2003; x_wconf 88' lang='lat' dir='ltr'>estin</span> 
     </span>
    </p>
   </div>
   <div class='ocr_carea' id='block_1_21' title="bbox 538 2035 2180 2109">
    <p class='ocr_par' dir='ltr' id='par_1_21' title="bbox 538 2035 2180 2109">
     <span class='ocr_line' id='line_1_21' title="bbox 538 2035 2180 2109; baseline -0.002 -15"><span class='ocrx_word' id='word_1_160' title='bbox 538 2041 750 2094; x_wconf 87' lang='lat' dir='ltr'>natura</span> <span class='ocrx_word' id='word_1_161' title='bbox 767 2037 1248 2108; x_wconf 89' lang='lat' dir='ltr'>Trinitatis,itaet</span> <span class='ocrx_word' id='word_1_162' title='bbox 1265 2054 1446 2092; x_wconf 90' lang='lat' dir='ltr'>unum</span> <span class='ocrx_word' id='word_1_163' title='bbox 1465 2037 1686 2092; x_wconf 88' lang='lat' dir='ltr'>donum</span> <span class='ocrx_word' id='word_1_164' title='bbox 1705 2053 1806 2108; x_wconf 88' lang='lat' dir='ltr'>per</span> <span class='ocrx_word' id='word_1_165' title='bbox 1820 2035 2180 2109; x_wconf 87' lang='lat' dir='ltr'>baptismum</span> 
     </span>
    </p>
   </div>
   <div class='ocr_carea' id='block_1_22' title="bbox 537 2125 2181 2199">
    <p class='ocr_par' dir='ltr' id='par_1_22' title="bbox 537 2125 2181 2199">
     <span class='ocr_line' id='line_1_22' title="bbox 537 2125 2181 2199; baseline 0 -18"><span class='ocrx_word' id='word_1_166' title='bbox 537 2125 879 2182; x_wconf 85' lang='lat' dir='ltr'>divinitatis.</span> <span class='ocrx_word' id='word_1_167' title='bbox 901 2125 1214 2199; x_wconf 86' lang='lat' dir='ltr'>Apostolus</span> <span class='ocrx_word' id='word_1_168' title='bbox 1243 2126 1343 2195; x_wconf 88' lang='lat' dir='ltr'>ait,</span> <span class='ocrx_word' id='word_1_169' title='bbox 1383 2128 1498 2184; x_wconf 83' lang='lat' dir='ltr'>Una</span> <span class='ocrx_word' id='word_1_170' title='bbox 1525 2125 1677 2197; x_wconf 79' lang='lat' dir='ltr'>ﬁdes,</span> <span class='ocrx_word' id='word_1_171' title='bbox 1711 2142 1885 2181; x_wconf 81' lang='lat' dir='ltr'>unum</span> <span class='ocrx_word' id='word_1_172' title='bbox 1915 2127 2181 2198; x_wconf 78' lang='lat' dir='ltr'>baptisma</span> 
     </span>
    </p>
   </div>
   <div class='ocr_carea' id='block_1_23' title="bbox 534 2215 2178 2288">
    <p class='ocr_par' dir='ltr' id='par_1_23' title="bbox 534 2215 2178 2288">
     <span class='ocr_line' id='line_1_23' title="bbox 534 2215 2178 2288; baseline 0 -20"><span class='ocrx_word' id='word_1_173' title='bbox 534 2215 1146 2288; x_wconf 75' lang='lat' dir='ltr'>(Ephes.1v,5).ldcirco</span> <span class='ocrx_word' id='word_1_174' title='bbox 1166 2217 1320 2288; x_wconf 91' lang='lat' dir='ltr'>quod</span> <span class='ocrx_word' id='word_1_175' title='bbox 1344 2233 1555 2272; x_wconf 87' lang='lat' dir='ltr'>nomen</span> <span class='ocrx_word' id='word_1_176' title='bbox 1581 2215 1768 2271; x_wconf 85' lang='lat' dir='ltr'>Patris</span> <span class='ocrx_word' id='word_1_177' title='bbox 1790 2215 1867 2272; x_wconf 91' lang='lat' dir='ltr'>sit</span> <span class='ocrx_word' id='word_1_178' title='bbox 1890 2215 1948 2270; x_wconf 89' lang='lat' dir='ltr'>in</span> <span class='ocrx_word' id='word_1_179' title='bbox 1970 2215 2081 2272; x_wconf 84' lang='lat' dir='ltr'>divi</span> <span class='ocrx_word' id='word_1_180' title='bbox 2091 2215 2178 2270; x_wconf 89' lang='lat' dir='ltr'>ni-</span> 
     </span>
    </p>
   </div>
   <div class='ocr_carea' id='block_1_24' title="bbox 535 2303 2182 2372">
    <p class='ocr_par' dir='ltr' id='par_1_24' title="bbox 535 2303 2182 2372">
     <span class='ocr_line' id='line_1_24' title="bbox 535 2303 2182 2372; baseline 0.001 -13"><span class='ocrx_word' id='word_1_181' title='bbox 535 2307 673 2372; x_wconf 84' lang='lat' dir='ltr'>tate,</span> <span class='ocrx_word' id='word_1_182' title='bbox 706 2304 815 2360; x_wconf 90' lang='lat' dir='ltr'>hoc</span> <span class='ocrx_word' id='word_1_183' title='bbox 844 2322 1057 2361; x_wconf 87' lang='lat' dir='ltr'>nomen</span> <span class='ocrx_word' id='word_1_184' title='bbox 1088 2305 1165 2361; x_wconf 90' lang='lat' dir='ltr'>sit</span> <span class='ocrx_word' id='word_1_185' title='bbox 1193 2310 1250 2360; x_wconf 89' lang='lat' dir='ltr'>et</span> <span class='ocrx_word' id='word_1_186' title='bbox 1280 2303 1406 2360; x_wconf 87' lang='lat' dir='ltr'>Filii</span> <span class='ocrx_word' id='word_1_187' title='bbox 1436 2305 1496 2360; x_wconf 92' lang='lat' dir='ltr'>in</span> <span class='ocrx_word' id='word_1_188' title='bbox 1525 2309 1734 2360; x_wconf 91' lang='lat' dir='ltr'>natura</span> <span class='ocrx_word' id='word_1_189' title='bbox 1756 2303 2104 2372; x_wconf 88' lang='lat' dir='ltr'>deitatis,sie</span> <span class='ocrx_word' id='word_1_190' title='bbox 2123 2307 2182 2360; x_wconf 90' lang='lat' dir='ltr'>et</span> 
     </span>
    </p>
   </div>
   <div class='ocr_carea' id='block_1_25' title="bbox 535 2391 2178 2464">
    <p class='ocr_par' dir='ltr' id='par_1_25' title="bbox 535 2391 2178 2464">
     <span class='ocr_line' id='line_1_25' title="bbox 535 2391 2178 2464; baseline 0 -16"><span class='ocrx_word' id='word_1_191' title='bbox 535 2391 788 2464; x_wconf 84' lang='lat' dir='ltr'>Spiritus</span> <span class='ocrx_word' id='word_1_192' title='bbox 800 2398 1041 2450; x_wconf 89' lang='lat' dir='ltr'>sanctus</span> <span class='ocrx_word' id='word_1_193' title='bbox 1062 2393 1377 2449; x_wconf 88' lang='lat' dir='ltr'>identidem</span> <span class='ocrx_word' id='word_1_194' title='bbox 1398 2393 1506 2449; x_wconf 90' lang='lat' dir='ltr'>hoc</span> <span class='ocrx_word' id='word_1_195' title='bbox 1519 2410 1729 2449; x_wconf 90' lang='lat' dir='ltr'>nomen</span> <span class='ocrx_word' id='word_1_196' title='bbox 1745 2393 1888 2448; x_wconf 90' lang='lat' dir='ltr'>sitin</span> <span class='ocrx_word' id='word_1_197' title='bbox 1903 2394 2178 2448; x_wconf 86' lang='lat' dir='ltr'>substan-</span> 
     </span>
    </p>
   </div>
   <div class='ocr_carea' id='block_1_26' title="bbox 533 2481 2178 2556">
    <p class='ocr_par' dir='ltr' id='par_1_26' title="bbox 533 2481 2178 2556">
     <span class='ocr_line' id='line_1_26' title="bbox 533 2481 2178 2556; baseline 0.001 -20"><span class='ocrx_word' id='word_1_198' title='bbox 533 2481 617 2537; x_wconf 86' lang='lat' dir='ltr'>tia</span> <span class='ocrx_word' id='word_1_199' title='bbox 634 2481 950 2553; x_wconf 80' lang='lat' dir='ltr'>claritatis;</span> <span class='ocrx_word' id='word_1_200' title='bbox 977 2483 1254 2556; x_wconf 89' lang='lat' dir='ltr'>quoniam</span> <span class='ocrx_word' id='word_1_201' title='bbox 1277 2491 1382 2539; x_wconf 83' lang='lat' dir='ltr'>trcs</span> <span class='ocrx_word' id='word_1_202' title='bbox 1411 2491 1557 2550; x_wconf 84' lang='lat' dir='ltr'>sunt,</span> <span class='ocrx_word' id='word_1_203' title='bbox 1582 2483 1735 2538; x_wconf 90' lang='lat' dir='ltr'>sicut</span> <span class='ocrx_word' id='word_1_204' title='bbox 1755 2483 1898 2538; x_wconf 90' lang='lat' dir='ltr'>dicit</span> <span class='ocrx_word' id='word_1_205' title='bbox 1921 2483 2178 2538; x_wconf 86' lang='lat' dir='ltr'>Joannes</span> 
     </span>
    </p>
   </div>
   <div class='ocr_carea' id='block_1_27' title="bbox 533 2571 2180 2645">
    <p class='ocr_par' dir='ltr' id='par_1_27' title="bbox 533 2571 2180 2645">
     <span class='ocr_line' id='line_1_27' title="bbox 533 2571 2180 2645; baseline 0.001 -18"><span class='ocrx_word' id='word_1_206' title='bbox 533 2571 858 2644; x_wconf 86' lang='lat' dir='ltr'>apostolus,</span> <span class='ocrx_word' id='word_1_207' title='bbox 883 2574 982 2645; x_wconf 79' lang='lat' dir='ltr'>qui</span> <span class='ocrx_word' id='word_1_208' title='bbox 1025 2574 1393 2629; x_wconf 78' lang='lat' dir='ltr'>testimonium</span> <span class='ocrx_word' id='word_1_209' title='bbox 1436 2573 1586 2639; x_wconf 77' lang='lat' dir='ltr'>dant,</span> <span class='ocrx_word' id='word_1_210' title='bbox 1637 2574 1886 2644; x_wconf 73' lang='lat' dir='ltr'>spiritus,</span> <span class='ocrx_word' id='word_1_211' title='bbox 1932 2589 2096 2644; x_wconf 83' lang='lat' dir='ltr'>aqua,</span> <span class='ocrx_word' id='word_1_212' title='bbox 2127 2579 2180 2628; x_wconf 87' lang='lat' dir='ltr'>et</span> 
     </span>
    </p>
   </div>
   <div class='ocr_carea' id='block_1_28' title="bbox 531 2660 2172 2732">
    <p class='ocr_par' dir='ltr' id='par_1_28' title="bbox 531 2660 2172 2732">
     <span class='ocr_line' id='line_1_28' title="bbox 531 2660 2172 2732; baseline 0 -17"><span class='ocrx_word' id='word_1_213' title='bbox 531 2661 781 2730; x_wconf 75' lang='lat' dir='ltr'>sanguis,</span> <span class='ocrx_word' id='word_1_214' title='bbox 811 2669 861 2716; x_wconf 86' lang='lat' dir='ltr'>et</span> <span class='ocrx_word' id='word_1_215' title='bbox 908 2669 1015 2717; x_wconf 81' lang='lat' dir='ltr'>tres</span> <span class='ocrx_word' id='word_1_216' title='bbox 1059 2679 1235 2716; x_wconf 85' lang='lat' dir='ltr'>unum</span> <span class='ocrx_word' id='word_1_217' title='bbox 1279 2669 1409 2717; x_wconf 86' lang='lat' dir='ltr'>sunt</span> <span class='ocrx_word' id='word_1_218' title='bbox 1437 2665 1488 2732; x_wconf 89' lang='lat' dir='ltr'>(l</span> <span class='ocrx_word' id='word_1_219' title='bbox 1513 2664 1671 2718; x_wconf 82' lang='lat' dir='ltr'>Joan.</span> <span class='ocrx_word' id='word_1_220' title='bbox 1703 2679 1756 2729; x_wconf 89' lang='lat' dir='ltr'>v,</span> <span class='ocrx_word' id='word_1_221' title='bbox 1788 2665 1866 2728; x_wconf 87' lang='grc'>7).</span> <span class='ocrx_word' id='word_1_222' title='bbox 1897 2660 2172 2732; x_wconf 86' lang='lat' dir='ltr'>Spiritus,</span> 
     </span>
    </p>
   </div>
   <div class='ocr_carea' id='block_1_29' title="bbox 533 2747 2176 2824">
    <p class='ocr_par' dir='ltr' id='par_1_29' title="bbox 533 2747 2176 2824">
     <span class='ocr_line' id='line_1_29' title="bbox 533 2747 2176 2824; baseline 0.001 -21"><span class='ocrx_word' id='word_1_223' title='bbox 533 2747 725 2821; x_wconf 90' lang='lat' dir='ltr'>inquit</span> <span class='ocrx_word' id='word_1_224' title='bbox 747 2751 880 2820; x_wconf 89' lang='lat' dir='ltr'>Leo,</span> <span class='ocrx_word' id='word_1_225' title='bbox 895 2750 1397 2817; x_wconf 86' lang='lat' dir='ltr'>sanctiﬁcationis,</span> <span class='ocrx_word' id='word_1_226' title='bbox 1413 2756 1469 2806; x_wconf 89' lang='lat' dir='ltr'>et</span> <span class='ocrx_word' id='word_1_227' title='bbox 1494 2751 1737 2824; x_wconf 78' lang='lat' dir='ltr'>sanguis</span> <span class='ocrx_word' id='word_1_228' title='bbox 1759 2749 2176 2822; x_wconf 85' lang='lat' dir='ltr'>redemptionis</span> 
     </span>
    </p>
   </div>
   <div class='ocr_carea' id='block_1_30' title="bbox 530 2839 2177 2912">
    <p class='ocr_par' dir='ltr' id='par_1_30' title="bbox 530 2839 2177 2912">
     <span class='ocr_line' id='line_1_30' title="bbox 530 2839 2177 2912; baseline 0.001 -18"><span class='ocrx_word' id='word_1_229' title='bbox 530 2839 684 2896; x_wconf 74' lang='lat'>498</span> <span class='ocrx_word' id='word_1_230' title='bbox 715 2843 773 2896; x_wconf 90' lang='lat' dir='ltr'>et</span> <span class='ocrx_word' id='word_1_231' title='bbox 801 2856 957 2912; x_wconf 91' lang='lat' dir='ltr'>aqua</span> <span class='ocrx_word' id='word_1_232' title='bbox 986 2840 1378 2912; x_wconf 87' lang='lat' dir='ltr'>baptismatis,</span> <span class='ocrx_word' id='word_1_233' title='bbox 1413 2858 1540 2912; x_wconf 79' lang='lat' dir='ltr'>quae</span> <span class='ocrx_word' id='word_1_234' title='bbox 1571 2841 1684 2896; x_wconf 89' lang='lat' dir='ltr'>tria</span> <span class='ocrx_word' id='word_1_235' title='bbox 1717 2857 1900 2896; x_wconf 90' lang='lat' dir='ltr'>unum</span> <span class='ocrx_word' id='word_1_236' title='bbox 1933 2844 2094 2907; x_wconf 90' lang='lat' dir='ltr'>sunt,</span> <span class='ocrx_word' id='word_1_237' title='bbox 2119 2843 2177 2895; x_wconf 91' lang='lat' dir='ltr'>et</span> 
     </span>
    </p>
   </div>
   <div class='ocr_carea' id='block_1_31' title="bbox 527 2925 2176 3001">
    <p class='ocr_par' dir='ltr' id='par_1_31' title="bbox 527 2925 2176 3001">
     <span class='ocr_line' id='line_1_31' title="bbox 527 2925 2176 3001; baseline 0.001 -19"><span class='ocrx_word' id='word_1_238' title='bbox 527 2925 830 2985; x_wconf 86' lang='lat' dir='ltr'>individua</span> <span class='ocrx_word' id='word_1_239' title='bbox 857 2933 1116 2997; x_wconf 89' lang='lat' dir='ltr'>manent,</span> <span class='ocrx_word' id='word_1_240' title='bbox 1134 2929 1399 3001; x_wconf 86' lang='lat' dir='ltr'>nihilque</span> <span class='ocrx_word' id='word_1_241' title='bbox 1419 2945 1621 2985; x_wconf 90' lang='lat' dir='ltr'>eorum</span> <span class='ocrx_word' id='word_1_242' title='bbox 1639 2947 1673 2985; x_wconf 90' lang='lat' dir='ltr'>a</span> <span class='ocrx_word' id='word_1_243' title='bbox 1689 2946 1798 2984; x_wconf 90' lang='lat' dir='ltr'>sua</span> <span class='ocrx_word' id='word_1_244' title='bbox 1819 2928 2176 2984; x_wconf 82' lang='lat' dir='ltr'>connexione</span> 
     </span>
    </p>
   </div>
   <div class='ocr_carea' id='block_1_32' title="bbox 526 3017 2174 3091">
    <p class='ocr_par' dir='ltr' id='par_1_32' title="bbox 526 3017 2174 3091">
     <span class='ocr_line' id='line_1_32' title="bbox 526 3017 2174 3091; baseline -0.001 -18"><span class='ocrx_word' id='word_1_245' title='bbox 526 3017 890 3091; x_wconf 86' lang='lat' dir='ltr'>sejungitur;</span> <span class='ocrx_word' id='word_1_246' title='bbox 924 3018 1080 3090; x_wconf 87' lang='lat' dir='ltr'>quia,</span> <span class='ocrx_word' id='word_1_247' title='bbox 1107 3023 1172 3073; x_wconf 91' lang='lat' dir='ltr'>ut</span> <span class='ocrx_word' id='word_1_248' title='bbox 1191 3018 1648 3091; x_wconf 88' lang='lat' dir='ltr'>Augustinus,et</span> <span class='ocrx_word' id='word_1_249' title='bbox 1671 3021 1797 3090; x_wconf 86' lang='lat' dir='ltr'>post</span> <span class='ocrx_word' id='word_1_250' title='bbox 1819 3035 1950 3074; x_wconf 91' lang='lat' dir='ltr'>eum</span> <span class='ocrx_word' id='word_1_251' title='bbox 1981 3018 2092 3073; x_wconf 90' lang='lat' dir='ltr'>Leo</span> <span class='ocrx_word' id='word_1_252' title='bbox 2114 3017 2174 3072; x_wconf 90' lang='lat' dir='ltr'>in</span> 
     </span>
    </p>
   </div>
   <div class='ocr_carea' id='block_1_33' title="bbox 527 3105 2172 3178">
    <p class='ocr_par' dir='ltr' id='par_1_33' title="bbox 527 3105 2172 3178">
     <span class='ocr_line' id='line_1_33' title="bbox 527 3105 2172 3178; baseline 0.002 -18"><span class='ocrx_word' id='word_1_253' title='bbox 527 3105 791 3178; x_wconf 86' lang='lat' dir='ltr'>epistolis</span> <span class='ocrx_word' id='word_1_254' title='bbox 821 3108 946 3163; x_wconf 90' lang='lat' dir='ltr'>suis</span> <span class='ocrx_word' id='word_1_255' title='bbox 978 3107 1138 3176; x_wconf 88' lang='lat' dir='ltr'>dicit,</span> <span class='ocrx_word' id='word_1_256' title='bbox 1171 3125 1278 3163; x_wconf 89' lang='lat' dir='ltr'>nec</span> <span class='ocrx_word' id='word_1_257' title='bbox 1307 3107 1432 3164; x_wconf 89' lang='lat' dir='ltr'>sine</span> <span class='ocrx_word' id='word_1_258' title='bbox 1461 3124 1596 3163; x_wconf 90' lang='lat' dir='ltr'>vera</span> <span class='ocrx_word' id='word_1_259' title='bbox 1624 3107 1926 3162; x_wconf 81' lang='lat' dir='ltr'>divinitate</span> <span class='ocrx_word' id='word_1_260' title='bbox 1962 3106 2172 3163; x_wconf 85' lang='lat' dir='ltr'>huma-</span> 
     </span>
    </p>
   </div>
   <div class='ocr_carea' id='block_1_34' title="bbox 527 3192 2170 3263">
    <p class='ocr_par' dir='ltr' id='par_1_34' title="bbox 527 3192 2170 3263">
     <span class='ocr_line' id='line_1_34' title="bbox 527 3192 2170 3263; baseline 0.001 -15"><span class='ocrx_word' id='word_1_261' title='bbox 527 3192 704 3263; x_wconf 86' lang='lat' dir='ltr'>nitas,</span> <span class='ocrx_word' id='word_1_262' title='bbox 719 3211 824 3250; x_wconf 89' lang='lat' dir='ltr'>nec</span> <span class='ocrx_word' id='word_1_263' title='bbox 853 3195 981 3251; x_wconf 89' lang='lat' dir='ltr'>sine</span> <span class='ocrx_word' id='word_1_264' title='bbox 1003 3212 1138 3250; x_wconf 88' lang='lat' dir='ltr'>vera</span> <span class='ocrx_word' id='word_1_265' title='bbox 1158 3196 1446 3252; x_wconf 87' lang='lat' dir='ltr'>credenda</span> <span class='ocrx_word' id='word_1_266' title='bbox 1467 3201 1555 3252; x_wconf 92' lang='lat' dir='ltr'>est</span> <span class='ocrx_word' id='word_1_267' title='bbox 1574 3195 1943 3251; x_wconf 87' lang='lat' dir='ltr'>humanitate</span> <span class='ocrx_word' id='word_1_268' title='bbox 1963 3195 2170 3252; x_wconf 88' lang='lat' dir='ltr'>divini-</span> 
     </span>
    </p>
   </div>
   <div class='ocr_carea' id='block_1_35' title="bbox 2289 612 3867 691">
    <p class='ocr_par' dir='ltr' id='par_1_35' title="bbox 2289 612 3867 691">
     <span class='ocr_line' id='line_1_35' title="bbox 2289 612 3867 691; baseline 0.007 -24"><span class='ocrx_word' id='word_1_269' title='bbox 2289 617 2392 667; x_wconf 86' lang='lat' dir='ltr'>aut</span> <span class='ocrx_word' id='word_1_270' title='bbox 2418 612 2730 682; x_wconf 86' lang='lat' dir='ltr'>locutione,</span> <span class='ocrx_word' id='word_1_271' title='bbox 2763 617 2867 669; x_wconf 89' lang='lat' dir='ltr'>aut</span> <span class='ocrx_word' id='word_1_272' title='bbox 2897 613 3229 686; x_wconf 89' lang='lat' dir='ltr'>operatione</span> <span class='ocrx_word' id='word_1_273' title='bbox 3255 614 3515 670; x_wconf 82' lang='lat' dir='ltr'>efﬁcitur.</span> <span class='ocrx_word' id='word_1_274' title='bbox 3547 617 3767 691; x_wconf 91' lang='lat' dir='ltr'>Ideoque</span> <span class='ocrx_word' id='word_1_275' title='bbox 3787 623 3867 678; x_wconf 82' lang='lat' dir='ltr'>tri-</span> 
     </span>
    </p>
   </div>
   <div class='ocr_carea' id='block_1_36' title="bbox 2290 699 3868 774">
    <p class='ocr_par' dir='ltr' id='par_1_36' title="bbox 2290 699 3868 774">
     <span class='ocr_line' id='line_1_36' title="bbox 2290 699 3868 774; baseline 0.007 -20"><span class='ocrx_word' id='word_1_276' title='bbox 2290 699 2426 772; x_wconf 89' lang='lat' dir='ltr'>plici</span> <span class='ocrx_word' id='word_1_277' title='bbox 2457 701 2654 774; x_wconf 86' lang='lat' dir='ltr'>generi</span> <span class='ocrx_word' id='word_1_278' title='bbox 2678 706 3048 774; x_wconf 86' lang='lat' dir='ltr'>peccatorum</span> <span class='ocrx_word' id='word_1_279' title='bbox 3067 701 3222 758; x_wconf 91' lang='lat' dir='ltr'>trina</span> <span class='ocrx_word' id='word_1_280' title='bbox 3235 703 3462 759; x_wconf 91' lang='lat' dir='ltr'>videtur</span> <span class='ocrx_word' id='word_1_281' title='bbox 3481 705 3681 762; x_wconf 86' lang='lat' dir='ltr'>ablutio</span> <span class='ocrx_word' id='word_1_282' title='bbox 3699 724 3868 766; x_wconf 85' lang='lat' dir='ltr'>conve-</span> 
     </span>
    </p>
   </div>
   <div class='ocr_carea' id='block_1_37' title="bbox 2291 789 3869 866">
    <p class='ocr_par' dir='ltr' id='par_1_37' title="bbox 2291 789 3869 866">
     <span class='ocr_line' id='line_1_37' title="bbox 2291 789 3869 866; baseline 0.006 -21"><span class='ocrx_word' id='word_1_283' title='bbox 2291 789 2434 860; x_wconf 90' lang='lat' dir='ltr'>nire,</span> <span class='ocrx_word' id='word_1_284' title='bbox 2455 790 2542 846; x_wconf 90' lang='lat' dir='ltr'>vel</span> <span class='ocrx_word' id='word_1_285' title='bbox 2575 796 2809 863; x_wconf 87' lang='lat' dir='ltr'>propter</span> <span class='ocrx_word' id='word_1_286' title='bbox 2829 789 3110 864; x_wconf 84' lang='lat' dir='ltr'>originale</span> <span class='ocrx_word' id='word_1_287' title='bbox 3131 796 3452 864; x_wconf 90' lang='lat' dir='ltr'>peceatum,</span> <span class='ocrx_word' id='word_1_288' title='bbox 3475 795 3620 866; x_wconf 90' lang='lat' dir='ltr'>quod</span> <span class='ocrx_word' id='word_1_289' title='bbox 3642 795 3694 850; x_wconf 91' lang='lat' dir='ltr'>in</span> <span class='ocrx_word' id='word_1_290' title='bbox 3713 796 3869 854; x_wconf 85' lang='lat' dir='ltr'>infan-</span> 
     </span>
    </p>
   </div>
   <div class='ocr_carea' id='block_1_38' title="bbox 2293 879 3870 956">
    <p class='ocr_par' dir='ltr' id='par_1_38' title="bbox 2293 879 3870 956">
     <span class='ocr_line' id='line_1_38' title="bbox 2293 879 3870 956; baseline 0.004 -22"><span class='ocrx_word' id='word_1_291' title='bbox 2293 879 2448 934; x_wconf 89' lang='lat' dir='ltr'>tibus</span> <span class='ocrx_word' id='word_1_292' title='bbox 2480 879 2631 935; x_wconf 86' lang='lat' dir='ltr'>valet</span> <span class='ocrx_word' id='word_1_293' title='bbox 2659 880 2732 934; x_wconf 91' lang='lat' dir='ltr'>ad</span> <span class='ocrx_word' id='word_1_294' title='bbox 2763 879 3168 952; x_wconf 88' lang='lat' dir='ltr'>perditionem,</span> <span class='ocrx_word' id='word_1_295' title='bbox 3200 880 3284 936; x_wconf 90' lang='lat' dir='ltr'>vel</span> <span class='ocrx_word' id='word_1_296' title='bbox 3319 885 3546 953; x_wconf 88' lang='lat' dir='ltr'>propter</span> <span class='ocrx_word' id='word_1_297' title='bbox 3573 883 3664 939; x_wconf 90' lang='lat' dir='ltr'>illa</span> <span class='ocrx_word' id='word_1_298' title='bbox 3689 902 3798 956; x_wconf 72' lang='lat' dir='ltr'>quae</span> <span class='ocrx_word' id='word_1_299' title='bbox 3823 887 3870 941; x_wconf 91' lang='lat' dir='ltr'>in</span> 
     </span>
    </p>
   </div>
   <div class='ocr_carea' id='block_1_39' title="bbox 2291 968 3870 1041">
    <p class='ocr_par' dir='ltr' id='par_1_39' title="bbox 2291 968 3870 1041">
     <span class='ocr_line' id='line_1_39' title="bbox 2291 968 3870 1041; baseline 0.005 -19"><span class='ocrx_word' id='word_1_300' title='bbox 2291 968 2665 1040; x_wconf 86' lang='lat' dir='ltr'>provectioris</span> <span class='ocrx_word' id='word_1_301' title='bbox 2697 969 2881 1024; x_wconf 66' lang='lat' dir='ltr'>aetatis</span> <span class='ocrx_word' id='word_1_302' title='bbox 2911 969 3250 1025; x_wconf 89' lang='lat' dir='ltr'>hominibus</span> <span class='ocrx_word' id='word_1_303' title='bbox 3281 969 3588 1039; x_wconf 86' lang='lat' dir='ltr'>voluntate,</span> <span class='ocrx_word' id='word_1_304' title='bbox 3616 973 3786 1041; x_wconf 89' lang='lat' dir='ltr'>verbo,</span> <span class='ocrx_word' id='word_1_305' title='bbox 3801 973 3870 1030; x_wconf 89' lang='lat' dir='ltr'>vel</span> 
     </span>
    </p>
   </div>
   <div class='ocr_carea' id='block_1_40' title="bbox 2291 1057 3871 1134">
    <p class='ocr_par' dir='ltr' id='par_1_40' title="bbox 2291 1057 3871 1134">
     <span class='ocr_line' id='line_1_40' title="bbox 2291 1057 3871 1134; baseline 0.004 -22"><span class='ocrx_word' id='word_1_306' title='bbox 2291 1058 2442 1114; x_wconf 82' lang='lat' dir='ltr'>facto</span> <span class='ocrx_word' id='word_1_307' title='bbox 2473 1059 2790 1114; x_wconf 90' lang='lat' dir='ltr'>adduntur.</span> <span class='ocrx_word' id='word_1_308' title='bbox 2824 1059 2892 1114; x_wconf 86' lang='lat' dir='ltr'>Et</span> <span class='ocrx_word' id='word_1_309' title='bbox 2917 1062 3071 1114; x_wconf 87' lang='lat' dir='ltr'>recte</span> <span class='ocrx_word' id='word_1_310' title='bbox 3119 1057 3314 1128; x_wconf 87' lang='lat' dir='ltr'>homo,</span> <span class='ocrx_word' id='word_1_311' title='bbox 3341 1060 3440 1131; x_wconf 94' lang='lat' dir='ltr'>qui</span> <span class='ocrx_word' id='word_1_312' title='bbox 3487 1061 3556 1116; x_wconf 90' lang='lat' dir='ltr'>ad</span> <span class='ocrx_word' id='word_1_313' title='bbox 3601 1061 3871 1134; x_wconf 84' lang='lat' dir='ltr'>imaginem</span> 
     </span>
    </p>
   </div>
   <div class='ocr_carea' id='block_1_41' title="bbox 2291 1145 3870 1220">
    <p class='ocr_par' dir='ltr' id='par_1_41' title="bbox 2291 1145 3870 1220">
     <span class='ocr_line' id='line_1_41' title="bbox 2291 1145 3870 1220; baseline 0.003 -18"><span class='ocrx_word' id='word_1_314' title='bbox 2291 1151 2505 1202; x_wconf 70' lang='lat' dir='ltr'>sancta:</span> <span class='ocrx_word' id='word_1_315' title='bbox 2549 1145 2851 1202; x_wconf 89' lang='lat' dir='ltr'>Trinitatis</span> <span class='ocrx_word' id='word_1_316' title='bbox 2898 1147 3171 1202; x_wconf 89' lang='lat' dir='ltr'>conditus</span> <span class='ocrx_word' id='word_1_317' title='bbox 3217 1150 3325 1214; x_wconf 90' lang='lat' dir='ltr'>est,</span> <span class='ocrx_word' id='word_1_318' title='bbox 3356 1165 3460 1220; x_wconf 92' lang='lat' dir='ltr'>per</span> <span class='ocrx_word' id='word_1_319' title='bbox 3504 1148 3870 1206; x_wconf 87' lang='lat' dir='ltr'>invocationem</span> 
     </span>
    </p>
   </div>
   <div class='ocr_carea' id='block_1_42' title="bbox 2291 1235 3869 1311">
    <p class='ocr_par' dir='ltr' id='par_1_42' title="bbox 2291 1235 3869 1311">
     <span class='ocr_line' id='line_1_42' title="bbox 2291 1235 3869 1311; baseline 0.001 -20"><span class='ocrx_word' id='word_1_320' title='bbox 2291 1240 2505 1291; x_wconf 62' lang='lat' dir='ltr'>sanctae</span> <span class='ocrx_word' id='word_1_321' title='bbox 2537 1235 2841 1292; x_wconf 85' lang='lat' dir='ltr'>Trinitatis</span> <span class='ocrx_word' id='word_1_322' title='bbox 2871 1235 2945 1292; x_wconf 89' lang='lat' dir='ltr'>ad</span> <span class='ocrx_word' id='word_1_323' title='bbox 2975 1236 3241 1292; x_wconf 87' lang='lat' dir='ltr'>eamdem</span> <span class='ocrx_word' id='word_1_324' title='bbox 3273 1241 3566 1294; x_wconf 87' lang='lat' dir='ltr'>revocatur</span> <span class='ocrx_word' id='word_1_325' title='bbox 3582 1237 3869 1311; x_wconf 87' lang='lat' dir='ltr'>imaginem,</span> 
     </span>
    </p>
   </div>
   <div class='ocr_carea' id='block_1_43' title="bbox 2295 1324 3870 1398">
    <p class='ocr_par' dir='ltr' id='par_1_43' title="bbox 2295 1324 3870 1398">
     <span class='ocr_line' id='line_1_43' title="bbox 2295 1324 3870 1398; baseline 0.001 -18"><span class='ocrx_word' id='word_1_326' title='bbox 2295 1329 2358 1380; x_wconf 91' lang='lat' dir='ltr'>ut</span> <span class='ocrx_word' id='word_1_327' title='bbox 2389 1325 2488 1397; x_wconf 92' lang='lat' dir='ltr'>qui</span> <span class='ocrx_word' id='word_1_328' title='bbox 2521 1324 2689 1380; x_wconf 88' lang='lat' dir='ltr'>tertio</span> <span class='ocrx_word' id='word_1_329' title='bbox 2719 1325 2904 1398; x_wconf 87' lang='lat' dir='ltr'>gradu</span> <span class='ocrx_word' id='word_1_330' title='bbox 2956 1325 3248 1398; x_wconf 89' lang='lat' dir='ltr'>peccando</span> <span class='ocrx_word' id='word_1_331' title='bbox 3295 1325 3503 1382; x_wconf 89' lang='lat' dir='ltr'>cecidit</span> <span class='ocrx_word' id='word_1_332' title='bbox 3545 1327 3602 1382; x_wconf 91' lang='lat' dir='ltr'>in</span> <span class='ocrx_word' id='word_1_333' title='bbox 3647 1330 3870 1392; x_wconf 74' lang='lat' dir='ltr'>mortem,</span> 
     </span>
    </p>
   </div>
   <div class='ocr_carea' id='block_1_44' title="bbox 2295 1413 3870 1489">
    <p class='ocr_par' dir='ltr' id='par_1_44' title="bbox 2295 1413 3870 1489">
     <span class='ocr_line' id='line_1_44' title="bbox 2295 1413 3870 1489; baseline 0 -20"><span class='ocrx_word' id='word_1_334' title='bbox 2295 1414 2461 1470; x_wconf 89' lang='lat' dir='ltr'>tertio</span> <span class='ocrx_word' id='word_1_335' title='bbox 2487 1413 2746 1473; x_wconf 89' lang='lat' dir='ltr'>elevatus</span> <span class='ocrx_word' id='word_1_336' title='bbox 2775 1415 2844 1470; x_wconf 93' lang='lat' dir='ltr'>de</span> <span class='ocrx_word' id='word_1_337' title='bbox 2877 1415 3033 1471; x_wconf 83' lang='lat' dir='ltr'>fonte</span> <span class='ocrx_word' id='word_1_338' title='bbox 3059 1432 3162 1488; x_wconf 90' lang='lat' dir='ltr'>per</span> <span class='ocrx_word' id='word_1_339' title='bbox 3188 1416 3436 1489; x_wconf 84' lang='lat' dir='ltr'>gratiam</span> <span class='ocrx_word' id='word_1_340' title='bbox 3461 1420 3708 1487; x_wconf 87' lang='lat' dir='ltr'>resurgat</span> <span class='ocrx_word' id='word_1_341' title='bbox 3727 1415 3786 1470; x_wconf 89' lang='lat' dir='ltr'>ad</span> <span class='ocrx_word' id='word_1_342' title='bbox 3801 1415 3870 1469; x_wconf 91' lang='lat' dir='ltr'>vi-</span> 
     </span>
    </p>
   </div>
   <div class='ocr_carea' id='block_1_45' title="bbox 2293 1501 3872 1576">
    <p class='ocr_par' dir='ltr' id='par_1_45' title="bbox 2293 1501 3872 1576">
     <span class='ocr_line' id='line_1_45' title="bbox 2293 1501 3872 1576; baseline 0 -19"><span class='ocrx_word' id='word_1_343' title='bbox 2293 1503 2507 1559; x_wconf 89' lang='lat' dir='ltr'>tam.Et</span> <span class='ocrx_word' id='word_1_344' title='bbox 2537 1503 2673 1559; x_wconf 88' lang='lat' dir='ltr'>hinc</span> <span class='ocrx_word' id='word_1_345' title='bbox 2705 1507 2944 1559; x_wconf 89' lang='lat' dir='ltr'>sanctus</span> <span class='ocrx_word' id='word_1_346' title='bbox 2992 1503 3379 1576; x_wconf 83' lang='lat' dir='ltr'>Hieronymus</span> <span class='ocrx_word' id='word_1_347' title='bbox 3411 1504 3467 1559; x_wconf 89' lang='lat' dir='ltr'>in</span> <span class='ocrx_word' id='word_1_348' title='bbox 3498 1505 3730 1560; x_wconf 89' lang='lat' dir='ltr'>secundo</span> <span class='ocrx_word' id='word_1_349' title='bbox 3755 1501 3872 1558; x_wconf 89' lang='lat' dir='ltr'>libro</span> 
     </span>
    </p>
   </div>
   <div class='ocr_carea' id='block_1_46' title="bbox 2290 1592 3873 1666">
    <p class='ocr_par' dir='ltr' id='par_1_46' title="bbox 2290 1592 3873 1666">
     <span class='ocr_line' id='line_1_46' title="bbox 2290 1592 3873 1666; baseline -0.001 -20"><span class='ocrx_word' id='word_1_350' title='bbox 2290 1595 2574 1648; x_wconf 89' lang='lat' dir='ltr'>tractatus</span> <span class='ocrx_word' id='word_1_351' title='bbox 2605 1592 2872 1664; x_wconf 67' lang='lat' dir='ltr'>Epistolas</span> <span class='ocrx_word' id='word_1_352' title='bbox 2895 1593 3080 1649; x_wconf 88' lang='lat' dir='ltr'>saneti</span> <span class='ocrx_word' id='word_1_353' title='bbox 3104 1593 3264 1648; x_wconf 90' lang='lat' dir='ltr'>Pauli</span> <span class='ocrx_word' id='word_1_354' title='bbox 3292 1593 3365 1649; x_wconf 94' lang='lat' dir='ltr'>ad</span> <span class='ocrx_word' id='word_1_355' title='bbox 3387 1593 3653 1666; x_wconf 86' lang='lat' dir='ltr'>Ephesios</span> <span class='ocrx_word' id='word_1_356' title='bbox 3671 1592 3723 1646; x_wconf 89' lang='lat' dir='ltr'>in</span> <span class='ocrx_word' id='word_1_357' title='bbox 3741 1608 3873 1664; x_wconf 81' lang='lat' dir='ltr'>expo-</span> 
     </span>
    </p>
   </div>
   <div class='ocr_carea' id='block_1_47' title="bbox 2291 1680 3872 1755">
    <p class='ocr_par' dir='ltr' id='par_1_47' title="bbox 2291 1680 3872 1755">
     <span class='ocr_line' id='line_1_47' title="bbox 2291 1680 3872 1755; baseline 0 -20"><span class='ocrx_word' id='word_1_358' title='bbox 2291 1680 2498 1736; x_wconf 88' lang='lat' dir='ltr'>sitione</span> <span class='ocrx_word' id='word_1_359' title='bbox 2528 1682 2849 1751; x_wconf 78' lang='lat' dir='ltr'>sententiae,</span> <span class='ocrx_word' id='word_1_360' title='bbox 2889 1688 3044 1740; x_wconf 85' lang='lat' dir='ltr'>Unus</span> <span class='ocrx_word' id='word_1_361' title='bbox 3070 1684 3368 1750; x_wconf 82' lang='lat' dir='ltr'>Dominus,</span> <span class='ocrx_word' id='word_1_362' title='bbox 3397 1699 3517 1739; x_wconf 79' lang='lat' dir='ltr'>una</span> <span class='ocrx_word' id='word_1_363' title='bbox 3556 1682 3706 1755; x_wconf 71' lang='lat' dir='ltr'>ﬁdes,</span> <span class='ocrx_word' id='word_1_364' title='bbox 3731 1696 3872 1736; x_wconf 78' lang='lat' dir='ltr'>unum</span> 
     </span>
    </p>
   </div>
   <div class='ocr_carea' id='block_1_48' title="bbox 2293 1770 3870 1848">
    <p class='ocr_par' dir='ltr' id='par_1_48' title="bbox 2293 1770 3870 1848">
     <span class='ocr_line' id='line_1_48' title="bbox 2293 1770 3870 1848; baseline 0 -23"><span class='ocrx_word' id='word_1_365' title='bbox 2293 1770 2598 1848; x_wconf 63' lang='lat' dir='ltr'>baptisma</span> <span class='ocrx_word' id='word_1_366' title='bbox 2626 1771 2858 1841; x_wconf 81' lang='lat' dir='ltr'>(Ephes.</span> <span class='ocrx_word' id='word_1_367' title='bbox 2875 1775 2974 1842; x_wconf 84' lang='grc' dir='ltr'>ιν),</span> <span class='ocrx_word' id='word_1_368' title='bbox 2997 1772 3068 1827; x_wconf 91' lang='lat' dir='ltr'>de</span> <span class='ocrx_word' id='word_1_369' title='bbox 3089 1771 3242 1828; x_wconf 89' lang='lat' dir='ltr'>trina</span> <span class='ocrx_word' id='word_1_370' title='bbox 3263 1771 3549 1828; x_wconf 89' lang='lat' dir='ltr'>mersione</span> <span class='ocrx_word' id='word_1_371' title='bbox 3573 1775 3625 1827; x_wconf 90' lang='lat' dir='ltr'>et</span> <span class='ocrx_word' id='word_1_372' title='bbox 3642 1787 3744 1826; x_wconf 92' lang='lat' dir='ltr'>uno</span> <span class='ocrx_word' id='word_1_373' title='bbox 3761 1770 3870 1848; x_wconf 54' lang='lat' dir='ltr'>bap:</span> 
     </span>
    </p>
   </div>
   <div class='ocr_carea' id='block_1_49' title="bbox 2290 1845 3870 1934">
    <p class='ocr_par' dir='ltr' id='par_1_49' title="bbox 2290 1845 3870 1934">
     <span class='ocr_line' id='line_1_49' title="bbox 2290 1845 3870 1934; baseline -0.002 -20"><span class='ocrx_word' id='word_1_374' title='bbox 2290 1859 2524 1915; x_wconf 88' lang='lat' dir='ltr'>tismate</span> <span class='ocrx_word' id='word_1_375' title='bbox 2572 1845 2655 1915; x_wconf 88' lang='lat' dir='ltr'>ita</span> <span class='ocrx_word' id='word_1_376' title='bbox 2697 1859 2840 1915; x_wconf 89' lang='lat' dir='ltr'>dicit</span> <span class='ocrx_word' id='word_1_377' title='bbox 2871 1876 2882 1914; x_wconf 94' lang='lat'>:</span> <span class='ocrx_word' id='word_1_378' title='bbox 2917 1883 2943 1910; x_wconf 83' lang='lat'><strong>«</strong></span> <span class='ocrx_word' id='word_1_379' title='bbox 2977 1860 3036 1916; x_wconf 90' lang='lat' dir='ltr'>Si</span> <span class='ocrx_word' id='word_1_380' title='bbox 3083 1861 3262 1930; x_wconf 90' lang='lat' dir='ltr'>enim,</span> <span class='ocrx_word' id='word_1_381' title='bbox 3294 1860 3583 1934; x_wconf 87' lang='lat' dir='ltr'>inquiens,</span> <span class='ocrx_word' id='word_1_382' title='bbox 3615 1861 3675 1915; x_wconf 90' lang='lat' dir='ltr'>ut</span> <span class='ocrx_word' id='word_1_383' title='bbox 3716 1845 3870 1914; x_wconf 61' lang='lat' dir='ltr'>existi:</span> 
     </span>
    </p>
   </div>
   <div class='ocr_carea' id='block_1_50' title="bbox 2290 1947 3872 2018">
    <p class='ocr_par' dir='ltr' id='par_1_50' title="bbox 2290 1947 3872 2018">
     <span class='ocr_line' id='line_1_50' title="bbox 2290 1947 3872 2018; baseline -0.001 -16"><span class='ocrx_word' id='word_1_384' title='bbox 2290 1953 2455 2004; x_wconf 87' lang='lat' dir='ltr'>mant</span> <span class='ocrx_word' id='word_1_385' title='bbox 2482 1949 2863 2015; x_wconf 85' lang='lat' dir='ltr'>Ariani,Deus</span> <span class='ocrx_word' id='word_1_386' title='bbox 2887 1949 3052 2004; x_wconf 90' lang='lat' dir='ltr'>Pater</span> <span class='ocrx_word' id='word_1_387' title='bbox 3080 1947 3244 2005; x_wconf 90' lang='lat' dir='ltr'>solus</span> <span class='ocrx_word' id='word_1_388' title='bbox 3267 1955 3356 2008; x_wconf 89' lang='lat' dir='ltr'>est</span> <span class='ocrx_word' id='word_1_389' title='bbox 3377 1950 3548 2018; x_wconf 90' lang='lat' dir='ltr'>Deus,</span> <span class='ocrx_word' id='word_1_390' title='bbox 3574 1949 3755 2005; x_wconf 86' lang='lat' dir='ltr'>eadem</span> <span class='ocrx_word' id='word_1_391' title='bbox 3772 1962 3872 2002; x_wconf 88' lang='lat' dir='ltr'>con-</span> 
     </span>
    </p>
   </div>
   <div class='ocr_carea' id='block_1_51' title="bbox 2289 2037 3871 2109">
    <p class='ocr_par' dir='ltr' id='par_1_51' title="bbox 2289 2037 3871 2109">
     <span class='ocr_line' id='line_1_51' title="bbox 2289 2037 3871 2109; baseline -0.003 -17"><span class='ocrx_word' id='word_1_392' title='bbox 2289 2037 2593 2109; x_wconf 89' lang='lat' dir='ltr'>sequentia</span> <span class='ocrx_word' id='word_1_393' title='bbox 2623 2037 2784 2094; x_wconf 91' lang='lat' dir='ltr'>solus</span> <span class='ocrx_word' id='word_1_394' title='bbox 2815 2037 2923 2094; x_wconf 91' lang='lat' dir='ltr'>erit</span> <span class='ocrx_word' id='word_1_395' title='bbox 2945 2037 3228 2095; x_wconf 88' lang='lat' dir='ltr'>Dominus</span> <span class='ocrx_word' id='word_1_396' title='bbox 3257 2039 3432 2096; x_wconf 89' lang='lat' dir='ltr'>Jesus</span> <span class='ocrx_word' id='word_1_397' title='bbox 3459 2037 3777 2104; x_wconf 80' lang='lat' dir='ltr'>Christus,et</span> <span class='ocrx_word' id='word_1_398' title='bbox 3791 2049 3871 2089; x_wconf 85' lang='lat' dir='ltr'>nec</span> 
     </span>
    </p>
   </div>
   <div class='ocr_carea' id='block_1_52' title="bbox 2288 2121 3873 2198">
    <p class='ocr_par' dir='ltr' id='par_1_52' title="bbox 2288 2121 3873 2198">
     <span class='ocr_line' id='line_1_52' title="bbox 2288 2121 3873 2198; baseline -0.005 -16"><span class='ocrx_word' id='word_1_399' title='bbox 2288 2130 2454 2198; x_wconf 88' lang='lat' dir='ltr'>pater</span> <span class='ocrx_word' id='word_1_400' title='bbox 2482 2126 2592 2181; x_wconf 89' lang='lat' dir='ltr'>erit</span> <span class='ocrx_word' id='word_1_401' title='bbox 2637 2126 2942 2194; x_wconf 89' lang='lat' dir='ltr'>Dominus,</span> <span class='ocrx_word' id='word_1_402' title='bbox 2979 2143 3082 2183; x_wconf 89' lang='lat' dir='ltr'>nec</span> <span class='ocrx_word' id='word_1_403' title='bbox 3129 2126 3286 2183; x_wconf 90' lang='lat' dir='ltr'>ﬁlius</span> <span class='ocrx_word' id='word_1_404' title='bbox 3329 2127 3504 2183; x_wconf 88' lang='lat' dir='ltr'>Deus.</span> <span class='ocrx_word' id='word_1_405' title='bbox 3537 2125 3640 2182; x_wconf 90' lang='lat' dir='ltr'>Sed</span> <span class='ocrx_word' id='word_1_406' title='bbox 3675 2121 3804 2179; x_wconf 82' lang='lat' dir='ltr'>absit</span> <span class='ocrx_word' id='word_1_407' title='bbox 3825 2123 3873 2175; x_wconf 87' lang='lat' dir='ltr'>ut</span> 
     </span>
    </p>
   </div>
   <div class='ocr_carea' id='block_1_53' title="bbox 2288 2208 3870 2282">
    <p class='ocr_par' dir='ltr' id='par_1_53' title="bbox 2288 2208 3870 2282">
     <span class='ocr_line' id='line_1_53' title="bbox 2288 2208 3870 2282; baseline -0.004 -12"><span class='ocrx_word' id='word_1_408' title='bbox 2288 2232 2402 2270; x_wconf 90' lang='lat' dir='ltr'>non</span> <span class='ocrx_word' id='word_1_409' title='bbox 2434 2215 2511 2272; x_wconf 88' lang='lat' dir='ltr'>sit</span> <span class='ocrx_word' id='word_1_410' title='bbox 2535 2214 2624 2271; x_wconf 90' lang='lat' dir='ltr'>vel</span> <span class='ocrx_word' id='word_1_411' title='bbox 2659 2217 2716 2270; x_wconf 91' lang='lat' dir='ltr'>in</span> <span class='ocrx_word' id='word_1_412' title='bbox 2749 2215 3146 2272; x_wconf 90' lang='lat' dir='ltr'>dominatione</span> <span class='ocrx_word' id='word_1_413' title='bbox 3177 2215 3387 2282; x_wconf 89' lang='lat' dir='ltr'>deitas,</span> <span class='ocrx_word' id='word_1_414' title='bbox 3408 2214 3494 2270; x_wconf 88' lang='lat' dir='ltr'>vel</span> <span class='ocrx_word' id='word_1_415' title='bbox 3515 2214 3571 2269; x_wconf 86' lang='lat' dir='ltr'>in</span> <span class='ocrx_word' id='word_1_416' title='bbox 3593 2211 3778 2268; x_wconf 90' lang='lat' dir='ltr'>deitate</span> <span class='ocrx_word' id='word_1_417' title='bbox 3793 2208 3870 2264; x_wconf 89' lang='lat' dir='ltr'>do-</span> 
     </span>
    </p>
   </div>
   <div class='ocr_carea' id='block_1_54' title="bbox 2288 2296 3874 2374">
    <p class='ocr_par' dir='ltr' id='par_1_54' title="bbox 2288 2296 3874 2374">
     <span class='ocr_line' id='line_1_54' title="bbox 2288 2296 3874 2374; baseline -0.004 -16"><span class='ocrx_word' id='word_1_418' title='bbox 2288 2298 2722 2358; x_wconf 82' lang='lat' dir='ltr'>minatio.Unus</span> <span class='ocrx_word' id='word_1_419' title='bbox 2753 2309 2842 2360; x_wconf 90' lang='lat' dir='ltr'>est</span> <span class='ocrx_word' id='word_1_420' title='bbox 2876 2303 3240 2374; x_wconf 91' lang='lat' dir='ltr'>Dominus,et</span> <span class='ocrx_word' id='word_1_421' title='bbox 3271 2321 3428 2360; x_wconf 90' lang='lat' dir='ltr'>unus</span> <span class='ocrx_word' id='word_1_422' title='bbox 3457 2305 3543 2358; x_wconf 91' lang='lat' dir='ltr'>est</span> <span class='ocrx_word' id='word_1_423' title='bbox 3573 2301 3740 2367; x_wconf 85' lang='lat' dir='ltr'>Deus;</span> <span class='ocrx_word' id='word_1_424' title='bbox 3767 2296 3874 2370; x_wconf 83' lang='lat' dir='ltr'>quia</span> 
     </span>
    </p>
   </div>
   <div class='ocr_carea' id='block_1_55' title="bbox 2287 2389 3874 2460">
    <p class='ocr_par' dir='ltr' id='par_1_55' title="bbox 2287 2389 3874 2460">
     <span class='ocr_line' id='line_1_55' title="bbox 2287 2389 3874 2460; baseline -0.005 -12"><span class='ocrx_word' id='word_1_425' title='bbox 2287 2391 2474 2448; x_wconf 87' lang='lat' dir='ltr'>Patris</span> <span class='ocrx_word' id='word_1_426' title='bbox 2503 2396 2560 2448; x_wconf 89' lang='lat' dir='ltr'>et</span> <span class='ocrx_word' id='word_1_427' title='bbox 2578 2391 2703 2448; x_wconf 86' lang='lat' dir='ltr'>Filii</span> <span class='ocrx_word' id='word_1_428' title='bbox 2725 2392 3046 2448; x_wconf 87' lang='lat' dir='ltr'>dominatio</span> <span class='ocrx_word' id='word_1_429' title='bbox 3079 2411 3197 2449; x_wconf 90' lang='lat' dir='ltr'>una</span> <span class='ocrx_word' id='word_1_430' title='bbox 3217 2391 3494 2449; x_wconf 89' lang='lat' dir='ltr'>divinitas</span> <span class='ocrx_word' id='word_1_431' title='bbox 3513 2389 3874 2460; x_wconf 61' lang='lat' dir='ltr'>estPropteiea</span> 
     </span>
    </p>
   </div>
   <div class='ocr_carea' id='block_1_56' title="bbox 2287 2472 3872 2554">
    <p class='ocr_par' dir='ltr' id='par_1_56' title="bbox 2287 2472 3872 2554">
     <span class='ocr_line' id='line_1_56' title="bbox 2287 2472 3872 2554; baseline -0.006 -19"><span class='ocrx_word' id='word_1_432' title='bbox 2287 2485 2343 2535; x_wconf 90' lang='lat' dir='ltr'>et</span> <span class='ocrx_word' id='word_1_433' title='bbox 2375 2481 2518 2536; x_wconf 90' lang='lat' dir='ltr'>ﬁdes</span> <span class='ocrx_word' id='word_1_434' title='bbox 2548 2498 2666 2536; x_wconf 91' lang='lat' dir='ltr'>una</span> <span class='ocrx_word' id='word_1_435' title='bbox 2693 2481 3072 2554; x_wconf 89' lang='lat' dir='ltr'>dieitur,quia</span> <span class='ocrx_word' id='word_1_436' title='bbox 3093 2481 3370 2538; x_wconf 89' lang='lat' dir='ltr'>similiter</span> <span class='ocrx_word' id='word_1_437' title='bbox 3387 2485 3444 2537; x_wconf 90' lang='lat' dir='ltr'>et</span> <span class='ocrx_word' id='word_1_438' title='bbox 3461 2480 3519 2536; x_wconf 93' lang='lat' dir='ltr'>in</span> <span class='ocrx_word' id='word_1_439' title='bbox 3542 2479 3745 2535; x_wconf 88' lang='lat' dir='ltr'>Patrem</span> <span class='ocrx_word' id='word_1_440' title='bbox 3765 2477 3811 2530; x_wconf 89' lang='lat' dir='ltr'>et</span> <span class='ocrx_word' id='word_1_441' title='bbox 3828 2472 3872 2526; x_wconf 92' lang='lat' dir='ltr'>in</span> 
     </span>
    </p>
   </div>
   <div class='ocr_carea' id='block_1_57' title="bbox 2288 2566 3873 2643">
    <p class='ocr_par' dir='ltr' id='par_1_57' title="bbox 2288 2566 3873 2643">
     <span class='ocr_line' id='line_1_57' title="bbox 2288 2566 3873 2643; baseline -0.005 -18"><span class='ocrx_word' id='word_1_442' title='bbox 2288 2569 2498 2625; x_wconf 84' lang='lat' dir='ltr'>Filium</span> <span class='ocrx_word' id='word_1_443' title='bbox 2530 2573 2684 2626; x_wconf 75' lang='lat'><strong>494-</strong></span> <span class='ocrx_word' id='word_1_444' title='bbox 2707 2575 2765 2626; x_wconf 92' lang='lat' dir='ltr'>et</span> <span class='ocrx_word' id='word_1_445' title='bbox 2797 2571 2853 2625; x_wconf 92' lang='lat' dir='ltr'>in</span> <span class='ocrx_word' id='word_1_446' title='bbox 2887 2571 3168 2643; x_wconf 88' lang='lat' dir='ltr'>Spiritum</span> <span class='ocrx_word' id='word_1_447' title='bbox 3201 2577 3472 2628; x_wconf 88' lang='lat' dir='ltr'>sanctum</span> <span class='ocrx_word' id='word_1_448' title='bbox 3525 2567 3806 2630; x_wconf 87' lang='lat' dir='ltr'>credimus,</span> <span class='ocrx_word' id='word_1_449' title='bbox 3829 2566 3873 2618; x_wconf 87' lang='lat' dir='ltr'>et</span> 
     </span>
    </p>
   </div>
   <div class='ocr_carea' id='block_1_58' title="bbox 2285 2650 3871 2730">
    <p class='ocr_par' dir='ltr' id='par_1_58' title="bbox 2285 2650 3871 2730">
     <span class='ocr_line' id='line_1_58' title="bbox 2285 2650 3871 2730; baseline -0.004 -18"><span class='ocrx_word' id='word_1_450' title='bbox 2285 2659 2578 2730; x_wconf 85' lang='lat' dir='ltr'>baptisma</span> <span class='ocrx_word' id='word_1_451' title='bbox 2607 2677 2812 2715; x_wconf 88' lang='lat' dir='ltr'>unum.</span> <span class='ocrx_word' id='word_1_452' title='bbox 2837 2661 3055 2716; x_wconf 89' lang='lat' dir='ltr'>Eodem</span> <span class='ocrx_word' id='word_1_453' title='bbox 3085 2661 3242 2718; x_wconf 91' lang='lat' dir='ltr'>enim</span> <span class='ocrx_word' id='word_1_454' title='bbox 3265 2662 3440 2718; x_wconf 90' lang='lat' dir='ltr'>modo</span> <span class='ocrx_word' id='word_1_455' title='bbox 3462 2659 3521 2715; x_wconf 89' lang='lat' dir='ltr'>in</span> <span class='ocrx_word' id='word_1_456' title='bbox 3543 2659 3748 2714; x_wconf 86' lang='lat' dir='ltr'>Patrem</span> <span class='ocrx_word' id='word_1_457' title='bbox 3767 2650 3871 2708; x_wconf 89' lang='lat' dir='ltr'>etin</span> 
     </span>
    </p>
   </div>
   <div class='ocr_carea' id='block_1_59' title="bbox 2285 2747 3873 2824">
    <p class='ocr_par' dir='ltr' id='par_1_59' title="bbox 2285 2747 3873 2824">
     <span class='ocr_line' id='line_1_59' title="bbox 2285 2747 3873 2824; baseline -0.005 -23"><span class='ocrx_word' id='word_1_458' title='bbox 2285 2747 2492 2803; x_wconf 86' lang='lat' dir='ltr'>Filium</span> <span class='ocrx_word' id='word_1_459' title='bbox 2507 2753 2563 2804; x_wconf 90' lang='lat' dir='ltr'>et</span> <span class='ocrx_word' id='word_1_460' title='bbox 2577 2749 2632 2803; x_wconf 93' lang='lat' dir='ltr'>in</span> <span class='ocrx_word' id='word_1_461' title='bbox 2649 2748 2932 2820; x_wconf 88' lang='lat' dir='ltr'>Spiritum</span> <span class='ocrx_word' id='word_1_462' title='bbox 2955 2755 3223 2809; x_wconf 88' lang='lat' dir='ltr'>sanctum</span> <span class='ocrx_word' id='word_1_463' title='bbox 3237 2749 3665 2824; x_wconf 88' lang='lat' dir='ltr'>baptizamuret</span> <span class='ocrx_word' id='word_1_464' title='bbox 3677 2748 3873 2800; x_wconf 87' lang='lat' dir='ltr'>termer-</span> 
     </span>
    </p>
   </div>
   <div class='ocr_carea' id='block_1_60' title="bbox 2282 2835 3872 2912">
    <p class='ocr_par' dir='ltr' id='par_1_60' title="bbox 2282 2835 3872 2912">
     <span class='ocr_line' id='line_1_60' title="bbox 2282 2835 3872 2912; baseline -0.005 -23"><span class='ocrx_word' id='word_1_465' title='bbox 2282 2835 2498 2908; x_wconf 88' lang='lat' dir='ltr'>gimur,</span> <span class='ocrx_word' id='word_1_466' title='bbox 2524 2843 2590 2892; x_wconf 89' lang='lat' dir='ltr'>ut</span> <span class='ocrx_word' id='word_1_467' title='bbox 2620 2837 2922 2894; x_wconf 86' lang='lat' dir='ltr'>Trinitatis</span> <span class='ocrx_word' id='word_1_468' title='bbox 2951 2855 3136 2894; x_wconf 90' lang='lat' dir='ltr'>unum</span> <span class='ocrx_word' id='word_1_469' title='bbox 3167 2843 3450 2912; x_wconf 87' lang='lat' dir='ltr'>appareat</span> <span class='ocrx_word' id='word_1_470' title='bbox 3469 2835 3872 2895; x_wconf 87' lang='lat' dir='ltr'>sacramentum.</span> 
     </span>
    </p>
   </div>
   <div class='ocr_carea' id='block_1_61' title="bbox 2282 2917 3872 2999">
    <p class='ocr_par' dir='ltr' id='par_1_61' title="bbox 2282 2917 3872 2999">
     <span class='ocr_line' id='line_1_61' title="bbox 2282 2917 3872 2999; baseline -0.007 -20"><span class='ocrx_word' id='word_1_471' title='bbox 2282 2925 2351 2980; x_wconf 87' lang='lat' dir='ltr'>Et</span> <span class='ocrx_word' id='word_1_472' title='bbox 2381 2943 2496 2981; x_wconf 92' lang='lat' dir='ltr'>non</span> <span class='ocrx_word' id='word_1_473' title='bbox 2528 2925 2892 2999; x_wconf 75' lang='lat' dir='ltr'>baptizemur</span> <span class='ocrx_word' id='word_1_474' title='bbox 2923 2927 2980 2981; x_wconf 93' lang='lat' dir='ltr'>in</span> <span class='ocrx_word' id='word_1_475' title='bbox 3028 2927 3370 2984; x_wconf 89' lang='lat' dir='ltr'>nominibus</span> <span class='ocrx_word' id='word_1_476' title='bbox 3417 2923 3600 2982; x_wconf 88' lang='lat' dir='ltr'>Patris</span> <span class='ocrx_word' id='word_1_477' title='bbox 3624 2925 3676 2978; x_wconf 88' lang='lat' dir='ltr'>et</span> <span class='ocrx_word' id='word_1_478' title='bbox 3702 2917 3806 2976; x_wconf 87' lang='lat' dir='ltr'>Filii</span> <span class='ocrx_word' id='word_1_479' title='bbox 3830 2918 3872 2970; x_wconf 86' lang='lat' dir='ltr'>et</span> 
     </span>
    </p>
   </div>
   <div class='ocr_carea' id='block_1_62' title="bbox 2282 3004 3873 3087">
    <p class='ocr_par' dir='ltr' id='par_1_62' title="bbox 2282 3004 3873 3087">
     <span class='ocr_line' id='line_1_62' title="bbox 2282 3004 3873 3087; baseline -0.005 -17"><span class='ocrx_word' id='word_1_480' title='bbox 2282 3013 2536 3086; x_wconf 90' lang='lat' dir='ltr'>Spiritus</span> <span class='ocrx_word' id='word_1_481' title='bbox 2566 3014 2772 3085; x_wconf 90' lang='lat' dir='ltr'>sancti,</span> <span class='ocrx_word' id='word_1_482' title='bbox 2803 3017 2904 3072; x_wconf 91' lang='lat' dir='ltr'>sed</span> <span class='ocrx_word' id='word_1_483' title='bbox 2937 3017 2995 3071; x_wconf 91' lang='lat' dir='ltr'>in</span> <span class='ocrx_word' id='word_1_484' title='bbox 3029 3034 3146 3072; x_wconf 92' lang='lat' dir='ltr'>uno</span> <span class='ocrx_word' id='word_1_485' title='bbox 3177 3017 3436 3084; x_wconf 90' lang='lat' dir='ltr'>nomine,</span> <span class='ocrx_word' id='word_1_486' title='bbox 3469 3012 3619 3087; x_wconf 91' lang='lat' dir='ltr'>quod</span> <span class='ocrx_word' id='word_1_487' title='bbox 3647 3004 3873 3078; x_wconf 84' lang='lat' dir='ltr'>intelligi-</span> 
     </span>
    </p>
   </div>
   <div class='ocr_carea' id='block_1_63' title="bbox 2281 3103 3872 3178">
    <p class='ocr_par' dir='ltr' id='par_1_63' title="bbox 2281 3103 3872 3178">
     <span class='ocr_line' id='line_1_63' title="bbox 2281 3103 3872 3178; baseline -0.006 -20"><span class='ocrx_word' id='word_1_488' title='bbox 2281 3106 2378 3158; x_wconf 87' lang='lat' dir='ltr'>tur</span> <span class='ocrx_word' id='word_1_489' title='bbox 2405 3104 2658 3160; x_wconf 89' lang='lat' dir='ltr'>Deus.Et</span> <span class='ocrx_word' id='word_1_490' title='bbox 2686 3105 2867 3161; x_wconf 90' lang='lat' dir='ltr'>miror</span> <span class='ocrx_word' id='word_1_491' title='bbox 2895 3122 3012 3178; x_wconf 90' lang='lat' dir='ltr'>qua</span> <span class='ocrx_word' id='word_1_492' title='bbox 3043 3105 3465 3178; x_wconf 88' lang='lat' dir='ltr'>consequentia</span> <span class='ocrx_word' id='word_1_493' title='bbox 3493 3103 3552 3158; x_wconf 90' lang='lat' dir='ltr'>in</span> <span class='ocrx_word' id='word_1_494' title='bbox 3591 3115 3697 3157; x_wconf 90' lang='lat' dir='ltr'>uno</span> <span class='ocrx_word' id='word_1_495' title='bbox 3736 3109 3872 3152; x_wconf 84' lang='lat' dir='ltr'>voca-</span> 
     </span>
    </p>
   </div>
   <div class='ocr_carea' id='block_1_64' title="bbox 2280 3189 3874 3266">
    <p class='ocr_par' dir='ltr' id='par_1_64' title="bbox 2280 3189 3874 3266">
     <span class='ocr_line' id='line_1_64' title="bbox 2280 3189 3874 3266; baseline -0.005 -18"><span class='ocrx_word' id='word_1_496' title='bbox 2280 3191 2439 3262; x_wconf 91' lang='lat' dir='ltr'>bulo,</span> <span class='ocrx_word' id='word_1_497' title='bbox 2469 3193 2672 3250; x_wconf 89' lang='lat' dir='ltr'>eodem</span> <span class='ocrx_word' id='word_1_498' title='bbox 2704 3210 2896 3266; x_wconf 89' lang='lat' dir='ltr'>opere,</span> <span class='ocrx_word' id='word_1_499' title='bbox 2928 3199 2986 3250; x_wconf 89' lang='lat' dir='ltr'>et</span> <span class='ocrx_word' id='word_1_500' title='bbox 3032 3195 3236 3251; x_wconf 89' lang='lat' dir='ltr'>eodem</span> <span class='ocrx_word' id='word_1_501' title='bbox 3285 3195 3666 3256; x_wconf 89' lang='lat' dir='ltr'>sacramento,</span> <span class='ocrx_word' id='word_1_502' title='bbox 3694 3189 3874 3242; x_wconf 63' lang='lat' dir='ltr'>natura</span> 
     </span>
    </p>
   </div>
   <div class='ocr_carea' id='block_1_65' title="bbox 525 3267 3874 3354">
    <p class='ocr_par' dir='ltr' id='par_1_65' title="bbox 525 3267 3874 3354">
     <span class='ocr_line' id='line_1_65' title="bbox 525 3267 3874 3354; baseline -0.002 -19"><span class='ocrx_word' id='word_1_503' title='bbox 525 3283 638 3336; x_wconf 88' lang='lat' dir='ltr'>tas.</span> <span class='ocrx_word' id='word_1_504' title='bbox 669 3282 783 3338; x_wconf 91' lang='lat' dir='ltr'>Sed</span> <span class='ocrx_word' id='word_1_505' title='bbox 811 3287 868 3340; x_wconf 90' lang='lat' dir='ltr'>et</span> <span class='ocrx_word' id='word_1_506' title='bbox 896 3283 954 3338; x_wconf 91' lang='lat' dir='ltr'>in</span> <span class='ocrx_word' id='word_1_507' title='bbox 987 3285 1156 3340; x_wconf 89' lang='lat' dir='ltr'>nobis</span> <span class='ocrx_word' id='word_1_508' title='bbox 1177 3284 1297 3340; x_wconf 68' lang='lat' dir='ltr'>haec</span> <span class='ocrx_word' id='word_1_509' title='bbox 1319 3301 1504 3338; x_wconf 91' lang='lat' dir='ltr'>unum</span> <span class='ocrx_word' id='word_1_510' title='bbox 1527 3287 1808 3352; x_wconf 89' lang='lat' dir='ltr'>sunt,non</span> <span class='ocrx_word' id='word_1_511' title='bbox 1833 3286 2168 3354; x_wconf 86' lang='lat' dir='ltr'>natura,sed</span> <span class='ocrx_word' id='word_1_512' title='bbox 2201 3267 2245 3334; x_wconf 62' lang='grc' dir='ltr'>(Σ</span> <span class='ocrx_word' id='word_1_513' title='bbox 2281 3281 2678 3338; x_wconf 84' lang='lat' dir='ltr'>diversitatem</span> <span class='ocrx_word' id='word_1_514' title='bbox 2722 3283 2914 3351; x_wconf 88' lang='lat' dir='ltr'>Arius,</span> <span class='ocrx_word' id='word_1_515' title='bbox 2951 3283 3346 3353; x_wconf 89' lang='lat' dir='ltr'>Macedonius,</span> <span class='ocrx_word' id='word_1_516' title='bbox 3373 3288 3432 3340; x_wconf 90' lang='lat' dir='ltr'>et</span> <span class='ocrx_word' id='word_1_517' title='bbox 3479 3276 3775 3337; x_wconf 85' lang='lat' dir='ltr'>Eunomius</span> <span class='ocrx_word' id='word_1_518' title='bbox 3797 3288 3874 3328; x_wconf 87' lang='lat' dir='ltr'>su-</span> 
     </span>
    </p>
   </div>
   <div class='ocr_carea' id='block_1_66' title="bbox 526 3369 2170 3444">
    <p class='ocr_par' dir='ltr' id='par_1_66' title="bbox 526 3369 2170 3444">
     <span class='ocr_line' id='line_1_66' title="bbox 526 3369 2170 3444; baseline 0.004 -21"><span class='ocrx_word' id='word_1_519' title='bbox 526 3369 791 3440; x_wconf 87' lang='lat' dir='ltr'>ejusdem</span> <span class='ocrx_word' id='word_1_520' title='bbox 812 3372 1145 3444; x_wconf 89' lang='lat' dir='ltr'>operatione</span> <span class='ocrx_word' id='word_1_521' title='bbox 1169 3372 1789 3444; x_wconf 85' lang='lat' dir='ltr'>mysterii.Nam,sieut</span> <span class='ocrx_word' id='word_1_522' title='bbox 1807 3373 2014 3430; x_wconf 91' lang='lat' dir='ltr'>beatus</span> <span class='ocrx_word' id='word_1_523' title='bbox 2034 3377 2170 3430; x_wconf 89' lang='lat' dir='ltr'>Am-</span> 
     </span>
    </p>
   </div>
   <div class='ocr_carea' id='block_1_67' title="bbox 526 3455 2172 3536">
    <p class='ocr_par' dir='ltr' id='par_1_67' title="bbox 526 3455 2172 3536">
     <span class='ocr_line' id='line_1_67' title="bbox 526 3455 2172 3536; baseline 0.004 -24"><span class='ocrx_word' id='word_1_524' title='bbox 526 3455 760 3516; x_wconf 87' lang='lat' dir='ltr'>brosius</span> <span class='ocrx_word' id='word_1_525' title='bbox 790 3460 890 3528; x_wconf 84' lang='lat' dir='ltr'>ait,</span> <span class='ocrx_word' id='word_1_526' title='bbox 923 3461 1176 3534; x_wconf 88' lang='lat' dir='ltr'>Spiritus</span> <span class='ocrx_word' id='word_1_527' title='bbox 1205 3465 1460 3517; x_wconf 89' lang='lat' dir='ltr'>mentem</span> <span class='ocrx_word' id='word_1_528' title='bbox 1491 3467 1744 3530; x_wconf 87' lang='lat' dir='ltr'>renovat,</span> <span class='ocrx_word' id='word_1_529' title='bbox 1770 3479 1924 3535; x_wconf 90' lang='lat' dir='ltr'>aqua</span> <span class='ocrx_word' id='word_1_530' title='bbox 1943 3465 2172 3536; x_wconf 85' lang='lat' dir='ltr'>proﬁcit</span> 
     </span>
    </p>
   </div>
   <div class='ocr_carea' id='block_1_68' title="bbox 527 3545 2169 3624">
    <p class='ocr_par' dir='ltr' id='par_1_68' title="bbox 527 3545 2169 3624">
     <span class='ocr_line' id='line_1_68' title="bbox 527 3545 2169 3624; baseline 0.004 -22"><span class='ocrx_word' id='word_1_531' title='bbox 527 3546 600 3602; x_wconf 87' lang='lat' dir='ltr'>ad</span> <span class='ocrx_word' id='word_1_532' title='bbox 631 3545 948 3618; x_wconf 89' lang='lat' dir='ltr'>lavacrum,</span> <span class='ocrx_word' id='word_1_533' title='bbox 982 3551 1224 3623; x_wconf 86' lang='lat' dir='ltr'>sanguis</span> <span class='ocrx_word' id='word_1_534' title='bbox 1255 3556 1480 3622; x_wconf 88' lang='lat' dir='ltr'>spectat</span> <span class='ocrx_word' id='word_1_535' title='bbox 1510 3551 1582 3605; x_wconf 88' lang='lat' dir='ltr'>ad</span> <span class='ocrx_word' id='word_1_536' title='bbox 1616 3551 1888 3624; x_wconf 90' lang='lat' dir='ltr'>pretium.</span> <span class='ocrx_word' id='word_1_537' title='bbox 1917 3551 2169 3624; x_wconf 80' lang='lat' dir='ltr'>Spiritus</span> 
     </span>
    </p>
   </div>
   <div class='ocr_carea' id='block_1_69' title="bbox 523 3635 2168 3712">
    <p class='ocr_par' dir='ltr' id='par_1_69' title="bbox 523 3635 2168 3712">
     <span class='ocr_line' id='line_1_69' title="bbox 523 3635 2168 3712; baseline 0.004 -21"><span class='ocrx_word' id='word_1_538' title='bbox 523 3635 682 3692; x_wconf 89' lang='lat' dir='ltr'>enim</span> <span class='ocrx_word' id='word_1_539' title='bbox 713 3655 821 3694; x_wconf 90' lang='lat' dir='ltr'>nos</span> <span class='ocrx_word' id='word_1_540' title='bbox 849 3657 953 3712; x_wconf 90' lang='lat' dir='ltr'>per</span> <span class='ocrx_word' id='word_1_541' title='bbox 973 3640 1340 3712; x_wconf 89' lang='lat' dir='ltr'>adoptionem</span> <span class='ocrx_word' id='word_1_542' title='bbox 1364 3640 1516 3696; x_wconf 89' lang='lat' dir='ltr'>ﬁlios</span> <span class='ocrx_word' id='word_1_543' title='bbox 1536 3641 1635 3697; x_wconf 91' lang='lat' dir='ltr'>Dei</span> <span class='ocrx_word' id='word_1_544' title='bbox 1661 3641 1970 3710; x_wconf 83' lang='lat' dir='ltr'>l&#39;ecit,sacri</span> <span class='ocrx_word' id='word_1_545' title='bbox 1993 3643 2168 3698; x_wconf 82' lang='lat' dir='ltr'>fontis</span> 
     </span>
    </p>
   </div>
   <div class='ocr_carea' id='block_1_70' title="bbox 525 3727 2166 3802">
    <p class='ocr_par' dir='ltr' id='par_1_70' title="bbox 525 3727 2166 3802">
     <span class='ocr_line' id='line_1_70' title="bbox 525 3727 2166 3802; baseline 0.004 -21"><span class='ocrx_word' id='word_1_546' title='bbox 525 3727 684 3783; x_wconf 88' lang='lat' dir='ltr'>unda</span> <span class='ocrx_word' id='word_1_547' title='bbox 711 3745 818 3784; x_wconf 91' lang='lat' dir='ltr'>nos</span> <span class='ocrx_word' id='word_1_548' title='bbox 847 3729 1056 3797; x_wconf 88' lang='lat' dir='ltr'>abluit,</span> <span class='ocrx_word' id='word_1_549' title='bbox 1088 3729 1328 3802; x_wconf 85' lang='lat' dir='ltr'>sanguis</span> <span class='ocrx_word' id='word_1_550' title='bbox 1350 3729 1582 3785; x_wconf 90' lang='lat' dir='ltr'>Domini</span> <span class='ocrx_word' id='word_1_551' title='bbox 1609 3748 1714 3786; x_wconf 87' lang='lat' dir='ltr'>nos</span> <span class='ocrx_word' id='word_1_552' title='bbox 1735 3731 2166 3798; x_wconf 89' lang='lat' dir='ltr'>redemit.Quod</span> 
     </span>
    </p>
   </div>
   <div class='ocr_carea' id='block_1_71' title="bbox 523 3819 2168 3893">
    <p class='ocr_par' dir='ltr' id='par_1_71' title="bbox 523 3819 2168 3893">
     <span class='ocr_line' id='line_1_71' title="bbox 523 3819 2168 3893; baseline 0.004 -21"><span class='ocrx_word' id='word_1_553' title='bbox 523 3821 720 3872; x_wconf 89' lang='lat' dir='ltr'>autem</span> <span class='ocrx_word' id='word_1_554' title='bbox 751 3819 1078 3892; x_wconf 87' lang='lat' dir='ltr'>subjungit,</span> <span class='ocrx_word' id='word_1_555' title='bbox 1111 3821 1211 3876; x_wconf 90' lang='lat' dir='ltr'>sed</span> <span class='ocrx_word' id='word_1_556' title='bbox 1248 3838 1364 3876; x_wconf 91' lang='lat' dir='ltr'>una</span> <span class='ocrx_word' id='word_1_557' title='bbox 1392 3825 1480 3876; x_wconf 88' lang='lat' dir='ltr'>est</span> <span class='ocrx_word' id='word_1_558' title='bbox 1500 3820 1848 3893; x_wconf 83' lang='lat' dir='ltr'>generaliter</span> <span class='ocrx_word' id='word_1_559' title='bbox 1868 3821 2080 3878; x_wconf 90' lang='lat' dir='ltr'>mersio</span> <span class='ocrx_word' id='word_1_560' title='bbox 2109 3825 2168 3878; x_wconf 89' lang='lat' dir='ltr'>et</span> 
     </span>
    </p>
   </div>
   <div class='ocr_carea' id='block_1_72' title="bbox 521 3907 2166 3983">
    <p class='ocr_par' dir='ltr' id='par_1_72' title="bbox 521 3907 2166 3983">
     <span class='ocr_line' id='line_1_72' title="bbox 521 3907 2166 3983; baseline 0.001 -21"><span class='ocrx_word' id='word_1_561' title='bbox 521 3923 642 3962; x_wconf 89' lang='lat' dir='ltr'>una</span> <span class='ocrx_word' id='word_1_562' title='bbox 669 3907 896 3974; x_wconf 90' lang='lat' dir='ltr'>tinetio,</span> <span class='ocrx_word' id='word_1_563' title='bbox 928 3908 987 3964; x_wconf 92' lang='lat' dir='ltr'>id</span> <span class='ocrx_word' id='word_1_564' title='bbox 1017 3914 1107 3964; x_wconf 92' lang='lat' dir='ltr'>est</span> <span class='ocrx_word' id='word_1_565' title='bbox 1137 3927 1321 3965; x_wconf 82' lang='lat' dir='ltr'>unum</span> <span class='ocrx_word' id='word_1_566' title='bbox 1355 3909 1670 3983; x_wconf 87' lang='lat' dir='ltr'>baptisma,</span> <span class='ocrx_word' id='word_1_567' title='bbox 1704 3909 1800 3965; x_wconf 91' lang='lat' dir='ltr'>ille</span> <span class='ocrx_word' id='word_1_568' title='bbox 1828 3910 1952 3982; x_wconf 90' lang='lat' dir='ltr'>ipse</span> <span class='ocrx_word' id='word_1_569' title='bbox 1981 3910 2166 3966; x_wconf 90' lang='lat' dir='ltr'>nescit</span> 
     </span>
    </p>
   </div>
   <div class='ocr_carea' id='block_1_73' title="bbox 517 3995 2162 4069">
    <p class='ocr_par' dir='ltr' id='par_1_73' title="bbox 517 3995 2162 4069">
     <span class='ocr_line' id='line_1_73' title="bbox 517 3995 2162 4069; baseline 0.002 -17"><span class='ocrx_word' id='word_1_570' title='bbox 517 3995 662 4068; x_wconf 87' lang='lat' dir='ltr'>quid</span> <span class='ocrx_word' id='word_1_571' title='bbox 692 3995 973 4069; x_wconf 90' lang='lat' dir='ltr'>loquitur,</span> <span class='ocrx_word' id='word_1_572' title='bbox 1005 3999 1383 4055; x_wconf 81' lang='lat' dir='ltr'>manifestum</span> <span class='ocrx_word' id='word_1_573' title='bbox 1415 4005 1609 4056; x_wconf 88' lang='lat' dir='ltr'>tamen</span> <span class='ocrx_word' id='word_1_574' title='bbox 1647 3999 1870 4054; x_wconf 83' lang='lat' dir='ltr'>faciunt</span> <span class='ocrx_word' id='word_1_575' title='bbox 1898 4000 2162 4055; x_wconf 87' lang='lat' dir='ltr'>doctores</span> 
     </span>
    </p>
   </div>
   <div class='ocr_carea' id='block_1_74' title="bbox 517 4083 2160 4160">
    <p class='ocr_par' dir='ltr' id='par_1_74' title="bbox 517 4083 2160 4160">
     <span class='ocr_line' id='line_1_74' title="bbox 517 4083 2160 4160; baseline 0.002 -20"><span class='ocrx_word' id='word_1_576' title='bbox 517 4083 790 4142; x_wconf 87' lang='lat' dir='ltr'>catholici</span> <span class='ocrx_word' id='word_1_577' title='bbox 821 4087 960 4158; x_wconf 86' lang='lat' dir='ltr'>quia</span> <span class='ocrx_word' id='word_1_578' title='bbox 989 4089 1288 4144; x_wconf 90' lang='lat' dir='ltr'>mentitur.</span> <span class='ocrx_word' id='word_1_579' title='bbox 1315 4088 1428 4144; x_wconf 65' lang='lat' dir='ltr'>Illa:</span> <span class='ocrx_word' id='word_1_580' title='bbox 1461 4088 1677 4160; x_wconf 90' lang='lat' dir='ltr'>quippe</span> <span class='ocrx_word' id='word_1_581' title='bbox 1697 4092 1816 4144; x_wconf 86' lang='lat' dir='ltr'>tres</span> <span class='ocrx_word' id='word_1_582' title='bbox 1838 4089 2160 4144; x_wconf 89' lang='lat' dir='ltr'>mersiones</span> 
     </span>
    </p>
   </div>
   <div class='ocr_carea' id='block_1_75' title="bbox 515 4171 2158 4248">
    <p class='ocr_par' dir='ltr' id='par_1_75' title="bbox 515 4171 2158 4248">
     <span class='ocr_line' id='line_1_75' title="bbox 515 4171 2158 4248; baseline 0.004 -20"><span class='ocrx_word' id='word_1_583' title='bbox 515 4171 862 4245; x_wconf 83' lang='lat' dir='ltr'>singillatim</span> <span class='ocrx_word' id='word_1_584' title='bbox 893 4179 1010 4232; x_wconf 90' lang='lat' dir='ltr'>tres</span> <span class='ocrx_word' id='word_1_585' title='bbox 1039 4181 1198 4246; x_wconf 89' lang='lat' dir='ltr'>sunt,</span> <span class='ocrx_word' id='word_1_586' title='bbox 1223 4180 1280 4232; x_wconf 90' lang='lat' dir='ltr'>et</span> <span class='ocrx_word' id='word_1_587' title='bbox 1301 4195 1416 4232; x_wconf 89' lang='lat' dir='ltr'>non</span> <span class='ocrx_word' id='word_1_588' title='bbox 1438 4176 1788 4248; x_wconf 87' lang='lat' dir='ltr'>generaliter</span> <span class='ocrx_word' id='word_1_589' title='bbox 1807 4195 1926 4232; x_wconf 92' lang='lat' dir='ltr'>una</span> <span class='ocrx_word' id='word_1_590' title='bbox 1947 4177 2158 4234; x_wconf 91' lang='lat' dir='ltr'>mersio</span> 
     </span>
    </p>
   </div>
   <div class='ocr_carea' id='block_1_76' title="bbox 515 4260 2158 4338">
    <p class='ocr_par' dir='ltr' id='par_1_76' title="bbox 515 4260 2158 4338">
     <span class='ocr_line' id='line_1_76' title="bbox 515 4260 2158 4338; baseline 0.002 -20"><span class='ocrx_word' id='word_1_591' title='bbox 515 4264 626 4330; x_wconf 88' lang='lat' dir='ltr'>est,</span> <span class='ocrx_word' id='word_1_592' title='bbox 659 4260 813 4319; x_wconf 88' lang='lat' dir='ltr'>sicut</span> <span class='ocrx_word' id='word_1_593' title='bbox 840 4267 959 4320; x_wconf 90' lang='lat' dir='ltr'>tres</span> <span class='ocrx_word' id='word_1_594' title='bbox 1001 4268 1140 4320; x_wconf 89' lang='lat' dir='ltr'>sunt</span> <span class='ocrx_word' id='word_1_595' title='bbox 1187 4263 1498 4336; x_wconf 64' lang='lat' dir='ltr'>distinctae,</span> <span class='ocrx_word' id='word_1_596' title='bbox 1533 4283 1754 4338; x_wconf 91' lang='lat' dir='ltr'>suaque</span> <span class='ocrx_word' id='word_1_597' title='bbox 1804 4267 2158 4338; x_wconf 88' lang='lat' dir='ltr'>proprietate</span> 
     </span>
    </p>
   </div>
   <div class='ocr_carea' id='block_1_77' title="bbox 512 4350 2156 4427">
    <p class='ocr_par' dir='ltr' id='par_1_77' title="bbox 512 4350 2156 4427">
     <span class='ocr_line' id='line_1_77' title="bbox 512 4350 2156 4427; baseline 0.003 -19"><span class='ocrx_word' id='word_1_598' title='bbox 512 4350 924 4420; x_wconf 85' lang='lat' dir='ltr'>subsistentes,</span> <span class='ocrx_word' id='word_1_599' title='bbox 939 4358 1112 4426; x_wconf 88' lang='lat' dir='ltr'>atque</span> <span class='ocrx_word' id='word_1_600' title='bbox 1126 4354 1544 4427; x_wconf 89' lang='lat' dir='ltr'>inseparabilcs</span> <span class='ocrx_word' id='word_1_601' title='bbox 1565 4355 1623 4410; x_wconf 92' lang='lat' dir='ltr'>in</span> <span class='ocrx_word' id='word_1_602' title='bbox 1646 4361 1850 4411; x_wconf 89' lang='lat' dir='ltr'>sancta</span> <span class='ocrx_word' id='word_1_603' title='bbox 1870 4356 2156 4413; x_wconf 87' lang='lat' dir='ltr'>Trinitate</span> 
     </span>
    </p>
   </div>
   <div class='ocr_carea' id='block_1_78' title="bbox 2282 3363 3877 3446">
    <p class='ocr_par' dir='ltr' id='par_1_78' title="bbox 2282 3363 3877 3446">
     <span class='ocr_line' id='line_1_78' title="bbox 2282 3363 3877 3446; baseline -0.005 -20"><span class='ocrx_word' id='word_1_604' title='bbox 2282 3370 2600 3442; x_wconf 88' lang='lat' dir='ltr'>spieentnr,</span> <span class='ocrx_word' id='word_1_605' title='bbox 2635 3373 3023 3429; x_wconf 88' lang='lat' dir='ltr'>concordante</span> <span class='ocrx_word' id='word_1_606' title='bbox 3065 3373 3125 3428; x_wconf 93' lang='lat' dir='ltr'>in</span> <span class='ocrx_word' id='word_1_607' title='bbox 3169 3373 3473 3446; x_wconf 88' lang='lat' dir='ltr'>impietate</span> <span class='ocrx_word' id='word_1_608' title='bbox 3524 3363 3808 3428; x_wconf 86' lang='lat' dir='ltr'>discordia,</span> <span class='ocrx_word' id='word_1_609' title='bbox 3831 3363 3877 3414; x_wconf 79' lang='lat' dir='ltr'>et</span> 
     </span>
    </p>
   </div>
   <div class='ocr_carea' id='block_1_79' title="bbox 2281 3455 3876 3542">
    <p class='ocr_par' dir='ltr' id='par_1_79' title="bbox 2281 3455 3876 3542">
     <span class='ocr_line' id='line_1_79' title="bbox 2281 3455 3876 3542; baseline -0.005 -28"><span class='ocrx_word' id='word_1_610' title='bbox 2281 3465 2560 3542; x_wconf 58' lang='lat' dir='ltr'>creatura:</span> <span class='ocrx_word' id='word_1_611' title='bbox 2581 3461 2639 3516; x_wconf 91' lang='lat' dir='ltr'>in</span> <span class='ocrx_word' id='word_1_612' title='bbox 2675 3461 2816 3518; x_wconf 89' lang='lat' dir='ltr'>Filio</span> <span class='ocrx_word' id='word_1_613' title='bbox 2839 3466 2896 3516; x_wconf 90' lang='lat' dir='ltr'>et</span> <span class='ocrx_word' id='word_1_614' title='bbox 2917 3462 3137 3534; x_wconf 89' lang='lat' dir='ltr'>Spiritu</span> <span class='ocrx_word' id='word_1_615' title='bbox 3157 3467 3364 3519; x_wconf 89' lang='lat' dir='ltr'>sancto</span> <span class='ocrx_word' id='word_1_616' title='bbox 3387 3473 3677 3518; x_wconf 80' lang='lat' dir='ltr'>ecenosum</span> <span class='ocrx_word' id='word_1_617' title='bbox 3697 3455 3876 3542; x_wconf 76' lang='lat' dir='ltr'>fontem</span> 
     </span>
    </p>
   </div>
   <div class='ocr_carea' id='block_1_80' title="bbox 2279 3541 3876 3620">
    <p class='ocr_par' dir='ltr' id='par_1_80' title="bbox 2279 3541 3876 3620">
     <span class='ocr_line' id='line_1_80' title="bbox 2279 3541 3876 3620; baseline -0.004 -18"><span class='ocrx_word' id='word_1_618' title='bbox 2279 3541 2566 3620; x_wconf 85' lang='lat' dir='ltr'>tenentes,</span> <span class='ocrx_word' id='word_1_619' title='bbox 2581 3549 2840 3606; x_wconf 86' lang='lat' dir='ltr'>diversos</span> <span class='ocrx_word' id='word_1_620' title='bbox 2862 3549 3157 3606; x_wconf 64' lang='lat' dir='ltr'>haerescon</span> <span class='ocrx_word' id='word_1_621' title='bbox 3181 3550 3399 3608; x_wconf 88' lang='lat' dir='ltr'>rivulos</span> <span class='ocrx_word' id='word_1_622' title='bbox 3417 3541 3876 3606; x_wconf 80' lang='lat' dir='ltr'>duxerunt.Unum</span> 
     </span>
    </p>
   </div>
   <div class='ocr_carea' id='block_1_81' title="bbox 2279 3629 3878 3710">
    <p class='ocr_par' dir='ltr' id='par_1_81' title="bbox 2279 3629 3878 3710">
     <span class='ocr_line' id='line_1_81' title="bbox 2279 3629 3878 3710; baseline -0.006 -19"><span class='ocrx_word' id='word_1_623' title='bbox 2279 3636 2592 3709; x_wconf 88' lang='lat' dir='ltr'>baptisma,</span> <span class='ocrx_word' id='word_1_624' title='bbox 2627 3643 2685 3694; x_wconf 91' lang='lat' dir='ltr'>et</span> <span class='ocrx_word' id='word_1_625' title='bbox 2712 3643 2915 3694; x_wconf 89' lang='lat' dir='ltr'>contra</span> <span class='ocrx_word' id='word_1_626' title='bbox 2940 3639 3314 3696; x_wconf 89' lang='lat' dir='ltr'>Valentinum</span> <span class='ocrx_word' id='word_1_627' title='bbox 3350 3639 3509 3708; x_wconf 81' lang='lat' dir='ltr'>facit,</span> <span class='ocrx_word' id='word_1_628' title='bbox 3532 3635 3629 3710; x_wconf 91' lang='lat' dir='ltr'>qui</span> <span class='ocrx_word' id='word_1_629' title='bbox 3650 3635 3753 3689; x_wconf 91' lang='lat' dir='ltr'>duo</span> <span class='ocrx_word' id='word_1_630' title='bbox 3773 3629 3878 3698; x_wconf 87' lang='lat' dir='ltr'>bap-</span> 
     </span>
    </p>
   </div>
   <div class='ocr_carea' id='block_1_82' title="bbox 2279 3717 3874 3796">
    <p class='ocr_par' dir='ltr' id='par_1_82' title="bbox 2279 3717 3874 3796">
     <span class='ocr_line' id='line_1_82' title="bbox 2279 3717 3874 3796; baseline 0.001 -16"><span class='ocrx_word' id='word_1_631' title='bbox 2279 3725 2516 3782; x_wconf 90' lang='lat' dir='ltr'>tismata</span> <span class='ocrx_word' id='word_1_632' title='bbox 2543 3743 2670 3782; x_wconf 87' lang='lat' dir='ltr'>esse</span> <span class='ocrx_word' id='word_1_633' title='bbox 2700 3727 3018 3796; x_wconf 90' lang='lat' dir='ltr'>contendit,</span> <span class='ocrx_word' id='word_1_634' title='bbox 3050 3733 3110 3784; x_wconf 91' lang='lat' dir='ltr'>et</span> <span class='ocrx_word' id='word_1_635' title='bbox 3137 3733 3344 3786; x_wconf 90' lang='lat' dir='ltr'>contra</span> <span class='ocrx_word' id='word_1_636' title='bbox 3374 3743 3578 3786; x_wconf 89' lang='lat' dir='ltr'>omnes</span> <span class='ocrx_word' id='word_1_637' title='bbox 3599 3717 3874 3782; x_wconf 61' lang='lat' dir='ltr'>haereticos»</span> 
     </span>
    </p>
   </div>
   <div class='ocr_carea' id='block_1_83' title="bbox 2276 3802 3876 3890">
    <p class='ocr_par' dir='ltr' id='par_1_83' title="bbox 2276 3802 3876 3890">
     <span class='ocr_line' id='line_1_83' title="bbox 2276 3802 3876 3890; baseline -0.009 -20"><span class='ocrx_word' id='word_1_638' title='bbox 2276 3818 2341 3870; x_wconf 90' lang='lat' dir='ltr'>ut</span> <span class='ocrx_word' id='word_1_639' title='bbox 2360 3815 2551 3871; x_wconf 87' lang='lat' dir='ltr'>sciant</span> <span class='ocrx_word' id='word_1_640' title='bbox 2573 3833 2635 3872; x_wconf 89' lang='lat' dir='ltr'>se</span> <span class='ocrx_word' id='word_1_641' title='bbox 2657 3833 2769 3871; x_wconf 90' lang='lat' dir='ltr'>non</span> <span class='ocrx_word' id='word_1_642' title='bbox 2796 3816 3008 3873; x_wconf 88' lang='lat' dir='ltr'>habere</span> <span class='ocrx_word' id='word_1_643' title='bbox 3030 3819 3344 3890; x_wconf 87' lang='lat' dir='ltr'>baptisma,</span> <span class='ocrx_word' id='word_1_644' title='bbox 3361 3819 3465 3875; x_wconf 89' lang='lat' dir='ltr'>sed</span> <span class='ocrx_word' id='word_1_645' title='bbox 3491 3817 3548 3872; x_wconf 90' lang='lat' dir='ltr'>in</span> <span class='ocrx_word' id='word_1_646' title='bbox 3570 3830 3681 3870; x_wconf 90' lang='lat' dir='ltr'>una</span> <span class='ocrx_word' id='word_1_647' title='bbox 3698 3802 3876 3866; x_wconf 86' lang='lat' dir='ltr'>Christi</span> 
     </span>
    </p>
   </div>
   <div class='ocr_carea' id='block_1_84' title="bbox 2274 3896 3879 3974">
    <p class='ocr_par' dir='ltr' id='par_1_84' title="bbox 2274 3896 3879 3974">
     <span class='ocr_line' id='line_1_84' title="bbox 2274 3896 3879 3974; baseline -0.004 -15"><span class='ocrx_word' id='word_1_648' title='bbox 2274 3903 2534 3960; x_wconf 88' lang='lat' dir='ltr'>Ecclesia</span> <span class='ocrx_word' id='word_1_649' title='bbox 2554 3905 2771 3961; x_wconf 80' lang='lat' dir='ltr'>fontem</span> <span class='ocrx_word' id='word_1_650' title='bbox 2797 3924 2925 3962; x_wconf 90' lang='lat' dir='ltr'>esse</span> <span class='ocrx_word' id='word_1_651' title='bbox 2946 3906 3200 3963; x_wconf 83' lang='lat' dir='ltr'>vitalem.</span> <span class='ocrx_word' id='word_1_652' title='bbox 3217 3907 3417 3964; x_wconf 89' lang='lat' dir='ltr'>Potest</span> <span class='ocrx_word' id='word_1_653' title='bbox 3429 3921 3611 3963; x_wconf 90' lang='lat' dir='ltr'>unum</span> <span class='ocrx_word' id='word_1_654' title='bbox 3625 3896 3879 3974; x_wconf 75' lang='lat' dir='ltr'>baptisma</span> 
     </span>
    </p>
   </div>
   <div class='ocr_carea' id='block_1_85' title="bbox 2273 3988 3880 4070">
    <p class='ocr_par' dir='ltr' id='par_1_85' title="bbox 2273 3988 3880 4070">
     <span class='ocr_line' id='line_1_85' title="bbox 2273 3988 3880 4070; baseline -0.002 -22"><span class='ocrx_word' id='word_1_655' title='bbox 2273 3999 2332 4048; x_wconf 91' lang='lat' dir='ltr'>et</span> <span class='ocrx_word' id='word_1_656' title='bbox 2361 3993 2443 4050; x_wconf 86' lang='lat' dir='ltr'>ita</span> <span class='ocrx_word' id='word_1_657' title='bbox 2472 3995 2607 4064; x_wconf 91' lang='lat' dir='ltr'>diei,</span> <span class='ocrx_word' id='word_1_658' title='bbox 2625 3995 2780 4068; x_wconf 90' lang='lat' dir='ltr'>quod</span> <span class='ocrx_word' id='word_1_659' title='bbox 2805 3995 2938 4052; x_wconf 88' lang='lat' dir='ltr'>licet</span> <span class='ocrx_word' id='word_1_660' title='bbox 2961 4000 3047 4051; x_wconf 91' lang='lat' dir='ltr'>ter</span> <span class='ocrx_word' id='word_1_661' title='bbox 3067 3996 3439 4070; x_wconf 89' lang='lat' dir='ltr'>baptizemur</span> <span class='ocrx_word' id='word_1_662' title='bbox 3459 3998 3688 4070; x_wconf 88' lang='lat' dir='ltr'>propter</span> <span class='ocrx_word' id='word_1_663' title='bbox 3706 3988 3880 4061; x_wconf 73' lang='lat' dir='ltr'>myste-</span> 
     </span>
    </p>
   </div>
   <div class='ocr_carea' id='block_1_86' title="bbox 2271 4082 3879 4157">
    <p class='ocr_par' dir='ltr' id='par_1_86' title="bbox 2271 4082 3879 4157">
     <span class='ocr_line' id='line_1_86' title="bbox 2271 4082 3879 4157; baseline 0 -21"><span class='ocrx_word' id='word_1_664' title='bbox 2271 4082 2426 4138; x_wconf 90' lang='lat' dir='ltr'>rium</span> <span class='ocrx_word' id='word_1_665' title='bbox 2447 4088 2660 4140; x_wconf 70' lang='lat' dir='ltr'>sanctce</span> <span class='ocrx_word' id='word_1_666' title='bbox 2682 4084 3010 4152; x_wconf 90' lang='lat' dir='ltr'>Trinitatis,</span> <span class='ocrx_word' id='word_1_667' title='bbox 3025 4090 3220 4142; x_wconf 87' lang='lat' dir='ltr'>tamen</span> <span class='ocrx_word' id='word_1_668' title='bbox 3234 4104 3422 4142; x_wconf 89' lang='lat' dir='ltr'>unum</span> <span class='ocrx_word' id='word_1_669' title='bbox 3442 4083 3724 4157; x_wconf 86' lang='lat' dir='ltr'>baptisma</span> <span class='ocrx_word' id='word_1_670' title='bbox 3744 4088 3879 4146; x_wconf 72' lang='lat' dir='ltr'>repu-</span> 
     </span>
    </p>
   </div>
   <div class='ocr_carea' id='block_1_87' title="bbox 2269 4163 3876 4247">
    <p class='ocr_par' dir='ltr' id='par_1_87' title="bbox 2269 4163 3876 4247">
     <span class='ocr_line' id='line_1_87' title="bbox 2269 4163 3876 4247; baseline -0.007 -20"><span class='ocrx_word' id='word_1_671' title='bbox 2269 4176 2647 4228; x_wconf 88' lang='lat' dir='ltr'>tetur.Unum</span> <span class='ocrx_word' id='word_1_672' title='bbox 2669 4190 2902 4246; x_wconf 88' lang='lat' dir='ltr'>quoque</span> <span class='ocrx_word' id='word_1_673' title='bbox 2923 4173 3219 4247; x_wconf 87' lang='lat' dir='ltr'>baptisma</span> <span class='ocrx_word' id='word_1_674' title='bbox 3239 4180 3328 4232; x_wconf 90' lang='lat' dir='ltr'>est</span> <span class='ocrx_word' id='word_1_675' title='bbox 3347 4175 3412 4231; x_wconf 90' lang='lat' dir='ltr'>in</span> <span class='ocrx_word' id='word_1_676' title='bbox 3435 4175 3668 4247; x_wconf 87' lang='lat' dir='ltr'>aqua,et</span> <span class='ocrx_word' id='word_1_677' title='bbox 3679 4163 3876 4240; x_wconf 87' lang='lat' dir='ltr'>spiritu,</span> 
     </span>
    </p>
   </div>
   <div class='ocr_carea' id='block_1_88' title="bbox 2267 4253 3878 4336">
    <p class='ocr_par' dir='ltr' id='par_1_88' title="bbox 2267 4253 3878 4336">
     <span class='ocr_line' id='line_1_88' title="bbox 2267 4253 3878 4336; baseline -0.007 -20"><span class='ocrx_word' id='word_1_678' title='bbox 2267 4265 2324 4316; x_wconf 89' lang='lat' dir='ltr'>et</span> <span class='ocrx_word' id='word_1_679' title='bbox 2353 4259 2494 4333; x_wconf 87' lang='lat' dir='ltr'>igni,</span> <span class='ocrx_word' id='word_1_680' title='bbox 2518 4266 2575 4316; x_wconf 90' lang='lat' dir='ltr'>et</span> <span class='ocrx_word' id='word_1_681' title='bbox 2604 4261 2674 4316; x_wconf 91' lang='lat' dir='ltr'>de</span> <span class='ocrx_word' id='word_1_682' title='bbox 2703 4279 2818 4334; x_wconf 91' lang='lat' dir='ltr'>quo</span> <span class='ocrx_word' id='word_1_683' title='bbox 2840 4263 3122 4330; x_wconf 83' lang='lat' dir='ltr'>Dominus</span> <span class='ocrx_word' id='word_1_684' title='bbox 3142 4263 3408 4336; x_wconf 89' lang='lat' dir='ltr'>loquitur</span> <span class='ocrx_word' id='word_1_685' title='bbox 3431 4282 3446 4320; x_wconf 90' lang='lat'>:</span> <span class='ocrx_word' id='word_1_686' title='bbox 3474 4261 3769 4335; x_wconf 76' lang='lat' dir='ltr'>Baptisma</span> <span class='ocrx_word' id='word_1_687' title='bbox 3784 4253 3878 4307; x_wconf 75' lang='lat' dir='ltr'>lia-</span> 
     </span>
    </p>
   </div>
   <div class='ocr_carea' id='block_1_89' title="bbox 2265 4343 3880 4424">
    <p class='ocr_par' dir='ltr' id='par_1_89' title="bbox 2265 4343 3880 4424">
     <span class='ocr_line' id='line_1_89' title="bbox 2265 4343 3880 4424; baseline -0.005 -20"><span class='ocrx_word' id='word_1_688' title='bbox 2265 4351 2366 4405; x_wconf 84' lang='lat' dir='ltr'>bco</span> <span class='ocrx_word' id='word_1_689' title='bbox 2415 4351 2722 4422; x_wconf 71' lang='lat' dir='ltr'>baptizari</span> <span class='ocrx_word' id='word_1_690' title='bbox 2749 4355 2909 4422; x_wconf 89' lang='lat' dir='ltr'>(Luc.</span> <span class='ocrx_word' id='word_1_691' title='bbox 2941 4368 3042 4418; x_wconf 81' lang='lat' dir='ltr'>xu,</span> <span class='ocrx_word' id='word_1_692' title='bbox 3074 4352 3200 4424; x_wconf 86' lang='lat'>50);</span> <span class='ocrx_word' id='word_1_693' title='bbox 3232 4357 3289 4408; x_wconf 89' lang='lat' dir='ltr'>et</span> <span class='ocrx_word' id='word_1_694' title='bbox 3319 4351 3462 4408; x_wconf 90' lang='lat' dir='ltr'>alibi</span> <span class='ocrx_word' id='word_1_695' title='bbox 3499 4368 3513 4406; x_wconf 89' lang='lat'><strong>:</strong></span> <span class='ocrx_word' id='word_1_696' title='bbox 3549 4343 3880 4421; x_wconf 75' lang='lat' dir='ltr'>Baptismale</span> 
     </span>
    </p>
   </div>
   <div class='ocr_carea' id='block_1_90' title="bbox 512 4439 3414 4518">
    <p class='ocr_par' dir='ltr' id='par_1_90' title="bbox 512 4439 3414 4518">
     <span class='ocr_line' id='line_1_90' title="bbox 512 4439 3414 4518; baseline 0.002 -22"><span class='ocrx_word' id='word_1_697' title='bbox 512 4456 796 4513; x_wconf 73' lang='lat' dir='ltr'>personae,</span> <span class='ocrx_word' id='word_1_698' title='bbox 827 4447 884 4499; x_wconf 90' lang='lat' dir='ltr'>et</span> <span class='ocrx_word' id='word_1_699' title='bbox 913 4460 1028 4499; x_wconf 90' lang='lat' dir='ltr'>non</span> <span class='ocrx_word' id='word_1_700' title='bbox 1057 4443 1407 4517; x_wconf 87' lang='lat' dir='ltr'>generaliter</span> <span class='ocrx_word' id='word_1_701' title='bbox 1436 4461 1554 4500; x_wconf 91' lang='lat' dir='ltr'>una</span> <span class='ocrx_word' id='word_1_702' title='bbox 1584 4461 1834 4518; x_wconf 89' lang='lat' dir='ltr'>persona</span> <span class='ocrx_word' id='word_1_703' title='bbox 1869 4450 1977 4501; x_wconf 89' lang='lat' dir='ltr'>est.</span> <span class='ocrx_word' id='word_1_704' title='bbox 2011 4447 2153 4502; x_wconf 90' lang='lat' dir='ltr'>Tres</span> <span class='ocrx_word' id='word_1_705' title='bbox 2262 4455 2391 4495; x_wconf 79' lang='lat' dir='ltr'>meo</span> <span class='ocrx_word' id='word_1_706' title='bbox 2416 4439 2874 4509; x_wconf 70' lang='lat' dir='ltr'>baplimbimimi</span> <span class='ocrx_word' id='word_1_707' title='bbox 2901 4443 3115 4510; x_wconf 82' lang='grc' dir='ltr'><em>(Μανο.</em></span> <span class='ocrx_word' id='word_1_708' title='bbox 3147 4458 3202 4510; x_wconf 83' lang='lat' dir='ltr'>X,</span> <span class='ocrx_word' id='word_1_709' title='bbox 3235 4441 3348 4511; x_wconf 77' lang='grc'>39).</span> <span class='ocrx_word' id='word_1_710' title='bbox 3384 4464 3414 4492; x_wconf 74' lang='grc' dir='ltr'><strong>υ</strong></span> 
     </span>
    </p>
   </div>
   <div class='ocr_carea' id='block_1_91' title="bbox 510 4527 2153 4607">
    <p class='ocr_par' dir='ltr' id='par_1_91' title="bbox 510 4527 2153 4607">
     <span class='ocr_line' id='line_1_91' title="bbox 510 4527 2153 4607; baseline 0.006 -24"><span class='ocrx_word' id='word_1_711' title='bbox 510 4527 750 4600; x_wconf 90' lang='lat' dir='ltr'>quidem</span> <span class='ocrx_word' id='word_1_712' title='bbox 770 4537 909 4588; x_wconf 89' lang='lat' dir='ltr'>sunt</span> <span class='ocrx_word' id='word_1_713' title='bbox 924 4532 1268 4605; x_wconf 86' lang='lat' dir='ltr'>singillatim</span> <span class='ocrx_word' id='word_1_714' title='bbox 1287 4534 1608 4590; x_wconf 90' lang='lat' dir='ltr'>mersiones</span> <span class='ocrx_word' id='word_1_715' title='bbox 1630 4539 1863 4607; x_wconf 88' lang='lat' dir='ltr'>propter</span> <span class='ocrx_word' id='word_1_716' title='bbox 1883 4553 2153 4607; x_wconf 88' lang='lat' dir='ltr'>persona-</span> 
     </span>
    </p>
   </div>
   <div class='ocr_carea' id='block_1_92' title="bbox 2333 4525 3874 4602">
    <p class='ocr_par' dir='ltr' id='par_1_92' title="bbox 2333 4525 3874 4602">
     <span class='ocr_line' id='line_1_92' title="bbox 2333 4525 3874 4602; baseline -0.005 -18"><span class='ocrx_word' id='word_1_717' title='bbox 2333 4529 2434 4586; x_wconf 87' lang='lat' dir='ltr'>His</span> <span class='ocrx_word' id='word_1_718' title='bbox 2467 4534 2804 4586; x_wconf 89' lang='lat' dir='ltr'>sanctorum</span> <span class='ocrx_word' id='word_1_719' title='bbox 2837 4529 3192 4602; x_wconf 79' lang='lat' dir='ltr'>Hieronymi,</span> <span class='ocrx_word' id='word_1_720' title='bbox 3223 4534 3281 4586; x_wconf 90' lang='lat' dir='ltr'>et</span> <span class='ocrx_word' id='word_1_721' title='bbox 3304 4526 3630 4596; x_wconf 78' lang='lat' dir='ltr'>Athanasii,</span> <span class='ocrx_word' id='word_1_722' title='bbox 3663 4525 3874 4580; x_wconf 71' lang='lat' dir='ltr'>caetero-</span> 
     </span>
    </p>
   </div>
   <div class='ocr_carea' id='block_1_93' title="bbox 508 4606 3870 4707">
    <p class='ocr_par' dir='ltr' id='par_1_93' title="bbox 508 4606 3870 4707">
     <span class='ocr_line' id='line_1_93' title="bbox 508 4606 3870 4707; baseline -0.002 -33"><span class='ocrx_word' id='word_1_723' title='bbox 508 4633 643 4674; x_wconf 87' lang='lat' dir='ltr'>rum</span> <span class='ocrx_word' id='word_1_724' title='bbox 669 4625 885 4676; x_wconf 66' lang='lat' dir='ltr'>sanctze</span> <span class='ocrx_word' id='word_1_725' title='bbox 915 4621 1216 4678; x_wconf 89' lang='lat' dir='ltr'>Trinitatis</span> <span class='ocrx_word' id='word_1_726' title='bbox 1249 4606 1660 4695; x_wconf 86' lang='lat' dir='ltr'>proprietatem</span> <span class='ocrx_word' id='word_1_727' title='bbox 1693 4641 1706 4680; x_wconf 86' lang='lat'><strong>:</strong></span> <span class='ocrx_word' id='word_1_728' title='bbox 1735 4606 1922 4680; x_wconf 84' lang='lat' dir='ltr'>unum</span> <span class='ocrx_word' id='word_1_729' title='bbox 1954 4630 2148 4682; x_wconf 88' lang='lat' dir='ltr'>autem</span> <span class='ocrx_word' id='word_1_730' title='bbox 2183 4642 2227 4707; x_wconf 77' lang='grc' dir='ltr'>ι)</span> <span class='ocrx_word' id='word_1_731' title='bbox 2263 4635 2511 4691; x_wconf 77' lang='lat' dir='ltr'>rumque</span> <span class='ocrx_word' id='word_1_732' title='bbox 2541 4620 2846 4676; x_wconf 84' lang='lat' dir='ltr'>doctorum</span> <span class='ocrx_word' id='word_1_733' title='bbox 2871 4618 3083 4684; x_wconf 85' lang='lat' dir='ltr'>verbis,</span> <span class='ocrx_word' id='word_1_734' title='bbox 3106 4619 3396 4692; x_wconf 71' lang='lat' dir='ltr'>praecipue</span> <span class='ocrx_word' id='word_1_735' title='bbox 3427 4635 3561 4675; x_wconf 89' lang='lat' dir='ltr'>vero</span> <span class='ocrx_word' id='word_1_736' title='bbox 3589 4606 3870 4672; x_wconf 83' lang='lat' dir='ltr'>Ambrosii-</span> 
     </span>
    </p>
   </div>
   <div class='ocr_carea' id='block_1_94' title="bbox 397 4707 3872 4782">
    <p class='ocr_par' dir='ltr' id='par_1_94' title="bbox 397 4707 3872 4782">
     <span class='ocr_line' id='line_1_94' title="bbox 397 4707 3872 4782; baseline 0.004 -19"><span class='ocrx_word' id='word_1_737' title='bbox 397 4739 406 4751; x_wconf 74' lang='grc' dir='ltr'><strong>ι</strong></span> <span class='ocrx_word' id='word_1_738' title='bbox 506 4711 596 4764; x_wconf 86' lang='lat' dir='ltr'>est</span> <span class='ocrx_word' id='word_1_739' title='bbox 621 4707 934 4782; x_wconf 88' lang='lat' dir='ltr'>baptisma,</span> <span class='ocrx_word' id='word_1_740' title='bbox 967 4709 1106 4782; x_wconf 88' lang='lat' dir='ltr'>quia</span> <span class='ocrx_word' id='word_1_741' title='bbox 1135 4729 1290 4767; x_wconf 90' lang='lat' dir='ltr'>unus</span> <span class='ocrx_word' id='word_1_742' title='bbox 1318 4717 1410 4768; x_wconf 90' lang='lat' dir='ltr'>est</span> <span class='ocrx_word' id='word_1_743' title='bbox 1452 4712 1626 4780; x_wconf 88' lang='lat' dir='ltr'>Deus,</span> <span class='ocrx_word' id='word_1_744' title='bbox 1659 4713 1835 4771; x_wconf 90' lang='lat' dir='ltr'>unius</span> <span class='ocrx_word' id='word_1_745' title='bbox 1883 4714 2150 4772; x_wconf 86' lang='lat' dir='ltr'>videlicet</span> <span class='ocrx_word' id='word_1_746' title='bbox 2255 4713 2313 4763; x_wconf 69' lang='lat' dir='ltr'>et</span> <span class='ocrx_word' id='word_1_747' title='bbox 2359 4708 2694 4781; x_wconf 81' lang='lat' dir='ltr'>Augustini,</span> <span class='ocrx_word' id='word_1_748' title='bbox 2731 4707 2960 4776; x_wconf 70' lang='lat' dir='ltr'>Leonis,</span> <span class='ocrx_word' id='word_1_749' title='bbox 2993 4712 3169 4781; x_wconf 81' lang='lat' dir='ltr'>atque</span> <span class='ocrx_word' id='word_1_750' title='bbox 3217 4708 3502 4781; x_wconf 74' lang='lat' dir='ltr'>Gregorii.</span> <span class='ocrx_word' id='word_1_751' title='bbox 3535 4707 3606 4762; x_wconf 67' lang='lat' dir='ltr'>de</span> <span class='ocrx_word' id='word_1_752' title='bbox 3654 4709 3872 4776; x_wconf 62' lang='lat' dir='ltr'>quorum</span> 
     </span>
    </p>
   </div>
   <div class='ocr_carea' id='block_1_95' title="bbox 2257 4791 3873 4872">
    <p class='ocr_par' dir='ltr' id='par_1_95' title="bbox 2257 4791 3873 4872">
     <span class='ocr_line' id='line_1_95' title="bbox 2257 4791 3873 4872; baseline -0.007 -19"><span class='ocrx_word' id='word_1_753' title='bbox 2257 4799 2428 4854; x_wconf 89' lang='lat' dir='ltr'>dictis</span> <span class='ocrx_word' id='word_1_754' title='bbox 2459 4798 2578 4853; x_wconf 68' lang='lat' dir='ltr'>haec</span> <span class='ocrx_word' id='word_1_755' title='bbox 2609 4816 2737 4870; x_wconf 73' lang='lat' dir='ltr'>qua:</span> <span class='ocrx_word' id='word_1_756' title='bbox 2785 4803 3113 4870; x_wconf 89' lang='lat' dir='ltr'>sequuntur</span> <span class='ocrx_word' id='word_1_757' title='bbox 3158 4799 3580 4872; x_wconf 84' lang='lat' dir='ltr'>excerpsimus,</span> <span class='ocrx_word' id='word_1_758' title='bbox 3611 4791 3873 4850; x_wconf 78' lang='lat' dir='ltr'>evidenter</span> 
     </span>
    </p>
   </div>
   <div class='ocr_carea' id='block_1_96' title="bbox 2253 4886 3870 4954">
    <p class='ocr_par' dir='ltr' id='par_1_96' title="bbox 2253 4886 3870 4954">
     <span class='ocr_line' id='line_1_96' title="bbox 2253 4886 3870 4954; baseline -0.005 -13"><span class='ocrx_word' id='word_1_759' title='bbox 2253 4887 2600 4954; x_wconf 90' lang='lat' dir='ltr'>ostenditur,</span> <span class='ocrx_word' id='word_1_760' title='bbox 2616 4905 2729 4944; x_wconf 91' lang='lat' dir='ltr'>non</span> <span class='ocrx_word' id='word_1_761' title='bbox 2751 4905 2881 4944; x_wconf 90' lang='lat' dir='ltr'>vere</span> <span class='ocrx_word' id='word_1_762' title='bbox 2903 4888 3118 4944; x_wconf 81' lang='lat' dir='ltr'>dixisse</span> <span class='ocrx_word' id='word_1_763' title='bbox 3140 4886 3586 4944; x_wconf 85' lang='lat' dir='ltr'>Gothesealeum</span> <span class='ocrx_word' id='word_1_764' title='bbox 3609 4889 3721 4940; x_wconf 87' lang='lat' dir='ltr'>tres</span> <span class='ocrx_word' id='word_1_765' title='bbox 3741 4892 3870 4935; x_wconf 85' lang='lat' dir='ltr'>mer-</span> 
     </span>
    </p>
   </div>
   <div class='ocr_carea' id='block_1_97' title="bbox 505 4796 2146 4876">
    <p class='ocr_par' dir='ltr' id='par_1_97' title="bbox 505 4796 2146 4876">
     <span class='ocr_line' id='line_1_97' title="bbox 505 4796 2146 4876; baseline 0.005 -24"><span class='ocrx_word' id='word_1_766' title='bbox 505 4796 793 4866; x_wconf 73' lang='lat' dir='ltr'>esscntiae,</span> <span class='ocrx_word' id='word_1_767' title='bbox 827 4799 1003 4856; x_wconf 90' lang='lat' dir='ltr'>unius</span> <span class='ocrx_word' id='word_1_768' title='bbox 1035 4801 1288 4870; x_wconf 88' lang='lat' dir='ltr'>deitatis,</span> <span class='ocrx_word' id='word_1_769' title='bbox 1323 4801 1502 4858; x_wconf 89' lang='lat' dir='ltr'>unius</span> <span class='ocrx_word' id='word_1_770' title='bbox 1534 4807 1774 4871; x_wconf 63' lang='lat' dir='ltr'>naturai,</span> <span class='ocrx_word' id='word_1_771' title='bbox 1809 4821 1874 4860; x_wconf 91' lang='lat' dir='ltr'>ac</span> <span class='ocrx_word' id='word_1_772' title='bbox 1904 4822 2009 4876; x_wconf 89' lang='lat' dir='ltr'>per</span> <span class='ocrx_word' id='word_1_773' title='bbox 2037 4804 2146 4862; x_wconf 89' lang='lat' dir='ltr'>hoc</span> 
     </span>
    </p>
   </div>
   <div class='ocr_carea' id='block_1_98' title="bbox 503 4887 2143 4965">
    <p class='ocr_par' dir='ltr' id='par_1_98' title="bbox 503 4887 2143 4965">
     <span class='ocr_line' id='line_1_98' title="bbox 503 4887 2143 4965; baseline 0.005 -24"><span class='ocrx_word' id='word_1_774' title='bbox 503 4887 681 4944; x_wconf 91' lang='lat' dir='ltr'>unius</span> <span class='ocrx_word' id='word_1_775' title='bbox 710 4887 985 4958; x_wconf 88' lang='lat' dir='ltr'>nominis,</span> <span class='ocrx_word' id='word_1_776' title='bbox 1014 4891 1169 4962; x_wconf 86' lang='lat' dir='ltr'>quod</span> <span class='ocrx_word' id='word_1_777' title='bbox 1195 4895 1288 4947; x_wconf 88' lang='lat' dir='ltr'>est</span> <span class='ocrx_word' id='word_1_778' title='bbox 1317 4891 1493 4960; x_wconf 91' lang='lat' dir='ltr'>Deus,</span> <span class='ocrx_word' id='word_1_779' title='bbox 1523 4897 1728 4948; x_wconf 89' lang='lat' dir='ltr'>sancta</span> <span class='ocrx_word' id='word_1_780' title='bbox 1756 4892 2143 4965; x_wconf 87' lang='lat' dir='ltr'>Trinitas,Pa-</span> 
     </span>
    </p>
   </div>
   <div class='ocr_carea' id='block_1_99' title="bbox 499 4973 3869 5052">
    <p class='ocr_par' dir='ltr' id='par_1_99' title="bbox 499 4973 3869 5052">
     <span class='ocr_line' id='line_1_99' title="bbox 499 4973 3869 5052; baseline -0.004 -18"><span class='ocrx_word' id='word_1_781' title='bbox 499 4978 588 5032; x_wconf 81' lang='lat' dir='ltr'>ter</span> <span class='ocrx_word' id='word_1_782' title='bbox 615 4979 674 5032; x_wconf 86' lang='lat' dir='ltr'>et</span> <span class='ocrx_word' id='word_1_783' title='bbox 704 4976 886 5033; x_wconf 88' lang='lat' dir='ltr'>Filius</span> <span class='ocrx_word' id='word_1_784' title='bbox 910 4981 967 5034; x_wconf 88' lang='lat' dir='ltr'>et</span> <span class='ocrx_word' id='word_1_785' title='bbox 995 4977 1248 5051; x_wconf 88' lang='lat' dir='ltr'>Spiritus</span> <span class='ocrx_word' id='word_1_786' title='bbox 1289 4985 1548 5048; x_wconf 89' lang='lat' dir='ltr'>sanctus,</span> <span class='ocrx_word' id='word_1_787' title='bbox 1580 4979 1640 5034; x_wconf 91' lang='lat' dir='ltr'>in</span> <span class='ocrx_word' id='word_1_788' title='bbox 1689 4981 1860 5052; x_wconf 83' lang='lat' dir='ltr'>cujus</span> <span class='ocrx_word' id='word_1_789' title='bbox 1907 4981 2144 5038; x_wconf 82' lang='lat' dir='ltr'>nomine</span> <span class='ocrx_word' id='word_1_790' title='bbox 2252 4975 2641 5032; x_wconf 89' lang='lat' dir='ltr'>sionesunam</span> <span class='ocrx_word' id='word_1_791' title='bbox 2658 4977 3005 5050; x_wconf 89' lang='lat' dir='ltr'>generaliter</span> <span class='ocrx_word' id='word_1_792' title='bbox 3019 4993 3147 5033; x_wconf 89' lang='lat' dir='ltr'>esse</span> <span class='ocrx_word' id='word_1_793' title='bbox 3163 4976 3552 5046; x_wconf 89' lang='lat' dir='ltr'>mersionem;</span> <span class='ocrx_word' id='word_1_794' title='bbox 3573 4973 3671 5031; x_wconf 90' lang='lat' dir='ltr'>sed</span> <span class='ocrx_word' id='word_1_795' title='bbox 3692 4979 3869 5025; x_wconf 89' lang='lat' dir='ltr'>verum</span> 
     </span>
    </p>
   </div>
   <div class='ocr_carea' id='block_1_100' title="bbox 497 5061 3869 5144">
    <p class='ocr_par' dir='ltr' id='par_1_100' title="bbox 497 5061 3869 5144">
     <span class='ocr_line' id='line_1_100' title="bbox 497 5061 3869 5144; baseline -0.001 -24"><span class='ocrx_word' id='word_1_796' title='bbox 497 5063 887 5138; x_wconf 86' lang='lat' dir='ltr'>baptizamur,</span> <span class='ocrx_word' id='word_1_797' title='bbox 915 5071 973 5122; x_wconf 91' lang='lat' dir='ltr'>et</span> <span class='ocrx_word' id='word_1_798' title='bbox 1005 5066 1109 5122; x_wconf 90' lang='lat' dir='ltr'>ﬁlii</span> <span class='ocrx_word' id='word_1_799' title='bbox 1139 5068 1240 5124; x_wconf 91' lang='lat' dir='ltr'>Dei</span> <span class='ocrx_word' id='word_1_800' title='bbox 1271 5070 1580 5136; x_wconf 83' lang='lat' dir='ltr'>efﬁcimur,</span> <span class='ocrx_word' id='word_1_801' title='bbox 1605 5069 1793 5142; x_wconf 86' lang='lat' dir='ltr'>gratia</span> <span class='ocrx_word' id='word_1_802' title='bbox 1819 5071 2142 5144; x_wconf 87' lang='lat' dir='ltr'>rcuati,qui</span> <span class='ocrx_word' id='word_1_803' title='bbox 2250 5081 2398 5133; x_wconf 85' lang='lat' dir='ltr'>esse,</span> <span class='ocrx_word' id='word_1_804' title='bbox 2433 5066 2711 5138; x_wconf 88' lang='lat' dir='ltr'>quoniam</span> <span class='ocrx_word' id='word_1_805' title='bbox 2743 5068 2897 5123; x_wconf 90' lang='lat' dir='ltr'>sicut</span> <span class='ocrx_word' id='word_1_806' title='bbox 2923 5067 2982 5122; x_wconf 91' lang='lat' dir='ltr'>in</span> <span class='ocrx_word' id='word_1_807' title='bbox 3013 5069 3219 5122; x_wconf 88' lang='lat' dir='ltr'>sancta</span> <span class='ocrx_word' id='word_1_808' title='bbox 3255 5066 3543 5122; x_wconf 89' lang='lat' dir='ltr'>Trinitate</span> <span class='ocrx_word' id='word_1_809' title='bbox 3590 5064 3724 5120; x_wconf 89' lang='lat' dir='ltr'>sunt</span> <span class='ocrx_word' id='word_1_810' title='bbox 3769 5061 3869 5111; x_wconf 79' lang='lat' dir='ltr'>tres</span> 
     </span>
    </p>
   </div>
   <div class='ocr_carea' id='block_1_101' title="bbox 493 5155 3866 5229">
    <p class='ocr_par' dir='ltr' id='par_1_101' title="bbox 493 5155 3866 5229">
     <span class='ocr_line' id='line_1_101' title="bbox 493 5155 3866 5229; baseline -0.002 -19"><span class='ocrx_word' id='word_1_811' title='bbox 493 5170 732 5212; x_wconf 87' lang='lat' dir='ltr'>eramus</span> <span class='ocrx_word' id='word_1_812' title='bbox 763 5155 869 5210; x_wconf 87' lang='lat' dir='ltr'>ﬁlii</span> <span class='ocrx_word' id='word_1_813' title='bbox 891 5155 1103 5212; x_wconf 92' lang='lat' dir='ltr'>diaboli</span> <span class='ocrx_word' id='word_1_814' title='bbox 1127 5175 1230 5229; x_wconf 89' lang='lat' dir='ltr'>per</span> <span class='ocrx_word' id='word_1_815' title='bbox 1253 5159 1552 5214; x_wconf 88' lang='lat' dir='ltr'>traducem</span> <span class='ocrx_word' id='word_1_816' title='bbox 1577 5158 1873 5214; x_wconf 89' lang='lat' dir='ltr'>maledicti</span> <span class='ocrx_word' id='word_1_817' title='bbox 1893 5160 2138 5217; x_wconf 90' lang='lat' dir='ltr'>seminis</span> <span class='ocrx_word' id='word_1_818' title='bbox 2249 5172 2358 5211; x_wconf 89' lang='lat' dir='ltr'>sua</span> <span class='ocrx_word' id='word_1_819' title='bbox 2376 5156 2727 5229; x_wconf 87' lang='lat' dir='ltr'>preprietate</span> <span class='ocrx_word' id='word_1_820' title='bbox 2755 5155 3144 5213; x_wconf 88' lang='lat' dir='ltr'>subsistentes</span> <span class='ocrx_word' id='word_1_821' title='bbox 3169 5155 3593 5229; x_wconf 88' lang='lat' dir='ltr'>inseparabiles</span> <span class='ocrx_word' id='word_1_822' title='bbox 3609 5161 3866 5225; x_wconf 59' lang='lat' dir='ltr'>persona,</span> 
     </span>
    </p>
   </div>
   <div class='ocr_carea' id='block_1_102' title="bbox 492 5234 3868 5318">
    <p class='ocr_par' dir='ltr' id='par_1_102' title="bbox 492 5234 3868 5318">
     <span class='ocr_line' id='line_1_102' title="bbox 492 5234 3868 5318; baseline -0.001 -21"><span class='ocrx_word' id='word_1_823' title='bbox 492 5245 775 5314; x_wconf 87' lang='lat' dir='ltr'>generati.</span> <span class='ocrx_word' id='word_1_824' title='bbox 809 5247 878 5301; x_wconf 90' lang='lat' dir='ltr'>Et</span> <span class='ocrx_word' id='word_1_825' title='bbox 909 5245 1062 5302; x_wconf 89' lang='lat' dir='ltr'>sicut</span> <span class='ocrx_word' id='word_1_826' title='bbox 1089 5247 1334 5304; x_wconf 89' lang='lat' dir='ltr'>interior</span> <span class='ocrx_word' id='word_1_827' title='bbox 1364 5247 1538 5304; x_wconf 88' lang='lat' dir='ltr'>homo</span> <span class='ocrx_word' id='word_1_828' title='bbox 1561 5250 1618 5304; x_wconf 90' lang='lat' dir='ltr'>in</span> <span class='ocrx_word' id='word_1_829' title='bbox 1641 5249 1754 5304; x_wconf 88' lang='lat' dir='ltr'>ﬁde</span> <span class='ocrx_word' id='word_1_830' title='bbox 1775 5254 1987 5304; x_wconf 78' lang='lat' dir='ltr'>sanctae</span> <span class='ocrx_word' id='word_1_831' title='bbox 2009 5250 2136 5305; x_wconf 92' lang='lat' dir='ltr'>Tri-</span> <span class='ocrx_word' id='word_1_832' title='bbox 2245 5249 2304 5301; x_wconf 89' lang='lat' dir='ltr'>et</span> <span class='ocrx_word' id='word_1_833' title='bbox 2333 5262 2449 5302; x_wconf 89' lang='lat' dir='ltr'>una</span> <span class='ocrx_word' id='word_1_834' title='bbox 2478 5246 2664 5304; x_wconf 87' lang='lat' dir='ltr'>deitas</span> <span class='ocrx_word' id='word_1_835' title='bbox 2709 5251 2884 5318; x_wconf 90' lang='lat' dir='ltr'>atque</span> <span class='ocrx_word' id='word_1_836' title='bbox 2937 5250 3167 5314; x_wconf 89' lang='lat' dir='ltr'>natura,</span> <span class='ocrx_word' id='word_1_837' title='bbox 3199 5244 3490 5312; x_wconf 89' lang='lat' dir='ltr'>voluntas,</span> <span class='ocrx_word' id='word_1_838' title='bbox 3524 5243 3790 5316; x_wconf 87' lang='lat' dir='ltr'>potestas,</span> <span class='ocrx_word' id='word_1_839' title='bbox 3819 5234 3868 5288; x_wconf 60' lang='lat' dir='ltr'>et</span> 
     </span>
    </p>
   </div>
   <div class='ocr_carea' id='block_1_103' title="bbox 492 5327 3864 5408">
    <p class='ocr_par' dir='ltr' id='par_1_103' title="bbox 492 5327 3864 5408">
     <span class='ocr_line' id='line_1_103' title="bbox 492 5327 3864 5408; baseline -0.001 -22"><span class='ocrx_word' id='word_1_840' title='bbox 492 5331 696 5388; x_wconf 86' lang='lat' dir='ltr'>uitatis</span> <span class='ocrx_word' id='word_1_841' title='bbox 715 5335 788 5391; x_wconf 92' lang='lat' dir='ltr'>ad</span> <span class='ocrx_word' id='word_1_842' title='bbox 807 5335 1125 5408; x_wconf 81' lang='lat' dir='ltr'>imaginem</span> <span class='ocrx_word' id='word_1_843' title='bbox 1143 5339 1232 5393; x_wconf 92' lang='lat' dir='ltr'>sui</span> <span class='ocrx_word' id='word_1_844' title='bbox 1252 5337 1567 5394; x_wconf 86' lang='lat' dir='ltr'>conditoris</span> <span class='ocrx_word' id='word_1_845' title='bbox 1585 5339 1993 5394; x_wconf 82' lang='lat' dir='ltr'>reformandus</span> <span class='ocrx_word' id='word_1_846' title='bbox 2011 5343 2132 5396; x_wconf 87' lang='lat' dir='ltr'>est:</span> <span class='ocrx_word' id='word_1_847' title='bbox 2244 5337 2523 5408; x_wconf 90' lang='lat' dir='ltr'>operatio,</span> <span class='ocrx_word' id='word_1_848' title='bbox 2554 5341 2612 5392; x_wconf 89' lang='lat' dir='ltr'>et</span> <span class='ocrx_word' id='word_1_849' title='bbox 2639 5335 2698 5392; x_wconf 93' lang='lat' dir='ltr'>in</span> <span class='ocrx_word' id='word_1_850' title='bbox 2724 5335 2970 5392; x_wconf 91' lang='lat' dir='ltr'>Domino</span> <span class='ocrx_word' id='word_1_851' title='bbox 2999 5336 3143 5408; x_wconf 82' lang='lat' dir='ltr'>Jesu</span> <span class='ocrx_word' id='word_1_852' title='bbox 3173 5334 3404 5391; x_wconf 89' lang='lat' dir='ltr'>Christo</span> <span class='ocrx_word' id='word_1_853' title='bbox 3434 5338 3577 5391; x_wconf 88' lang='lat' dir='ltr'>sunt</span> <span class='ocrx_word' id='word_1_854' title='bbox 3606 5347 3636 5387; x_wconf 92' lang='lat' dir='ltr'>e</span> <span class='ocrx_word' id='word_1_855' title='bbox 3664 5327 3864 5384; x_wconf 75' lang='lat' dir='ltr'>diverso</span> 
     </span>
    </p>
   </div>
   <div class='ocr_carea' id='block_1_104' title="bbox 490 5419 3864 5500">
    <p class='ocr_par' dir='ltr' id='par_1_104' title="bbox 490 5419 3864 5500">
     <span class='ocr_line' id='line_1_104' title="bbox 490 5419 3864 5500; baseline -0.001 -25"><span class='ocrx_word' id='word_1_856' title='bbox 490 5419 574 5476; x_wconf 87' lang='lat' dir='ltr'>ita</span> <span class='ocrx_word' id='word_1_857' title='bbox 591 5425 650 5477; x_wconf 90' lang='lat' dir='ltr'>et</span> <span class='ocrx_word' id='word_1_858' title='bbox 667 5423 916 5480; x_wconf 82' lang='lat' dir='ltr'>exterior</span> <span class='ocrx_word' id='word_1_859' title='bbox 935 5425 1087 5481; x_wconf 88' lang='lat' dir='ltr'>trina</span> <span class='ocrx_word' id='word_1_860' title='bbox 1109 5427 1396 5482; x_wconf 91' lang='lat' dir='ltr'>mersione</span> <span class='ocrx_word' id='word_1_861' title='bbox 1419 5427 1746 5483; x_wconf 88' lang='lat' dir='ltr'>abluendus</span> <span class='ocrx_word' id='word_1_862' title='bbox 1768 5430 1875 5495; x_wconf 89' lang='lat' dir='ltr'>est,</span> <span class='ocrx_word' id='word_1_863' title='bbox 1893 5431 1958 5482; x_wconf 90' lang='lat' dir='ltr'>ut</span> <span class='ocrx_word' id='word_1_864' title='bbox 1979 5428 2133 5500; x_wconf 91' lang='lat' dir='ltr'>quod</span> <span class='ocrx_word' id='word_1_865' title='bbox 2244 5426 2372 5481; x_wconf 72' lang='lat' dir='ltr'>dure</span> <span class='ocrx_word' id='word_1_866' title='bbox 2406 5425 2626 5483; x_wconf 63' lang='lat' dir='ltr'>naturai</span> <span class='ocrx_word' id='word_1_867' title='bbox 2658 5426 2980 5482; x_wconf 90' lang='lat' dir='ltr'>divinitatis</span> <span class='ocrx_word' id='word_1_868' title='bbox 3009 5430 3068 5482; x_wconf 89' lang='lat' dir='ltr'>et</span> <span class='ocrx_word' id='word_1_869' title='bbox 3099 5422 3510 5490; x_wconf 88' lang='lat' dir='ltr'>humanitatis,</span> <span class='ocrx_word' id='word_1_870' title='bbox 3533 5425 3592 5478; x_wconf 88' lang='lat' dir='ltr'>et</span> <span class='ocrx_word' id='word_1_871' title='bbox 3620 5434 3730 5476; x_wconf 88' lang='lat' dir='ltr'>una</span> <span class='ocrx_word' id='word_1_872' title='bbox 3757 5429 3864 5488; x_wconf 76' lang='lat' dir='ltr'>per-</span> 
     </span>
    </p>
   </div>
   <div class='ocr_carea' id='block_1_105' title="bbox 493 5508 3862 5590">
    <p class='ocr_par' dir='ltr' id='par_1_105' title="bbox 493 5508 3862 5590">
     <span class='ocr_line' id='line_1_105' title="bbox 493 5508 3862 5590; baseline 0 -26"><span class='ocrx_word' id='word_1_873' title='bbox 493 5508 860 5568; x_wconf 75' lang='lat' dir='ltr'>invisibiliter</span> <span class='ocrx_word' id='word_1_874' title='bbox 889 5513 1139 5586; x_wconf 87' lang='lat' dir='ltr'>Spiritus</span> <span class='ocrx_word' id='word_1_875' title='bbox 1159 5521 1434 5589; x_wconf 90' lang='lat' dir='ltr'>operatur</span> <span class='ocrx_word' id='word_1_876' title='bbox 1455 5517 1513 5571; x_wconf 91' lang='lat' dir='ltr'>in</span> <span class='ocrx_word' id='word_1_877' title='bbox 1537 5515 1752 5582; x_wconf 90' lang='lat' dir='ltr'>anima,</span> <span class='ocrx_word' id='word_1_878' title='bbox 1767 5515 1876 5571; x_wconf 90' lang='lat' dir='ltr'>hoc</span> <span class='ocrx_word' id='word_1_879' title='bbox 1895 5515 2134 5573; x_wconf 90' lang='lat' dir='ltr'>visibili-</span> <span class='ocrx_word' id='word_1_880' title='bbox 2241 5533 2405 5586; x_wconf 89' lang='lat' dir='ltr'>soua,</span> <span class='ocrx_word' id='word_1_881' title='bbox 2437 5515 2558 5590; x_wconf 90' lang='lat' dir='ltr'>qui,</span> <span class='ocrx_word' id='word_1_882' title='bbox 2593 5521 2658 5572; x_wconf 90' lang='lat' dir='ltr'>ut</span> <span class='ocrx_word' id='word_1_883' title='bbox 2701 5516 2844 5572; x_wconf 88' lang='lat' dir='ltr'>dicit</span> <span class='ocrx_word' id='word_1_884' title='bbox 2889 5515 3144 5572; x_wconf 89' lang='lat' dir='ltr'>Joannes</span> <span class='ocrx_word' id='word_1_885' title='bbox 3199 5511 3538 5586; x_wconf 88' lang='lat' dir='ltr'>Apostolus,</span> <span class='ocrx_word' id='word_1_886' title='bbox 3581 5509 3731 5568; x_wconf 75' lang='lat' dir='ltr'>venit</span> <span class='ocrx_word' id='word_1_887' title='bbox 3763 5516 3862 5577; x_wconf 71' lang='lat' dir='ltr'>per</span> 
     </span>
    </p>
   </div>
   <div class='ocr_carea' id='block_1_106' title="bbox 489 5601 3858 5680">
    <p class='ocr_par' dir='ltr' id='par_1_106' title="bbox 489 5601 3858 5680">
     <span class='ocr_line' id='line_1_106' title="bbox 489 5601 3858 5680; baseline -0.001 -23"><span class='ocrx_word' id='word_1_888' title='bbox 489 5603 579 5657; x_wconf 85' lang='lat' dir='ltr'>ter</span> <span class='ocrx_word' id='word_1_889' title='bbox 606 5602 876 5659; x_wconf 85' lang='lat' dir='ltr'>sacerdos</span> <span class='ocrx_word' id='word_1_890' title='bbox 904 5603 1167 5664; x_wconf 90' lang='lat' dir='ltr'>imitetur</span> <span class='ocrx_word' id='word_1_891' title='bbox 1195 5608 1253 5662; x_wconf 92' lang='lat' dir='ltr'>in</span> <span class='ocrx_word' id='word_1_892' title='bbox 1277 5624 1448 5680; x_wconf 89' lang='lat' dir='ltr'>aqua.</span> <span class='ocrx_word' id='word_1_893' title='bbox 1468 5607 1615 5662; x_wconf 87' lang='lat' dir='ltr'>Nam</span> <span class='ocrx_word' id='word_1_894' title='bbox 1636 5604 1916 5678; x_wconf 89' lang='lat' dir='ltr'>originale</span> <span class='ocrx_word' id='word_1_895' title='bbox 1937 5624 2132 5678; x_wconf 88' lang='lat' dir='ltr'>peeea-</span> <span class='ocrx_word' id='word_1_896' title='bbox 2239 5619 2451 5678; x_wconf 80' lang='lat' dir='ltr'>aquam</span> <span class='ocrx_word' id='word_1_897' title='bbox 2478 5609 2534 5660; x_wconf 83' lang='lat' dir='ltr'>et</span> <span class='ocrx_word' id='word_1_898' title='bbox 2553 5605 3040 5677; x_wconf 76' lang='lat' dir='ltr'>sanguinem,uou</span> <span class='ocrx_word' id='word_1_899' title='bbox 3058 5605 3122 5660; x_wconf 80' lang='lat' dir='ltr'>in</span> <span class='ocrx_word' id='word_1_900' title='bbox 3141 5618 3296 5676; x_wconf 81' lang='lat' dir='ltr'>aqua</span> <span class='ocrx_word' id='word_1_901' title='bbox 3313 5601 3630 5674; x_wconf 78' lang='lat' dir='ltr'>solum,sed</span> <span class='ocrx_word' id='word_1_902' title='bbox 3647 5601 3706 5656; x_wconf 77' lang='lat' dir='ltr'>in</span> <span class='ocrx_word' id='word_1_903' title='bbox 3722 5604 3858 5668; x_wconf 64' lang='lat' dir='ltr'>aqua</span> 
     </span>
    </p>
   </div>
   <div class='ocr_carea' id='block_1_107' title="bbox 489 5684 3857 5774">
    <p class='ocr_par' dir='ltr' id='par_1_107' title="bbox 489 5684 3857 5774">
     <span class='ocr_line' id='line_1_107' title="bbox 489 5684 3857 5774; baseline -0.003 -18"><span class='ocrx_word' id='word_1_904' title='bbox 489 5693 619 5756; x_wconf 76' lang='grc' dir='ltr'>ιωη</span> <span class='ocrx_word' id='word_1_905' title='bbox 649 5689 838 5752; x_wconf 83' lang='lat' dir='ltr'>tribus</span> <span class='ocrx_word' id='word_1_906' title='bbox 869 5693 1059 5756; x_wconf 81' lang='lat' dir='ltr'>modis</span> <span class='ocrx_word' id='word_1_907' title='bbox 1089 5700 1284 5758; x_wconf 82' lang='lat' dir='ltr'>actum</span> <span class='ocrx_word' id='word_1_908' title='bbox 1309 5701 1417 5770; x_wconf 86' lang='lat' dir='ltr'>est,</span> <span class='ocrx_word' id='word_1_909' title='bbox 1449 5694 1791 5768; x_wconf 88' lang='lat' dir='ltr'>delectione,</span> <span class='ocrx_word' id='word_1_910' title='bbox 1815 5711 2126 5772; x_wconf 84' lang='lat' dir='ltr'>consensu,</span> <span class='ocrx_word' id='word_1_911' title='bbox 2236 5701 2293 5754; x_wconf 76' lang='lat' dir='ltr'>et</span> <span class='ocrx_word' id='word_1_912' title='bbox 2322 5693 2611 5773; x_wconf 77' lang='lat' dir='ltr'>sanguine</span> <span class='ocrx_word' id='word_1_913' title='bbox 2631 5694 2678 5774; x_wconf 79' lang='grc' dir='ltr'>(Ι</span> <span class='ocrx_word' id='word_1_914' title='bbox 2693 5699 2926 5766; x_wconf 77' lang='grc' dir='ltr'>Ιοαη.ν,</span> <span class='ocrx_word' id='word_1_915' title='bbox 2955 5695 3032 5772; x_wconf 84' lang='grc'>6),</span> <span class='ocrx_word' id='word_1_916' title='bbox 3067 5699 3131 5754; x_wconf 89' lang='lat' dir='ltr'>ut</span> <span class='ocrx_word' id='word_1_917' title='bbox 3158 5709 3370 5769; x_wconf 86' lang='lat' dir='ltr'>corpus</span> <span class='ocrx_word' id='word_1_918' title='bbox 3416 5693 3569 5768; x_wconf 86' lang='lat' dir='ltr'>ejus,</span> <span class='ocrx_word' id='word_1_919' title='bbox 3600 5686 3746 5767; x_wconf 87' lang='lat' dir='ltr'>quod</span> <span class='ocrx_word' id='word_1_920' title='bbox 3779 5684 3857 5742; x_wconf 72' lang='lat' dir='ltr'>est</span> 
     </span>
    </p>
   </div>
  </div>
