4018 6458
205 383 325 442 557

1249 392 1351 452 DE
1395 393 1558 454 UNA
1599 390 1702 452 ET
1747 389 1903 450 NON
1949 387 2190 449 TRINA
2231 388 2591 452 DEITATE.

3500 399 3619 461 558

205 511 487 584 Ecclesia,
511 513 741 572 lavacro
790 518 1080 592 rigaretur
1111 525 1168 576 et
1218 522 1426 594 poculo
1459 540 1473 579 :
1508 522 1589 578 ita
1635 522 1694 576 in
1744 538 1862 576 uno
1889 518 1946 586 Α
1975 518 2288 590 sepulturae
2320 525 2686 577 sacramenta
2719 523 3044 596 signemus,
3079 531 3144 581 ut
3171 527 3312 582 dum
3343 528 3513 584 tertio
3545 529 3618 584 ab

205 602 746 677 baptismate,quod
765 607 824 662 in
845 609 1250 666 remissionem
1273 616 1642 682 peccatorum
1663 609 1721 664 in
1741 610 1866 666 sola

207 691 498 748 catholica
535 695 648 750 sub
681 695 874 752 tribus
922 699 1321 756 mersionibus
1350 705 1551 756 contra
1599 699 1863 754 fraudem

205 779 698 852 Sabellianorum,
723 784 877 841 sicut
925 786 985 842 in
1039 787 1395 860 quibusdam
1443 787 1756 860 provinciis
1803 787 1862 842 in

207 869 446 926 nomine
477 877 696 928 sancta
716 873 1018 932 Trinitatis
1053 877 1164 932 sub
1197 895 1314 933 una
1343 878 1634 934 mersione
1665 880 1868 932 contra

205 959 478 1015 fraudem
499 961 854 1018 Arianorum
879 965 1208 1021 celebratur
1229 967 1300 1022 ab
1324 966 1583 1023 Ecclesia
1601 965 1865 1022 traditio-

204 1063 276 1102 ne
316 1048 503 1116 ﬁdeli,
527 1051 808 1122 quoniam
838 1053 900 1108 in
935 1071 1052 1109 una
1083 1055 1197 1110 ﬁde
1245 1055 1392 1110 nihil
1423 1055 1606 1112 ofﬁcit
1652 1058 1865 1111 sancta

202 1135 478 1192 Ecclesia
505 1141 871 1197 consuetudo
894 1142 1143 1212 diversa,
1169 1148 1288 1200 tres
1319 1147 1458 1200 sunt
1478 1143 1576 1216 qui
1607 1143 1868 1200 testimo-

201 1224 370 1281 nium
400 1227 570 1295 dant,
593 1228 864 1302 spiritus,
889 1247 1044 1304 aqua
1072 1235 1129 1288 et
1159 1233 1422 1305 sanguis,
1448 1238 1504 1288 et
1530 1237 1649 1290 tres
1682 1249 1867 1289 unum

199 1319 358 1382 sunt,
384 1332 507 1372 non
555 1321 786 1388 natura,
814 1321 914 1376 sed
949 1321 1225 1394 mysterio
1252 1325 1310 1378 et
1345 1323 1645 1378 individuo
1676 1339 1868 1378 sacra-

199 1407 422 1474 mento,
449 1405 723 1480 nihilque
747 1425 948 1464 eorum
972 1426 1007 1464 a
1026 1409 1115 1466 sui
1140 1411 1498 1466 connexione
1515 1410 1868 1484 sejungitur.

198 1494 264 1549 Et
285 1494 449 1550 sicut
470 1495 762 1569 quidquid
785 1514 819 1552 a
839 1497 1090 1572 singulis
1114 1505 1328 1556 sancta
1351 1500 1656 1557 Trinitatis
1677 1517 1869 1573 perso-

201 1582 291 1639 nis
315 1581 541 1658 legitur
562 1590 892 1659 operatum,
916 1587 1318 1644 indubitanter
1337 1590 1571 1646 credere
1592 1591 1872 1646 debemus

201 1671 398 1744 ipsam
424 1677 694 1730 sanctam
719 1675 1069 1733 Trinitatem
1095 1677 1505 1750 inseparabilis
1527 1677 1872 1734 substantia

201 1765 258 1816 et
286 1761 536 1819 deitatis
564 1762 1036 1836 inseparabiliter
1061 1766 1592 1840 operari,quamvis
1621 1765 1874 1822 certissi-

205 1865 370 1906 mum
505 1852 737 1954 Patrem
758 1853 886 1910 esse
909 1854 1098 1911 solum
1123 1855 1220 1928 qui
1255 1855 1394 1912 dicit
1418 1873 1430 1911 :
1459 1857 1566 1912 Hic
1591 1864 1670 1912 est
1697 1855 1871 1956 Filias
1901 1890 1948 1956 Β

195 1956 350 1996 meus
381 1941 645 2010 dilectus,
669 1943 728 1998 in
763 1959 868 2016 quo
896 1944 1038 2000 mihi
1077 1946 1377 2018 complacui
1405 1946 1609 2014 (Matth.
1635 1944 1828 2018 111,17)
1855 1962 1868 2000 :

210 2033 265 2084 et
308 2028 537 2086 Filium
568 2047 697 2088 esse
741 2032 952 2102 solum,
987 2051 1164 2106 super
1191 2052 1366 2106 quem
1405 2033 1506 2091 illo
1533 2053 1642 2090 vox
1688 2034 1872 2090 solius

211 2117 408 2174 Patris
439 2119 660 2188 sonuit,
693 2123 930 2194 quando
961 2121 1021 2178 in
1050 2123 1304 2180 Jordane
1335 2125 1658 2180 secundum
1689 2123 1874 2179 homi-

211 2223 345 2264 nem
380 2207 720 2281 baptizatus
751 2214 842 2268 est
873 2210 1026 2268 idem
1067 2212 1404 2286 unigenitus
1433 2214 1586 2270 Deus
1615 2212 1716 2285 qui
1747 2231 1872 2270 car-

208 2313 342 2352 nem
378 2297 550 2354 solus
581 2299 807 2372 accepit
839 2317 852 2354 :
886 2305 945 2356 et
975 2300 1258 2372 Spiritum
1300 2306 1568 2358 sanctum
1600 2301 1788 2358 Patris
1817 2305 1875 2358 et

209 2385 337 2442 Filii
374 2386 576 2442 solum
608 2404 757 2456 esse,
780 2389 881 2462 qui
913 2389 974 2445 in
1005 2389 1196 2462 specie
1217 2389 1500 2446 columba
1521 2407 1698 2462 super
1717 2407 1874 2447 eum-

209 2475 339 2532 dem
377 2475 747 2549 baptizatum
795 2480 1206 2535 ascendentem
1240 2479 1311 2535 de
1351 2496 1505 2551 aqua
1551 2480 1871 2548 descendit,

209 2565 367 2621 495
421 2568 482 2620 et
511 2564 1005 2639 quinquagesimo
1055 2566 1148 2622 die
1204 2570 1336 2639 post
1392 2566 1874 2622 resurrectionem

208 2651 434 2709 Christi
493 2653 696 2710 ﬁdeles
725 2653 786 2710 in
817 2672 934 2711 uno
983 2654 1110 2712 loco
1157 2654 1380 2728 positos
1429 2654 1487 2710 in
1539 2655 1874 2727 linguarum

210 2740 535 2815 ignearum
564 2743 786 2800 visione
827 2743 1140 2800 adveniens
1179 2743 1436 2816 replevit.
1470 2743 1632 2799 Illam
1679 2749 1874 2800 tamen

210 2831 528 2889 verissime
568 2849 792 2901 vocem,
825 2849 942 2906 qua
987 2832 1150 2890 solus
1191 2833 1422 2889 locutus
1461 2837 1552 2889 est
1588 2833 1742 2889 Deus
1773 2833 1876 2889 Pa-

208 2923 316 2989 ter,
351 2925 419 2977 et
473 2920 638 2977 illam
671 2939 906 2978 carnem
957 2939 1074 2996 qua
1120 2921 1283 2978 solus
1331 2921 1506 2978 homo
1555 2922 1742 2978 factus
1789 2926 1879 2977 est

209 3010 566 3084 unigenitus
587 3009 764 3079 Deus,
785 3015 846 3067 et
872 3011 1034 3067 illam
1059 3011 1393 3067 columbam
1413 3011 1475 3067 in
1497 3011 1666 3082 cujus
1686 3011 1876 3084 specie

211 3099 483 3172 Spiritus
503 3104 747 3156 sanctus
768 3117 946 3174 super
965 3099 1263 3156 Christum
1286 3101 1607 3168 descendit,
1629 3101 1878 3173 illasque

207 3187 456 3263 linguas
486 3188 712 3262 igneas,
745 3188 806 3246 in
839 3207 1086 3263 quarum
1117 3189 1340 3246 visione
1371 3189 1572 3246 ﬁdeles
1603 3207 1720 3245 uno
1752 3189 1876 3245 loco

1973 608 2142 679 aquis
2167 608 2358 665 infans
2381 609 2668 676 educitur,
2692 613 3035 668 resurrectio
3059 615 3312 670 triduani
3337 617 3619 689 temporis

1973 697 2355 768 exprimatur.
2389 700 2551 764 Quod
2597 699 2646 754 si
2678 699 2814 771 quis
2845 701 2988 756 forte
3017 701 3191 757 etiam
3222 721 3324 774 pro
3373 722 3618 760 summa

1975 785 2281 842 Trinitatis
2301 787 2669 844 veneratione
2701 787 2993 845 existimet
3022 791 3170 859 ﬁeri,
3191 808 3378 863 neque
3409 795 3480 848 ad
3512 794 3621 848 hoc

1975 872 2197 946 aliquid
2211 875 2444 931 obsistit
2463 875 2878 950 baptizandum
2893 879 3068 934 semel
3088 879 3149 934 in
3162 898 3344 952 aquas
3364 898 3622 954 mergere

1976 961 2114 1035 quia
2131 964 2272 1018 dum
2295 963 2352 1020 in
2378 965 2570 1020 tribus
2596 965 2998 1023 subsistentiis
3019 985 3138 1023 una
3162 969 3494 1025 substantia
3513 975 3620 1040 est,

1976 1051 2431 1124 reprehensibile
2470 1071 2598 1110 esse
2647 1055 2984 1112 nullatenus
3023 1061 3213 1130 potest
3251 1057 3530 1113 infantem
3562 1059 3620 1113 in

1976 1140 2329 1214 baptismate
2357 1143 2417 1197 in
2449 1161 2665 1216 aquam
2690 1143 2778 1200 vel
2810 1149 2898 1200 ter
2926 1143 3014 1200 vel
3045 1145 3225 1202 semel
3255 1147 3621 1220 immergere,

1978 1231 2213 1302 quando
2227 1231 2352 1287 etin
2367 1232 2556 1288 tribus
2569 1233 2962 1290 mersionibus
2976 1251 3358 1307 personarum
3368 1235 3622 1302 trinitas,

1977 1323 2035 1374 et
2055 1319 2114 1374 in
2133 1337 2249 1376 una
2267 1321 2787 1393 potestdivinitatis
2804 1323 3621 1399 singuleritasdesignari.Serl

1979 1407 2028 1462 si
2053 1426 2208 1464 nunc
2230 1426 2416 1482 usque
2437 1411 2510 1466 ab
2532 1410 2822 1468 hareticis
2843 1411 3036 1468 infans
3055 1412 3116 1468 in
3137 1414 3491 1486 baptismate
3517 1418 3626 1470 ter-

1977 1495 2056 1552 tio
2080 1499 2470 1572 mergebatur,
2493 1500 2751 1555 ﬁendum
2774 1501 2928 1573 apud
2951 1518 3052 1557 vos
3078 1518 3205 1558 esse
3237 1519 3352 1558 non
3376 1518 3582 1558 censeo
3607 1519 3620 1557 :

1978 1603 2052 1642 ne
2060 1629 2078 1657 ,
2097 1587 2240 1642 dum
2262 1589 2583 1644 mersiones
2603 1595 2933 1657 numerant,
2954 1590 3622 1658 divinitatem-dividant,

1981 1677 2238 1748 dumque
2271 1677 2426 1748 quod
2463 1677 2747 1732 faciebant
2777 1677 2989 1746 facitis,
3016 1695 3236 1734 morem
3283 1683 3540 1734 vestrum
3564 1695 3625 1734 se

1980 1764 2186 1820 vicisse
2201 1764 2582 1844 glorientur.»
2595 1765 2741 1830 Quia
2757 1766 3038 1821 Dominus
3046 1767 3070 1837 j
3083 1767 3626 1840 usseratdiscipulis

1980 1854 2104 1911 suis
2129 1871 2140 1910 :
2165 1859 2264 1924 Ite,
2295 1855 2561 1927 baptizate
2589 1871 2772 1912 omnes
2800 1864 2980 1928 gentes
3012 1858 3070 1912 in
3100 1859 3320 1914 nomine
3359 1859 3549 1913 Patris
3577 1864 3628 1912 et

1981 1945 2116 2000 Filii
2132 1950 2182 2001 et
2201 1944 2438 2017 Spiritus
2457 1947 2636 2000 sancti
2657 1945 2860 2015 (Matth.
2879 1963 3076 2013 xxvm,
3097 1945 3213 2018 19);
3237 1945 3388 2002 hanc
3410 1946 3468 2000 in
3490 1946 3627 2018 bap-

1981 2033 2217 2089 tismate
2234 2033 2497 2089 fraudem
2517 2037 2658 2089 tunc
2674 2034 2954 2106 temporis
2971 2034 3372 2090 haereticorum
3385 2039 3627 2090 sanctus

1980 2121 2337 2177 Athanasius
2354 2121 2412 2176 in
2435 2121 2586 2177 libro
2603 2121 2849 2194 septimo
2871 2121 3102 2189 detexit,
3123 2123 3324 2178 dicens
3342 2140 3392 2177 ;‹‹
3406 2121 3522 2177 Cur
3539 2126 3626 2191 tu,

1982 2207 2092 2264 hoc
2122 2209 2358 2264 nomine
2390 2207 2624 2264 deitatis
2655 2208 2885 2264 sublato
2919 2209 3105 2265 Patris
3125 2213 3184 2266 et
3206 2209 3332 2266 Filii
3361 2213 3420 2266 et
3447 2209 3628 2282 Spiri-

1982 2301 2080 2354 tus
2111 2297 2319 2366 sancti,
2344 2297 2606 2369 baptizas
2629 2297 2874 2354 dicendo
2898 2315 2950 2353 :«
2974 2299 3208 2370 Baptizo
3227 2304 3284 2354 te
3305 2299 3365 2353 in
3385 2301 3552 2354 Patre
3574 2302 3632 2354 et
3708 2362 3716 2369 ι

1985 2385 2128 2441 Filio
2157 2389 2215 2440 et
2267 2385 2489 2458 Spiritu
2535 2391 2756 2457 sancto,
2791 2391 2847 2442 et
2877 2404 2991 2442 non
3022 2387 3081 2442 in
3113 2404 3229 2442 uno
3277 2387 3534 2455 nomine,
3567 2377 3631 2442 ut

1985 2475 2094 2531 hoc
2124 2476 2296 2532 modo
2337 2474 2646 2530 artiﬁciose
2691 2475 2883 2548 possis
2929 2475 3164 2531 unitum
3215 2493 3426 2533 nomen
3457 2475 3632 2533 tacite

1985 2566 2142 2621 496
2171 2564 2230 2618 in
2259 2564 2473 2620 deitatc
2501 2581 2617 2620 non
2665 2565 2967 2620 nominare
2989 2564 3077 2622 vel
3113 2566 3420 2638 abnegare,
3445 2567 3542 2622 sed
3577 2568 3632 2620 et

1986 2652 2226 2708 nomina
2254 2653 2312 2708 in
2347 2653 2611 2725 personis
2643 2657 2870 2710 tantum
2913 2655 3084 2708 modo
3114 2655 3258 2711 velis
3288 2655 3632 2728 assignare?

1985 2743 2133 2810 Quia
2163 2742 2228 2808 si,
2242 2741 2325 2798 sic
2356 2747 2480 2798 erat
2517 2743 2931 2798 celebrandum
2964 2743 3276 2816 baptisma,
3299 2744 3632 2799 obtinuerat

1983 2832 2332 2888 Arianorum
2355 2831 2622 2902 assertio,
2647 2831 2747 2903 qui
2771 2832 2854 2887 sic
2876 2832 3159 2899 sentiunt,
3182 2833 3367 2887 utubi
3397 2833 3634 2888 nomina

1985 2921 2045 2975 in
2077 2920 2342 2993 personis
2364 2920 2646 2988 indicant,
2666 2919 2744 2974 ibi
2767 2919 2942 2976 simul
2967 2921 3025 2975 in
3048 2921 3193 2992 ipsis
3214 2921 3553 2976 nominibus
3574 2925 3632 2976 et

1986 3009 2252 3083 singulas
2269 3008 2357 3064 vel
2379 3009 2638 3064 diversas
2663 3009 3026 3065 substantias
3055 3027 3182 3066 esse
3213 2997 3590 3082 pronuntient
3613 3026 3626 3064 :

1986 3103 2052 3155 ut
2072 3099 2356 3154 unitatem
2379 3099 2438 3153 in
2457 3097 2766 3154 concordia
2780 3102 3010 3155 tantum
3025 3099 3329 3156 chari'tatis
3347 3116 3474 3156 esse
3491 3099 3628 3156 assi-

1987 3193 2186 3262 gnent,
2202 3192 2258 3244 et
2277 3206 2392 3244 non
2423 3187 2620 3262 potius
2640 3189 2698 3244 in
2721 3189 2887 3245 unita
2908 3187 3269 3262 plenitudine
3289 3187 3626 3244 divinitatis.

206 3260 576 3335 constitutos
599 3260 1059 3352 replevit,~opera
1080 3295 1208 3336 esse
1240 3280 1418 3334 totius
1449 3283 1662 3335 sancta
1685 3277 1874 3334 Trini-
1907 3260 1950 3328 (ἶ
1984 3260 2055 3335 Et
2075 3278 2216 3352 quid
2238 3260 2495 3350 amplius
2523 3279 2596 3334 ad
2627 3277 2787 3334 hac?
2807 3278 2879 3334 Ut
2899 3260 3144 3334 unitatis
3172 3278 3273 3334 Dei
3303 3277 3490 3334 Patris
3521 3294 3630 3332 no-

207 3367 374 3436 tatis,
403 3366 462 3422 id
497 3369 589 3424 est
616 3366 795 3424 unius
832 3367 1070 3440 Dei,qui
1103 3367 1236 3423 fecit
1263 3367 1322 3422 in
1355 3367 1516 3423 calis
1545 3371 1602 3422 et
1630 3366 1690 3422 in
1721 3371 1876 3424 terra

208 3457 480 3514 visibilis
509 3461 566 3514 et
595 3456 931 3526 invisibilia,
953 3457 1258 3514 verissime
1279 3458 1634 3513 credendum
1657 3461 1764 3512 est.
1785 3457 1876 3514 Ita

209 3546 268 3602 in
301 3563 430 3603 uno
461 3543 750 3602 catholico
778 3545 1434 3620 baptismate,quamvis
1455 3545 1697 3618 spiritus
1719 3563 1876 3602 men-

209 3639 326 3692 tem
361 3633 633 3691 hominis
665 3639 917 3703 renovet,
951 3635 1193 3708 sanguis
1233 3639 1454 3708 spectet
1484 3635 1556 3690 ad
1597 3635 1872 3708 pretium,

210 3740 365 3797 aqua
389 3723 662 3796 proﬁciat
681 3725 750 3780 ad
775 3723 1228 3796 lavacrum,qua
1251 3741 1367 3780 non
1387 3728 1616 3780 tantum
1639 3741 1872 3780 carnem

209 3811 586 3886 depositione
608 3813 874 3869 sordium
899 3812 1166 3882 mundat,
1189 3813 1292 3868 sed
1325 3813 1438 3867 ﬁde
1468 3817 1525 3868 et
1553 3813 1716 3868 bona
1737 3829 1873 3868 con-

209 3901 476 3960 scientia
500 3901 957 3974 interrogatione
985 3901 1045 3956 in
1068 3901 1252 3958 Deum
1276 3902 1478 3957 sordes
1500 3905 1872 3973 peccatorum

209 3991 486 4048 omnium
508 3995 758 4064 purgat:
785 3993 978 4048 tamen
1003 4007 1108 4046 nec
1130 3990 1450 4063 redemptio
1475 3991 1778 4064 sanguinis
1810 3991 1876 4046 ﬁt

209 4079 334 4138 sine
388 4079 855 4137 sanctiﬁcatione
905 4079 1178 4153 Spiritus,
1209 4079 1299 4134 vel
1350 4079 1648 4136 ablutione
1683 4078 1875 4136 vitalis

209 4169 416 4238 fontis,
441 4186 549 4226 nec
595 4167 980 4226 sanctiﬁcatio
1005 4168 1259 4241 spiritus
1301 4167 1428 4224 sine
1477 4168 1874 4240 redemptione

207 4257 425 4316 viviﬁci
448 4257 780 4331 sanguinis,
795 4261 852 4314 et
871 4257 1284 4314 emundatione
1305 4273 1470 4329 aqua
1491 4259 1872 4329 regeneratri-

209 4349 314 4418 cis,
339 4365 456 4406 nec
479 4346 706 4404 ablutio
727 4363 890 4420 aqua
913 4346 1287 4404 sanctiﬁcata
1310 4346 1369 4400 in
1391 4346 1583 4412 verbo,
1599 4347 1668 4402 ad
1695 4364 1873 4420 quam

209 4455 343 4496 cum
371 4436 614 4494 .aceedit
640 4437 884 4494 verbum
924 4437 1082 4494 sicut
1111 4436 1184 4493 ad
1223 4435 1601 4504 elementum,
1625 4436 1876 4492 efﬁcitur

211 4530 680 4595 sacramentum,
720 4527 787 4582 ﬁt
837 4525 965 4583 sine
1012 4525 1318 4599 sanguinis
1365 4524 1782 4598 redemptione,
1818 4531 1875 4583 et

1984 3385 2117 3424 men
2131 3373 2187 3423 et
2201 3367 2324 3424 Filii
2344 3371 2400 3423 et
2415 3368 2601 3424 sancti
2616 3367 3071 3440 Spiritus,quasi
3089 3368 3426 3440 adoptivum
3444 3383 3632 3440 nuper

1985 3457 2276 3529 accepisse
2309 3457 2713 3530 proﬁteantur,
2733 3461 2800 3512 ut
2828 3456 2938 3512 hoc
2968 3474 3180 3514 nomen
3209 3457 3476 3512 videatur
3503 3473 3630 3512 esse

1981 3563 2050 3602 ex
2072 3545 2276 3614 nihilo,
2291 3550 2393 3602 aut
2413 3563 2480 3602 ex
2501 3545 2682 3602 altero
2704 3545 2790 3602 vel
2815 3550 3093 3618 tempore,
3109 3547 3264 3618 quod
3289 3545 3460 3601 absit.
3483 3545 3628 3600 Nam

1981 3653 2183 3692 verum
2211 3653 2421 3691 nomen
2449 3635 2682 3691 deitatis
2715 3634 2814 3690 ubi
2839 3634 3165 3702 nominant,
3191 3636 3262 3690 ad
3292 3651 3470 3690 unam
3500 3639 3626 3688 tan-

1984 3725 2288 3780 tummodo
2305 3741 2615 3796 personam
2635 3724 2819 3778 Patris
2837 3723 2957 3778 bac
2975 3723 3218 3778 dicendo
3237 3723 3632 3788 ascribunt,ut

1980 3831 2177 3869 veram
2199 3813 2482 3868 unitatem
2503 3811 2830 3867 divinitatis
2850 3811 3244 3878 dividant-.Qui
3261 3812 3360 3866 ubi
3389 3811 3628 3866 nomina

1983 3907 2214 3958 tantum
2228 3902 2284 3956 in
2300 3901 2565 3973 personis
2579 3901 2854 3956 deberent
2865 3901 2896 3956 d
2907 3900 3283 3972 iscernerelibi
3299 3900 3410 3955 sim
3423 3899 3477 3954 ul
3492 3916 3626 3954 cum

1981 3991 2128 4064 ipsis
2165 3989 2504 4046 nominibus
2533 3994 2590 4044 et
2618 3994 2736 4044 tres
2767 3993 3006 4044 naturas
3035 3987 3435 4062 distinguunt;
3471 3987 3625 4061 quod

1981 4080 2135 4138 absit
2158 4097 2192 4135 a
2222 4079 2393 4136 nobis
2413 4079 2497 4149 {ne
2537 4079 2709 4134 istam
2749 4077 3174 4149 blasphemiam
3207 4077 3624 4134 admittamus:

1983 4187 2115 4227 cum
2139 4187 2324 4226 unum
2346 4185 2558 4224 nomen
2573 4166 2808 4223 deitatis
2824 4167 2882 4222 in
2897 4167 3057 4222 Trini
3069 4171 3181 4223 tate
3199 4167 3392 4223 uniter
3407 4167 3626 4223 dictum

1983 4259 2362 4333 accipiamus,
2381 4275 2482 4331 per
2503 4257 2658 4330 quod
2673 4261 2730 4313 et
2749 4255 2993 4312 remissa
3015 4261 3386 4330 peccatorum
3407 4257 3626 4330 baptis-

1983 4367 2078 4406 mo
2099 4352 2377 4422 operante
2405 4346 3039 4420 suscipimus,nomina
3057 4363 3190 4403 vero
3221 4347 3628 4404 tantummodo

1983 4437 2216 4512 singula
2233 4438 2293 4493 in
2315 4435 2582 4510 personis
2601 4436 2851 4508 perfecte
2868 4434 3304 4508 distinguamus
3333 4436 3627 4509 Rogo,ubi

1979 4527 2281 4587 vinculum
2303 4527 2437 4582 ﬁdei
2461 4525 2754 4581 invenitur
2769 4525 2924 4598 apud
2941 4525 3116 4592 eos,si
3140 4525 3481 4582 substantia
3505 4524 3630 4582 uni-

208 4617 460 4691 spiritus
487 4615 890 4690 regenerantis
909 4614 1392 4672 sanctiﬁcatione.
1407 4615 1478 4670 Et
1497 4614 1608 4670 Leo
1629 4632 1780 4688 papa
1799 4617 1871 4672 ad
1899 4634 1946 4698 υ
1979 4618 2118 4674 tatis
2135 4632 2344 4672 nomen
2361 4615 2422 4670 in
2438 4613 2720 4684 Trinitate
2737 4630 2854 4669 non
2869 4613 3138 4670 tenetur?
3152 4614 3630 4688 Rogo,quomodo

209 4707 522 4763 universos
546 4704 855 4778 episcopos
877 4721 980 4778 per
995 4703 1256 4761 Siciliam
1275 4703 1628 4759 constitutos
1643 4706 1879 4788 (epist.5,

211 4812 263 4852 c.
296 4798 354 4866 3)
387 4797 462 4852 de
500 4794 659 4850 trina
707 4793 998 4851 mersione
1047 4797 1105 4849 et
1153 4810 1270 4849 uno
1320 4792 1671 4865 baptismate
1719 4793 1880 4881 dicit,

213 4887 370 4958 quod
404 4886 467 4940 in
500 4901 609 4940 suo
639 4883 766 4940 loco
797 4883 1030 4956 plenius
1073 4882 1254 4938 lector
1296 4882 1568 4937 inveniet.
1597 4905 1626 4932 «
1652 4884 1880 4956 Baptis-

213 4976 412 5044 matis,
435 4975 652 5048 inquit,
675 4973 878 5048 regula
897 4978 958 5030 et
975 4990 1132 5029 mors
1155 4971 1462 5027 intervenit
1485 4971 1880 5030 interfectione

211 5065 462 5138 peccati,
487 5069 546 5120 et
567 5063 934 5136 sepulturam
956 5063 1292 5119 triduanam
1317 5061 1581 5116 imitatur
1611 5063 1766 5118 trina
1785 5064 1877 5119 de.

212 5154 518 5222 mcrsio,et
538 5154 612 5210 ab
633 5155 803 5226 aquis
823 5152 1064 5210 elevatio
1094 5151 1456 5224 resurgentis
1479 5151 1550 5205 ad
1573 5151 1760 5207 instar
1787 5158 1876 5209 est

196 5243 286 5300 .de
315 5244 646 5318 sepulcro.»
671 5243 798 5315 (tib.
821 5260 866 5313 ι,
885 5259 970 5316 ep.
994 5241 1106 5314 41.)
1127 5243 1198 5296 Et
1221 5245 1460 5297 sanctus
1481 5241 1792 5313 Gregorius
1811 5242 1872 5298 in

213 5332 465 5406 epistola
497 5333 572 5389 ad
616 5332 948 5388 Leandrum
989 5329 1328 5402 Spalensem
1363 5329 1703 5402 episcopum
1734 5332 1876 5388 scri-

214 5421 304 5478 bit
336 5439 385 5478 :«
411 5423 496 5480 De
535 5421 715 5488 trina,
748 5420 966 5494 inquit,
995 5419 1285 5476 mersione
1315 5417 1684 5490 baptismatis
1732 5419 1878 5476 nihil

218 5510 564 5584 responderi
581 5511 778 5567 verius
799 5513 1011 5584 potest,
1027 5525 1204 5581 quam
1226 5507 1339 5580 ipsi
1364 5507 1800 5580 sensistis,quia
1819 5509 1879 5565 in

221 5617 341 5657 una
370 5602 489 5658 ﬁde
537 5599 685 5656 nihil
717 5599 903 5656 ofﬁcit
943 5602 1160 5656 sancta
1207 5595 1474 5653 Ecclesia
1523 5600 1882 5655 consuetudo

218 5687 471 5751 diversa.
494 5689 614 5750 Nos
635 5693 832 5748 autem
855 5688 1010 5764 quod
1040 5687 1214 5745 tertio
1245 5685 1570 5761 mergimus
1597 5685 1884 5747 triduana

1991 4713 2112 4763 tres
2127 4722 2311 4761 unum
2329 4703 2542 4772 sunt,si
2562 4703 2792 4760 diversa
2805 4702 2867 4758 in
2883 4702 3151 4775 utrisque
3166 4707 3254 4759 est
3270 4708 3480 4759 natura
3496 4698 3635 4760 divi-

1996 4795 2398 4866 nitatis‘Htogo
2409 4793 2678 4866 ,quemad
2687 4793 2924 4848 modum
2940 4792 3337 4864 septiformem
3351 4792 3507 4847 hunc
3519 4792 3632 4864 spi-

1989 4887 2167 4942 ritum
2181 4883 2478 4957 sapientia
2491 4881 2904 4952 etintcllcctus,
2917 4881 3192 4952 spiritum
3205 4880 3502 4936 consiliiet
3517 4882 3630 4936 vir-

1991 4973 2443 5045 tutis,spiritum
2475 4971 2729 5027 scicntia
2761 4974 2816 5026 et
2838 4971 3088 5042 pietatis,
3109 4969 3380 5042 spiritum
3403 4969 3632 5025 timoris

1986 5063 2220 5122 Domini
2239 5061 2516 5133 consequi
2535 5064 3035 5131 mercntur,quem
3055 5060 3124 5114 de
3142 5059 3306 5114 unita
3324 5057 3636 5130 plenitudi-

1983 5173 2056 5210 ne
2069 5151 2389 5210 divinitatis
2403 5149 2719 5206 consistere
2736 5165 2850 5204 non
2870 5146 3255 5204 conﬁtentur?
3271 5147 3509 5203 Dicente
3529 5147 3637 5204 Do-

1982 5243 2142 5300 mino
2159 5259 2171 5298 :
2187 5243 2384 5296 Euntes
2405 5239 2466 5295 ba
2468 5240 2668 5311 ptizate
2683 5253 2866 5294 omnes
2880 5243 3059 5308 gentes
3075 5239 3136 5291 in
3153 5237 3374 5292 nomine
3387 5237 3570 5294 Patris
3584 5235 3640 5294 et

1984 5334 2119 5390 Filii
2137 5340 2188 5388 et
2205 5329 2444 5403 Spiritus
2459 5329 2635 5383 sancti
2647 5325 2792 5395 (Mat.
2809 5342 3005 5394 xxvm,
3023 5325 3268 5397 19),vere
3285 5324 3345 5380 in
3367 5324 3477 5382 hoc
3497 5343 3635 5400 ergo

1987 5421 2132 5480 satis
2149 5418 2491 5487 admiror,et
2508 5421 2600 5472 stu
2610 5432 2745 5488 pore
2765 5417 2979 5472 mentis
2999 5415 3224 5471 diutius
3240 5413 3506 5475 intentus
3526 5418 3640 5476 col-

1987 5511 2162 5567 laudo
2176 5513 2399 5565 tantam
2413 5504 2824 5562 sacratissima
2839 5504 3143 5561 Trinitatis
3159 5505 3406 5579 gloriam
3427 5507 3485 5564 in
3499 5509 3638 5564 duo-

1991 5601 2179 5658 decim
2202 5597 2434 5672 penitus
2451 5593 2644 5651 verbis
2665 5593 3112 5652 distinctionum
3131 5594 3222 5652 vel
3243 5597 3483 5672 syllabis
3501 5598 3638 5655 bra-

1991 5690 2140 5751 viter
2159 5687 2343 5748 fuisse
2363 5683 2685 5760 expositam
2707 5683 2826 5764 (tib.
2839 5701 2963 5758 vm,
2977 5685 3160 5745 eodem
3189 5687 3251 5747 in
3275 5688 3638 5763 princ.)Vere
