4148 6468
583 405 709 464 ’559
1521 401 1896 461 HINCMARI
1941 401 2044 460 RH
2054 399 2150 459 EN
2161 399 2221 459 El

2276 399 2381 459 SlS
2426 398 2576 458 ARC
2589 397 2662 458 HI
2675 397 3046 457 EPISCOPI.
3227 423 3238 433 ν
3821 401 3914 460 560

587 535 646 592 in
679 535 787 590 hoc
813 535 1004 590 edicto
1031 533 1266 589 unitum
1297 532 1532 587 deitatis
1563 549 1774 588 nomen
1806 531 1992 586 Patris
2016 534 2074 586 et
2103 528 2228 586 Filii
2259 532 2314 598 Α
2343 529 2510 598 sisse,
2542 528 2624 595 ita
2654 529 2808 584 idem
2848 527 3204 582 Athanasius
3253 527 3312 582 in
3361 525 3503 581 libro
3549 525 3753 584 decimo
3779 527 3918 588 solvit

586 627 644 679 et
663 623 919 696 Spiritus
950 623 1136 678 sancti
1171 621 1422 677 missum
1451 624 1558 676 est.
1577 621 1722 676 Vere
1751 621 1808 674 in
1839 619 1948 675 hac
1969 619 2234 674 sacratis-
2344 640 2371 668 «
2393 617 2515 673 Non
2539 617 2693 673 enim
2711 618 2996 690 scriptum
3015 616 3234 688 est(lib.
3251 632 3324 683 χι,
3334 623 3452 688 post
3467 615 3916 691 mediam),inquit,

585 713 740 768 sima
757 711 1046 768 Trinitate
1074 711 1314 766 nomina
1333 709 1389 764 in
1423 709 1689 781 personis
1708 713 1936 764 tantum
1959 707 2234 763 distincta
2342 706 2480 779 quia
2499 705 2939 779 baptizaverunt
2960 705 3018 760 in
3039 705 3275 762 nomine
3297 704 3477 761 Patris
3497 709 3551 761 et
3573 705 3687 760 Filii
3705 712 3756 762 et
3771 707 3920 780 Spiri-

585 804 744 857 sunt.
769 800 913 856 Vere
946 817 1052 856 nec
1081 800 1192 867 lex,
1223 816 1322 855 nec
1349 799 1661 872 prophetae,
1686 802 1805 852 tam
1839 795 2103 853 absolute
2123 796 2232 852 hoc
2339 799 2438 851 tus
2459 795 2670 865 sancti,
2686 795 2787 851 sed
2810 799 3042 850 tantum
3067 793 3129 849 in
3153 793 3384 850 nomine
3403 794 3664 861 Jesu,sed
3687 812 3785 850 non
3807 803 3919 854 sunt

583 906 866 947 arcanum
886 889 1234 962 mysterium
1257 887 1869 958 revelaverunt.Supcr
1883 903 2116 942 omnem
2138 901 2234 940 cu-
2340 883 2718 956 przevaricati,
2753 882 2922 939 absit.
2956 883 3104 938 Nam
3145 882 3280 938 licet
3317 880 3442 938 Filii
3471 898 3671 938 nomen
3697 887 3918 942 tantum-

584 977 955 1034 stodiendam
978 977 1258 1033 divinitus
1278 975 1718 1049 diepositionem
1737 975 1846 1031 hoc
1868 973 2117 1030 maxime
2139 991 2235 1030 cu-
2339 973 2514 1028 modo
2545 971 2792 1040 dicatur,
2833 972 3011 1028 habet
3057 976 3252 1028 tamen
3301 972 3522 1027 Patrem
3578 976 3631 1027 et
3680 972 3917 1045 Spiritum

584 1065 961 1123 stodiendum
983 1065 1241 1122 est.Vere
1266 1081 1443 1138 super
1462 1064 1570 1120 hoc
1592 1081 1708 1119 non
1729 1069 1818 1120 est
1837 1065 1988 1135 quod
2013 1061 2234 1128 addi,et
2340 1065 2608 1116 sanctum
2631 1061 3096 1133 pronuntiatum,
3111 1061 3265 1116 sicut
3279 1059 3588 1133 Scripturis
3611 1063 3804 1118 sanctis
3821 1079 3922 1136 pro-

581 1157 657 1212 ab
677 1156 790 1213 hoc
813 1173 929 1212 non
949 1159 1038 1213 est
1053 1156 1207 1228 quod
1231 1154 1666 1210 minuere.Vere
1685 1153 1745 1208 in
1765 1153 1875 1210 hoc
1896 1154 2116 1208 donum
2137 1152 2234 1206 ba-
2339 1150 2572 1206 bamus.
2605 1151 2808 1222 Itaque
2837 1154 2894 1206 et
2919 1149 3172 1222 Spiritus
3201 1153 3440 1206 sanctus
3468 1149 3697 1206 sabaoth
3725 1151 3918 1220 dicitur,

583 1244 786 1318 ptismi
808 1249 1161 1319 praeceptum
1183 1244 1396 1300 addere
1417 1243 1506 1298 vel
1527 1242 1789 1298 minuere
1819 1239 2229 1313 blasphemum
2339 1243 2398 1293 et
2425 1245 2514 1294 est
2543 1255 2678 1295 cum
2709 1239 2824 1294 Deo
2859 1243 2916 1294 et
2953 1255 3088 1296 cum
3130 1237 3272 1295 Filio
3300 1256 3335 1295 a
3359 1237 3633 1311 Seraphin
3671 1240 3917 1308 adoratus,

583 1333 1126 1390 est.Curindicatur
1142 1332 1423 1400 unitas,si
1442 1332 1500 1386 in
1520 1331 1685 1386 Patre
1704 1335 1760 1388 et
1778 1329 1994 1386 Filioiu
2009 1329 2229 1402 Spiritu
2338 1331 2575 1400 propter
2606 1329 2763 1401 quod
2795 1329 2917 1384 haec
2963 1333 3050 1384 ter
3096 1327 3368 1384 dicebant
3399 1345 3412 1383 :
3444 1329 3680 1396 Sanctus,
3723 1339 3918 1401 sanctus,

583 1427 786 1479 sancto
808 1440 924 1479 non
946 1440 1066 1478 una
1086 1427 1262 1494 atque
1283 1422 1486 1476 eadem
1517 1419 1646 1493 ipsa
1666 1418 1907 1491 aequalis
1928 1417 2229 1492 plenitudo
2335 1424 2576 1486 sanctus,
2601 1423 2666 1473 ut
2711 1417 3056 1472 Trinitatem
3107 1417 3568 1490 pronuntiarent.
3595 1440 3621 1468 »ι
3651 1418 3715 1474 Et
3755 1418 3921 1476 beatus

585 1511 1124 1584 divinitatis?»(Lib.
1151 1529 1210 1580 ιι,
1230 1519 1350 1582 post
1366 1509 1506 1566 med.
1529 1526 1714 1565 versus
1734 1508 2029 1580 ﬁnem.)Et
2057 1507 2112 1561 in
2139 1523 2228 1562 se-
2335 1506 2680 1563 Ambrosius
2707 1505 2768 1560 in
2800 1505 2949 1562 libro
2981 1506 3052 1562 de
3085 1506 3242 1576 Fide,
3258 1507 3397 1579 quia
3426 1521 3527 1578 per
3554 1507 3826 1584 unitatem,
3851 1507 3920 1563 in-

587 1601 779 1658 eundo
799 1599 948 1656 libro
969 1576 1265 1673 apostolos
1286 1599 1498 1655 missos
1524 1576 2053 1670 fuisse,vinquit,ut
2081 1597 2230 1670 bap-
2337 1594 2485 1666 quit,
2521 1595 2776 1650 nominis
2821 1593 3128 1668 impletum
3179 1576 3524 1668 mysterium
3570 1576 3787 1662 sit..0ui
3828 1595 3922 1652 sive

567 1689 826 1756 ‘tizarent
845 1703 1048 1746 omnes
1070 1693 1271 1759 gentes
1291 1689 1351 1744 in
1374 1688 1538 1743 unito
1562 1687 1648 1744 vel
1675 1685 1974 1743 communi
1995 1685 2230 1742 nomine
2336 1681 2632 1739 Christum
2665 1683 2846 1752 dicas,
2871 1687 2930 1740 et
2962 1683 3146 1740 Deum
3175 1683 3403 1740 Patrem
3435 1700 3468 1740 a
3497 1700 3607 1756 quo
3644 1687 3830 1741 unctus
3852 1690 3923 1742 est

577 1777 832 1834 deitatis.
863 1779 958 1846 Ite,
1011 1779 1278 1850 baptizate
1333 1793 1514 1834 omnes
1570 1785 1751 1849 gentes
1800 1778 1861 1832 in
1903 1777 2145 1842 nomine,
2173 1779 2229 1830 et
2337 1770 2542 1840 Filius,
2565 1775 2622 1826 et
2651 1770 2848 1844 ipsum
2867 1773 2968 1844 qui
2991 1776 3207 1828 unctus
3233 1775 3323 1829 est
3353 1771 3584 1838 Filium,
3605 1777 3659 1828 et
3686 1771 3919 1844 Spiritum

575 1865 1038 1940 sicprosecutus
1068 1871 1158 1922 est
1186 1883 1290 1940 per
1325 1865 1590 1938 singulas
1621 1883 1920 1938 personas,
1951 1867 2153 1933 Putris,
2177 1871 2229 1921 et
2255 1903 2304 1968 Β
2335 1876 2450 1932 quo
2473 1866 2689 1968 unctus
2719 1864 2810 1917 est
2838 1861 3182 1934 designasti.
3207 1861 3508 1934 Scrtptum
3537 1866 3624 1918 est
3651 1861 3790 1918 enim
3819 1862 3920 1918 εΙθ·

571 1957 728 2022 Filii,
786 1965 838 2014 et
891 1956 1132 2030 Spiritus
1185 1959 1364 2012 sancti
1407 1955 1550 2028 (Mat.
1593 1973 1788 2025 XXVIII,
1832 1955 1940 2024 19).
1983 1979 2012 2005 ‹‹
2061 1956 2227 2010 Nun-
2257 1949 2304 1968 ”
2333 1965 2458 2005 sum
2485 1966 2520 2005 a
2569 1949 2856 2018 Nazareth,
2891 1951 3150 2023 quomodo
3197 1951 3365 2006 unxit
3407 1967 3530 2006 eum
3576 1955 3712 2008 Deus
3750 1951 3922 2023 Spiritu

574 2045 716 2118 quid
749 2050 942 2119 potest
970 2050 1175 2101 contra
1217 2044 1481 2117 regulam
1520 2045 1852 2101 traditionis
1884 2043 2226 2118 evangelicae
2333 2047 2518 2095 sancto
2548 2039 2681 2108 (Act.
2713 2057 2770 2105 x,
2801 2040 2922 2110 38);
2974 2038 3094 2096 sive
3145 2039 3377 2096 Patrem
3425 2039 3600 2109 dicas,
3649 2044 3704 2096 et
3753 2039 3922 2096 Filium

574 2148 856 2206 censuris,
891 2135 962 2189 de
1012 2134 1121 2190 hoc
1172 2133 1334 2189 unito
1385 2133 1691 2189 Trinitatis
1748 2133 1982 2188 nomine
2040 2133 2226 2188 sancti
2334 2128 2462 2199 ejus
2491 2132 2550 2182 et
2579 2127 2863 2200 Spiritum
2893 2128 3010 2186 oris
3047 2129 3266 2202 pariter
3299 2129 3589 2199 indicasti,
3613 2129 3661 2186 si
3688 2133 3853 2185 tamen
3878 2127 3922 2184 id

571 2221 831 2294 Spiritus
883 2221 1116 2279 sublata
1157 2222 1246 2278 vel
1295 2223 1474 2278 tacita
1525 2239 1794 2294 persona,
1826 2222 2121 2294 baptisma
2167 2221 2227 2277 in
2333 2217 2507 2272 etiam
2532 2219 2704 2273 corde
2724 2216 3377 2291 comprehendaszquas
3407 2218 3582 2274 latius
3603 2219 3660 2275 in
3681 2218 3792 2274 suis
3811 2216 3924 2274 locis

573 2309 837 2376 Ecclesia
865 2311 1189 2384 perfectum
1220 2310 1497 2367 celebrari
1510 2311 1538 2366 ‘?
1555 2309 1741 2365 Absit.
1765 2311 1932 2366 Disce
1961 2326 2096 2384 ergo
2117 2311 2226 2366 hoc
2331 2306 2515 2362 lector
2535 2305 2806 2362 inveniet.
2831 2307 2996 2362 Nunc
3018 2311 3216 2363 autem
3241 2307 3502 2364 Ecclesia
3520 2307 3785 2364 catholica
3799 2307 3926 2363 cuni-

575 2400 811 2456 unitum
839 2417 1057 2456 nomen
1087 2416 1215 2456 esse
1251 2398 1674 2472 sempiternum
1707 2399 1764 2454 in
1797 2399 2008 2454 deitate
2042 2398 2227 2455 Patris
2333 2393 2497 2451 culos
2518 2395 2922 2451 haereticorum
2945 2395 3234 2468 oppilans,
3260 2397 3393 2469 ipsa
3416 2397 3583 2454 verba
3608 2395 3814 2453 Domini
3834 2397 3922 2452 sal-

571 2491 720 2547 497
757 2495 815 2546 et
846 2489 975 2546 Filii
1021 2493 1078 2545 et
1125 2489 1379 2562 Spiritus
1439 2487 1648 2544 sancti.
1669 2511 1697 2538 »
1722 2487 1884 2544 Sicut
1934 2505 2118 2544 unum
2165 2487 2224 2544 et
2330 2484 2653 2553 vatoris,de
2683 2501 2798 2556 quo
2830 2485 3116 2557 scriptum
3139 2489 3227 2540 est
3255 2489 3414 2558 :Ipse
3441 2494 3520 2544 est
3544 2487 3686 2544 enim
3705 2487 3790 2558 qui
3803 2483 3922 2540 408

571 2577 865 2651 baptisma
882 2582 974 2634 est
995 2577 1151 2649 ﬁdei,
1176 2579 1328 2649 quod
1349 2576 1526 2632 vitam
1552 2581 1830 2633 aeternam
1853 2577 2222 2634 credentibus
2332 2575 2590 2646 baptizat,
2622 2573 2681 2628 in
2709 2573 3142 2630 consecratione
3189 2575 3338 2631 sacri
3381 2575 3759 2648 baptismatis,
3787 2572 3924 2629 corde

570 2659 958 2740 tribuit,quia
977 2666 1129 2722 sicut
1159 2665 1390 2721 unitum
1417 2682 1629 2722 nomen
1655 2671 1743 2721 est
1773 2665 1832 2720 in
1863 2669 2074 2722 natura
2095 2667 2220 2722 Tri-
2331 2663 2616 2719 credendo
2639 2663 2709 2719 ad
2729 2661 3050 2734 justitiam,
3071 2667 3130 2719 et
3158 2679 3255 2720 ore
3276 2666 3608 2721 conﬁtendo
3631 2665 3697 2720 ad
3717 2662 3922 2720 salutem

567 2755 794 2828 uitatis,
809 2755 894 2812 ita
919 2759 975 2812 et
997 2772 1182 2813 unum
1205 2755 1424 2810 donum
1447 2771 1551 2827 per
1574 2754 1934 2826 baptismum
1957 2755 2224 2812 divinita-
2329 2751 2688 2824 pronuntiat.
2713 2753 2974 2808 Tandem
2996 2752 3414 2811 Gothescalcus
3434 2753 3734 2811 subnectit.

559 2843 667 2900 'tis.
688 2843 1004 2918 Apostolus
1037 2844 1120 2899 ait
1147 2861 1160 2900 :
1189 2845 1303 2902 Una
1331 2843 1486 2915 ﬁdes,
1511 2861 1684 2899 unum
1714 2845 1978 2916 baptisma
2001 2846 2215 2918 (Ephes.
3103 2849 3196 2906 XI.

563 2949 642 3003 1v,
664 2933 741 3006 5),
759 2931 980 2990 idcirco
1011 2934 1168 3006 quod
1200 2950 1410 2989 nomen
1443 2932 1630 2990 Patris
1673 2933 1749 2988 sit
1791 2933 1851 2988 in
1893 2933 2214 3005 divinitate,
2395 2937 2449 2998 -ἓη
2497 2952 2526 2981 ‹‹
2554 2929 2680 2986 Pari
2703 2931 2880 2987 etiam
2915 2931 3086 2987 modo
3110 2948 3246 2988 cum
3269 2932 3488 2988 dicitur
3516 2931 3665 2988 trina
3686 2930 3764 2988 vel
3791 2934 3924 2986 terna

564 3023 676 3079 hoc
722 3038 935 3080 nomen
986 3023 1066 3078 sit
1092 3027 1150 3079 et
1182 3018 1310 3078 Filii
1360 3023 1420 3078 in
1470 3027 1681 3078 natura
1729 3021 1982 3090 deitatis,
2019 3024 2103 3081 sic
2159 3029 2217 3080 et
2325 3043 2353 3070 «
2389 3020 2555 3087 ﬁdes,
2580 3023 2645 3076 ut
2673 3023 2761 3076 est
2791 3019 2937 3076 illud
2969 3020 3190 3077 Sedulii
3223 3019 3416 3078 ﬁdelis
3447 3025 3622 3094 poetae
3651 3020 3731 3078 tui
3761 3039 3773 3077 :

563 3113 752 3169 sancti
774 3111 1029 3186 Spiritus
1051 3111 1369 3168 identidem
1392 3113 1501 3168 hoc
1525 3129 1735 3168 nomen
1763 3112 1841 3167 sit
1861 3111 1918 3166 in
1943 3113 2214 3170 substan-
2385 3109 2488 3158 Ῑεῐθ
2518 3108 2678 3159 ﬁdem
2706 3113 2932 3171 ῑθιἮαων
2963 3113 3045 3160 δεῖ
3072 3109 3158 3160 hic
3187 3123 3298 3160 ῐιοῐι
3329 3112 3660 3176 amplectitur
3685 3123 3842 3169 unum.

565 3201 649 3258 tia
677 3200 990 3271 claritatis;
1013 3219 1141 3274 quae
1162 3200 1256 3256 hic
1288 3201 1538 3257 breviter
1559 3200 1802 3258 collecta
1831 3200 2010 3258 lector
2033 3202 2209 3259 latius
2252 3273 2262 3274 ί
2325 3219 2354 3250 ‹‹
2383 3199 2510 3255 Non
2541 3203 2681 3267 tres,
2714 3200 2868 3272 quod
2899 3199 3072 3268 absit,
3095 3199 3262 3268 ﬁdes,
3290 3202 3392 3258 sed
3429 3219 3542 3258 una
3571 3205 3656 3258 est
3682 3200 3830 3268 ﬁdes,
3849 3197 3918 3254 di-

566 3289 627 3345 in
659 3289 784 3346 suis
826 3287 968 3346 locis
997 3273 1269 3345 inveniet.
1302 3290 1404 3344 His
1445 3289 1863 3346 catholicorum
1903 3291 2207 3348 doctorum
2237 3273 2280 3341 C
2320 3312 2348 3339 «
2383 3290 2548 3345 cente
2574 3288 2849 3360 Apostolo
2883 3307 2896 3346 :
2933 3289 3056 3345 Una
3086 3290 3251 3346 ﬁdes.
3279 3312 3308 3339 »
3329 3321 3348 3327 -

564 3377 759 3434 verbis
788 3381 846 3433 et
871 3377 1144 3434 sensibus
1165 3378 1576 3450 comprobatur
1598 3396 1710 3434 non
1733 3395 1861 3434 esse
1893 3383 2086 3435 ratum
2110 3381 2214 3437 Go-
2389 3377 2499 3432 ΧΡ.
2535 3378 2648 3433 Hoc
2679 3379 2833 3450 quod
2867 3378 3034 3451 quasi
3065 3378 3307 3448 noviter,
3332 3380 3489 3436 unde
3521 3380 3784 3436 miremur
3799 3372 3920 3431 vide-

563 3465 844 3522 thescalci
871 3467 1302 3538 testimonium,
1325 3469 1479 3540 quod
1504 3469 1573 3523 de
1593 3485 1700 3524 suo
1731 3485 1766 3524 a
1795 3469 2110 3541 semetipso
2135 3469 2211 3526 lo-
2319 3465 2474 3532 licet,
2491 3466 2662 3522 ﬁdem
2685 3483 2930 3522 numero
2951 3465 3162 3539 plurali
3184 3469 3549 3526 enuntiatam
3571 3467 3731 3524 nobis
3749 3461 3942 3538 propo-°

564 3570 772 3628 quens,
796 3559 854 3612 et
879 3553 1125 3629 gloriam
1157 3555 1452 3630 propriam
1476 3573 1764 3629 quaerens,
1787 3561 1845 3612 et
1874 3575 1990 3614 non
2024 3559 2093 3616 de
2122 3576 2210 3616 ca-
2318 3571 2454 3611 nere
2473 3555 2677 3622 voluit,
2700 3562 2942 3613 sanctus
2963 3555 3218 3612 Hilarius
3237 3557 3520 3631 antiquus
3541 3563 3598 3616 et
3618 3551 3920 3613 venerabilis

563 3641 914 3702 tholicorum
946 3646 1253 3720 scripturis
1281 3647 1353 3702 ad
1386 3663 1556 3702 suam
1588 3648 2053 3704 conﬁrmandam
2085 3665 2212 3705 sen—
2319 3644 2487 3700 Pater
2513 3643 2575 3700 in
2606 3644 2756 3702 libro
2795 3646 2864 3702 de
2915 3646 3156 3718 synodis
3187 3647 3356 3704 nobis
3389 3651 3545 3704 recto
3575 3663 3742 3704 sensu
3785 3657 3922 3699 mon-

563 3733 804 3792 tentiam
835 3734 1098 3809 protulit,
1133 3736 1334 3791 dicens
1366 3752 1379 3790 :
1412 3736 1592 3790 Trina
1631 3735 1864 3806 mersio,
1901 3741 1957 3793 et
1987 3738 2206 3793 trinum
2317 3734 2540 3804 stravit,
2561 3735 2715 3804 quod
2731 3735 2860 3791 ‘iste
2888 3736 3363 3808 praesumptionis
3394 3754 3570 3794 sensu
3617 3730 3922 3809 pravissimo

561 3823 945 3898 baptismum,
968 3823 1026 3879 id
1059 3828 1150 3880 est
1178 3825 1335 3880 trina
1361 3823 1582 3893 tinctio,
1609 3842 1726 3880 una
1745 3831 1835 3882 est
1862 3826 2211 3898 generaliter
2317 3823 2679 3879 monstravit.
2705 3847 2732 3874 «
2767 3824 2947 3893 Nihil,
2966 3824 3160 3897 inquit
3182 3829 3426 3882 sanctus
3447 3826 3715 3894 Hilarius,
3737 3822 3920 3878 mirum

559 3913 776 3970 mersio
806 3918 863 3969 et
893 3931 1012 3969 una
1041 3913 1264 3982 tinctio,
1290 3914 1347 3968 id
1379 3918 1470 3968 est
1500 3931 1684 3969 unum
1717 3915 2038 3987 baptisma;
2072 3934 2209 3989 quo-
2313 3913 2493 3968 videri
2514 3912 2677 3970 vobis
2703 3914 2892 3983 debet,
2916 3914 3126 3971 fratres
3149 3914 3670 3988 charissimi,quod
3695 3913 3922 3985 frequen-

523 3997 722 4058 'niam
740 4001 1094 4058 catholicum
1116 4003 1577 4074 baptismum,ut
1594 4003 1798 4060 beatus
1815 4005 2208 4062 ostenditGrc-
2313 4007 2402 4057 ter
2447 4003 2653 4074 exponi
2694 4004 2839 4059 ﬁdes
2883 4007 3082 4076 emptae
3131 4008 3292 4060 sunt.
3342 4005 3751 4062 Necessitatem
3794 3999 3919 4056 hanc

558 4090 781 4163 gorius.
805 4108 923 4148 una
949 4093 1256 4160 mersione,
1285 4092 1384 4146 sed
1418 4092 1477 4147 in
1509 4094 1745 4148 nomine
1777 4099 1988 4150 sancta:
2019 4096 2206 4150 Trini-
2312 4091 2474 4146 furor
2501 4091 2806 4148 haereticus
2837 4091 3136 4164 imposuit.
3164 4115 3185 4143 ι
3213 4093 3455 4166 Propter
3482 4093 3662 4168 stylos
3693 4090 3870 4166 plures
3893 4103 3921 4143 δ

559 4178 702 4234 tatis
730 4178 856 4234 ﬁeri
888 4184 1098 4252 potest.
1131 4181 1294 4236 Unde
1338 4180 1491 4235 idem
1537 4183 1892 4239 Athanasius
1926 4185 1985 4240 in
2014 4185 2204 4256 primo
2311 4185 2513 4236 sancto
2542 4179 2757 4236 Hilario
2788 4181 2956 4237 dictae
3000 4186 3139 4238 sunt
3178 4181 3389 4254 plurali
3429 4199 3670 4240 numero
3700 4181 3848 4246 ﬁdes,
3873 4180 3920 4233 et

558 4265 709 4322 libro
762 4267 832 4324 de
889 4267 1026 4323 Fide
1057 4267 1142 4340 (de
1193 4269 1348 4323 unite
1400 4271 1622 4325 nomine
1682 4273 1982 4340 Trinitatis)
2013 4272 2153 4329 dicit
2186 4290 2199 4330 :
2311 4274 2546 4342 propter
2575 4269 2970 4343 pluralitatem
3002 4271 3409 4344 scriptionum,
3433 4291 3550 4330 non
3579 4275 3803 4346 propter
3818 4281 3919 4324 cm-

557 4354 890 4428 «Nunquid
919 4361 1141 4429 gentes,
1166 4357 1382 4429 quibus
1410 4357 1682 4414 introitus
1699 4360 1894 4432 janum
1918 4361 2200 4416 credenti-
2310 4357 2575 4416 dulitatis
2612 4359 2985 4430 divisionem;
3019 4361 3177 4433 quia,
3211 4365 3278 4416 ut
3322 4359 3706 4435 Hieronymus
3749 4358 3804 4414 in
3846 4371 3920 4412 se-

556 4444 670 4502 bus
701 4443 773 4502 ad
801 4445 981 4502 vitam
1014 4451 1286 4502 aeternam
1319 4451 1527 4518 patens
1563 4453 1670 4520 est,
1703 4450 2110 4506 tantummodo
2142 4451 2201 4506 in
2309 4449 2502 4504 cundo
2531 4447 2679 4504 libro
2708 4449 3033 4506 Commenti
3065 4449 3334 4522 Epistolas
3374 4451 3540 4507 Pauli
3570 4451 3641 4507 ad
3672 4444 3921 4521 Ephesios

555 4549 866 4606 personam
899 4533 1086 4590 Patris
1129 4535 1513 4606 baptizantur,
1541 4541 1596 4592 et
1626 4554 1739 4591 non
1788 4536 1846 4592 in
1884 4541 2022 4607 tres,
2057 4555 2199 4612 quo-
2309 4537 2450 4594 dicit
2482 4554 2495 4593 :
2525 4561 2552 4588 ‹‹
2589 4538 2894 4611 Propterea
2922 4543 2979 4595 et
3007 4539 3152 4596 ﬁdes
3195 4555 3314 4595 una
3350 4540 3585 4609 dicitur,
3619 4539 3752 4612 quia
3775 4531 3920 4592 simi-

553 4621 959 4710 rumwnomiina
988 4622 1108 4710 haec
1140 4627 1279 4683 sunt
1299 4624 1357 4678 in
1376 4626 1641 4696 personis
1671 4625 1967 4695 distincta,
1992 4626 2198 4697 Patris,
2233 4645 2277 4710 ι)
2306 4626 2440 4682 liter
2468 4626 2526 4682 in
2560 4626 2789 4683 Patrem
2820 4632 2877 4684 et
2905 4627 2966 4684 in
3016 4627 3226 4684 Filium
3277 4633 3333 4684 et
3385 4629 3445 4684 in
3497 4629 3772 4703 Spiritum
3808 4637 3921 4710 sam

551 4713 611 4768 et
640 4708 791 4778 Filii,
818 4714 876 4767 et
905 4709 1156 4782 Spiritus
1207 4711 1414 4782 sancti,
1439 4713 1658 4785 quibus
1689 4719 1778 4768 est
1825 4731 1943 4770 una
1989 4721 2199 4774 natura
2233 4708 2264 4710 _
2308 4720 2469 4772 ctum
2520 4716 2834 4772 credimus.
2861 4739 2882 4766 ι
2910 4717 2980 4773 Et
3025 4717 3388 4791 Augustinus
3418 4717 3481 4774 in
3512 4717 3732 4774 decimo
3774 4709 3921 4770 tertio

551 4798 894 4871 divinitatis,
935 4799 1090 4856 sicut
1143 4800 1424 4874 scriptum
1477 4808 1566 4858 est
1617 4820 1629 4857 :
1680 4803 1878 4860 Euntes
1935 4805 2200 4876 baptizata
2307 4804 2454 4859 libro
2485 4804 2622 4878 (cap.
2655 4807 2746 4874 11)
2776 4806 2846 4860 de
2877 4804 3161 4862 Trinitate
3194 4824 3243 4862 :«
3277 4806 3402 4862 Non
3455 4807 3612 4863 enim
3657 4805 3792 4860 ﬁdes
3827 4815 3920 4857 nu-

549 4905 734 4945 omnes
755 4897 936 4962 gentes
959 4890 1020 4944 in
1048 4891 1288 4957 nomine,
1313 4895 1368 4945 et
1388 4891 1470 4946 sic
1495 4897 1839 4963 prosecutus
1859 4897 1968 4960 est,
1991 4895 2196 4966 Patris,
2306 4911 2466 4949 mero
2509 4898 2598 4948 est
2646 4910 2782 4958 una,
2806 4895 2905 4950 sed
2955 4911 3184 4967 genere.
3211 4895 3451 4968 Propter
3503 4892 3918 4953 similitudinem

546 4985 600 5034 et
624 4978 776 5046 Filii,
808 4987 860 5036 et
883 4979 1123 5052 Spiritus
1163 4982 1382 5036 sancti?
1411 4981 1556 5050 (Mat.
1582 4999 1778 5047 xxvm,
1805 4983 1912 5051 19).
1942 4982 2102 5039 Unde
2135 4985 2193 5042 in
2303 4987 2520 5052 tamen,
2535 4986 2592 5036 et
2612 4981 2836 5038 nullam
2858 4982 3481 5057 diversitatem,magis
3502 5000 3677 5040 unam
3694 4980 3918 5038 dicimus

547 5065 641 5121 his
671 5067 938 5140 personis
968 5085 1072 5140 per
1114 5069 1311 5124 omnia
1358 5070 1415 5124 in
1465 5070 1676 5124 deitate
1707 5071 2032 5127 divinitatis
2065 5073 2193 5128 uni-
2303 5087 2430 5125 esse
2469 5086 2647 5142 quam
2679 5071 2933 5129 multas:
2963 5077 3020 5127 et
3058 5076 3256 5130 tamen
3296 5075 3396 5146 qui
3433 5075 3574 5131 dicit
3604 5090 3618 5129 :
3653 5071 3692 5128 0
3719 5069 3916 5133 mulier,

541 5157 672 5212 tum
705 5173 915 5214 nomen
946 5162 1054 5226 est,
1077 5163 1132 5213 et
1163 5176 1265 5230 per
1307 5159 1434 5231 ipsa
1467 5159 1706 5216 nomina
1735 5160 2038 5218 Trinitatis
2063 5165 2189 5218 tan-
2299 5177 2501 5231 magna
2547 5169 2626 5216 est
2668 5161 2800 5233 ﬁdes
2848 5170 2942 5218 tua
2972 5162 3174 5233 (Matth.
3199 5180 3292 5232 xv,
3314 5167 3434 5233 28);
3485 5168 3543 5220 et
3588 5160 3744 5218 alteri
3777 5176 3790 5214 :
3820 5155 3917 5212 Ho-

541 5245 671 5300 tum
703 5261 960 5318 personae
981 5246 1267 5303 distincta:
1296 5253 1491 5303 sunt.»
1514 5249 1584 5302 Et
1615 5248 1788 5320 paulo
1820 5256 1952 5321 post
1973 5267 2021 5306 :«
2048 5251 2191 5322 Spes
2298 5249 2439 5306 dicte
2483 5249 2630 5321 ﬁdei,
2677 5267 2845 5323 quare
2899 5251 3209 5308 dubitasti?
3250 5252 3453 5325 (Matth.
3485 5269 3599 5320 xxv,
3631 5251 3718 5322 31)
3767 5257 3917 5304 suam

544 5330 680 5388 ﬁdei
701 5339 910 5390 nostra:
936 5335 1059 5391 haec
1081 5340 1188 5405 est,
1213 5340 1278 5391 ut
1311 5337 1367 5390 in
1400 5335 1692 5408 baptismo
1717 5337 1951 5392 unitum
1983 5339 2189 5394 divini-
2299 5337 2507 5412 cuique
2539 5356 2665 5396 esse
2705 5340 3076 5413 signiﬁcabat
3101 5357 3114 5396 :
3139 5341 3240 5397 sed
3272 5341 3356 5398 ita
3393 5342 3608 5398 dicitur
3643 5339 3832 5396 eadem
3858 5333 3916 5388 ﬁ-

539 5420 681 5476 tatis
697 5438 908 5478 nomen
927 5423 1088 5496 prius
1106 5425 1457 5493 conﬁtearis,
1475 5429 1538 5478 ut
1556 5426 1803 5482 remissa
1819 5433 2188 5497 peccatorum
2299 5429 2401 5484 des
2427 5446 2564 5497 una,
2590 5430 3088 5501 quemadmodum
3111 5431 3313 5488 eadem
3335 5430 3651 5488 volentium
3671 5426 3917 5485 voluntas

537 5507 601 5564 in
632 5507 725 5565 his
753 5513 1017 5584 personis
1038 5513 1317 5586 consequi
1345 5514 1680 5570 merearis.»
1705 5516 1866 5580 Quod
1899 5521 2095 5572 autem
2129 5518 2187 5574 in
2297 5535 2432 5574 una.
2465 5541 2492 5568 »
2523 5518 2594 5575 Et
2622 5522 2864 5575 sanctus
2895 5518 3208 5593 Gregorius
3237 5520 3300 5576 in
3331 5523 3536 5594 quarto
3569 5519 3713 5575 libro
3742 5511 3914 5572 Dialo-

538 5596 1230 5658 historiasacraActuum
1254 5602 1650 5676 apostolorum
1675 5603 2189 5678 legimus,aposto-
2294 5624 2501 5682 gorum
2530 5609 2666 5681 (cap.
2691 5611 2748 5678 2)
2777 5607 2918 5664 dicit
2975 5609 3114 5682 quia
3170 5609 3298 5667 sine
3352 5611 3464 5666 ﬁde
3523 5625 3627 5665 nec
3683 5597 3913 5662 inﬁdelis

531 5685 624 5752 los
651 5685 714 5749 in
741 5690 978 5748 nomine
1024 5692 1165 5751 Jesu
1195 5691 1406 5752 Christi
1449 5692 1696 5767 gentiles
1747 5693 2028 5769 baptizari
2052 5696 2182 5770 jus-
2293 5697 2451 5756 vivit.
2477 5720 2506 5750 »
2530 5697 2698 5757 Fides
2729 5701 2946 5770 autem,
2981 5699 3051 5759 de
3080 5715 3197 5776 qua
3223 5698 3540 5776 Apostolus
3571 5697 3708 5756 dicit
3736 5709 3750 5749 :
3785 5691 3914 5752 Unus
