4148 6462
228 493 358 570 5161-

1291 499 1392 560 DE
1437 499 1596 561 UNA
1644 500 1746 561 ET
1793 500 1950 562 NON
1999 499 2237 562 TRlNA
2284 501 2644 563 DEITATE.

3528 501 3651 564 562

227 629 394 694 Deus,
428 643 540 683 una
568 625 720 698 ﬁdes,
747 643 921 684 unum
952 626 1217 701 baptisma
1237 630 1450 704 (Ephes.
1475 649 1554 700 ιν,
1575 633 1656 701 5),
1682 631 1880 690 catho-
1912 633 1968 700 Α
1996 635 2116 690 tate
2145 633 2371 692 divisus
2399 638 2507 703 est,
2531 638 2759 692 constat
2787 635 2927 708 quia
2958 638 3284 709 proximum
3316 638 3652 704 nonamat,

228 717 344 796 lica
369 721 481 787 est,
513 734 548 773 a
575 735 696 790 qua
742 735 864 774 una
910 719 1011 775 Dei
1062 719 1354 789 columba,
1388 720 1660 778 videlicet
1692 727 1898 778 sancta

227 805 512 874 Ecclesia,
541 811 920 880 nuncupatur
964 808 1268 878 catholica,
1294 810 1350 865 id
1385 814 1472 866 est
1519 811 1893 867 universalis.

228 897 368 962 Quae
401 900 492 951 est
523 913 641 951 una
671 895 906 962 domus,
939 897 1011 953 de
1041 914 1159 970 qua
1186 897 1446 970 praecipit
1475 899 1763 955 Dominus
1795 917 1898 972 per

229 985 472 1057 Moysen
497 984 644 1040 nihil
667 985 854 1042 efferri
878 987 950 1041 de
977 987 1238 1058 paschali
1264 1003 1412 1061 agno
1434 987 1628 1058 (Exod.
1655 1006 1754 1056 xu,
1779 991 1892 1057 46),

227 1075 328 1131 sed
361 1073 425 1130 in
455 1091 526 1130 ea
555 1073 729 1130 illum
757 1075 984 1131 comedi
1018 1093 1031 1132 :
1064 1079 1121 1132 et
1151 1094 1304 1146 arca,
1329 1082 1490 1134 extra
1520 1095 1700 1150 quam
1743 1077 1894 1133 dilu-

224 1163 300 1246 ξ’ίί
325 1169 593 1238 tempore
615 1164 866 1238 quisque
887 1169 1150 1238 repertus
1171 1183 1285 1222 non
1307 1167 1497 1240 potuit
1515 1167 1725 1223 vivere.
1743 1168 1892 1234 Haec,

226 1251 501 1326 lnquam,
527 1271 650 1310 una
677 1255 823 1311 ﬁdes
852 1259 961 1320 est,
984 1273 1098 1310 non
1133 1272 1400 1323 numero,
1422 1257 1520 1311 sed
1555 1273 1766 1329 genere
1797 1272 1894 1327 ge-

227 1341 448 1398 neralis
469 1343 823 1415 generaliter
841 1345 1106 1400 omnium
1136 1343 1194 1399 in
1219 1344 1443 1400 unitate
1465 1349 1679 1400 sanctae
1702 1345 1893 1401 Eccle-

226 1430 326 1487 sia)
349 1431 833 1487 consistentium.
858 1434 992 1498 Quae
1024 1433 1177 1488 sicut
1197 1433 1255 1487 in
1278 1433 1597 1506 apostolico
1630 1433 1894 1506 symbolo

227 1519 586 1604 continetur,
601 1521 826 1577 sanctis
857 1521 1136 1594 apostolis
1161 1540 1194 1577 a
1213 1523 1440 1578 Christo
1463 1527 1552 1578 est
1579 1523 1815 1590 tradita,
1839 1527 1896 1578 et

227 1610 298 1668 ab
329 1625 542 1666 eorum
591 1610 1209 1678 successoribus,viris
1254 1610 1476 1667 scilicet
1505 1611 1812 1684 apostolis,
1835 1611 1892 1666 in

227 1715 324 1756 sex
354 1697 738 1772 generalibus
761 1699 1021 1772 synodis,
1037 1700 1094 1754 id
1117 1705 1206 1756 est
1225 1700 1458 1755 Nicaana
1487 1704 1746 1772 tempore
1767 1717 1896 1756 san-

225 1787 300 1844 cti
313 1787 585 1844 Silvestri
598 1805 762 1861 papa:
780 1804 846 1844 ac
861 1787 1896 1861 Constantini,Constantinopolitana

200 1877 604 1950 temporibus
625 1878 860 1933 Damasi
889 1881 944 1932 et
965 1877 1249 1944 Gratiani,
1271 1877 1524 1950 Ephesia
1545 1878 1654 1933 sub
1677 1877 1894 1934 lees-

226 1966 350 2024 tino
373 1971 435 2023 et
453 1967 806 2035 Theodosio,
820 1967 1278 2023 Chalcedonensi
1301 1967 1667 2039 temporibus
1685 1967 1894 2022 Leonis

227 2061 284 2116 et
311 2055 619 2124 Martiani,
648 2057 785 2112 item
802 2055 1448 2128 Constantinopolitana
1469 2056 1578 2110 sub
1601 2055 1809 2128 Vigilio
1841 2060 1896 2112 et

226 2145 591 2214 Justiniano,
623 2143 882 2217 itemque
904 2143 1554 2217 Constantinopolitana
1591 2145 1700 2200 sub
1741 2147 1896 2217 Aga-

229 2235 407 2292 thone
423 2239 490 2291 et
510 2235 894 2290 Constantino
909 2235 1167 2306 juniore,
1182 2239 1355 2307 atque
1377 2235 1437 2289 in
1459 2234 1685 2289 caeteris
1705 2235 1918 2303 cathox

230 2323 359 2381 licis
390 2323 644 2398 synodis
675 2340 706 2379 a
737 2323 876 2379 sede
906 2323 1228 2397 apostolica
1249 2323 1611 2378 conﬁrmatis
1641 2322 1894 2396 prolata;

230 2430 406 2487 quam
428 2412 553 2470 nisi
575 2411 826 2486 quisque
847 2411 1137 2486 integram
1160 2412 1615 2485 inviolatamque
1638 2429 1892 2469 servave-

229 2502 319 2570 rit_
337 2501 548 2560 salvus
569 2518 698 2558 esse
723 2518 840 2556 non
863 2502 1101 2575 poterit,
1123 2502 1224 2558 sed
1256 2501 1316 2556 in
1347 2506 1631 2557 aeternum
1662 2501 1894 2573 peribit.

232 2592 392 2649 Unde
439 2595 690 2648 sanctus
737 2592 1106 2664 Augustinus
1147 2590 1207 2646 in
1239 2591 1580 2646 Commento
1627 2590 1895 2663 Epistolzn

231 2682 488 2740 Joannis
509 2680 652 2738 dicit
676 2697 725 2736 :«
752 2680 920 2737 Fides
950 2697 1088 2736 cum
1110 2679 1419 2735 dilectione
1453 2681 1594 2736 ﬁdes
1621 2685 1710 2735 est
1731 2680 1896 2735 Chri-

232 2772 436 2842 stiani,
465 2773 624 2828 499
646 2771 791 2827 ﬁdes
819 2771 946 2826 sine
975 2769 1284 2826 dilectione
1309 2771 1449 2824 ﬁdes
1475 2773 1563 2824 est
1592 2769 1892 2825 daemonis-

231 2860 337 2928 Qui
357 2866 564 2918 autem
583 2878 699 2916 non
717 2861 963 2917 credunt
986 2859 1213 2932 pejores
1230 2863 1368 2913 sunt
1384 2875 1560 2930 quam
1581 2859 1893 2914 dmmones-

227 2950 434 3008 Nescio
471 2949 610 3022 quis
650 2967 766 3006 non
797 2948 922 3004 vult
959 2949 1192 3004 credere
1230 2947 1289 3002 in
1335 2946 1672 3002 Christum:
1705 2947 1897 3002 adhuc

229 3056 330 3096 nec
371 3041 679 3096 daemones
727 3037 1014 3094 imitatur.
1047 3037 1180 3092 Jam
1229 3036 1414 3092 credit
1443 3037 1760 3104 Christum,
1795 3036 1894 3091 sed

229 3129 350 3186 odit
377 3128 713 3187 Christum.
737 3128 925 3183 Habet
957 3125 1382 3182 confessionem
1417 3126 1549 3181 ﬁdei
1592 3125 1650 3180 in
1691 3125 1897 3180 timore

230 3235 436 3292 paenae,
459 3236 581 3275 non
614 3218 671 3274 in
706 3233 903 3274 amore
947 3234 1191 3274 corona}.
1215 3217 1377 3272 Adde
1416 3215 1552 3271 huic
1592 3214 1725 3271 ﬁdei
1757 3214 1897 3270 dile-

234 3309 522 3376 ctionem,
537 3313 602 3364 ut
622 3308 724 3364 ﬁat
744 3307 888 3362 ﬁdes
911 3308 982 3362 de
1004 3323 1122 3378 qua
1142 3304 1286 3360 dicit
1305 3303 1604 3378 apostolus
1639 3303 1855 3360 Paulus
1882 3321 1894 3358 :

233 3399 384 3456 Fides
425 3412 560 3472 quae
598 3413 696 3470 per
733 3377 1077 3452 dilectionem.
1113 3377 1368 3467 operatur
1389 3391 1528 3465 (Gal.
1551 3409 1604 3460 v,
1629 3395 1706 3462 6),
1735 3392 1894 3448 inve-
1927 3377 1972 3443 C

237 3487 374 3544 nisti
395 3486 832 3554 Christianum,
854 3483 1127 3540 invenisti
1159 3483 1344 3539 civem
1381 3481 1761 3538 Hierusalem.
1778 3503 1806 3532 »
1828 3483 1899 3537 Et

235 3576 292 3632 in
321 3573 644 3648 Evangelia
673 3573 918 3630 Joannis
953 3589 965 3628 :
993 3596 1021 3623 «
1050 3571 1192 3640 Quis
1223 3571 1536 3628 salubriter
1563 3575 1652 3626 est
1683 3569 1896 3636 ﬁdelis,

236 3665 347 3722 nisi
389 3681 467 3721 ea
515 3663 630 3718 ﬁde
678 3679 806 3735 qua;
853 3677 956 3734 per
1002 3659 1374 3718 dilectionem
1423 3660 1795 3732 operatur?»
1827 3661 1898 3714 Et

232 3753 482 3828 Prosper
511 3769 582 3808 ex
609 3750 918 3825 Augustini
949 3750 1142 3806 verbis
1175 3766 1222 3804 :«
1253 3749 1378 3804 Non
1410 3753 1550 3804 sunt
1578 3749 1731 3805 bona
1761 3765 1898 3820 ope-

234 3860 313 3912 ra,
338 3842 457 3901 nisi
489 3858 622 3914 qua:
652 3857 756 3914 per
786 3841 960 3896 ﬁdem
985 3843 1045 3896 et
1062 3838 1431 3894 dilectionem
1458 3838 1628 3906 ﬁunt,
1661 3837 1800 3910 quia
1822 3837 1898 3894 al-

233 3936 417 3990 terum
449 3930 583 3989 sine
603 3929 784 3986 altero
807 3929 1030 3986 nullius
1052 3929 1287 3984 virtutis
1310 3929 1564 3984 fructum
1589 3927 1794 4000 parit.»
1818 3929 1900 3984 Ea

235 4026 474 4096 propter
507 4019 928 4077 Gothescalcus
985 4017 1312 4085 hazreticus,
1340 4016 1440 4089 qui
1493 4034 1672 4072 unam
1720 4017 1896 4073 ﬁdem

235 4111 566 4169 secundum
587 4107 930 4181 Apostolum
953 4107 1304 4163 verbotenus
1324 4105 1621 4179 prmdicat,
1639 4122 1700 4161 se
1721 4105 1896 4162 ﬁdem

234 4217 430 4258 veram
452 4199 517 4254 in
542 4197 866 4270 praemissis
887 4197 1013 4252 suis
1033 4196 1143 4267 seri
1151 4195 1268 4268 ptis
1291 4213 1406 4252 non
1429 4193 1643 4250 habere
1664 4195 1902 4251 demon-

240 4294 421 4346 strat:
449 4287 594 4362 quia
633 4287 776 4342 dicit
823 4285 1036 4342 Paulus
1067 4284 1366 4357 apostolus
1401 4301 1414 4340 :
1445 4284 1602 4340 Fides
1635 4299 1759 4356 qua:
1800 4301 1901 4356 per

237 4378 586 4436 dilectionem
609 4383 885 4448 operatur.
909 4373 1228 4430 Dilectione
1249 4377 1444 4430 autem
1472 4372 1690 4440 Latine,
1716 4373 1900 4429 chari-

239 4471 328 4525 tas
353 4470 558 4526 Graece
605 4465 867 4521 dicitur:
901 4465 972 4520 de
1012 4481 1131 4536 qua
1181 4463 1324 4519 dicit
1380 4463 1536 4517 idem
1595 4462 1898 4534 apostolus

241 4555 458 4613 Paulus
483 4573 496 4610 :
519 4555 584 4612 Si
611 4553 884 4610 tradidero
909 4569 1102 4626 corpus
1124 4569 1308 4608 meum
1336 4559 1395 4608 ut
1421 4551 1628 4619 ardeat,
1659 4551 1900 4608 charita-

238 4649 346 4702 tem
373 4662 486 4702 non
537 4643 787 4711 habeam,
828 4643 978 4698 nihil
1020 4641 1164 4698 mihi
1206 4641 1424 4713 prodest
1450 4641 1497 4709 (Ι
1527 4640 1646 4696 Cor.
1670 4657 1792 4706 xm,
1817 4641 1892 4712 3).

242 4733 403 4792 Unde
451 4737 699 4791 sanctus
745 4731 1057 4805 Gregorius
1106 4731 1165 4786 in
1214 4730 1362 4786 libro
1421 4729 1646 4785 decimo
1697 4733 1896 4786 octavo
1925 4740 1998 4814 θ’

243 4829 380 4898 (cap.
407 4825 498 4897 14)
523 4821 834 4879 Moralium
867 4821 1010 4877 dicit
1029 4838 1078 4876 :«
1101 4819 1212 4876 Alii
1237 4819 1453 4892 quippe
1486 4836 1660 4890 prava
1680 4819 1752 4874 de
1777 4819 1894 4875 Deo

245 4913 528 4979 sentiunt,
548 4910 650 4966 alii
681 4914 839 4966 recta
869 4909 938 4965 de
969 4912 1204 4964 auctore
1235 4911 1454 4974 tenent,
1480 4906 1580 4962 sed
1614 4905 1896 4962 unitatem

247 5017 377 5058 cum
413 4999 695 5057 fratribus
727 5015 841 5055 non
874 5002 1095 5054 tenent.
1123 4996 1212 5053 llli
1241 5013 1431 5052 errore
1461 4995 1615 5062 ﬁdei,
1640 4994 1736 5051 isti
1766 5013 1898 5052 vero

247 5089 586 5148 schismatis
609 5087 1036 5161 perpetratione
1057 5085 1225 5142 divisi
1253 5089 1409 5141 sunt.
1429 5084 1592 5141 Unde
1613 5089 1671 5140 ct
1690 5084 1751 5140 in
1770 5084 1900 5157 ipsa

249 5181 438 5252 prima
465 5181 633 5252 parte
663 5175 931 5250 Decalogi
981 5179 1362 5247 utrarumque
1412 5174 1666 5246 partium
1715 5175 1898 5248 culpae

250 5269 672 5346 reprimuntur,
705 5283 842 5324 cum
873 5265 1068 5322 divina
1095 5281 1230 5320 voce
1261 5263 1511 5320 dicitur:
1550 5265 1760 5336 Diliges
1786 5269 1897 5322 Do-

249 5359 466 5415 minum
493 5358 668 5414 Deum
705 5364 861 5412 tuum
889 5373 961 5412 ea:
988 5363 1090 5412 toto
1115 5354 1272 5410 corde
1299 5361 1408 5421 tuo,
1441 5361 1494 5408 et
1519 5369 1588 5408 ea:
1627 5361 1734 5410 tota
1770 5356 1902 5411 ani-

251 5463 342 5503 ma
369 5454 486 5517 tua,
507 5453 560 5503 et
589 5462 661 5502 ea:
688 5452 798 5502 tota
827 5447 1026 5502 virtute
1053 5452 1148 5500 tua
1168 5443 1342 5516 (Deut.
1366 5459 1442 5509 v1,
1465 5442 1541 5510 5),
1565 5445 1741 5514 atque
1771 5461 1906 5500 mox

257 5536 528 5593 subditur
575 5553 590 5592 :
643 5536 846 5606 Diliges
896 5535 1215 5607 proximum
1266 5541 1422 5588 tuum
1478 5531 1622 5586 sicut
1673 5533 1902 5604 teipsum

258 5623 404 5696 (Rat.
435 5643 576 5697 XXII,
597 5626 698 5693 36;
719 5641 917 5692 xxvm,
942 5623 1053 5696 39).
1077 5623 1182 5689 Qui
1205 5621 1362 5677 enim
1390 5620 1460 5674 de
1491 5619 1605 5674 Deo
1637 5637 1908 5691 perversa

262 5714 452 5782 sentit,
483 5714 670 5788 liquet
711 5715 968 5787 profecto
999 5713 1140 5784 quia
1178 5711 1360 5766 Deum
1408 5725 1524 5762 non
1556 5707 1766 5780 diligit.
1797 5713 1906 5778 Qui

263 5819 394 5861 vero
423 5803 493 5862 de
522 5805 640 5862 Deo
671 5807 826 5861 recta
866 5801 1122 5859 sentiens
1165 5818 1199 5857 a
1237 5801 1448 5855 sancta:
1480 5796 1746 5854 Ecclesia:
1778 5802 1906 5856 uni-

2007 739 2180 794 qucm
2213 723 2426 778 habere
2453 724 2677 779 socium
2711 728 2956 780 recusat.
2981 724 3254 798 Quisquis
3275 741 3410 798 ergo
3439 724 3650 782 ab~hac

2005 811 2230 868 unitate
2262 811 2468 868 matris
2500 812 2768 868 Ecclesizn
2816 830 2955 878 suae,
2990 830 3092 885 per
3134 813 3400 868 haeresim
3431 814 3504 869 de
3533 813 3650 869 Deo

2006 917 2274 972 perversa
2324 901 2648 972 sentiendo,
2682 919 2783 956 seu
2827 919 3018 956 errore
3076 900 3414 956 schismatis
3459 899 3648 974 proxi-

2005 1005 2166 1043 mum
2201 1006 2313 1044 non
2345 989 2638 1062 diligendo
2669 989 2967 1061 dividitur,
2990 989 3290 1046 charitatis
3321 990 3499 1063 hujus
3529 1006 3651 1062 gra'

2005 1077 2088 1132 tia
2134 1079 2412 1150 privatur.
2442 1101 2468 1127 »
2490 1079 2560 1134 Et
2599 1079 2737 1133 item
2788 1080 3067 1150 praefatus
3111 1078 3425 1150 Apostolus
3466 1077 3648 1134 dicit:

2003 1169 2156 1222 Finis
2185 1169 2334 1223 enim
2383 1168 2514 1239 legis
2544 1176 2627 1224 est
2655 1167 2902 1224 Christus
2931 1168 3000 1222 ad
3019 1169 3299 1240 justitiam
3342 1169 3494 1224 omni
3537 1181 3653 1222 cre-

2002 1256 2154 1312 denti
2189 1258 2362 1325 (Rom.
2395 1275 2451 1324 x,
2488 1259 2561 1325 4).
2595 1257 2759 1313 Unde
2803 1257 3166 1329 Augustinus
3201 1274 3266 1314 ;‹‹
3300 1258 3370 1312 Et
3415 1257 3652 1329 quidem

2004 1343 2158 1412 ﬁnis,
2194 1345 2404 1417 inquit,
2429 1345 2716 1414 Christus,
2745 1345 2884 1418 quia
2911 1345 3178 1401 Christus
3216 1345 3372 1401 Deus
3400 1347 3490 1401 est
3520 1342 3655 1400 ﬁnis

2005 1434 2274 1506 praecepti
2307 1434 2629 1502 charitatis,
2654 1439 2710 1489 et
2753 1435 2908 1490 Deus
2937 1434 3214 1501 charitas,
3238 1450 3355 1506 qua
3389 1437 3450 1488 et
3486 1433 3656 1489 Pater

2003 1526 2062 1577 et
2093 1520 2274 1578 Filius
2305 1527 2363 1579 et
2385 1523 2638 1596 Spiritus
2671 1527 2911 1579 sanctus
2943 1539 3127 1579 unum
3151 1526 3347 1578 sunt.»
3370 1521 3656 1578 Miramur

2002 1610 2201 1680 etiam,
2227 1613 2461 1684 quando
2483 1611 2644 1667 misit
2666 1613 2736 1667 de
2759 1612 2996 1668 Scdulio
3018 1616 3244 1667 ternam
3269 1611 3654 1683 ﬁdem,quare

2003 1717 2217 1772 ponere
2247 1701 2509 1758 omiserit
2539 1702 2610 1756 de
2641 1704 2878 1757 Aratore
2909 1701 3126 1756 trinam
3157 1701 3354 1768 ﬁdem,
3379 1698 3480 1772 qui
3511 1699 3654 1772 ﬁgm

2002 1793 2125 1845 rate
2153 1789 2398 1862 loquens
2428 1790 2488 1844 in
2518 1789 2666 1846 libro
2697 1789 2888 1862 primo
2922 1789 3082 1855 dicit,

2093 1896 2250 1946 Trina
2279 1895 2409 1944 ﬂdes
2428 1899 2584 1945 vocat
2603 1895 2766 1957 hunc,
2788 1909 2895 1960 quo
2916 1897 3134 1945 nomine
3155 1896 3302 1945 fonte
3328 1895 3554 1944 lavatur.

2001 1993 2072 2048 Et
2101 1993 2172 2049 de
2203 1992 2438 2049 nomine
2467 1993 2617 2048 trino
2648 1993 2707 2049 in
2739 1994 2996 2049 secundo
3027 1992 3175 2049 libro
3203 1992 3364 2061 dicit,

2761 2102 2875 2165 Non
2906 2102 3048 2165 cogit
3074 2101 3140 2165 ad
3173 2101 3368 2150 undam

2097 2164 2288 2214 Nostra
2315 2164 2448 2213 ﬁdes
2476 2163 2620 2213 hunc
2651 2164 2728 2214 ire
2759 2163 3089 2227 iteruquui
3119 2165 3337 2214 nomine
3368 2163 3524 2212 trino.

2005 2271 2074 2326 Et
2103 2271 2173 2326 de
2204 2271 2334 2327 fidei
2368 2275 2558 2326 terum
2595 2271 2654 2326 in
2686 2271 2874 2343 primo
2907 2269 3054 2326 libro
3084 2271 3330 2342 ﬁgurate
3358 2269 3624 2341 loquens,

2098 2381 2251 2429 Nona
2279 2379 2380 2428 fuit
2409 2383 2538 2428 tunc
2567 2379 2699 2428 hora
2728 2378 2913 2440 magis,
2946 2391 3053 2440 qua
3083 2376 3278 2440 rectius
3305 2375 3438 2426 hora

2097 2441 2340 2492 Prodiret
2361 2442 2474 2506 jam
2505 2441 2645 2490 trina
2674 2440 2804 2489 lides
2824 2439 2887 2490 iet
2913 2439 3070 2489 tertia
3099 2439 3333 2502 simplex.

2005 2553 2148 2604 Cum
2171 2547 2242 2604 ad
2266 2565 2431 2603 suam
2457 2547 2919 2602 conﬁrmandam
2941 2543 3292 2601 sententiam
3309 2543 3381 2599 ad
3403 2540 3658 2599 testimov-

2007 2638 2171 2713 nium
2200 2635 2561 2692 devocaverit
2591 2635 2807 2690 dixisse
2839 2635 3006 2689 illum
3038 2633 3252 2688 trinam
3284 2633 3654 2704 potestatem,

2006 2727 2161 2782 sicut
2190 2730 2247 2781 et
2277 2724 2655 2781 Prudentium
2687 2724 2900 2778 trinam
2934 2724 3086 2780 500
3117 2722 3411 2794 pietatem,
3437 2720 3507 2776 de
3539 2736 3656 2792 quo

2007 2815 2288 2888 quiddam
2312 2832 2492 2886 supra
2524 2813 2954 2885 respondimus,
2971 2811 3068 2866 ubi
3093 2816 3151 2866 et
3168 2809 3288 2865 haec
3311 2827 3438 2882 quas
3458 2809 3528 2864 de
3553 2808 3652 2864 Se-

2007 2903 2185 2971 dulio,
2208 2905 2538 2969 Aratore,et
2560 2901 2837 2973 Prospero
2870 2901 3298 2971 subjungemus
3328 2912 3651 2970 congruen-

2006 2992 2128 3049 tius
2160 3009 2530 3065 poneremus,
2555 2990 2668 3046 nisi
2705 2991 2814 3046 hoc
2854 2987 3160 3044 sollicitius
3193 2980 3650 3052 attenderemus,

2009 3087 2075 3138 ut
2105 3082 2176 3137 ad
2211 3080 2472 3153 singulas
2501 3097 2640 3135 suas
2667 3075 3192 3150 tergiversationes,
3215 3079 3272 3131 et
3291 3072 3652 3131 inordinatus

2007 3168 2376 3242 rcpetitiones
2398 3167 2596 3224 obvias
2628 3167 2712 3222 illi
2741 3165 3062 3222 sententias
3083 3182 3153 3220 ex
3173 3161 3458 3236 simplicis
3479 3164 3538 3218 et
3559 3178 3654 3218 ca-

2005 3259 2232 3314 tholica:
2257 3257 2388 3313 ﬁdei
2413 3258 2717 3312 doctorum
2739 3254 2910 3310 dictis
2927 3269 3376 3326 opponeremus.
3399 3247 3660 3322 Denique

2007 3347 2080 3402 ad
2113 3347 2221 3403 hoc
2259 3346 2414 3418 quod
2467 3345 2612 3400 dixit
2655 3345 2880 3410 Arator,
2913 3340 3156 3398 metrica
3183 3338 3532 3396 necessitate
3560 3355 3656 3395 co-

2011 3440 2197 3504 actus,

2097 3543 2258 3595 Trina
2286 3543 2416 3592 ﬁdes
2438 3546 2593 3592 vocat
2610 3543 2755 3591 hunc
2775 3554 2882 3606 quo
2903 3539 3120 3588 nomine
3146 3538 3292 3588 fonte
3311 3535 3540 3587 lavatur.

2007 3651 2120 3706 Et:

2102 3784 2114 3796 ο
2183 3783 2194 3796 σ
2267 3785 2278 3796 Ι
2348 3784 2360 3796 ο
2431 3783 2444 3796 ο
2513 3783 2525 3796 ο

2593 3749 2709 3796 Non
2735 3745 2876 3807 cogit
2903 3744 2969 3793 ad
3001 3743 3202 3792 undam

2100 3811 2289 3859 Nostra
2317 3809 2446 3858 ﬁdes
2475 3809 2619 3857 hunc
2648 3809 2723 3857 ire
2755 3801 2964 3865 iterum,
2989 3807 3113 3870 quia
3141 3803 3356 3854 nomine
3383 3801 3527 3852 trino

2101 3873 2358 3936 Dogmata
2385 3885 2547 3934 prava
2577 3871 2812 3920 trahunt.

2007 3977 2514 4035 Sufﬁcientissime
2537 3974 2802 4032 catholici
2825 3975 3089 4029 doctores
3116 3975 3174 4026 et
3203 3970 3262 4026 in
3287 3968 3654 4043 praecedenti-

2007 4069 2119 4124 bus
2149 4071 2206 4123 et
2235 4067 2292 4121 in
2317 4064 2814 4137 subsequentibus
2845 4063 3121 4128 referunt,
3146 4077 3262 4116 non
3281 4058 3526 4127 trinum,
3550 4057 3652 4117 sed

2008 4173 2193 4225 unum
2225 4156 2402 4211 unius
2435 4153 2534 4210 Dei
2564 4171 2777 4209 nomen
2809 4168 2960 4216 esse,
2983 4151 3042 4204 in
3067 4167 3184 4221 quo
3215 4147 3274 4202 in
3306 4146 3528 4203 unitate
3557 4161 3652 4201 ca-

2008 4243 2236 4301 tholicze
2269 4243 2400 4299 ﬁdei
2433 4261 2466 4299 a
2495 4243 2740 4298 Domino
2787 4239 3067 4313 baptizari
3107 4239 3414 4310 jnbentur,
3439 4237 3498 4292 et
3526 4251 3655 4292 cre-

2007 4335 2210 4389 dentes
2232 4351 2347 4388 uno
2366 4331 2581 4388 Christi
2604 4331 2972 4403 baptismate,
2993 4328 3053 4382 in
3079 4345 3194 4396 quo
3217 4325 3340 4381 solo
3363 4326 3427 4379 ﬁt
3447 4321 3656 4380 remis-

1981 4423 2093 4479 -sio
2125 4421 2389 4477 omnium
2435 4426 2827 4494 peccatorum,
2861 4436 2896 4473 a
2925 4415 3227 4472 catholicis
3259 4413 3652 4486 baptizantur.

2007 4511 2171 4567 Unde
2188 4509 2534 4566 Ambrosius
2552 4509 2613 4564 in
2637 4507 2784 4564 libro
2808 4525 2826 4562 1
2847 4509 2918 4562 de
2943 4505 3077 4561 Fide
3099 4505 3263 4576 (libro
3283 4521 3324 4569 ι,
3345 4519 3396 4558 c.
3423 4502 3476 4576 1)
3494 4519 3543 4556 :«
3569 4500 3656 4570 Si,

2005 4598 2216 4672 inquit,
2241 4616 2394 4654 unus
2427 4599 2601 4666 Deus,
2626 4614 2810 4652 unum
2839 4611 3074 4662 nomen,
3096 4609 3216 4649 una
3234 4594 3514 4665 potestas,
3538 4607 3657 4646 una

2007 4693 2096 4744 est
2125 4687 2403 4744 Trinitas.
2443 4687 2705 4759 Denique
2737 4685 2914 4742 dicit:
2948 4690 3043 4754 Ite,
3080 4684 3346 4755 baptizata
3384 4687 3564 4752 gentes
3595 4679 3658 4734 in

2004 4783 2226 4832 nomine
2283 4777 2486 4840 Patris,
2536 4783 2587 4830 et
2643 4776 2796 4842 Filii,
2838 4781 2889 4830 et
2943 4773 3188 4845 Spiritus
3243 4767 3420 4824 sancti
3447 4763 3651 4834 (Matth.

2005 4883 2198 4931 XXVIII,
2225 4866 2296 4937 1).
2322 4865 2385 4920 In
2418 4863 2654 4920 nomine
2684 4863 2889 4935 utique
2920 4861 3022 4931 ait,
3057 4877 3172 4914 non
3203 4857 3263 4911 in
3293 4850 3650 4910 nominibus.

2007 4955 2137 5028 Ipse
2166 4953 2340 5009 etiam
2374 4954 2552 5009 dicit:
2577 4955 2682 5025 Ego
2713 4961 2762 5008 et
2791 4955 2953 5007 Pater
2983 4965 3156 5005 unum
3181 4959 3371 5002 sumus
3398 4941 3574 5014 (Joan.
3595 4957 3651 5008 x,

2005 5045 2118 5117 30).
2145 5047 2322 5102 Unum
2344 5043 2510 5108 dixit,
2535 5060 2605 5098 ne
2637 5043 2738 5096 ﬁat
2775 5039 3047 5096 discretio
3089 5029 3393 5108 potestatis
3420 5046 3434 5084 :
3463 5043 3654 5117 sumus

2007 5116 2252 5200 addidit,
2282 5136 2347 5188 ut
2378 5133 2607 5188 Patrem
2638 5129 2965 5200 Filiumque
2994 5138 3331 5198 cognoscas,
3356 5116 3512 5191 quod
3533 5133 3657 5190 per-

2007 5223 2192 5278 fectus
2225 5223 2391 5277 Pater
2432 5221 2753 5293 perfectum
2801 5217 3008 5273 Filium
3058 5210 3332 5285 genuisse
3362 5207 3652 5275 credatur,

2010 5317 2068 5369 et
2096 5314 2263 5369 Pater
2293 5329 2359 5367 ac
2392 5310 2574 5366 Filius
2606 5325 2786 5364 unum
2829 5307 2968 5372 sint,
3000 5320 3113 5358 non
3155 5297 3496 5356 confusione
3525 5313 3654 5370 per-

2013 5420 2167 5458 sonae
2217 5402 2318 5458 sed
2350 5399 2628 5456 unitate.»
2654 5398 2816 5464 Quod
2866 5394 3011 5452 dixit
3038 5393 3244 5447 Arator
3289 5387 3350 5445 in
3398 5387 3654 5470 secundo

2013 5493 2187 5560 libro,

2076 5635 2096 5684 Ι
2103 5648 2193 5698 pse
2211 5633 2362 5698 (quin
2380 5630 2613 5692 Joannes)
2633 5630 2772 5678 viam
2795 5641 3116 5687 memorans,
3131 5625 3336 5676 cunctis
3362 5621 3656 5750 .

2079 5761 2201 5808 Post
2219 5759 2378 5817 aliud,
2400 5757 2538 5820 quod
2557 5755 2677 5819 jure
2699 5755 2870 5815 datur,
2885 5751 3028 5818 quod
3051 5753 3192 5804 trina
3210 5753 3443 5816 potestas

2079 5821 2344 5871 lllustrare
2373 5821 2521 5871 solet.
2561 5855 2572 5868 .
2609 5855 2619 5865 .
