4148 6456
462 500 579 562 563

1397 492 1781 559 BINCMABI
1825 490 2272 556 RHEMENSIS
2314 489 2932 555 ARllllIEPISCOPI.

3751 488 3873 552 564

460 638 521 692 et
538 632 597 690 in
621 632 810 708 primo
835 631 1083 707 figurate
1111 630 1380 704 loquens,
1403 628 1674 687 similiter
1702 627 1876 686 metri
1906 643 2106 684 neces-
2133 626 2191 694 Α
2217 629 2361 682 sunt
2389 625 2566 695 Deus,
2598 625 2808 683 horum
2839 629 2932 682 est
2959 626 3018 682 et
3050 640 3168 682 una
3196 622 3498 698 majestas,
3530 623 3688 681 sicut
3715 621 3875 680 idem

461 722 655 794 sitate,

526 850 539 863 .
610 847 625 862 .
693 848 706 862 .
775 846 788 860 .
860 845 874 860 .
939 844 955 859 .
1009 812 1151 874 Nam
1178 810 1322 861 trina
1347 812 1586 874 potestas

523 875 734 940 Colligit
746 874 888 924 hanc
907 873 1130 936 prolem,
1152 873 1432 923 numerum
1462 873 1657 937 partita
1677 885 1775 937 per
1793 884 2030 936 equum.

462 956 535 1012 Et
563 971 770 1012 omnes
801 952 1072 1010 catholici
1104 952 1474 1025 apertissime
1494 953 1567 1009 de
1589 950 1908 1024 Scripturis
1929 948 2113 1007 sacris

465 1043 803 1111 ostendunt,
837 1059 954 1098 non
983 1041 1280 1115 partitam,
1313 1041 1414 1098 sed
1446 1057 1625 1097 unam
1655 1043 1715 1097 et
1751 1039 2113 1096 individuam

465 1149 596 1191 esse
626 1131 1043 1204 operationem,
1074 1147 1255 1187 unam
1286 1134 1346 1186 et
1382 1129 1832 1202 inseparabilem
1863 1132 2114 1203 potesta-

466 1225 584 1278 tem
609 1224 842 1288 sanctae,
856 1224 914 1277 et
934 1219 1343 1292 inseparabilis
1364 1219 1688 1287 Trinitatis,
1704 1217 1891 1275 Patris
1905 1221 1965 1274 et
1986 1217 2115 1274 Filii

467 1313 527 1365 et
556 1309 809 1383 Spiritus
839 1311 1060 1377 sancti;
1084 1314 1148 1365 ut
1166 1309 1512 1365 Ambrosius
1534 1308 1595 1364 in
1618 1307 1768 1364 libro
1798 1308 1987 1381 primo
2017 1325 2118 1363 ca-

469 1398 586 1472 pite
605 1403 766 1455 sexto
789 1399 909 1472 (lib.
933 1418 974 1465 ι,
997 1416 1049 1454 c.
1069 1401 1128 1468 6)
1151 1416 1200 1454 τα
1227 1398 1372 1454 Cum
1393 1398 1575 1463 enim,
1596 1396 1890 1470 inquiens,
1912 1397 2116 1453 eadem

467 1487 645 1542 faciat
675 1487 859 1543 Filius
904 1504 1076 1559 opera
1126 1504 1254 1560 quas
1312 1489 1482 1544 Pater
1510 1487 1670 1554 facit,
1701 1490 1759 1543 et
1801 1503 1951 1559 quos
1997 1484 2122 1541 vult

465 1574 717 1632 viviﬁcet
775 1576 978 1646 Filius,
1012 1576 1166 1632 sicut
1213 1577 1500 1650 scriptum
1549 1581 1660 1643 est,
1690 1593 1797 1633 nec
1846 1575 2122 1632 dill'erens

465 1669 847 1736 potestate,et
875 1665 1024 1722 liber
1051 1669 1143 1723 est
1163 1665 1457 1723 voluntate
1481 1683 1494 1722 :
1517 1665 1602 1722 ita
1620 1669 1680 1722 et
1699 1664 1896 1722 unitas
1925 1679 2120 1722 serva-

464 1755 583 1821 tur,
607 1755 749 1827 quia
795 1759 853 1812 et
897 1756 1085 1812 virtus
1127 1754 1229 1812 Dei
1278 1755 1337 1810 in
1390 1754 1713 1811 divinitatis
1769 1753 2126 1829 proprietate

466 1848 576 1903 est.
600 1849 659 1902 et
684 1843 924 1902 libertas
952 1862 1067 1901 non
1100 1844 1161 1900 in
1182 1843 1384 1916 aliqua
1411 1843 1759 1912 differentia,
1784 1845 1884 1900 sed
1919 1844 1977 1899 in
2003 1842 2129 1900 uni-

467 1938 585 1991 tate
613 1938 704 1992 est
750 1934 1116 1992 Trinitatis.»
1137 1936 1208 1992 Et
1237 1933 1378 1990 item
1418 1935 1676 1992 secundo
1725 1933 1876 1990 libro
1933 1935 2124 2008 capite

467 2026 677 2096 quarto
702 2041 751 2080 ;‹‹
780 2023 1108 2079 Didicimus
1138 2041 1316 2079 unam
1349 2023 1536 2080 Patris
1565 2028 1624 2080 et
1654 2023 1783 2080 Filii
1815 2041 1946 2080 esse
1972 2023 2120 2080 ima-

468 2113 686 2186 ginem,
727 2129 907 2169 unam
956 2111 1425 2182 similitudinem,
1472 2130 1652 2169 unam
1707 2111 2117 2169 sanctificatio-

469 2219 606 2259 nem
641 2218 655 2258 :
689 2201 1007 2258 didicimus
1063 2219 1247 2258 unam
1295 2202 1714 2275 operationem,
1764 2219 1943 2258 unam
1992 2201 2117 2276 glo-

470 2291 641 2360 riam,
696 2308 877 2347 unam
935 2308 1167 2364 quoque
1217 2290 1600 2347 divinitatem.
1650 2289 1814 2347 Unus
1867 2309 2004 2365 ergo
2059 2295 2119 2349 et

471 2380 634 2437 solus
663 2380 839 2451 Deus,
894 2378 1034 2453 quia
1079 2380 1364 2453 scriptum
1412 2383 1503 2437 est
1547 2396 1560 2436 :
1607 2381 1898 2437 Dominum
1949 2383 2120 2438 Deum

470 2478 628 2528 tuum
682 2469 963 2537 adorabis,
1016 2477 1068 2526 el
1121 2470 1212 2526 illi
1265 2470 1372 2526 soli
1413 2471 1614 2526 servies
1644 2469 1788 2542 (Μαι.
1822 2473 1922 2540 ιν).
1955 2469 2118 2528 Unus

473 2559 653 2627 Deus,
675 2575 791 2614 non
820 2562 885 2614 ut
913 2557 1039 2631 ipse
1082 2557 1159 2614 sit
1186 2558 1355 2614 Pater
1381 2563 1437 2614 ct
1468 2557 1670 2626 Filius,
1705 2559 1858 2615 sicut
1898 2559 2118 2633 impius

472 2647 767 2705 Sabellius
796 2647 1024 2715 asserit,
1059 2647 1158 2703 sed
1192 2647 1330 2720 quia
1368 2647 1556 2703 Patris
1586 2650 1644 2704 et
1673 2647 1801 2704 Filii
1832 2647 2119 2722 Spiritus-

471 2754 586 2811 que
613 2737 801 2793 sancti
833 2754 950 2793 una
991 2736 1266 2792 divinitas
1296 2735 1374 2793 sit
1406 2753 1419 2793 :
1455 2736 1550 2793 ubi
1585 2742 1782 2793 autem
1826 2755 1946 2794 una
1973 2737 2118 2794 divi-

471 2826 649 2895 nitas,
672 2843 793 2882 una
809 2825 1081 2882 voluntas
1105 2830 1162 2882 et
1186 2843 1305 2882 una
1324 2825 1650 2898 praeceptio.
1677 2825 1937 2900 Denique
1967 2826 2112 2884 ωι

471 2920 540 2972 ut
569 2914 722 2972 scias
771 2919 830 2971 et
878 2915 1105 2972 Patrem
1137 2930 1285 2984 esse,
1318 2918 1376 2971 et
1406 2913 1618 2971 Filium
1664 2932 1814 2987 esse,
1845 2920 1904 2972 et
1932 2933 2117 2972 unum

471 3021 620 3076 opus
660 3003 849 3060 Patris
895 3007 952 3059 et
996 3002 1125 3060 Filii
1173 3020 1323 3072 esse,
1352 3003 1693 3078 Apostolum
1743 3023 1986 3079 sequere
2017 3006 2117 3078 qui

472 3092 616 3150 dixit
639 3111 654 3150 :
676 3094 794 3166 Ipse
820 3102 1002 3150 autem
1020 3095 1160 3150 Deus
1179 3101 1230 3150 et
1259 3094 1420 3150 Pater
1444 3101 1645 3161 noster,
1667 3101 1720 3151 et
1744 3096 2008 3151 Dominus
2023 3099 2117 3153 Je-

470 3199 564 3239 sus
591 3182 799 3255 dirigat
838 3183 988 3238 viam
1021 3190 1264 3238 nostram
1289 3183 1361 3239 ad
1397 3200 1488 3239 vos
1519 3184 1570 3251 (ι
1599 3185 1774 3240 Thess.
1801 3201 1887 3251 1'1,
1918 3184 2028 3253 11),
2060 3188 2121 3241 et

472 3271 699 3326 Patrem
732 3270 1012 3343 loquitur,
1033 3275 1090 3326 et
1121 3270 1330 3327 Filium
1361 3270 1625 3345 loquitur
1647 3289 1662 3330 :
1682 3273 1785 3329 sed
1813 3273 2008 3329 unitas
2030 3273 2117 3330 di-

2218 714 2468 788 Prosper
2516 715 2574 770 in
2634 714 2784 771 libro
2832 713 3270 772 Sententiarum
3325 712 3470 770 dicit
3499 713 3659 786 (sent.
3692 711 3875 785 324):

2219 826 2249 855 α
2282 805 2446 871 Quod
2478 804 2645 861 Pater
2687 820 2822 861 cum
2858 802 3090 861 Christo
3139 802 3281 861 facit
3308 802 3576 859 Christus
3624 800 3786 871 facit,
3818 804 3881 858 et

2220 893 2378 965 quod
2410 893 2678 948 Christus
2698 909 2833 949 cum
2865 893 3031 950 Patre
3063 892 3201 950 facit
3224 891 3392 949 Pater
3411 890 3570 957 facit,
3594 907 3704 947 nec
3725 907 3882 948 seor-

2221 999 2355 1039 sum
2394 983 2516 1056 agit
2561 980 2784 1054 aliquid
2814 980 3228 1055 inseparabilis
3255 980 3535 1050 eharitas,
3569 980 3879 1055 majestas,

2221 1075 2504 1145 potestas,
2532 1071 2684 1128 sicut
2712 1070 2839 1145 ipse
2875 1070 3162 1128 Dominus
3209 1069 3397 1127 dicit:
3428 1070 3570 1141 Ergo
3617 1076 3670 1126 el
3713 1069 3885 1126 Pater

2223 1177 2399 1218 unum
2423 1177 2616 1218 sumus
2644 1160 2834 1234 (Joan.
2864 1177 2921 1229 χ,
2953 1161 3068 1229 30).
3093 1182 3123 1210 ››
3145 1159 3297 1217 Sunt
3325 1157 3505 1215 etiam
3536 1156 3739 1231 plures
3760 1173 3885 1214 ver-

2225 1266 2328 1307 sus
2357 1250 2511 1307 beati
2556 1250 2848 1306 Ambrosii
2876 1251 2948 1306 de
2979 1247 3220 1306 ternarii
3250 1246 3480 1305 numeri
3533 1246 3884 1304 excellentia

2227 1339 2603 1406 nobilissimi,
2636 1339 2696 1396 in
2727 1337 2945 1413 quibus
2973 1337 3116 1395 dicit
3145 1355 3160 1395 :

2289 1447 2651 1528 29399-91“.
2661 1447 2982 1528 ,νὲἥίῗὲἓίέἔηδ
2993 1446 3297 1528 .Ψὲῗὲίὲθὲ
3312 1446 3615 1528 ῙῨΡὲῗξῖἓέ

2288 1511 2417 1560 Tres
2437 1508 2608 1571 Pater,
2627 1514 2681 1561 et
2696 1508 2948 1572 Verbum,
2960 1508 3178 1560 sanctus
3195 1522 3411 1574 quoque
3431 1508 3665 1572 Spiritus
3685 1520 3880 1558 unum.

2230 1607 2337 1676 Qui
2371 1607 2430 1664 in
2451 1607 2655 1664 multis
2678 1607 2840 1675 locis,
2864 1608 2982 1664 imo
3004 1606 3064 1663 in
3085 1607 3362 1664 omnibus
3382 1605 3722 1679 ubicunque
3743 1605 3887 1662 hinc

2228 1696 2511 1770 loquitur,
2531 1713 2712 1754 unam
2741 1697 3110 1770 majestatem
3131 1695 3276 1754 dicit
3302 1711 3432 1752 esse
3462 1694 3650 1752 Patris
3669 1698 3730 1751 et
3749 1693 3886 1752 Filii

2231 1791 2291 1844 et
2319 1785 2573 1860 Spiritus
2601 1785 2810 1844 sancti.
2843 1785 3006 1843 Unde
3035 1801 3223 1860 pauca
3251 1783 3502 1858 exempli
3548 1783 3739 1859 gratia
3782 1783 3890 1840 hic

2233 1892 2446 1949 ponere
2465 1874 2712 1949 dignum
2733 1874 3028 1931 duximus.
3048 1873 3146 1930 Ait
3168 1873 3326 1931 enim
3355 1875 3415 1930 in
3444 1873 3594 1930 libro
3614 1870 3788 1929 tertio
3810 1872 3890 1930 de

2233 1962 2455 2037 Spiritu
2476 1967 2676 2020 sancto
2697 1960 2885 2036 capite
2903 1961 3184 2035 vigesimo
3203 1962 3464 2019 secundo
3485 1978 3537 2018 :«
3557 1960 3728 2018 Nunc
3756 1958 3892 2017 uni-

2227 2056 2407 2110 tatem
2439 2051 2765 2124 majestatis
2798 2050 2950 2109 502
2977 2049 3128 2107 ‘licet
3173 2047 3236 2105 in
3287 2049 3472 2118 Patre,
3505 2047 3790 2123 Filioque,
3825 2052 3892 2106 et

2227 2140 2445 2215 Spiritu
2469 2146 2671 2198 sancto
2693 2157 3092 2214 cognoscere.-
3109 2140 3181 2197 Et
3201 2142 3335 2213 post
3353 2137 3654 2212 aliquanta
3673 2154 3727 2194 εκ
3754 2137 3893 2196 Una

2226 2229 2409 2303 igitur
2425 2229 2592 2297 visio,
2617 2246 2736 2286 una
2757 2226 3084 2303 praeceptio,
3108 2245 3230 2284 una
3256 2227 3594 2300 majestas.»
3614 2226 3687 2283 Et
3706 2226 3894 2283 Atha-

2226 2319 2429 2376 nasius
2453 2335 2466 2376 :
2492 2318 2680 2375 Patris
2701 2323 2759 2375 et
2779 2316 2907 2374 Filii
2931 2321 2990 2375 et
3019 2316 3275 2391 Spiritus
3305 2315 3495 2373 sancti
3526 2332 3646 2373 una
3663 2319 3758 2373 est
3785 2315 3892 2371 di-

2224 2407 2458 2477 vinitas,
2481 2407 2723 2480 aequalis
2751 2405 2957 2481 gloria,
2980 2410 3264 2464 coaeterna
3292 2405 3629 2476 majestas.»
3650 2404 3724 2461 Et
3749 2404 3885 2460 Au-

2225 2497 2501 2572 gustinus
2531 2494 3004 2569 frequentissime
3023 2495 3131 2552 hoc
3159 2493 3316 2551 idem
3348 2493 3408 2549 in
3437 2491 3605 2550 libris
3634 2492 3708 2549 de
3739 2491 3883 2549 Tri-

2226 2587 2410 2644 nitate
2457 2586 2619 2643 dicit.
2650 2586 2795 2643 Nam
2856 2589 2914 2642 et
2965 2583 3121 2658 quod
3148 2583 3517 2640 venerandus
3572 2579 3881 2649 Sedulius,

2227 2674 2380 2733 sicut
2407 2680 2645 2732 coactus
2673 2673 2843 2732 metri
2874 2673 3242 2743 necessitate,
3274 2670 3489 2729 trinam
3520 2671 3695 2728 ﬁdem
3725 2674 3786 2727 et
3814 2669 3883 2727 in

2226 2764 2430 2821 eodem
2460 2763 2724 2822 Paschali
2755 2779 2927 2836 opere
2956 2762 3174 2837 posuit,
3193 2760 3434 2818 dicens:

2255 2853 2407 2914 Quod
2427 2853 2650 2919 simplex
2669 2851 3167 2918 triplicet,quodque
3182 2854 3262 2902 est
3277 2848 3584 2915 triplicabile
3597 2848 3694 2899 sim
3701 2847 3847 2914 plet;

2227 2944 2440 3000 Beatur
2465 2941 2830 3016 Augustinus
2856 2941 2916 2998 in
2955 2939 3104 2998 libro
3135 2944 3297 2997 sexto
3335 2940 3408 2996 de
3446 2936 3733 2996 Trinitate
3758 2937 3881 2994 im-

2226 3034 2436 3108 probat
2482 3032 2682 3089 dicens
2713 3031 2852 3104 (cap.
2883 3033 2918 3087 8
2943 3047 2958 3086 :
2981 3052 3010 3082 «
3045 3030 3110 3086 ln
3165 3029 3293 3102 ipso
3338 3027 3518 3103 igitur
3564 3027 3701 3094 Deo,
3733 3043 3883 3084 cum

2227 3123 2482 3179 adhaeret
2509 3120 2717 3195 aequali
2760 3119 2915 3176 Patri
2968 3117 3147 3176 l’ilius
3175 3117 3437 3192 aequalis,
3469 3120 3572 3173 aut
3615 3114 3883 3190 Spiritus

2226 3216 2467 3269 sanctus
2495 3210 2649 3268 Patri
2679 3215 2737 3268 et
2765 3208 2906 3267 l-‘ilio
2944 3207 3205 3282 aequalis,
3240 3224 3357 3264 non
3389 3207 3456 3263 fit
3499 3207 3687 3279 maior
3714 3205 3883 3265 Deus

2225 3319 2403 3375 quam
2435 3299 2655 3374 singuli
2683 3316 2907 3368 eorum,
2929 3297 3070 3372 quia
3107 3313 3223 3354 non
3253 3300 3344 3354 est
3369 3313 3486 3370 quo
3517 3298 3743 3353 crescat
3770 3294 3886 3353 illa

471 3357 748 3415 rectionis
777 3363 887 3425 est,
909 3361 1049 3432 quia
1078 3359 1274 3416 unitas
1305 3361 1609 3433 potestatis
1638 3365 1746 3418 est.
1765 3384 1793 3411 »
1813 3362 2027 3418 Verum
2059 3367 2116 3420 et

2225 3357 2501 3462 perfectio
2531 3357 2788 3446 summa:
2818 3357 3144 3445 Trinitatis.
3176 3357 3472 3442 Perfectus
3507 3387 3704 3440 autem
3747 3383 3884 3442 sive

467 3447 567 3504 ille
592 3447 719 3521 ipse
745 3449 952 3504 Arator
970 3447 1296 3505 evidentius
1316 3466 1379 3507 se
1406 3467 1520 3506 non
1553 3450 1806 3524 proprie,
1831 3452 1932 3508 sed
1963 3451 2112 3525 figu-

466 3540 588 3593 rate
617 3536 677 3592 in
706 3536 817 3593 hoc
861 3537 1043 3594 fuisse
1094 3537 1375 3608 locutum,
1400 3539 1459 3595 in
1490 3540 1694 3596 eodem
1745 3539 1894 3596 libro
1923 3543 2113 3614 capite

465 3623 692 3680 decimo
723 3623 1016 3681 evidenter
1043 3626 1318 3695 ostendit,
1352 3644 1488 3683 cum
1519 3626 1662 3682 dicit
1691 3644 1706 3682 :

1053 3716 1192 3764 Deus
1218 3715 1416 3766 arbiter
1440 3715 1584 3765 orbis

559 3776 806 3826 Personis
834 3777 1002 3828 tribus
1029 3782 1126 3838 est,
1157 3778 1212 3828 in
1239 3792 1347 3842 quo
1375 3777 1535 3828 simul
1563 3791 1669 3828 una
1697 3781 1952 3843 potestas.

465 3855 536 3912 Et
562 3855 752 3928 capite
778 3874 932 3914 nono
961 3874 976 3914 :

558 3945 691 4010 Ecce
715 3948 798 4010 tot
824 3946 1245 4010 egregiisunum
1275 3960 1367 3996 eor
1394 3947 1573 4010 vivere
1601 3947 1793 3998 turmis

560 4007 768 4072 Incipit,
789 4007 949 4072 atque
981 4009 1213 4058 animam
1245 4009 1474 4072 populus
1498 4011 1824 4062 nanciscitur
1851 4026 2036 4063 unam.

560 4070 690 4134 Quis
718 4069 960 4119 dubitare
985 4079 1139 4133 queat
1169 4069 1422 4134 mysteria
1448 4073 1733 4134 dogmatis,
1756 4088 1923 4124 unum

565 4132 824 4195 Personas
850 4136 958 4182 tres
985 4132 1100 4182 esse
1131 4132 1318 4190 Deum.
1345 4147 1464 4183 enm
1494 4133 1660 4185 millia
1685 4136 1830 4195 vulgi

563 4193 901 4262 Conveniunt
918 4195 1019 4244 sub
1038 4199 1217 4262 incute
1236 4196 1370 4262 pari,
1389 4196 1708 4261 numerique
1738 4193 2047 4262 frequentis,

567 4257 842 4306 Portatura
872 4270 1100 4319 erucem,
1138 4257 1529 4323 Dominamque
1558 4257 1740 4310 secuta
1768 4257 1975 4311 ﬁdelem
1994 4265 2020 4312 ?

469 4334 540 4389 Et
567 4333 760 4406 capite
790 4335 961 4392 tertio
995 4353 1007 4391 :

560 4423 732 4491 Tertia
759 4423 982 4474 sidereis
1008 4425 1258 4491 inclaruit
1287 4425 1417 4477 hora
1444 4426 1692 4491 loquelis.

564 4485 717 4560 ξιιηο
735 4489 1186 4560 numerumDeus
1204 4503 1344 4540 unus
1370 4485 1547 4549 habet,
1570 4491 1870 4544 substantia
1886 4494 2109 4560 simplex

562 4548 806 4599 Pcrsonis
833 4549 1079 4600 distincta
1106 4552 1294 4603 tribur.
1359 4589 1374 4604 .
1443 4589 1457 4603 .

468 4625 538 4680 Et
570 4625 708 4680 item
739 4626 928 4698 capite
957 4628 1238 4699 vigesimo
1266 4631 1454 4704 primo
1487 4649 1502 4690 :

559 4714 659 4783 Ter
685 4715 867 4783 sonuit
897 4717 1104 4766 Domini
1131 4732 1394 4783 vox,un
1415 4721 1611 4771 dictata
1638 4722 1797 4773 saluti
1824 4727 1919 4773 est.

564 4777 911 4855 flongenitor
937 4783 1200 4855 natusque
1229 4777 1407 4843 simul,
1429 4787 1750 4855 sanctusque
1780 4786 1986 4849 peregit

562 4840 827 4906 Spiritus:
860 4840 983 4891 hinc
1012 4840 1133 4893 ﬁdei
1163 4840 1547 4906 pugnax'cadit
1577 4840 1750 4901 Ari'ns,
1780 4840 1949 4898 illium

560 4903 819 4952 Personas
848 4908 955 4954 tres
984 4919 1099 4954 esse
1128 4903 1349 4969 negans,
1380 4908 1641 4959 Sebellius
1670 4924 1856 4960 unum.

538 4982 1036 5057 Prosperquoque
1065 4984 1123 5040 in
1155 4985 1304 5043 libro
1334 4987 1790 5045 Promissionum
1821 4994 1879 5046 et
1905 4991 2112 5047 Praedi-

466 5070 729 5127 ctionum
760 5071 901 5128 dicit
931 5091 995 5131 τί(
1021 5073 1375 5132 Charitatem
1417 5077 1539 5147 Dei,
1571 5076 1736 5134 trime
1784 5080 2110 5152 majestatis

468 5160 771 5230 unitatem,
795 5161 1325 5234 supcreminentem
1344 5164 1499 5221 viam
1521 5167 1667 5223 duce
1693 5169 1882 5240 gratia
1910 5185 2110 5241 seque-

465 5264 657 5303 mur.»
671 5251 738 5304 Et
758 5251 898 5323 quia
920 5251 1233 5325 improprie
1249 5255 1459 5310 dixerit
1476 5255 1693 5311 trinam
1718 5257 2107 5329 majestatcm,

462 5334 591 5407 ipse
632 5336 691 5392 in
722 5341 924 5396 eodem
974 5340 1123 5398 libro
1171 5343 1534 5400 demonstrat
1561 5345 1762 5401 dicens
1801 5345 1889 5416 (de
1933 5346 2110 5419 gloria

464 5422 646 5480 Santi.
669 5442 717 5480 ι’.
740 5432 793 5499 8)
817 5445 866 5482 :u
895 5429 1108 5486 Paulus
1151 5431 1452 5504 apostolus
1483 5432 1661 5489 dicit:
1690 5433 1940 5490 l’idmnus
1967 5452 2116 5493 nunc

462 5529 564 5585 per
587 5516 865 5585 speculam
893 5519 948 5572 in
973 5522 1284 5592 arnignmle,
1306 5529 1435 5578 tunc
1451 5531 1629 5578 autem
1649 5524 1794 5595 facie
1819 5523 1890 5579 ad
1916 5525 2115 5594 faciem

467 5601 515 5672 (I
535 5602 656 5656 Cor.
678 5619 801 5674 xm,
829 5606 936 5672 12),
961 5611 1457 5678 quemadmodum
1490 5611 1675 5667 sancti
1705 5611 1904 5667 vident
1935 5618 2111 5670 Deum

469 5688 838 5757 Trinitatem,
864 5693 1089 5750 Patrem
1111 5702 1167 5752 et
1189 5697 1422 5770 Filium,
1448 5699 1661 5756 Filium
1683 5699 1742 5755 in
1774 5699 1958 5770 Patre,
1981 5700 2109 5774 Spi-

469 5777 650 5835 ritum
678 5786 949 5838 sanctum
981 5785 1039 5840 in
1074 5785 1241 5842 Patre
1270 5791 1327 5843 et
1360 5788 1560 5844 Filio.»
1583 5787 1643 5845 Si
1671 5806 1808 5863 ergo
1840 5791 2019 5848 Filius
2052 5792 2110 5848 in

471 5867 660 5942 Patre,
683 5870 939 5944 Spiritus
962 5878 1202 5932 sanctus
1232 5874 1291 5932 in
1324 5875 1491 5934 Patre
1519 5882 1577 5935 et
1604 5877 1765 5949 Filio,
1787 5879 1927 5953 quia
1957 5899 2111 5939 unus

560 3748 573 3762 ο
643 3750 655 3762 ο
725 3750 736 3763 ο
806 3749 819 3762 ο
888 3750 901 3764 ο
971 3752 983 3764 l

2221 3479 2406 3547 Pater,
2431 3479 2549 3535 sive
2572 3477 2771 3546 Filius,
2787 3477 2906 3534 sive
2928 3475 3182 3552 Spiritus
3202 3478 3463 3544 sanctus,
3491 3477 3550 3531 et
3576 3472 3884 3546 perfectus

2219 3569 2375 3626 Deus
2406 3569 2574 3625 Pater
2601 3573 2660 3625 et
2694 3566 2870 3625 Filius
2913 3570 2973 3624 et
3020 3564 3276 3640 Spiritus
3307 3568 3550 3622 sanctus
3581 3580 3595 3620 :
3627 3568 3688 3620 et
3736 3563 3879 3622 ideo

2218 3658 2476 3714 Trinitas
2506 3656 2700 3730 potius
2729 3673 2907 3730 quam
2938 3654 3148 3730 triplex
3167 3654 3415 3712 dicenda
3431 3657 3540 3711 est.
3561 3675 3591 3705 η
3614 3655 3883 3726 Quapro-

2219 3751 2349 3821 pter
2375 3765 2492 3803 non
2530 3745 2820 3803 succurrit
2847 3762 3024 3819 pravo
3054 3744 3254 3802 sensui
3294 3740 3662 3800 Gothescalei
3708 3743 3885 3800 testi-

2218 3836 2485 3893 monium
2516 3835 2705 3892 fidelis
2724 3839 2905 3908 poetas
2933 3832 3176 3901 Sedulii,
3198 3832 3299 3907 qui
3322 3837 3548 3889 rectum
3566 3831 3700 3888 ﬁdei
3732 3849 3877 3890 scn-

2219 3942 2352 3981 sum
2398 3924 2523 3999 lege
2569 3924 2739 3982 metri
2781 3921 3149 3992 constrinxit,
3171 3938 3300 3996 quas
3357 3938 3473 3978 non
3527 3920 3884 3994 praejudicat

2216 4030 2362 4070 vera:
2392 4013 2527 4070 ﬁdei
2583 4012 2966 4086 simplicitati.
3009 4014 3144 4080 Quae
3197 4009 3467 4068 videlicet
3522 4010 3688 4075 fides,
3753 4004 3879 4069 non

2218 4119 2322 4176 per
2340 4107 2617 4170 oratores,
2641 4102 2744 4158 sed
2773 4118 2877 4175 per
2905 4100 3225 4175 piscatores
3253 4099 3367 4157 sibi
3394 4097 3736 4173 subjugavit
3765 4098 3885 4157 im-

2217 4196 2534 4264 peratores.
2566 4190 2730 4248 Unde
2774 4190 2914 4264 quia
2939 4188 3356 4247 Gothescalcus
3410 4205 3527 4245 non
3574 4187 3780 4257 voluit,
3816 4194 3884 4247 et

2217 4296 2335 4336 non
2360 4279 2562 4348 valuit,
2594 4280 2836 4335 devotus
2879 4278 3062 4336 lector
3105 4276 3430 4353 intelligere
3458 4276 3632 4335 debet
3680 4276 3806 4334 haec
3838 4296 3881 4336 a

2140 4424 2149 4433 ,
2218 4367 2475 4440 Sedulio,
2513 4371 2771 4439 Aratore,
2821 4372 2880 4425 et
2927 4369 3208 4442 Prospero
3256 4366 3476 4442 tropice
3527 4383 3633 4440 per
3680 4370 3876 4425 meto-

2217 4457 2500 4533 nymiam,
2532 4457 2591 4516 id
2620 4465 2710 4515 est
2738 4476 2841 4532 per
2870 4456 3500 4516 transnominationem
3530 4457 3705 4530 cujus
3734 4474 3875 4531 spe-

2217 4546 2335 4604 cies
2365 4548 2564 4604 multaa
2615 4552 2773 4616 sunt,
2805 4547 2980 4605 dicta.
3014 4548 3122 4616 Qui
3161 4551 3368 4621 tropus
3417 4564 3532 4604 non
3581 4544 3777 4604 solum
3807 4547 3875 4605 in

2217 4641 2423 4705 metro,
2447 4641 2504 4694 et
2524 4637 2583 4693 in
2606 4636 2869 4694 saeculari
2897 4637 3248 4705 litteratura,
3273 4639 3449 4710 atque
3476 4634 3534 4692 in
3566 4638 3873 4694 communi

2140 4746 2185 4810 ο
2216 4725 2529 4790 locutione.
2554 4726 2654 4782 sed
2685 4725 2860 4783 etiam
2892 4726 2949 4782 in
2980 4724 3318 4782 authentica
3345 4723 3650 4797 Scriptura
3678 4741 3875 4796 sacra,

2213 4816 2271 4870 et
2302 4814 2359 4869 in
2391 4813 2811 4871 catholicorum
2833 4815 3006 4872 dictis
3049 4813 3264 4888 saepius
3304 4811 3593 4887 reperitur
3621 4817 3876 4872 ornatus

2214 4906 2318 4958 aut
2353 4919 2532 4960 causa
2576 4904 2965 4975 necessitatis,
2999 4905 3154 4961 unde
3208 4903 3303 4960 hic
3353 4903 3426 4960 de
3473 4901 3727 4976 singulis
3783 4908 3873 4959 le-

2215 4991 2494 5048 stimonia
2541 5009 2754 5065 ponere
2807 5012 2924 5050 non
2972 4992 3372 5050 necessarium
3416 4991 3718 5049 duximus.
3748 4992 3876 5050 Hoc

2215 5083 2447 5136 tantum
2465 5080 2682 5138 dixisse
2712 5083 2986 5151 sufficiat,
3000 5081 3139 5156 quia
3162 5081 3378 5139 trinam
3411 5081 3692 5154 pietatem
3725 5081 3874 5138 Pru-

2215 5167 2472 5236 dentius,
2497 5169 2713 5226 trinam
2736 5174 3079 5244 potestatem
3101 5172 3326 5239 Arator,
3342 5169 3560 5225 trinam
3582 5170 3873 5242 majesta-

2214 5260 2334 5312 tem
2356 5256 2618 5328 Prosper,
2643 5275 2746 5331 pro
2778 5259 3043 5332 personis
3073 5258 3262 5316 Patris
3282 5262 3340 5315 et
3365 5257 3489 5314 Filii
3517 5260 3577 5317 et
3607 5257 3875 5332 Spiritus

2215 5344 2424 5411 sancti,
2449 5345 2546 5418 qui
2571 5344 2809 5404 relative
2826 5347 2886 5403 in
2907 5350 3112 5404 sancta
3132 5345 3415 5403 Trinitate
3435 5345 3717 5402 dicuntur
3734 5348 3876 5404 sub-

2221 5433 2518 5509 stantialis
2557 5436 2816 5505 nomina,
2857 5430 3154 5510 pietatem,
3187 5439 3556 5510 potestatem,
3591 5435 3874 5508 majesta-

2220 5524 2339 5578 tem
2369 5528 2710 5595 posuerunt,
2733 5543 2861 5597 qtae
2892 5543 3008 5582 non
3037 5524 3272 5596 plurali,
3295 5524 3395 5580 sed
3419 5540 3654 5596 semper
3670 5523 3877 5600 singu-

2219 5609 2324 5666 lari
2349 5620 2593 5670 numero
2623 5613 2683 5669 in
2714 5614 2965 5688 singulis
2992 5619 3050 5671 et
3080 5615 3137 5670 in
3170 5615 3364 5671 tribus
3393 5613 3573 5669 simul
3600 5614 3876 5687 personis

2219 5701 2451 5775 proprie
2480 5703 2774 5773 dicuntur,
2798 5721 3050 5777 quorum
3075 5708 3166 5760 cst
3184 5721 3302 5761 una
3332 5701 3538 5776 pictas,
3560 5718 3683 5759 una
3710 5709 3875 5776 pote-

2219 5795 2362 5862 stas,
2380 5809 2496 5848 una
2516 5793 2886 5865 majestas,et
2904 5793 3191 5867 quidquid
3220 5793 3293 5851 ad
3325 5810 3408 5861 se,
3429 5792 3488 5848 id
3509 5795 3601 5849 est
3624 5791 3696 5849 de
3724 5791 3869 5865 Deo,

2219 5879 2682 5938 subslantialiter
2709 5881 2944 5951 dicitur,
2977 5882 3131 5941 sicut
3157 5886 3216 5941 et
3260 5881 3344 5940 illi
3382 5880 3495 5955 ipsi
3542 5878 3604 5936 in
3651 5878 3869 5943 iisdem
