4148 6462
236 471 348 536 565

1261 474 1364 535 DE
1407 476 1567 537 UNA
1613 476 1713 538 ET
1756 477 1914 539 NON
1958 476 2199 538 TBINA
2242 478 2602 541 DEITATE.

3514 459 3633 539 566

235 602 531 680 opusculis
564 603 690 661 suis
721 602 1146 662 ostendunt.De
1177 621 1292 678 qua
1320 605 1669 681 ﬁguratavel
1691 611 1876 666 trans-
1904 611 1958 679 Α
1987 607 2105 668 lam
2136 614 2363 684 partem
2391 611 2566 668 aliam
2597 609 2816 668 habent
2844 609 2958 668 nisi
2989 609 3174 668 solam
3211 611 3519 681 unitatem,
3555 611 3627 667 ab

234 696 404 754 lativa
430 693 726 750 locutione
755 698 998 750 sanctus
1026 695 1384 752 Athanasius
1415 696 1476 751 in
1508 696 1657 752 libro
1687 696 1876 770 primo

234 786 298 842 de
327 783 611 841 Trinitate
649 782 791 840 dicit
834 782 920 856 (de
968 786 1107 840 unit.
1143 801 1292 840 nom.
1330 785 1548 858 Trinit.)
1585 802 1596 841 :
1642 808 1670 835 (ί
1702 786 1872 858 Ergo,

232 873 522 947 inquiens,
557 871 788 945 postulo
819 889 853 929 a
880 876 958 942 te,
995 873 1094 945 qui
1127 873 1275 946 legis
1305 873 1459 929 hanc
1489 874 1663 930 istius
1691 875 1875 948 scrip-

229 969 365 1019 turae
396 978 540 1018 meae
585 961 722 1018 ﬁdei
773 961 1070 1018 catholica)
1115 963 1558 1035 professionem,
1610 979 1683 1018 ne
1736 963 1874 1018 hinc

230 1051 523 1125 snperﬂua
547 1050 638 1108 vel
671 1051 910 1125 profusa
927 1051 1102 1108 verba
1121 1052 1457 1124 perquiras;
1483 1053 1583 1108 sed
1622 1051 1874 1108 strictim

229 1140 659 1214 capaciter,imo
690 1139 1040 1213 specialiter,
1057 1130 1191 1196 cum
1224 1158 1456 1197 summo
1489 1140 1683 1197 studio
1715 1141 1875 1196 dicta

228 1231 294 1286 ad
325 1229 544 1302 stylum
577 1247 756 1285 sacra:
793 1229 1108 1302 Scriptura)
1139 1231 1424 1298 conferas,
1455 1234 1513 1286 et
1545 1231 1870 1286 secundum

228 1317 430 1392 regulae
461 1317 800 1390 aequitatem
821 1317 1062 1390 justitia
1090 1319 1431 1374 moderante
1463 1319 1810 1392 perpendas.
1843 1341 1870 1368 ››

230 1407 382 1465 Unde
411 1409 534 1480 iam
569 1407 766 1481 accipe
798 1424 913 1463 non
944 1407 1301 1474 diserta,sed
1334 1407 1525 1472 fortia,
1545 1425 1734 1480 neque
1764 1413 1873 1464 ter-

225 1514 358 1554 rena
388 1497 694 1568 ﬁgmenta,
709 1497 810 1554 sed
839 1513 974 1552 vera
1001 1496 1260 1552 ccelestia
1289 1497 1658 1564 documenta,
1680 1515 1870 1570 neque

224 1585 708 1659 philosophorum
731 1585 1002 1642 haaretica
1017 1603 1194 1658 prava
1209 1587 1666 1653 commenta,sed
1691 1587 1871 1658 perfe-

225 1678 310 1732 cta
320 1674 646 1749 apostolica
657 1691 871 1732 arcana
890 1679 1470 1746 sacramenta,neque
1487 1674 1870 1747 grammatica

223 1779 344 1838 quae
369 1765 676 1842 superﬂua
699 1767 790 1821 est
816 1764 1092 1820 doctrinae
1124 1763 1440 1837 sapientiae,
1474 1765 1576 1820 sed
1607 1780 1675 1819 ex
1703 1780 1866 1819 evan-

223 1853 414 1928 gelicis
447 1853 776 1927 Scripturis
806 1871 982 1926 super
1025 1852 1197 1909 melle
1227 1857 1283 1908 et
1332 1854 1490 1909 favor
1519 1853 1781 1909 dulciora
1809 1856 1868 1908 et

223 1943 458 2000 meliora
502 1943 706 2000 divina
745 1943 898 2000 503
930 1946 1236 2016 praecepta.
1269 1942 1436 1998 Disce
1483 1942 1681 2015 itaque
1730 1941 1867 2014 quia

224 2033 278 2089 in
305 2032 412 2089 hoc
444 2033 730 2106 sophistae
759 2032 940 2105 hujus
968 2031 1172 2088 mundi
1206 2031 1370 2087 stulti
1399 2031 1488 2088 vel
1537 2031 1684 2087 muti
1727 2030 1864 2087 facti

223 2121 666 2196 sunt,quoniam
699 2121 1046 2195 sapientiam
1071 2139 1266 2177 veram
1299 2139 1412 2177 non
1447 2124 1860 2195 cognoverunt,

223 2211 270 2270 ei
290 2212 415 2269 ideo
440 2212 680 2286 reprobi
695 2212 825 2268 facti
841 2215 1036 2268 sunt.»
1054 2211 1182 2266 Haec
1201 2210 1574 2267 manifestum
1591 2211 1661 2266 de
1676 2209 1864 2282 ipsius

225 2301 450 2375 scriptis
481 2305 582 2358 est
609 2300 822 2375 legisse
853 2300 1190 2374 improbum
1221 2304 1279 2356 et
1324 2299 1863 2373 pertinacissimum

225 2389 698 2459 Gothescalcum;
726 2389 826 2446 sed
849 2389 1003 2446 sicut
1019 2393 1260 2446 sanctus
1285 2389 1536 2444 Hilarius
1557 2389 1864 2461 reprobam

225 2479 444 2554 plebem
476 2480 553 2536 de
599 2478 1023 2535 resurrectione
1069 2477 1284 2533 Christi
1334 2478 1541 2534 fecisse
1586 2477 1728 2533 dicit
1774 2477 1862 2532 in-

225 2568 442 2642 quiens,
477 2569 616 2624 Haec
645 2568 792 2623 vidit
819 2568 1023 2624 Judaea
1052 2568 1322 2634 mendax,
1357 2566 1477 2622 haec
1527 2571 1698 2640 negat
1727 2583 1862 2622 cum

223 2657 439 2726 viderit,
469 2657 558 2715 sic
581 2660 640 2714 et
659 2655 1072 2714 Gothescalcus
1093 2657 1165 2711 de
1190 2655 1284 2711 his
1311 2673 1434 2728 quae
1465 2655 1602 2712 hinc
1623 2656 1860 2728 legerat,

224 2750 317 2803 aut
344 2747 403 2804 in
434 2751 634 2803 totum
666 2744 1022 2815 dimisit,aut
1041 2761 1214 2818 prave
1235 2743 1670 2817 interpretando
1695 2761 1865 2818 nega-

223 2836 422 2909 vit,aut
451 2835 617 2892 sicut
647 2835 834 2891 facere
864 2835 1054 2899 solent
1083 2833 1360 2900 haeretici,
1382 2833 1521 2904 quia
1550 2831 1702 2889 malo
1731 2837 1862 2888 voto

225 2924 356 3000 legit
384 2925 543 2998 quod
575 2923 736 2997 legit,
770 2941 838 2980 ex
867 2921 1248 2979 retributione
1269 2921 1513 2994 justitiae
1540 2921 1862 2995 intelligere

223 3015 358 3072 bene
387 3033 504 3072 non
535 3012 926 3086 valuit,idque
957 3013 1028 3068 ad
1057 3011 1398 3084 pravitatem
1431 3011 1522 3066 sui
1555 3029 1763 3068 sensus
1784 3011 1864 3066 in-

225 3103 644 3172 ﬂectens,sicut
670 3101 855 3158 voluit
873 3100 1257 3174 posuit.Quod
1277 3104 1472 3155 autem
1499 3099 1865 3172 apertissime

224 3193 362 3250 bene
390 3193 624 3249 dictum
658 3190 887 3259 invidit,
921 3188 1148 3246 etiamsi
1181 3187 1348 3245 oculo
1393 3189 1650 3262 corporis
1697 3189 1860 3258 vidit,

226 3281 382 3338 oculo
411 3279 636 3338 mentis
665 3279 856 3335 videre
887 3296 1002 3334 non
1033 3277 1304 3342 voluit,et
1332 3277 1546 3333 idcirco
1577 3295 1642 3333 ac
1672 3277 1720 3334 si
1748 3295 1862 3334 non

225 3370 405 3428 visum
433 3367 910 3441 transiliit,juxta
941 3367 1310 3440 proverbium
1341 3365 1866 3439 Gothicum,Capm
1895 3357 1938 3424 C

231 3461 370 3517 lusca
398 3461 624 3517 hortum
650 3457 812 3528 videt,
843 3473 1022 3530 sepem
1047 3473 1338 3529 nusquam.
1372 3456 1441 3511 Et
1485 3455 1541 3510 in
1575 3473 1682 3511 sua
1729 3473 1864 3511 con-

229 3547 498 3616 clusione,
537 3547 806 3622 quinimo
837 3545 970 3602 ﬁdei
1003 3549 1172 3603 rectae
1203 3543 1608 3612 concussione,
1629 3545 1868 3601 Gothes-

229 3637 414 3696 calcus
445 3637 596 3694 dicit
627 3653 641 3692 :

291 3825 343 3885 οξ·
387 3841 416 3869 ‹‹
449 3819 659 3889 Itaque
687 3815 787 3888 qui
819 3814 1026 3870 nolunt
1049 3830 1184 3870 eum
1212 3811 1559 3869 Sabellianis
1582 3811 1866 3869 haereticis

229 3929 253 3956 «
282 3907 340 3963 in
369 3911 657 3964 aeternum
690 3905 903 3961 habere
923 3903 1868 3970 societatem,credant,conﬁtean-

228 4018 253 4045 «
284 4001 394 4067 tur,
427 3996 648 4064 colant,
681 3998 897 4051 canant
926 4011 1059 4050 cum
1109 3991 1410 4047 catholicis
1460 3990 1729 4046 catholici
1761 3991 1864 4045 tri-

231 4085 618 4153 «theoteiam,
661 4082 877 4138 trinam
923 4081 1218 4149 deitatem,
1270 4077 1600 4150 trisagium,
1648 4077 1864 4132 trinam

229 4196 256 4224 «
287 4174 681 4242 sanctitatem,
713 4172 929 4226 trinam
967 4168 1168 4236 vitam,
1198 4165 1566 4240 sapientiam,
1598 4165 1864 4239 gloriam,

234 4283 260 4312 «
287 4264 505 4320 trinum
539 4263 834 4328 timorem,
866 4259 1090 4315 trinum
1123 4273 1404 4324 amorem,
1436 4255 1652 4310 trinam
1685 4255 1870 4311 chari-

229 4373 256 4401 «
285 4355 486 4420 tatem,
517 4351 739 4408 trinam
771 4349 983 4418 lucem,
1018 4349 1290 4415 salutem,
1312 4345 1608 4412 virtutem,
1642 4361 1864 4418 pacem,

232 4462 258 4490 ‹‹
290 4421 885 4507 οἱατίιειῐοῐηθῒιιίῑιειῐη
919 4438 1306 4509 majestatem,
1341 4438 1706 4506 potestatem,
1747 4433 1868 4506 pie-

234 4549 262 4579 «
288 4532 464 4586 tatem
489 4546 504 4584 :
540 4527 757 4602 quippe
787 4543 922 4592 cum
952 4525 1271 4580 debeamus
1303 4523 1480 4577 etiam
1509 4525 1868 4589 ternam,seu

233 4639 259 4666 α
286 4617 499 4675 trinam
525 4616 800 4689 amplecti
833 4615 1224 4686 ﬁdem,quam
1257 4614 1473 4684 negant
1501 4610 1753 4683 perversi
1774 4613 1872 4668 Sa-

233 4728 258 4757 α
283 4707 516 4765 belliani
551 4723 656 4779 per
685 4721 854 4762 suam
883 4704 1165 4777 perﬁdam
1197 4701 1582 4774 impietatem.
1616 4723 1644 4752 »

295 4814 384 4852 xv.
419 4795 527 4853 Cui
561 4794 748 4869 primo
781 4791 1108 4860 referimus,
1143 4791 1282 4864 quia
1325 4789 1649 4845 secundum
1701 4808 1868 4847 suam

235 4885 600 4958 sapientiam,
637 4901 750 4938 non
779 4881 891 4938 sibi
940 4899 974 4936 a
1004 4881 1121 4935 Deo
1149 4879 1368 4946 datam,
1404 4879 1505 4934 sed
1537 4879 1621 4934 vel
1652 4898 1686 4935 a
1718 4880 1872 4937 malo

233 4975 435 5046 spiritu
459 4973 573 5029 sibi
607 4971 976 5044 inspiratam,
1007 4969 1096 5024 vel
1129 4987 1162 5024 a
1192 4985 1254 5024 se
1283 4967 1526 5023 stultam
1553 4969 1869 5036 inventam,

235 5062 508 5120 debuerat
536 5077 884 5136 cognoscere
915 5058 1302 5114 differentiam
1325 5074 1452 5113 esse
1481 5057 1631 5112 inter
1647 5062 1870 5115 ternam

236 5155 290 5208 et
315 5153 554 5222 trinam,
603 5151 704 5207 sed
735 5149 938 5206 dicens
989 5165 1051 5205 se
1101 5163 1230 5204 esse
1279 5147 1604 5220 sapientem
1652 5149 1870 5206 stultus

235 5239 418 5300 factus
447 5247 558 5298 est.
590 5240 805 5296 Notum
837 5239 1055 5312 quippe
1101 5242 1192 5293 est
1221 5236 1500 5310 quoniam
1543 5239 1755 5312 duplex
1783 5245 1873 5298 est

239 5345 534 5387 numerus.
559 5328 724 5386 Unus
754 5327 1016 5402 quidem,
1048 5326 1106 5382 in
1139 5343 1254 5399 quo
1286 5327 1582 5382 unitatum
1610 5330 1874 5402 repetitio

239 5417 630 5490 pluralitatem
661 5434 841 5491 quare
873 5420 928 5472 et
958 5431 1271 5471 numerum
1317 5415 1452 5471 facit
1485 5434 1498 5470 :
1529 5415 1676 5472 alter
1719 5435 1873 5487 vero,

241 5507 334 5580 qui
363 5507 422 5564 in
454 5509 629 5565 rebus
647 5504 1112 5562 numerabilibus
1133 5504 1446 5572 constat,in
1471 5521 1586 5575 quo
1611 5506 1874 5578 repetitio

242 5600 409 5670 atque
436 5596 742 5672 pluralitas
775 5595 1066 5652 unitatum
1098 5611 1214 5650 non
1248 5592 1384 5648 facit
1421 5595 1876 5651 numerabilium

244 5701 428 5742 rerum
453 5702 824 5744 numerosam
847 5684 1239 5740 diversitatem
1262 5699 1274 5751 ;
1301 5686 1356 5736 et
1381 5686 1559 5746 terna,
1583 5699 1698 5738 non
1728 5683 1880 5741 inter

248 5767 614 5850 compositos,
650 5775 750 5833 sed
780 5772 1263 5846 int‘er‘simplices
1295 5788 1592 5840 numeros,
1626 5773 1724 5845 qui
1749 5774 1878 5830 nul-

1895 1989 1942 2054 B

1984 699 2078 758 his
2109 701 2208 774 qui
2228 703 2298 757 de
2311 701 2574 758 numeris
2587 701 2893 774 disputant
2909 705 3280 775 computatur
3303 719 3316 756 :
3341 704 3398 758 et
3417 718 3532 758 non
3551 700 3624 758 ab

1984 804 2050 844 eo
2083 806 2468 862 numero,quo
2499 807 2882 846 numeramus
2912 806 3046 845 cum
3075 793 3194 846 tres
3225 789 3496 858 dicimus,
3521 790 3624 846 sed

1985 879 2056 934 ab
2103 895 2169 934 eo
2201 895 2334 934 cum
2366 883 2454 936 ter
2490 878 2743 934 dicimus
2780 879 2961 946 venit,
2993 879 3219 934 habens
3262 877 3621 934 collectivum

1982 967 2490 1042 signiﬁcationem.
2534 969 2699 1024 Unde
2748 970 2904 1025 Beda
2952 968 3010 1024 in
3051 967 3306 1040 compoti
3355 966 3618 1023 lectione.

1982 1081 2010 1109 «
2045 1060 2306 1126 Quatuor
2353 1060 2490 1114 Idus
2539 1059 2779 1131 capiunt
2824 1063 3042 1114 ternos.
3077 1079 3106 1107 »
3153 1057 3224 1112 Et
3266 1054 3522 1112 Hilarius
3559 1055 3620 1110 in

1981 1148 2196 1221 hymno
2231 1163 2244 1202 :
2279 1171 2306 1199 «
2341 1149 2411 1204 Et
2443 1149 2616 1204 refert
2645 1149 2972 1222 fragmenta
3000 1164 3174 1203 coena
3203 1150 3292 1202 ter
3321 1143 3621 1220 quaternis

1981 1237 2313 1294 corbibus.»
2343 1239 2412 1293 Et
2444 1255 2578 1293 cum
2610 1235 2861 1292 dicimus
2891 1236 3330 1302 semel,bis,ter,
3351 1237 3620 1307 quatuer,

1979 1329 2036 1382 et
2064 1325 2158 1382 his
2189 1327 2406 1382 similia
2437 1331 2660 1382 motum
2694 1325 3170 1398 exprimimuszet
3201 1340 3335 1379 cum
3368 1321 3620 1378 dicimus

1979 1433 2186 1483 unum,
2221 1415 2355 1483 duo,
2391 1415 2520 1484 tria,
2554 1419 2822 1488 quatuor,
2863 1418 2920 1470 et
2969 1417 3194 1482 caetera,
3228 1430 3343 1468 non
3391 1413 3619 1466 motum

1977 1503 2381 1576 exprimimus,
2406 1506 2506 1559 sed
2532 1504 2872 1576 repetitione
2897 1503 3188 1558 unitatum
3222 1499 3618 1574 pluralitatem

1977 1593 2362 1649 ostendimus.
2399 1595 2468 1648 Et
2497 1611 2530 1648 a
2559 1598 2648 1650 ter
2677 1591 3085 1648 adverbialiter
3102 1591 3395 1664 prolatum
3431 1593 3616 1658 terna,

1977 1685 2034 1738 et
2063 1685 2268 1738 caetera
2295 1682 2355 1738 in
2385 1683 2542 1738 hunc
2583 1683 2846 1751 modum,
2879 1686 2944 1738 ut
2994 1700 3028 1737 a
3077 1683 3286 1754 quater
3334 1685 3619 1754 quaterna

1975 1771 2253 1826 dicuntur
2283 1789 2296 1826 :
2334 1789 2369 1827 a
2397 1788 2638 1826 numero
2669 1775 2885 1839 autem,
2921 1788 3034 1843 quo
3067 1787 3449 1826 numeramus
3479 1787 3613 1824 cum

1975 1860 2229 1916 dicimus
2253 1865 2372 1916 tres
2402 1861 2487 1916 vel
2519 1860 2854 1922 tria.trinus
2885 1860 3117 1916 dicitur.
3138 1861 3301 1916 Unde
3332 1859 3389 1914 in
3421 1875 3615 1932 pcrso-

1975 1949 2066 2005 nis
2099 1949 2312 2004 dicitur
2343 1949 2496 2005 Deus
2525 1949 2840 2022 trinus,qui
2873 1950 2932 2004 in
2953 1949 3166 2005 deitate
3198 1953 3288 2006 est
3317 1951 3610 2007 unus.Sed

1972 2042 2029 2094 et
2060 2039 2213 2095 504
2257 2039 2329 2094 ab
2377 2039 2581 2094 eodem
2630 2057 2896 2106 numero,
2929 2039 3085 2094 unde
3134 2039 3327 2094 trinus
3375 2037 3612 2106 dicitur,

1970 2127 2146 2183 etiam
2170 2127 2323 2182 trina
2354 2127 2682 2196 deducitur,
2715 2145 2784 2183 ex
2813 2127 3106 2182 unitatum
3137 2126 3498 2200 repetitione,
3533 2127 3610 2182 si-

1973 2220 2073 2272 cut
2102 2221 2158 2272 et
2188 2217 2398 2283 trinus,
2431 2217 2761 2290 exprimens
2791 2216 3186 2302 pluralitaterp
3216 2233 3394 2289 quam
3417 2214 3614 2271 unitas

1973 2305 2205 2361 deitatis
2237 2323 2352 2361 non
2385 2305 2608 2378 recipit.
2639 2305 2856 2362 Verum
2887 2310 2942 2360 et
2989 2305 3129 2377 quia
3175 2309 3294 2362 tres
3340 2303 3429 2360 vel
3477 2303 3611 2372 tria,

1973 2394 2200 2467 primus
2241 2395 2464 2450 scilicet
2511 2395 2701 2468 impar
2747 2411 3050 2460 numerus,
3102 2411 3218 2466 quo
3268 2391 3502 2450 trinitas
3545 2409 3615 2448 ex

1973 2485 2222 2540 monade
2249 2489 2306 2540 et
2335 2485 2524 2556 primo
2556 2484 2682 2557 pari
2729 2501 2973 2539 numero
3022 2487 3268 2552 constat,
3322 2481 3609 2556 signatur,

1973 2573 2113 2647 quia
2141 2573 2412 2646 quisquis
2454 2573 2548 2628 hic
2579 2572 2948 2628 dilectionem
2981 2573 3079 2628 Dei
3116 2577 3175 2628 et
3213 2571 3458 2645 proximi
3491 2588 3614 2627 ser-

1971 2681 2102 2718 vare
2134 2661 2585 2734 studuerit,ipse
2619 2664 2688 2717 ad
2721 2667 2994 2716 mternam
3026 2661 3202 2718 vitam
3235 2660 3540 2734 pertinget,
3555 2662 3614 2714 et

1973 2751 2164 2808 omnis
2195 2756 2394 2806 nostra
2425 2751 2698 2823 perfectio
2731 2751 2788 2805 in
2823 2750 2980 2805 illius
3012 2749 3188 2806 unius
3209 2749 3325 2805 veri
3350 2750 3472 2820 Dei,
3507 2749 3610 2822 qui

1971 2845 2059 2898 est
2089 2845 2292 2897 sancta
2339 2840 2614 2906 Trinitas,
2647 2837 3137 2912 contemplatione
3167 2837 3296 2908 erit,
3327 2837 3389 2895 in
3438 2840 3611 2912 cujus

1971 2930 2139 2988 nobis
2159 2931 2379 2986 visione
2383 2931 2509 3001 jam
2534 2929 2731 2984 minus
2743 2927 2964 3002 aliquid
2987 2927 3194 2984 salutis
3215 2931 3270 2984 et
3282 2927 3609 3001 gaudiinon

1971 3019 2100 3076 erit.
2134 3020 2204 3075 Et
2234 3019 2315 3074 ita
2343 3037 2411 3075 ex
2439 3018 2549 3074 hoc
2582 3034 2824 3073 numero
2865 3017 3132 3089 quaedam
3177 3015 3382 3074 divisio
3429 3017 3488 3073 in
3542 3035 3610 3074 eo

1972 3110 2127 3182 quod
2157 3107 2372 3164 dicitur
2393 3107 2809 3176 trina,veniens
2831 3125 2864 3162 a
2893 3122 3138 3160 numero
3166 3122 3282 3178 quo
3303 3122 3614 3164 numeran-

1971 3203 2068 3255 tur
2090 3197 2178 3254 vel
2211 3202 2328 3254 tres
2360 3197 2490 3264 tria,
2526 3200 2907 3265 monstratur,
2935 3199 2993 3250 et
3025 3210 3436 3267 quamcunque
3467 3194 3612 3251 divi-

1975 3289 2196 3344 sionem
2228 3287 2312 3342 vol
2346 3285 2742 3359 pluralitatem
2773 3283 2968 3340 unitas
2999 3282 3253 3351 deitatis,
3279 3286 3400 3340 tota
3418 3281 3478 3338 in
3499 3283 3616 3339 sin-

1975 3376 2150 3450 gulis,
2189 3381 2307 3432 tota
2337 3376 2396 3430 in
2425 3374 2614 3430 tribus
2646 3372 2819 3430 simul
2855 3375 3068 3428 sanctm
3097 3370 3402 3428 Trinitatis
3433 3373 3618 3428 cousi-

1976 3470 2136 3522 stens
2170 3463 2454 3538 personis,
2487 3481 2601 3519 non
2651 3462 2890 3536 patitur.
2919 3461 3130 3533 Liquet
3177 3461 3429 3533 perfecto
3477 3461 3617 3534 quia

1975 3555 2131 3611 trina
2159 3555 2346 3609 deitas
2377 3551 2659 3609 catholico
2691 3549 2804 3606 dici
2837 3567 2952 3604 non
2983 3549 3154 3605 valet.
3189 3549 3368 3622 Legat
3395 3549 3498 3623 qui
3520 3567 3616 3606 vo-

1975 3644 2056 3700 let
2085 3645 2238 3720 quod
2270 3644 2340 3697 de
2372 3658 2614 3696 numero
2648 3639 2898 3694 dicimus
2925 3639 2984 3694 in
3017 3642 3353 3694 sanctorum
3379 3639 3616 3714 Augus-

1973 3733 2106 3800 tini,
2133 3729 2413 3803 Gregorii,
2453 3729 2654 3794 Boetii,
2682 3733 2738 3783 et
2769 3729 2931 3784 Beda:
2963 3727 3153 3796 dictis,
3189 3731 3246 3782 et
3273 3728 3428 3800 quod
3455 3745 3619 3784 sanc-

1973 3825 2070 3876 tus
2101 3818 2464 3892 Augustinus
2497 3818 2556 3872 in
2588 3833 2855 3873 sermone
2903 3815 3202 3887 trigesimo
3231 3819 3391 3871 sexto
3429 3817 3614 3872 Evan-

1974 3908 2110 3984 gelii
2139 3905 2384 3964 Joannis
2415 3906 2554 3960 dicit
2584 3906 2828 3977 loquens
2859 3905 2930 3960 de
2959 3903 3260 3959 divinitate
3285 3919 3300 3960 :
3323 3925 3352 3954 «
3385 3905 3490 3960 Est
3510 3903 3612 3972 ibi,

1975 3996 2184 4070 inquit,
2219 3995 2439 4067 aliquid
2477 3992 2786 4060 ineffabile,
2807 3993 2960 4065 quod
2993 3991 3182 4047 verbis
3213 3991 3614 4066 cxplicarinon

1975 4087 2178 4160 possit,
2217 4091 2278 4141 ut
2306 4089 2362 4140 et
2393 4100 2672 4139 numerus
2703 4083 2798 4148 sit,
2831 4087 2887 4136 et
2920 4099 3203 4137 numerus
3233 4099 3346 4137 non
3389 4081 3484 4138 sit.
3515 4081 3614 4138 Vi-

1976 4177 2105 4232 dete
2125 4176 2304 4241 enim,
2338 4175 2382 4229 si
2419 4192 2534 4228 non
2565 4173 2732 4244 quasi
2767 4175 3009 4244 apparet
3049 4189 3332 4228 numerus
3364 4171 3535 4228 Pater
3563 4175 3621 4228 et

1977 4265 2158 4322 Filius
2187 4269 2244 4320 et
2291 4263 2546 4336 Spiritus
2593 4265 2833 4317 sanctus
2882 4260 3160 4316 Trinitas.
3194 4261 3254 4316 Si
3304 4266 3443 4328 tres,
3475 4259 3616 4333 quid

1975 4357 2094 4410 tres
2113 4354 2142 4408 ‘?
2173 4352 2370 4408 deﬁcit
2399 4368 2700 4407 numerus.
2727 4351 2816 4406 lta
2843 4351 2998 4406 Deus
3027 4367 3312 4406 numerus
3343 4349 3564 4406 recedit
3586 4366 3620 4406 a

1978 4459 2242 4510 numero,
2277 4459 2381 4497 nec
2413 4441 2644 4514 capitur
2672 4457 2940 4505 numero,
2969 4439 3110 4512 quia
3145 4443 3265 4494 tres
3310 4443 3450 4495 sunt
3496 4443 3622 4495 tau-

1977 4550 2155 4606 quam
2189 4530 2553 4598 numerus,si
2584 4529 2797 4602 quieris
2828 4527 2967 4601 quid
2997 4532 3138 4601 tres,
3171 4544 3286 4583 non
3317 4531 3622 4584 estnume-

1978 4639 2102 4677 rus.
2135 4620 2296 4676 Unde
2327 4619 2549 4674 dictum
2579 4622 2670 4674 est
2701 4635 2715 4674 :
2751 4622 2988 4690 Magnus
3031 4619 3296 4674 Dominus
3340 4624 3540 4685 noster,
3571 4623 3624 4673 et

1898 4729 1945 4793 Ι)
1975 4727 2178 4780 magna
2203 4711 2377 4764 virtus
2405 4711 2540 4782 ejus,
2573 4716 2623 4764 et
2649 4709 2936 4780 sapientia:
2964 4709 3080 4780 ejus
3116 4725 3227 4764 non
3255 4715 3334 4762 est
3357 4721 3618 4762 numerus

1979 4800 2150 4869 (Psat.
2183 4799 2448 4868 CXLVI,5).
2469 4799 2586 4854 Hoc
2617 4797 2810 4853 solum
2841 4813 3084 4852 numero
3117 4795 3438 4862 insinuant,
3462 4791 3617 4866 quod

1981 4889 2054 4944 ad
2087 4888 2331 4942 invicem
2365 4893 2644 4955 s0ut,non
2677 4887 2829 4958 quod
2863 4887 2933 4941 ad
2967 4902 3028 4940 se
3059 4888 3250 4940 sunt»
3277 4885 3348 4938 Et
3379 4884 3618 4937 sanctus

1981 4978 2294 5049 Gregorius
2327 4977 2383 5030 in
2413 4975 2560 5030 libro
2594 4974 2891 5048 trigesimo
2926 4973 3231 5029 Moralium
3261 4971 3469 5038 Job,de
3494 4985 3621 5025 sen-

1979 5067 2162 5122 tentia
2182 5065 2477 5138 Evangelii
2499 5064 2743 5120 Joannis
2764 5067 2904 5134 (rap.
2928 5063 3011 5133 5):
3040 5084 3067 5112 «
3089 5061 3298 5125 Palam,
3321 5057 3535 5129 inquit,
3555 5055 3622 5113 de

1978 5158 2142 5212 Patre
2171 5156 2510 5211 annuntiabo
2539 5153 2689 5209 vobis
2717 5153 2890 5220 (Joau.
2916 5168 3029 5219 xvx,
3052 5151 3164 5218 25).
3189 5146 3383 5203 Palam
3405 5145 3622 5219 quippe

1981 5247 2052 5302 de
2085 5247 2248 5302 Patre
2277 5244 2628 5301 annuntiare
2659 5259 2720 5298 se
2751 5240 2976 5308 asserit,
2993 5238 3131 5311 quia
3151 5254 3254 5310 per
3273 5235 3624 5308 patefactam

1983 5339 2124 5390 tunc
2153 5333 2480 5406 majestatis
2512 5349 2628 5388 suae
2661 5329 2997 5402 speciem,et
3021 5326 3313 5400 quomodo
3342 5324 3468 5398 ipse
3498 5325 3624 5400 gig-

1985 5424 2146 5480 nenti
2192 5441 2306 5479 non
2354 5423 2546 5494 impar
2595 5421 2836 5484 oriatur,
2869 5421 2926 5472 et
2975 5415 3266 5489 quomodo
3317 5413 3630 5488 utriusque

1987 5512 2242 5586 Spiritus
2261 5511 2491 5582 utrique
2509 5513 2826 5563 comtemus
2846 5505 3119 5578 procedat
3139 5503 3630 5578 ostendit.Aperte

1987 5619 2242 5675 namque
2267 5605 2402 5656 tunc
2425 5595 3080 5668 videbimus,quomodo
3110 5594 3220 5650 hoc
3249 5593 3404 5666 quod
3439 5593 3630 5650 orien-

1989 5693 2130 5748 dum
2163 5695 2270 5762 est,
2305 5690 2356 5746 ei
2384 5689 2453 5744 de
2485 5703 2599 5758 quo
2631 5685 2814 5740 oritur
2857 5685 3222 5758 subsequens
3271 5701 3387 5740 non
3434 5686 3542 5752 est,
3575 5684 3635 5738 et

1990 5781 2282 5854 quomodo
2314 5779 2364 5835 is
2393 5776 2491 5850 qui
2523 5773 2889 5848 processione
2917 5774 3261 5848 producitur
3281 5791 3314 5831 a
3343 5773 3631 5847 proferen-
