4148 6468
245 445 392 511 ’569

1305 450 1408 512 DE
1451 449 1612 530 UNA
1652 450 1753 511 ET
1799 451 1956 512 NON
1996 451 2238 513 TRINA
2279 453 2665 517 DEITATE.’

3555 457 3688 524 570.

271 579 422 640 ritus
450 577 642 640 sancti
668 577 901 636 minuas
932 584 1301 654 potestatem,
1330 599 1584 654 vacuum
1626 587 1717 638 est
1745 600 1916 639 omne
1944 583 2001 652 Α
2027 587 2144 642 tem
2159 586 2913 659 ostendens.lnseparabilis
2926 587 3335 662 igiturnaturas
3348 589 3543 647 unitas
3556 609 3672 648 non

269 668 617 746 mysterium
652 687 667 726 :
701 691 728 721 η
763 671 832 737 Et
868 674 1000 742 post
1045 689 1233 744 pauca
1264 689 1277 728 :
1311 695 1339 723 «
1371 673 1564 728 Unum
1619 677 1708 729 cst
1762 673 1919 730 enim

266 757 595 832 opus,quia
624 776 808 815 unum
839 764 928 816 est
956 761 1304 834 mysterium
1338 779 1351 816 :
1386 779 1570 818 unum
1603 762 1916 835 baptisma,

265 847 406 923 quia
426 865 588 904 mors
611 865 729 904 una
747 866 851 922 pro
874 850 1124 906 mundo:
1149 851 1346 907 unitas
1375 869 1512 924 ergo
1541 851 1914 925 operationis,

264 936 465 994 unitas
497 936 955 1010 przedicationis,
987 957 1116 1012 qua:
1169 957 1284 995 non
1333 945 1524 1014 potest
1571 941 1850 1014 separari.
1887 963 1915 991 ››

261 1025 633 1098 Quapropter
662 1027 966 1084 credentes
1006 1045 1193 1084 unum
1240 1029 1425 1085 Deum
1468 1034 1586 1085 tres
1638 1047 1916 1102 personas

260 1112 442 1178 unius
468 1113 728 1185 deitatis,
745 1120 1007 1172 tenentes
1028 1134 1207 1173 unam
1230 1118 1406 1174 ﬁdem
1428 1117 1774 1174 catholicam
1789 1132 1913 1192 qnae

257 1201 384 1266 sola
407 1203 762 1274 sanctiﬁcat,
787 1205 912 1262 sola
931 1206 1914 1264 viviﬁcathabentcsetcelebrantes

227 1292 232 1296 ’
255 1309 443 1348 unum
467 1292 784 1366 baptisma,
808 1295 867 1350 in
889 1297 1005 1367 quo
1025 1295 1148 1352 solo
1172 1295 1411 1368 plenum
1441 1301 1533 1353 est
1553 1297 1687 1352 ﬁdei
1720 1315 1912 1353 sacra-

254 1387 672 1450 mentum,non
686 1385 1075 1442 obaudiemus
1088 1385 1783 1453 Gothescalcum,necum
1797 1386 1911 1442 hm-

252 1470 451 1528 reticis
469 1477 701 1544 partem
720 1473 966 1531 habeam
975 1477 1136 1544 us,ut
1147 1477 1456 1532 credamus
1470 1480 1527 1532 et
1539 1476 1805 1533 dicamus
1819 1477 1914 1532 tri-

252 1577 392 1638 nam
419 1560 956 1630 deitatem,trinam
979 1564 1376 1632 sanctitatem,
1397 1565 1613 1620 trinam
1635 1563 1912 1634 lucem,et

250 1651 462 1724 caetera
495 1665 626 1722 quas
653 1667 834 1726 supra
861 1650 1034 1719 dixit;
1055 1653 1156 1708 sed
1179 1653 1500 1710 suademus
1519 1653 1592 1722 ei,
1619 1657 1685 1708 ut
1712 1653 1762 1709 si
1793 1671 1908 1709 non

248 1737 375 1815 ψη
404 1754 546 1812 cum
575 1737 808 1796 Arianis
850 1739 1138 1797 haereticis
1170 1741 1230 1796 in
1261 1746 1542 1797 aeternum
1573 1741 1786 1798 habere
1817 1760 1908 1799 so-

250 1823 550 1900 cietatem,
611 1828 831 1897 credat,
891 1830 1257 1901 conﬁteatur,
1317 1829 1490 1898 colat,
1549 1837 1722 1888 canat
1772 1849 1906 1888 cum

247 1914 561 2021 catholicis
621 1916 946 1990 catholicus
999 1919 1228 1976 Patrem
1287 1924 1344 1976 et
1399 1919 1610 1976 Filium
1669 1924 1722 1977 et
1773 1921 1906 1993 Spi-
1937 1957 1984 2021 Β

247 1999 432 2082 ritum
457 2005 608 2062 501
652 2011 946 2076 sanctum,
973 2011 1237 2064 sanctam
1269 2009 1490 2066 scilicet
1521 2014 1577 2066 et
1607 2009 1905 2082 insepara-

245 2093 430 2175 bilem
453 2093 802 2155 Trinitatem
826 2113 1010 2154 unum
1035 2114 1164 2154 esse
1182 2099 1387 2167 Deum,
1406 2098 1583 2154 unius
1614 2099 1906 2171 ejusdem-

247 2201 360 2258 que
379 2183 646 2252 deitatis,
671 2202 736 2242 ac
767 2203 870 2259 per
897 2185 1006 2243 hoc
1032 2204 1211 2243 unam
1243 2187 1539 2255 deitatem,
1570 2205 1748 2244 unam
1780 2205 1908 2244 san-

245 2272 538 2348 ctitatem,
563 2290 746 2332 unam
766 2275 972 2346 vitam,
993 2294 1171 2332 unam
1195 2277 1564 2349 sapientiam,
1591 2295 1767 2333 unam
1789 2277 1908 2350 glo-

244 2363 419 2432 riam,
445 2365 636 2422 unum
657 2365 1142 2432 timorem,unum
1166 2383 1631 2434 amorem,unam
1653 2365 1902 2423 charita-
1930 2373 1937 2380 '

243 2455 389 2526 tein,
422 2469 608 2509 unam
637 2451 852 2520 lucem,
886 2471 1066 2510 unam
1106 2454 1376 2522 salutem,
1396 2471 1572 2511 unam
1604 2454 1899 2524 virtutem,

243 2529 429 2624 tinam
452 2558 681 2616 pacem,
706 2560 886 2598 unam
917 2544 1304 2616 majestatem,
1331 2561 1510 2600 unam
1532 2547 1899 2616 potestatem,

244 2647 430 2713 unam
448 2631 924 2704 pietatem.Sicut
942 2632 1298 2689 Athanasius
1319 2631 1376 2688 in
1401 2632 1587 2705 capite
1608 2632 1904 2689 libriocta-

242 2720 392 2798 vide
419 2719 583 2777 Fidei
606 2720 848 2778 .uuitate
886 2721 1062 2778 dicit:
1096 2745 1124 2773 «
1151 2723 1319 2778 Fides
1350 2722 1528 2778 unius
1559 2721 1900 2777 substantia:

242 2808 556 2880 Trinitatis
581 2808 706 2866 hinc
737 2814 845 2878 est,
881 2810 1069 2867 Patris
1098 2815 1157 2868 et
1182 2810 1311 2867 Filii
1341 2815 1399 2867 et
1427 2810 1682 2884 Spiritus
1713 2811 1900 2873 sancti

235 2899 361 2974 sine
393 2898 570 2972 initio
604 2903 954 2974 temporum,
977 2917 1155 2972 super
1181 2917 1417 2956 omnem
1449 2917 1689 2956 sensum
1707 2904 1764 2956 et
1785 2917 1900 2956 ser-

234 2961 474 3070 monem
495 2993 561 3046 et.
575 2989 870 3063 spiritum,
895 3007 1014 3046 una
1034 2989 1217 3046 virtus
1238 3007 1394 3046 unus
1414 2990 1590 3058 Deus,
1620 2990 1733 3046 tria
1763 3007 1896 3046 vero

229 3078 666 3158 vocabula,una
687 3083 1004 3152 potestas.»
1027 3079 1096 3135 Et
1114 3079 1240 3136 hac
1259 3078 1458 3135 omnia
1478 3079 1531 3135 id
1541 3096 1628 3146 eo,
1651 3079 1812 3152 quia,
1834 3082 1899 3134 ut

228 3167 604 3247 Augustinus
634 3170 692 3224 et
721 3170 910 3224 caeteri
959 3167 1230 3224 catholici
1272 3168 1536 3225 doctores
1567 3167 1792 3236 dicunt,
1827 3168 1897 3223 de

227 3256 486 3338 quorum
503 3257 700 3315 verbis
721 3261 776 3316 et
803 3257 1078 3316 sensibus
1108 3257 1230 3314 haec
1260 3257 1318 3313 in
1350 3258 1586 3330 praefato
1617 3256 1767 3313 libro
1798 3256 1888 3314 vir

2029 679 2220 746 potest
2247 675 2604 746 separabiles
2634 676 2847 732 habere
2876 693 3174 748 personas.
3206 679 3335 736 Haec
3361 697 3494 738 vero
3516 698 3674 738 sum-

2029 779 2138 818 ma:
2158 763 2462 820 Trinitatis
2482 768 2656 838 atque
2685 764 2996 821 individuze
3020 765 3260 822 unitatis
3282 771 3509 836 natura,
3542 785 3669 842 qua

2025 855 2116 908 est
2137 852 2261 908 sola
2285 852 2499 926 ubique
2520 858 2658 921 tota,
2684 853 2836 911 sicut
2864 854 3083 926 ubique
3107 854 3551 927 inseparabilem
3572 857 3670 914 ha-

2025 941 2418 997 betunitatcm
2435 947 2570 1000 natu
2580 961 2652 998 raa
2665 943 2754 998 vel
2768 943 2980 1016 operis,
3002 943 3086 999 sic
3109 943 3532 1016 separationem
3553 965 3666 1004 non

2024 1035 2215 1103 potest
2256 1030 2509 1104 recipere
2556 1049 2959 1105 personarum.
2993 1033 3125 1105 Ipsa
3172 1033 3368 1106 itaque
3410 1035 3666 1106 operatio

2023 1119 2145 1188 Dei,
2179 1121 2237 1176 id
2270 1125 2359 1176 est
2388 1125 2599 1177 sanctae
2649 1121 2974 1188 Trinitatis,
3005 1120 3276 1179 voluntas
3326 1126 3416 1180 est
3457 1122 3580 1192 Dei,
3613 1128 3671 1180 et

2020 1209 2291 1266 voluntas
2313 1211 2412 1266 Dei
2438 1211 2684 1284 simplex
2709 1215 2815 1278 est,
2840 1216 2898 1266 et
2919 1227 3150 1283 semper
3171 1211 3229 1266 in
3252 1212 3449 1284 requie
3481 1213 3667 1269 beati-

2021 1298 2264 1355 tudinis.
2296 1301 2411 1355 Nec
2442 1301 2597 1356 aliud
2631 1305 2719 1357 est
2747 1301 2862 1357 Deo
2891 1299 3138 1372 operari,
3173 1299 3330 1356 aliud
3372 1300 3535 1369 velle,
3565 1303 3668 1359 sed

2020 1387 2175 1444 idem
2200 1393 2290 1444 est
2312 1388 2394 1444 illi
2418 1389 2562 1446 velle
2583 1394 2641 1446 et
2663 1389 2910 1462 operari,
2933 1389 3075 1462 quia
3095 1389 3364 1446 voluntas
3393 1389 3666 1457 Deieﬁ‘e-

2019 1477 2172 1533 ctiva
2191 1477 2449 1550 potentia
2466 1483 2575 1535 est.
2604 1479 2718 1536 Nec
2741 1481 2856 1535 Deo
2877 1479 3034 1536 aliud
3061 1482 3149 1536 est
3169 1496 3296 1535 esse
3316 1479 3476 1534 aliud
3499 1479 3663 1548 velle,

2019 1567 2120 1623 sed
2155 1585 2339 1622 unum
2373 1573 2546 1642 atque
2578 1568 2818 1635 idem,et
2840 1569 2948 1624 hoc
2979 1572 3167 1624 totum
3199 1567 3663 1642 simplex,totum

2019 1656 2242 1726 Unitas,
2284 1661 2470 1712 totum
2509 1657 2787 1725 Trinitas,
2818 1661 3008 1718 totum
3039 1665 3267 1730 ὁμούσιον
3296 1675 3310 1726 ;
3345 1657 3486 1728 quia
3536 1675 3665 1716 esse

2017 1746 2172 1818 quod
2205 1745 2590 1802 substantiale
2619 1751 2710 1802 est
2741 1763 2926 1802 unum
2957 1751 3046 1802 est
3075 1745 3133 1800 in
3167 1746 3331 1802 Patre
3363 1751 3420 1802 et
3447 1745 3590 1803 Filio
3605 1750 3664 1808 et

2017 1833 2238 1907 Spiritu
2269 1839 2490 1905 sancto,
2526 1840 2585 1894 et
2615 1836 2824 1892 horum
2855 1853 2974 1892 una
3005 1835 3156 1892 508
3187 1834 3336 1892 actio
3367 1839 3474 1905 est,
3509 1834 3663 1896 sicut

2015 1941 2135 1980 una
2153 1921 2425 1982 voluntas
2472 1929 2628 1998 (cap.
2655 1925 2760 1997 14).
2796 1926 2958 1992 Quod
2990 1924 3072 1980 ait
3097 1925 3409 1996 Apostolus
3443 1943 3456 1980 :
3489 1924 3658 1981 Chri-

2012 2018 2167 2070 stum
2199 2015 2306 2070 Dei
2332 2015 2607 2071 virtutem
2636 2019 2692 2069 et
2727 2015 2833 2069 Dei
2859 2013 3214 2086 sapientiam
3239 2013 3290 2082 (ι
3312 2015 3446 2070 Cor.
3470 2031 3510 2080 1,
3541 2015 3656 2082 24),

2016 2119 2130 2157 non
2149 2102 2229 2158 ita
2245 2102 2688 2177 intelligendum
2707 2107 2816 2168 est,
2841 2103 2996 2174 quod
3021 2103 3188 2158 Pater
3208 2101 3323 2157 dici
3345 2119 3462 2177 non
3473 2102 3660 2174 possit

2012 2190 2198 2247 virtus
2217 2191 2308 2246 vel
2337 2174 2641 2264 sapientia,
2667 2190 2819 2248 sicut
2851 2190 2964 2247 dici
2996 2207 3111 2246 non
3147 2193 3340 2262 potest
3361 2174 3542 2247 Filius
3570 2190 3659 2246 vel

2012 2279 2267 2334 Verbum
2293 2297 2307 2348 ;
2331 2279 2470 2352 quia
2492 2279 2611 2336 haec
2633 2279 2872 2336 relative
2889 2283 3028 2336 sunt
3049 2278 3468 2349 nomina,sicut
3485 2297 3658 2352 supe-

2013 2367 2136 2424 rius
2156 2368 2382 2424 dictum
2406 2372 2494 2424 est
2516 2385 2530 2424 :
2555 2367 2658 2426 illa
2674 2386 2828 2436 vero,
2853 2367 2911 2429 id
2933 2372 3022 2425 est
3049 2367 3236 2424 virtus
3266 2372 3322 2424 et
3351 2367 3656 2440 sapientia,

2012 2457 2424 2514 substantialia
2453 2461 2611 2514 sunt.
2645 2458 2778 2514 Ideo
2831 2457 2998 2518 Pater
3043 2457 3231 2513 virtus
3263 2460 3320 2512 et
3348 2455 3653 2530 sapientia,

2013 2545 2192 2602 Filius
2221 2547 2408 2602 virtus
2439 2551 2497 2603 et
2527 2547 2834 2620 sapientia,
2856 2547 3109 2620 Spiritus
3139 2551 3379 2602 sanctus
3396 2545 3582 2602 virtus
3600 2549 3674 2609 et,

2011 2635 2332 2707 sapientia:
2358 2653 2474 2691 non
2505 2641 2700 2692 tamen
2731 2640 2848 2691 tres
2881 2636 3264 2704 virtutes,nec
3294 2639 3412 2690 tres
3433 2633 3657 2707 sapien-

2008 2723 2240 2792 tize,sed
2277 2743 2395 2780 una
2423 2724 2607 2780 virtus
2639 2729 2695 2780 ct
2727 2743 2842 2780 una
2874 2723 3360 2797 sapientia,Pater
3387 2727 3444 2778 et
3472 2723 3655 2780 Filius

2009 2817 2066 2868 et
2096 2813 2350 2885 Spiritus
2388 2817 2669 2882 sanctus;
2702 2813 2856 2870 sicut
2903 2831 3022 2870 una
3071 2811 3420 2880 substantia,
3451 2817 3509 2867 et
3537 2829 3656 2868 una

2007 2901 2452 2975 omnipotentia,
2486 2907 2543 2959 et
2573 2903 2688 2958 alia
2715 2921 2843 2976 quae
2873 2905 2946 2959 de
2975 2902 3303 2962 substantia
3331 2901 3652 2959 divinitatis

2006 2990 2302 3047 dicuntur.
2322 2993 2390 3047 Et
2410 2991 2492 3048 ita
2523 2991 2885 3065 intelligatur
2915 2991 3096 3049 Filius
3125 2990 3412 3064 sapientia
3441 2989 3647 3060 Patris,

2006 3081 2296 3152 quomodo
2319 3081 2533 3136 dicitur
2552 3081 2748 3136 lumen
2773 3081 2987 3148 Patris;
3003 3081 3060 3136 id
3079 3083 3260 3141 est.ut
3275 3079 3652 3154 quemadmo-

2003 3168 2146 3224 dum
2168 3167 2368 3224 lumen
2394 3169 2466 3225 de
2483 3167 2707 3226 lumine
2727 3173 2784 3226 et
2805 3173 3121 3243 utrumque
3143 3185 3324 3224 unum
3339 3167 3650 3236 lumen,sic

2006 3256 2367 3331 intelligatur
2395 3258 2682 3330 sapientia
2703 3260 2774 3315 de
2794 3258 3104 3331 sapientia,
3126 3261 3184 3334 et
3195 3261 3510 3330 utrumque
3533 3273 3652 3312 una

223 3325 600 3428 venerandus
617 3345 898 3405 Alcuinus
920 3347 1152 3421 collegit
1173 3347 1268 3419 (de
1289 3325 1422 3404 Fid.
1455 3347 1516 3402 S.
1547 3347 1752 3402 Trinit.
1781 3347 1878 3403 lib.
1923 3325 1966 3392 C
2000 3325 2291 3418 sapientia
2322 3363 2335 3403 :
2371 3325 2510 3418 quia
2536 3347 2596 3402 in
2629 3346 2730 3403 illa
2760 3325 3134 3420 simplicitate
3167 3325 3648 3414 naturai—divina;

229 3435 340 3516 1,.c'.
364 3437 500 3511 13);
545 3460 574 3488 α
598 3436 728 3494 Una
744 3441 835 3494 est
853 3441 1081 3505 natura,
1104 3437 1379 3504 essentia,
1403 3436 1766 3504 substantia,
1801 3435 1895 3491 di-

230 3525 474 3602 vinitas,
507 3525 698 3583 deitas
727 3526 915 3583 Patris
978 3530 1037 3582 et
1069 3525 1197 3582 Filii
1228 3529 1286 3582 et
1313 3525 1568 3600 Spiritus
1598 3525 1808 3591 sancti,
1839 3529 1898 3581 et

230 3616 435 3690 omnia
453 3614 718 3688 nomina,
741 3633 870 3688 qua:
891 3615 1286 3672 substantiam
1317 3614 1403 3671 vel
1436 3614 1786 3687 potentiam,
1807 3613 1894 3670 vel

227 3701 550 3761 essentiam
571 3703 672 3760 Dei
694 3703 1050 3776 signiﬁcant,
1072 3701 1160 3758 vel
1183 3701 1468 3775 quidquid
1486 3701 1719 3774 proprie
1739 3701 1810 3756 ad
1831 3718 1892 3756 se

231 3791 914 3860 di,citurDeus,omnibus
927 3791 1194 3864 personis
1207 3790 1508 3863 aequaliter
1519 3789 1892 3859 conveniunt,

231 3885 294 3946 ut
312 3882 478 3966 D‘eus
511 3898 786 3954 magnus,
811 3881 1024 3949 bonus,
1051 3884 1322 3948 aeternus,
1358 3878 1748 3951 omnipotens,
1765 3897 1894 3936 san-

230 3975 377 4042 ctus,
408 3975 469 4027 et
490 3970 691 4042 omnia
710 3988 838 4043 qua:
861 3968 1208 4026 naturaliter
1231 3969 1302 4025 de
1323 3969 1438 4026 Deo
1462 3967 1890 4024 dicuntur.Non

231 4058 541 4135 estigitur
589 4057 826 4133 aliquod
877 4063 1097 4115 natura:
1149 4074 1382 4121 nomen,
1417 4059 1573 4130 quod
1623 4057 1706 4114 sic
1736 4058 1890 4114 Patri

231 4149 544 4208 convenire
583 4149 791 4224 possit,
834 4153 899 4204 ut
930 4147 1072 4204 Filio
1103 4152 1168 4203 ut
1197 4147 1438 4220 Spiritui
1465 4151 1665 4204 sancto
1695 4165 1888 4220 aequa-

231 4237 360 4304 liter
412 4239 724 4296 convenire
774 4241 1027 4311 nequeat
1058 4237 1206 4311 (cap.
1244 4237 1350 4309 15).
1385 4235 1619 4309 Proprie
1649 4236 1887 4310 quidem

230 4325 381 4391 Deus
395 4327 618 4384 dicitur
628 4325 960 4384 substantia
971 4343 1091 4382 una
1105 4324 1886 4398 summaetineﬂ‘abilis,quze

233 4433 468 4490 semper
497 4416 654 4473 idem
678 4416 940 4489 estquod
963 4419 1072 4481 est,
1096 4414 1188 4470 cui
1212 4412 1358 4468 nihil
1389 4413 1661 4470 accidens
1679 4413 1765 4469 vel
1799 4432 1885 4470 re-

229 4504 432 4596 cidens
451 4505 649 4562 inesse
669 4505 902 4578 poterit,
925 4521 1054 4577 qua:
1077 4521 1307 4576 semper
1325 4503 1588 4596 estquod
1613 4507 1722 4596 est,
1747 4503 1887 4575 quia

231 4591 465 4668 semper
485 4593 896 4650 immutabilis.
915 4595 1057 4650 Item
1080 4593 1234 4649 Deus
1257 4609 1504 4665 magnus
1525 4591 1882 4658 dicitur,non

2005 3451 2120 3490 non
2144 3439 2232 3490 est
2252 3434 2410 3491 aliud
2431 3452 2633 3508 sapere
2655 3453 2834 3508 quam
2855 3453 3115 3502 esse,nec
3137 3435 3297 3492 aliud
3319 3451 3446 3492 esse
3467 3450 3647 3506 quam

2002 3539 2193 3594 posse,
2218 3541 2322 3580 nec
2355 3522 2514 3582 aliud
2544 3542 2716 3598 posse
2746 3541 2924 3600 quam
2955 3525 3165 3582 vivere.
3196 3524 3409 3580 Eadem
3440 3523 3521 3580 ibi
3554 3540 3645 3579 sa-

2003 3611 2222 3684 pientia
2253 3631 2377 3685 quae
2408 3615 2682 3683 essentia,
2715 3616 2920 3672 eadem
2967 3615 3086 3670 vita
3132 3631 3258 3687 qua:
3285 3613 3558 3692 essentia,
3591 3616 3649 3669 et

2001 3701 2123 3756 haec
2175 3702 2374 3757 omnia
2414 3720 2619 3768 unum,
2643 3707 2699 3759 et
2720 3721 2874 3760 unus
2904 3705 3058 3759 Deus
3079 3703 3230 3774 (cap.
3255 3705 3360 3769 15).
3393 3703 3464 3758 Et
3491 3701 3647 3758 sicut

2002 3789 2170 3845 Pater
2199 3789 2334 3857 vita,
2370 3789 2450 3844 ita
2497 3794 2553 3844 et
2601 3790 2784 3847 Filius
2830 3791 2970 3859 vita,
3001 3795 3058 3846 et
3103 3791 3358 3863 Spiritus
3405 3793 3644 3846 sanctus

1999 3879 2136 3948 vita,
2169 3879 2309 3952 quia
2339 3897 2521 3936 unum
2551 3898 2700 3952 opus
2729 3885 2820 3936 est
2847 3881 3032 3937 Patris
3063 3884 3120 3937 et
3148 3879 3274 3937 Filii
3305 3883 3360 3936 et
3389 3879 3643 3952 Spiritus

2000 3967 2209 4036 sancti,
2244 3967 2396 4024 sicut
2430 3986 2547 4023 una
2577 3968 2909 4026 substantia
2949 3973 3124 4042 atque
3165 3967 3439 4026 essentia.
3475 3969 3644 4024 Pater

1996 4053 2116 4110 vita
2140 4054 2200 4109 in
2231 4055 2568 4128 semetipso,
2593 4074 2706 4111 non
2727 4057 2798 4112 ab
2820 4055 2966 4125 alio;
2991 4056 3172 4113 Filius
3191 4056 3308 4114 vita
3338 4056 3398 4112 in
3429 4059 3642 4114 semet-

1997 4144 2146 4217 ipso,
2180 4145 2280 4200 sed
2315 4162 2349 4200 ιι
2378 4145 2563 4216 Patre,
2595 4145 2695 4218 qui
2733 4163 2868 4202 eum
2919 4145 3094 4202 talem
3142 4145 3344 4220 genuit
3369 4149 3436 4202 ut
3461 4145 3653 4214 vitam,

1996 4232 2236 4289 haberet
2257 4233 2315 4289 in
2339 4233 2673 4306 semetipso.
2701 4233 2930 4290 Dictum
2961 4236 3179 4308 quippe
3199 4240 3306 4306 est,
3336 4235 3488 4292 sicut
3517 4236 3641 4308 ipse

1997 4321 2179 4378 Filius
2200 4322 2308 4377 ait:
2338 4323 2500 4379 Sicut
2513 4329 2695 4379 Pater
2707 4326 2890 4380 vitam
2919 4326 3090 4382 habet
3113 4327 3171 4381 in
3193 4327 3524 4398 semetipso,
3554 4328 3641 4382 sic

1993 4411 2157 4468 dedit
2175 4417 2230 4467 et
2241 4410 2397 4468 Filio
2409 4413 2592 4468 vitam
2605 4413 2814 4469 habere
2835 4413 2896 4468 in
2909 4415 3208 4484 semetipso
3225 4417 3422 4482 (Joan.
3445 4432 3500 4483 v,
3523 4414 3635 4487 26),

1995 4499 2052 4554 id
2073 4505 2163 4555 est
2179 4500 2385 4573 genuit
2416 4495 2834 4571 Filium,v‘itam
2867 4501 2925 4557 in
2959 4502 3272 4576 semetipso
3302 4503 3635 4562 habentem.

1992 4589 2110 4644 Hoc
2131 4588 2321 4644 solum
2342 4589 2600 4660 interest,
2625 4592 2779 4664 quod
2803 4591 2970 4648 Pater
2987 4593 3107 4648 vita
3126 4597 3216 4648 est
3244 4609 3358 4648 non
3389 4609 3637 4650 nascen-

231 4680 338 4775 alia
353 4681 1442 4759 magnitudinemisiquaipsemagnus
1461 4684 1551 4735 est
1566 4680 1882 4736 etimmen-
1911 4698 1956 4762 D
1992 4678 2086 4744 do,
2113 4677 2294 4734 Filius
2321 4679 2442 4734 vita
2469 4683 2558 4735 est
2591 4681 2882 4737 nascendo
2908 4698 2922 4749 ;
2948 4681 3114 4738 Pater
3151 4683 3222 4738 de
3261 4681 3420 4738 nullo
3451 4687 3633 4755 patre,

229 4766 347 4846 sus.
363 4773 450 4828 Ea
469 4770 658 4845 igitur
677 4769 1085 4844 magnitudine
1107 4786 1358 4844 magnus
1379 4773 1488 4834 est,
1513 4785 1630 4840 qua
1648 4769 1772 4840 ipse
1793 4774 1882 4825 cst
1992 4766 2172 4822 Filius
2195 4768 2266 4823 de
2287 4768 2401 4824 Deo
2425 4769 2592 4824 Patre
2619 4787 2632 4837 ;
2657 4769 2826 4826 Pater
2844 4775 3080 4842 propter
3098 4770 3307 4826 Filiu‘m
3331 4770 3496 4826 Pater
3523 4773 3630 4836 est,

228 4861 429 4918 eadem
444 4857 1913 4934 magnitudo,eteabonitatebonusest,quaipsecst
1997 4855 2180 4913 Filius
2208 4875 2342 4913 vero
2373 4861 2430 4914 et
2459 4860 2614 4930 quod
2651 4858 2833 4916 Filius
2872 4863 2960 4914 est
3002 4864 3236 4932 propter
3265 4859 3492 4914 Patrem
3521 4860 3629 4924 est,

228 4947 652 5024 [bonitas].Nec
671 4951 788 5006 Deo
811 4949 970 5006 aliud
993 4952 1083 5008 est
1101 4947 1415 5017 esse,aliud
1437 4964 1878 5021 magnumesse,

231 5032 386 5096 aliud
401 5040 627 5096 bonum
639 5038 897 5107 esse;sed
911 5055 976 5094 eo
991 5056 1105 5110 quo
1117 5041 1484 5110 est,magnus
1499 5041 1558 5092 et
1570 5037 1759 5092 bonus
1770 5040 1876 5093 cst.

229 5127 360 5198 Ideo
383 5145 493 5186 nec
513 5131 632 5184 tres
654 5127 1036 5195 substantias,
1062 5145 1169 5184 nec
1197 5131 1316 5183 tres
1347 5143 1611 5199 magnos,
1637 5143 1741 5181 nec
1763 5130 1878 5182 tres

229 5214 413 5288 honos
449 5217 523 5276 de
562 5217 679 5274 Deo
709 5217 902 5274 dicere
924 5216 1013 5273 fas
1034 5221 1125 5273 est
1145 5214 1278 5288 (lib.
1303 5232 1362 5283 ιι,
1391 5232 1440 5271 c.
1465 5215 1542 5287 2).
1565 5216 1636 5270 Et
1665 5214 1760 5272 ille
1789 5219 1880 5272 est

229 5291 465 5378 summa
475 5306 1051 5375 existentia,summa
1072 5305 1478 5379 intelligentia,
1493 5321 1727 5361 summa
1738 5303 1874 5376 vita,

229 5390 404 5468 {quo
433 5400 522 5453 est
553 5395 749 5452 omnis
777 5395 915 5466 vita,
947 5395 1140 5452 omnis
1169 5393 1576 5466 intelligentia,
1598 5397 1655 5449 et
1683 5394 1876 5450 omnis

229 5463 537 5542 existentia
561 5503 574 5540 :
599 5485 702 5541 Dei
741 5463 1085 5541 enimidem
1108 5483 1303 5558 ipsum
1325 5463 1413 5538 est
1433 5487 1489 5537 et
1510 5483 1789 5553 potentia,
1819 5488 1876 5539 et

227 5573 580 5646 substantia,
602 5579 660 5630 et
681 5575 977 5643 divinitas,
1002 5579 1059 5630 et
1079 5573 1198 5630 haec
1225 5573 1424 5630 omnia
1455 5588 1658 5639 unum,
1681 5575 1745 5626 ut
1765 5572 1874 5628 hoc

231 5677 413 5718 unum
435 5663 686 5736 simplex
707 5667 856 5737 (cap.
892 5665 1002 5736 13);
1027 5663 1169 5738 quia
1198 5680 1383 5718 unum
1406 5678 1553 5733 opus
1575 5663 1663 5716 est
1685 5660 1872 5716 Patris

229 5753 284 5807 et
304 5749 432 5808 Filii
451 5758 511 5811 et
530 5753 786 5826 Spiritus
820 5753 1028 5825 sancti,
1049 5760 1106 5810 et
1137 5767 1515 5824 personarum
1548 5749 1872 5822 proprieta-

1990 4949 2047 5000 et
2068 4947 2223 5018 quoi
2263 4950 2351 5002 est
2380 4964 2414 5002 a
2441 4947 2606 5002 Patre
2643 4953 2750 5017 est,
2777 4953 2832 5003 et
2855 4966 2889 5003 a
2906 4947 3025 5003 vita
3042 4947 3160 5003 vita
3179 4951 3285 5002 est.
3309 4945 3492 5014 Pater,
3528 4944 3631 5017 qui

1989 5039 2079 5090 est
2108 5034 2224 5090 vita
2253 5034 2312 5090 in
2347 5035 2682 5109 semetipso,
2715 5037 2919 5110 genuit
2964 5035 3173 5091 Filium
3207 5033 3304 5107 qui
3334 5037 3488 5090 esset
3511 5032 3632 5090 vita

1988 5123 2049 5180 in
2066 5123 2540 5197 scmctipso.ldeo
2555 5131 2612 5182 et
2629 5125 2752 5198 ipse
2770 5125 2948 5182 Filius
2961 5125 3042 5181 ait
3055 5143 3068 5181 :
3081 5127 3242 5181 Sicut
3256 5123 3396 5180 vivit
3423 5128 3625 5194 Pater,

1985 5220 2042 5270 et
2070 5231 2179 5287 ego
2209 5217 2336 5272 vivo
2363 5220 2604 5288 prapter
2641 5221 2882 5272 Patrem
2910 5219 3101 5284 (Joan.
3135 5231 3212 5282 v1,
3243 5211 3355 5283 58).
3389 5211 3514 5267 Non
3549 5213 3628 5269 ita

1986 5301 2208 5360 dictum
2243 5309 2350 5372 est,
2376 5303 2541 5376 quasi
2563 5304 2623 5358 in
2649 5303 2958 5375 semetipso
2982 5302 3160 5358 Filius
3183 5300 3479 5374 propriam
3511 5319 3626 5358 non

1984 5391 2226 5449 haberet
2254 5393 2452 5463 vitam,
2479 5393 2580 5449 scd
2618 5391 3060 5464 participatione
3102 5395 3356 5464 paterna:
3380 5390 3510 5447 vitae
3537 5391 3625 5448 vi-

1985 5486 2106 5538 tam
2137 5482 2396 5548 haberet,
2429 5481 2582 5537 sicut
2626 5479 2830 5536 oculus
2881 5479 3133 5537 carnalis
3181 5479 3626 5554 participatione

1982 5569 2132 5628 lucis
2174 5571 2418 5626 alterius
2467 5569 2665 5624 lumen
2711 5567 2940 5640 accipit,
2967 5570 3121 5642 quod
3155 5588 3270 5626 non
3297 5569 3534 5626 haberet
3563 5569 3621 5627 in

1981 5661 2172 5733 seipso
2194 5659 2307 5716 nisi
2328 5659 2563 5715 aliunde
2585 5661 2926 5715 mutuasset.
2954 5660 3066 5716 Sed
3084 5661 3210 5732 jam
3227 5657 3469 5733 jamque
3489 5659 3622 5717 talis

1980 5768 2015 5806 a
2040 5751 2207 5807 Patre
2224 5750 2456 5823 genitus
2477 5751 2566 5804 est
2587 5746 2785 5816 Filius,
2819 5747 2920 5820 qui
2943 5748 3000 5806 in
3023 5750 3216 5824 seipso
3239 5750 3469 5808 viveret.
3506 5749 3620 5808 Sic-
