4148 6452
521 464 632 526 571
1454 463 1698 526 HINCM
1712 464 1845 526 ARI
1893 461 2338 525 RHEMENSIS
2383 461 3000 526 ARCHIEPISCOPI.
3781 470 3882 532 572

521 601 587 653 ut
617 597 784 654 Pater
813 614 929 654 non
959 601 1050 654 est
1078 595 1349 671 indigens
1373 596 1510 665 vita,
1541 597 1624 653 sic
1655 594 1836 654 Filius
1869 614 1981 653 non
2015 595 2164 651 indi-
2195 597 2249 664 Α
2279 613 2407 674 quae
2439 599 2528 652 est
2557 613 2676 652 una
2701 595 2910 666 virtus,
2938 595 3058 652 sive
3109 614 3228 653 una
3275 597 3461 655 forma
3499 599 3886 673 magnitudinis

521 690 617 760 get
636 686 879 744 alterius
899 687 1028 743 vitae
1051 691 1116 742 ut
1135 686 1232 744 sit.
1259 689 1429 743 Pater
1461 686 1596 754 vita,
1621 687 1706 742 sic
1735 691 1794 742 et
1824 685 2005 743 Filius
2033 686 2168 753 vita,
2282 685 2634 758 aaqualitatis
2657 685 2930 758 ejus,sive
2953 704 3070 742 una
3092 687 3515 760 majestas,sive
3527 706 3640 745 una
3658 689 3884 760 claritas,

521 779 838 848 utrumque
892 780 1090 832 tamen
1145 794 1263 832 una
1313 777 1452 843 vita,
1486 795 1602 832 non
1656 777 1804 843 duae,
1837 776 1978 848 quia
2019 793 2171 832 unus
2279 773 2896 846 quaeinhancunitam
2916 775 3884 849 deitatemplenitudinissecundum

521 863 696 932 Deus,
720 882 836 920 non
871 867 987 922 duo
1021 867 1098 922 dii
1133 867 1413 941 (€011.18).
1449 865 1730 921 Similiter
1760 868 1816 920 et
1847 866 1918 920 de
1950 865 2169 937 Spiritu
2279 863 2590 936 Scriptura:
2613 863 2874 937 regulam
2899 863 2957 920 in
2981 864 3090 920 hoc
3111 863 3236 920 loco
3259 865 3500 922 collecta
3533 867 3884 940 reperiuntur,

521 957 722 1010 sancto
743 957 832 1009 est
853 955 1413 1028 sentiendum,quod
1435 954 1613 1009 vitam
1640 954 1854 1010 habeat
1873 954 1932 1008 in
1955 957 2170 1009 semet—
2279 951 2544 1024 nunquid
2577 953 2661 1008 sic
2691 953 2748 1008 in
2780 954 2983 1009 eadem
3015 953 3227 1009 deitate
3253 953 3556 1011 Trinitatis
3604 963 3778 1028 potest
3801 960 3886 1014 ad-

523 1041 670 1114 ipso,
696 1043 1014 1114 procedens
1037 1061 1070 1099 a
1089 1045 1256 1100 Patre
1289 1049 1346 1100 et
1389 1043 1556 1109 Filio,
1589 1048 1910 1099 coaeternus
1941 1048 1999 1098 et
2029 1059 2171 1098 con-
2277 1041 2480 1098 versus
2503 1042 2832 1114 Scripturas
2856 1043 3078 1109 referri,
3101 1048 3165 1098 ut
3183 1047 3302 1099 tres
3323 1043 3656 1116 sapientias,
3679 1051 3771 1102 aut
3787 1052 3886 1103 tres

523 1131 928 1187 substantialis
943 1133 1096 1188 Patri
1119 1138 1175 1189 et
1195 1134 1435 1189 Filio.Et
1449 1131 1858 1204 ubicunquein
1873 1131 2173 1205 Scriptura
2277 1131 2540 1200 virtutes,
2565 1136 2664 1187 aut
2687 1135 2800 1186 tres
2823 1131 3130 1205 imagines,
3155 1136 3255 1188 aut
3275 1136 3392 1188 tres
3413 1134 3776 1203 substantias,
3802 1140 3888 1191 aut

525 1224 730 1276 sancta
783 1221 999 1294 legitur
1055 1223 1216 1279 solus
1271 1223 1444 1291 Deus,
1480 1240 1592 1278 non
1641 1223 1713 1278 de
1742 1239 1861 1276 una
1911 1221 2170 1293 qualibet
2278 1225 2396 1276 tres
2427 1220 2740 1288 claritatcs,
2773 1226 2875 1277 aut
2905 1226 3024 1276 tres
3056 1219 3451 1294 plenitudines
3484 1221 3886 1289 divinitatis,vel

524 1327 774 1383 persona
805 1311 863 1366 in
895 1315 1098 1367 sancta
1123 1312 1406 1368 Trinitate
1449 1311 1894 1384 intelligendum
1925 1315 2034 1377 est,
2068 1310 2170 1365 sed
2278 1314 2483 1365 caetera
2511 1310 2851 1381 hujusmodi
2885 1309 3188 1383 pluraliter
3241 1310 3728 1366 Ariomanitarum
3753 1329 3887 1368 more

525 1399 597 1454 de
627 1403 748 1456 tota
779 1404 985 1456 sancta
1031 1400 1335 1468 Trinitate,
1369 1419 1497 1472 quae
1542 1400 1843 1472 aequaliter
1897 1403 2172 1472 operatur
2279 1399 2795 1455 dicamus?Absit.
2820 1399 2983 1456 Sicut
3005 1404 3091 1465 tu,
3115 1399 3379 1471 Osi,jam
3402 1399 3462 1454 in
3485 1403 3646 1455 aetate
3677 1401 3882 1473 prolixa,

523 1489 725 1544 omnia
755 1507 1116 1562 quaecunque
1137 1491 1431 1563 operanda
1452 1489 1842 1560 essejudicat.
1868 1492 2001 1556 Quae
2036 1507 2168 1544 san-
2279 1487 2418 1559 quin
2442 1505 2546 1559 per
2577 1489 2908 1544 rudimenta
2939 1489 2996 1544 in
3028 1490 3248 1562 synodo
3279 1488 3585 1545 Sirmicnsi
3617 1489 3884 1559 catholica,

525 1582 619 1634 cta
645 1578 902 1635 Trinitas
929 1584 1020 1635 est
1049 1597 1225 1646 unus,
1257 1579 1438 1648 solus,
1483 1580 1711 1649 beatus,
1763 1582 1988 1651 potens,
2022 1577 2168 1632 invi-
2277 1580 2480 1632 auctor
2513 1575 2674 1633 fuisti
2710 1594 2723 1632 :
2761 1577 2858 1632 ubi
2892 1577 3067 1632 ﬁdem
3099 1581 3472 1650 tuam,quam
3502 1577 3558 1632 in
3591 1575 3886 1634 Nicaeacon-

525 1665 732 1735 sibilis,
765 1671 822 1722 et
849 1685 1021 1723 verus
1051 1668 1228 1734 Deus,
1259 1669 1399 1740 quia
1457 1686 1576 1722 una
1628 1667 1888 1740 potentia
1943 1671 2035 1722 est
2075 1671 2168 1720 to-
2277 1666 2617 1738 scripseras,
2646 1666 2869 1721 irritam
2893 1665 3080 1722 fecisti
3101 1667 3244 1722 dum
3266 1667 3438 1740 regia:
3454 1665 3715 1739 potestati
3735 1666 3888 1721 famu-

523 1755 644 1812 tius
704 1760 918 1812 sanctae
966 1757 1292 1812 Trinitatis.
1326 1758 1523 1829 Neque
1553 1757 1732 1824 enim,
1757 1756 1896 1828 quia
1921 1756 2046 1827 ipse
2077 1755 2168 1810 Fi-
2276 1753 2724 1810 laris.Przeterea
2747 1755 2844 1827 qui
2871 1755 3040 1810 morti
3063 1773 3224 1812 esses
3247 1773 3529 1829 perquam
3559 1755 3790 1822 vicinus,
3818 1755 3885 1811 sic

523 1843 638 1900 lius
695 1843 832 1901 alibi
891 1845 1138 1918 loquens
1195 1863 1332 1902 voce
1388 1846 1708 1918 sapientiae,
1741 1845 1867 1918 ipse
1895 1849 1983 1900 est
2011 1844 2168 1899 enim
2277 1842 2336 1898 in
2369 1843 2644 1914 laqueum
2676 1843 2968 1916 voraginis
2999 1844 3215 1899 baratri
3243 1843 3521 1912 incidisti,
3544 1849 3606 1900 ut
3632 1843 3886 1900 excideres

523 1933 810 2006 sapientia
857 1935 956 1992 Dei
1009 1953 1136 2008 quae
1167 1936 1250 1991 ait
1282 1954 1296 1992 :
1333 1936 1540 2008 Cyrum
1593 1937 1715 1992 mali
1769 1936 2001 1991 circuivi
2055 1935 2170 1990 sola.
2201 1969 2247 2032 Β
2279 1935 2560 2005 tanquam
2592 1937 2860 1989 mortuus
2890 1950 2925 1988 a
2955 1933 3145 2002 corde,
3171 1937 3237 1989 ut
3268 1933 3673 2000 dicereszQuis
3693 1932 3888 2005 ignoret

523 2022 710 2095 (Eccli.
762 2043 912 2093 xxiv,
954 2025 1032 2097 8),
1089 2025 1380 2098 separavit
1431 2042 1466 2080 a
1521 2042 1585 2081 se
1639 2025 1888 2090 Patrem,
1949 2027 2170 2096 quanto
2204 2019 2246 2032 υ
2279 2021 2503 2078 Patrem
2539 2023 2821 2093 majorem
2853 2038 2981 2076 esse
3025 2021 3263 2091 honore,
3299 2021 3604 2095 dignitate,
3637 2019 3884 2088 claritate,

527 2113 680 2170 ὅθί)
703 2114 890 2188 magis
911 2131 1048 2187 ergo
1071 2131 1185 2170 non
1208 2119 1296 2170 est
1317 2131 1552 2170 necesse
1573 2118 1638 2170 ut
1659 2114 2068 2169 tantummodo
2099 2113 2171 2168 de
2280 2111 2433 2168 510
2463 2115 2521 2166 et
2550 2113 2853 2183 majestate
2871 2111 2899 2166 ‘I
2921 2109 3088 2184 quasi
3121 2111 3248 2166 dua:
3279 2110 3367 2166 vel
3399 2115 3555 2166 certe
3584 2113 3694 2164 tres
3721 2111 3889 2164 essent

526 2205 692 2261 Patre
709 2208 917 2276 praeter
939 2203 1147 2261 Filium
1167 2204 1254 2260 vel
1277 2203 1560 2276 Spiritum
1584 2207 1854 2258 sanctum
1888 2201 2172 2274 intelliga-
2279 2199 2590 2265 claritatcs,
2624 2204 2723 2254 aut
2770 2199 3127 2271 majestates,
3160 2199 3219 2254 in
3259 2197 3512 2272 singulis
3539 2197 3630 2253 bis
3659 2194 3886 2269 personis

524 2295 624 2348 tur
643 2292 798 2364 quod
815 2291 1038 2347 dictum
1063 2291 1365 2348 est:Solus
1381 2291 1552 2347 habet
1576 2287 2170 2356 immortalitatem,et
2280 2288 2467 2345 Patris
2497 2293 2555 2345 et
2586 2288 2712 2344 Filii
2753 2293 2807 2345 et
2849 2288 3102 2361 Spiritus
3145 2288 3354 2355 sancti,
3389 2288 3545 2361 quod
3576 2286 3737 2342 absit.
3765 2285 3885 2340 Nam

530 2379 720 2438 lucem
735 2380 1436 2438 habitatinaccessibilem
1453 2385 1502 2450 (I
1518 2381 1762 2446 Tz'm.v1,
1788 2381 1875 2445 16,
1897 2395 2028 2450 cap.
2049 2377 2171 2450 20)?
2279 2378 2462 2434 sihmo
2484 2395 2682 2433 eorum
2708 2377 2792 2433 sic
2814 2395 2876 2433 se
2897 2377 3264 2450 blasphemia
3285 2377 3460 2446 ita,ut
3476 2374 3885 2445 aiunt,habcret,

524 2471 598 2527 Et
617 2469 869 2542 Spiritus
891 2474 1150 2538 sanctus,
1176 2471 1274 2543 qui
1297 2471 1356 2525 in
1381 2469 1697 2542 Scripturis
1718 2469 1931 2541 legitur
1951 2469 2170 2523 donum
2280 2483 2459 2538 quare
2490 2466 2667 2522 etiam
2699 2483 2814 2522 non
2839 2469 2956 2522 tres
2987 2467 3126 2522 deos
3154 2465 3372 2539 plurali
3405 2481 3644 2521 numero
3686 2477 3882 2518 nuncu-

527 2559 652 2627 Dei,
681 2558 768 2614 vel
797 2559 1142 2631 paraeletus,
1166 2559 1254 2615 vel
1287 2557 1542 2616 charitas
1573 2559 1692 2625 Dei,
1713 2557 1772 2613 in
1804 2559 2006 2614 eadem
2042 2555 2169 2612 uni-
2279 2559 2440 2628 pant,
2475 2572 2542 2611 ac
2571 2555 2805 2628 publica
2859 2572 2998 2611 voce
3049 2553 3203 2611 circa
3247 2555 3514 2628 proprias
3546 2552 3629 2608 vel
3661 2551 3887 2607 diversas

526 2651 646 2704 tate
677 2648 1020 2704 substantia:
1051 2652 1108 2704 et
1137 2648 1466 2720 aequalitate
1522 2665 1654 2703 cum
1717 2648 1882 2703 Patre
1930 2651 1988 2702 et
2028 2631 2170 2702 Filio
2281 2645 2642 2701 substantias
2663 2649 2803 2700 suas
2825 2643 3218 2716 pollicentur?
3249 2645 3407 2716 quod
3441 2641 3609 2710 absit,
3629 2641 3758 2697 dum
3787 2653 3889 2710 per-

529 2735 818 2794 consistit.
853 2737 981 2794 Sive
1010 2737 1168 2792 enim
1203 2737 1278 2793 sit
1306 2737 1502 2793 unitas
1533 2738 1860 2802 amborum,
1881 2736 1999 2792 sive
2031 2754 2169 2791 san-
2279 2734 2425 2791 fecte
2451 2732 2680 2788 unitum
2717 2751 2927 2789 nomen
2959 2729 3634 2801 divinitatis,multifarie
3657 2723 3889 2802 quamvis

528 2825 720 2897 ctitas,
745 2825 864 2884 sive
888 2826 1162 2893 charitas,
1187 2827 1306 2883 sive
1339 2827 1467 2884 ideo
1497 2827 1694 2884 unitas
1723 2827 1864 2899 quia
1893 2826 2168 2893 charitas,
2281 2825 2524 2892 dictum,
2557 2823 2754 2879 uniter
2783 2822 2840 2877 in
2875 2822 3158 2878 Trinitate
3189 2822 3497 2880 consistat.
3527 2843 3554 2870 »
3586 2821 3652 2876 Et
3680 2819 3888 2875 sanctus

528 2919 586 2972 et
615 2915 742 2972 ideo
765 2915 1022 2971 charitas
1052 2916 1192 2988 quia
1222 2916 1524 2984 sanctitas,
1555 2933 1925 2989 nequaquam
1980 2914 2174 2970 minor
2279 2912 2624 2970 Ambrosius
2663 2913 2720 2967 in
2781 2912 3038 2968 secundo
3098 2929 3164 2967 ac
3209 2911 3383 2968 tertio
3431 2909 3578 2965 libro
3607 2909 3674 2964 de
3699 2901 3887 2978 Spiritu

527 3007 618 3061 est
646 3003 764 3061 illis
787 3003 847 3060 in
891 3003 1088 3078 aliquo
1135 3023 1204 3062 ex
1259 3005 1475 3078 quibus
1530 3005 1808 3078 procedit.
1841 3006 1910 3060 Et
1934 3004 2055 3059 haec
2085 3007 2175 3059 est
2282 3006 2504 3070 sancto,
2535 3018 2603 3058 ex
2632 3001 3066 3074 Scripturarum
3097 2999 3449 3057 auctoritate
3491 2996 3780 3054 manifeste
3806 2992 3886 3046 de-

530 3111 767 3150 summa
795 3093 1068 3162 charitas,
1103 3112 1221 3167 qua
1250 3095 1483 3168 genitus
1513 3113 1548 3151 a
1566 3094 1841 3167 gignente
1871 3093 2168 3167 diligatur,
2281 3095 2590 3156 monstrat,
2614 3089 2768 3146 sicut
2803 3090 3044 3146 devotus
3073 3088 3254 3146 lector
3284 3089 3454 3146 facile
3485 3085 3730 3143 invenire
3755 3079 3888 3136 vale-

529 3183 970 3256 genitoremque
1000 3201 1174 3239 suum
1207 3183 1432 3256 diligat,
1460 3187 1518 3241 et
1568 3183 1697 3240 ideo
1751 3201 1864 3238 non
1919 3181 2174 3255 amplius
2282 3181 2392 3248 bit,
2413 3179 2553 3253 quia
2580 3180 2750 3236 Pater
2779 3182 2835 3235 et
2865 3178 3046 3236 Filius
3076 3182 3132 3236 et
3161 3178 3422 3252 Spiritus
3451 3194 3568 3234 una
3604 3176 3688 3231 est
3711 3171 3886 3235 virtus,

531 3289 710 3344 quam
732 3271 845 3326 tria
863 3275 1004 3327 sunt
1025 3289 1039 3327 :
1063 3289 1218 3328 unus
1239 3273 1488 3344 diligens
1519 3289 1677 3341 eum,
1701 3272 1802 3344 qui
1827 3273 1896 3328 de
1917 3271 2014 3327 illo
2047 3275 2170 3339 est;
2220 3341 2244 3344 ,Α
2282 3274 2341 3327 et
2365 3286 2552 3326 unum
2610 3273 2699 3324 est
2753 3267 3066 3325 consilium
3125 3267 3312 3324 Patris
3343 3273 3404 3324 et
3432 3265 3559 3325 Filii
3589 3268 3644 3320 et
3669 3257 3889 3333 Spiritus

531 3341 588 3417 et
619 3377 774 3416 unus
821 3359 1074 3433 diligens
1119 3378 1274 3430 eum,
1309 3341 1486 3434 atquo
1524 3365 1648 3430 est;
1681 3341 1738 3417 et
1765 3361 1889 3433 ipse
1921 3360 2170 3428 dilectio,
2204 3341 2247 3408 (ἶ
2287 3359 2495 3428 sancti,
2527 3363 2584 3415 et
2615 3376 2734 3414 una
2762 3358 2883 3414 vita
2913 3359 3078 3414 Pater
3105 3362 3163 3414 et
3193 3357 3375 3414 Filius
3403 3361 3461 3414 et
3485 3352 3726 3430 Spiritus
3773 3362 3888 3404 san-

535 3449 606 3505 de
631 3465 750 3521 qua
767 3447 986 3504 dicitur
1005 3449 1144 3522 quia
1159 3455 1304 3506 Deus
1316 3449 1696 3507 charitasest.
1720 3450 1925 3505 Ethaee
1948 3466 2182 3504 summa
2290 3453 2442 3518 ctus,
2477 3451 2534 3504 et
2561 3452 2786 3504 creator
2815 3447 3080 3504 omnium
3114 3447 3282 3503 Pater
3308 3451 3366 3503 ct
3395 3445 3576 3504 Filius
3595 3446 3650 3498 et
3668 3435 3889 3511 Spiritus

533 3537 921 3595 etineli‘abilis
941 3538 1217 3605 Trinitas,
1244 3557 1356 3596 non
1397 3538 1572 3595 unius
1595 3537 1695 3594 Dei
1719 3537 1832 3593 dici
1855 3539 2046 3604 debet,
2080 3539 2179 3593 sed
2291 3541 2554 3606 sanctus,
2579 3541 2636 3592 et
2656 3555 2841 3592 unum
2863 3554 3108 3610 regnum
3145 3535 3334 3593 Patris
3355 3541 3416 3592 et
3437 3533 3564 3593 Filii
3593 3535 3650 3587 et
3675 3523 3895 3600 Spiritus

534 3644 692 3683 unus
739 3626 894 3682 Deus
941 3628 1090 3701 (cap.
1125 3629 1236 3698 2t).
1272 3629 1342 3684 Et
1371 3627 1487 3683 ista
1519 3627 1774 3683 charitas
1811 3644 1921 3681 non
1956 3630 2186 3682 tenetur
2293 3627 2502 3694 sancti,
2534 3629 2592 3682 et
2622 3643 2740 3682 una
2792 3625 3064 3683 voluntas
3122 3625 3308 3682 Patris
3349 3629 3410 3682 et
3449 3621 3575 3682 Filii
3600 3623 3657 3677 et
3676 3611 3895 3688 Spiritus

535 3715 648 3773 nisi
681 3716 740 3772 in
772 3717 995 3774 unitate
1024 3717 1293 3774 Ecclesia:
1335 3717 1571 3784 Christi,
1606 3734 1710 3772 nec
1759 3715 1919 3771 illam
1970 3715 2187 3770 habent
2293 3716 2503 3780 sancti,
2535 3719 2592 3774 et
2623 3733 2740 3771 una
2767 3715 2934 3782 visio,
2962 3733 3079 3771 una
3109 3715 3636 3788 prazccptio,atque
3667 3721 3774 3761 una
3801 3714 3898 3788 maf

535 3805 720 3879 quise
739 3803 1008 3862 dividunt
1028 3807 1099 3862 ab
1125 3806 1348 3862 unitate
1369 3804 1668 3862 catholicae
1691 3805 1872 3878 pacis.
1905 3827 1932 3854 »
1957 3805 2084 3860 Haec
2117 3806 2188 3861 de
2287 3807 2494 3878 jestas,
2527 3807 2584 3860 et
2613 3803 2769 3860 omni
2779 3803 3056 3877 potentia,
3089 3786 3154 3860 ac
3192 3786 3314 3860 una
3355 3799 3635 3860 sanctitas
3665 3788 3829 3850 Patris
3853 3786 3900 3879 ct

535 3877 955 3951 catholicorum
980 3894 1215 3950 Patrum
1239 3895 1415 3952 dictis
1436 3896 1509 3950 ab
1528 3877 1772 3950 Aleuino
1793 3893 1852 3949 in
1878 3911 2059 3949 unum
2079 3893 2193 3952 col-
2297 3877 2424 3951 Filii
2452 3898 2508 3950 et
2537 3891 2790 3965 Spiritus
2821 3892 3030 3949 sancti.
3063 3893 3289 3948 Etenim
3321 3891 3478 3948 sicut
3505 3886 3772 3958 scriptum
3797 3877 3897 3931 est!

533 3983 685 4039 lecta
705 3984 1034 4055 posuimus.
1063 3986 1212 4041 Sane
1235 3985 1321 4040 uti
1343 4002 1576 4041 omnem
1601 3983 1943 4056 scrupulum
1960 3989 2188 4040 utentes
2302 3985 2485 4040 Totum
2513 3983 2772 4054 spiritum
2815 3997 2980 4037 suum
3005 3983 3216 4054 profert
3241 3981 3440 4038 stultus
3473 3997 3486 4035 :
3519 3977 3725 4048 sapiens
3749 3971 3902 4056 ααιξπι

533 4049 728 4127 verbis
748 4072 900 4126 beati
922 4072 1224 4129 Athanasii
1246 4073 1579 4145 legentibus
1600 4049 2004 4145 amputemus:
2039 4097 2066 4122 «
2083 4073 2190 4128 Ad-
2297 4073 2478 4145 differt
2505 4049 2556 4128 et
2583 4079 2820 4126 reservat
2838 4072 2894 4126 in
2914 4049 3188 4142 pos-teram
3210 4071 3390 4142 (Prov.
3414 4085 3564 4133 xxxx,
3584 4065 3666 4132 11)
3689 4077 3702 4128 ;
3732 4059 3790 4112 ut
3807 4049 3902 4149 111?:

537 4159 673 4226 huc,
701 4159 914 4232 inquit,
964 4161 1216 4217 breviter
1245 4133 1596 4228 dilucidabo,
1628 4133 1947 4217 multifarie
1979 4179 2186 4234 appro-
2297 4133 2432 4217 nius
2454 4177 2624 4216 suam
2647 4133 2958 4218 stultitiam
2980 4133 3396 4216 Gothescalcus
3425 4151 3759 4214 ostenderet,
3777 4133 3899 4196 nihil

537 4251 686 4307 bans
703 4249 812 4304 hoc
831 4249 1072 4305 unitatis
1095 4267 1307 4307 nomen
1329 4250 1836 4308 esseverissimum
1860 4251 2186 4317 Trinitatis,
2295 4249 2479 4306 voluit
2510 4265 2821 4315 reservare,
2841 4249 2984 4322 quin
3012 4251 3202 4304 totum
3235 4246 3509 4320 spiritum
3540 4235 3782 4326 stultitia:
3801 4241 3899 4326 sti-8

539 4357 667 4412 qum
691 4343 884 4394 tamen
909 4340 1276 4395 referaturad
1299 4339 1681 4396 multifariam
1696 4340 2044 4412 sapientiam
2059 4341 2182 4409 Dei,
2296 4337 2767 4413 proferret.Unde
2787 4342 2842 4394 et
2858 4319 3365 4410 quasiclausulam
3387 4319 3896 4410 prazdictisadjecit:

541 4445 670 4502 quae
693 4427 889 4482 uniter
909 4428 965 4482 in
988 4428 1155 4484 Patre
1177 4432 1234 4484 et
1255 4429 1312 4484 in
1338 4429 1480 4486 Filio
1503 4435 1559 4485 et
1579 4429 1800 4503 Spiritu
1823 4432 2025 4486 sancto
2056 4447 2188 4486 con-
3047 4426 3193 4482 XIII.

541 4515 718 4585 sistit,
744 4517 814 4572 de
845 4533 962 4589 qua
1006 4517 1056 4571 si
1113 4517 1407 4591 signiﬁces
1453 4518 1752 4590 sapientia:
1803 4519 2096 4588 deitatem,
2130 4523 2188 4575 et
2383 4522 2438 4583 ’ἐς
2468 4541 2496 4568 ‹‹
2518 4516 2758 4584 Cuncta,
2784 4515 3077 4589 inquienS,
3100 4515 3184 4572 Sic
3205 4532 3334 4572 8836
3355 4532 3460 4573 ceu
3484 4507 3680 4578 άῘΧίιίη
3701 4495 3901 4591 (limbus

542 4605 819 4662 deitatem
851 4588 1387 4677 sapientia—nonne
1435 4588 1556 4663 haec
1599 4607 1726 4679 ipsa
1757 4613 1846 4664 est
1879 4607 2070 4664 unitas
2102 4626 2189 4664 sa-
2297 4629 2326 4658 «
2361 4605 2594 4680 probari
2619 4588 3104 4680 potest,patenter
3124 4605 3462 4662 nominibus
3483 4588 3901 4673 singularistan—

541 4694 795 4768 pientize,
827 4711 956 4766 quae
987 4697 1043 4750 et
1073 4694 1346 4752 divinitas
1376 4696 1726 4752 Trinitatis?
1755 4699 1903 4771 Ergo
1936 4703 2000 4754 ut
2030 4715 2188 4754 com-
2217 4714 2264 4778 D
2298 4721 2325 4747 α
2354 4696 2658 4752 tummodo
2690 4693 3055 4762 numeri,hoc
3077 4699 3167 4750 est
3196 4695 3254 4750 in
3284 4693 3413 4750 luce
3445 4689 3658 4767 pariter
3682 4684 3736 4737 et

541 4783 754 4858 pcndio
787 4783 908 4840 hinc
937 4783 1329 4856 assignemus,
1359 4785 1477 4840 sive
1512 4786 1812 4859 sapientia:
1843 4787 2048 4859 gloria,
2081 4805 2183 4843 seu
2217 4763 2262 4778 υ
2298 4809 2326 4837 ί(
2359 4787 2483 4842 Lux
2519 4783 2676 4840 enim
2707 4787 2764 4839 et
2793 4802 2904 4856 pax
2952 4784 3232 4858 ingenita.
3266 4788 3323 4840 εἴ
3351 4783 3452 4839 lux
3479 4784 3536 4838 εδ
3563 4791 3669 4851 Pax
3709 4763 3898 4859 ge.mm'

539 4873 726 4930 deitas
782 4873 1000 4946 glorim,
1034 4877 1136 4929 aut
1197 4877 1532 4941 summitas,
1563 4878 1662 4929 aut
1709 4874 2050 4946 dominatio,
2084 4881 2186 4931 aut
2291 4899 2319 4925 «
2356 4875 2498 4946 quin
2521 4877 2578 4929 ct
2601 4873 2700 4928 lux
2720 4876 2895 4946 atque
2927 4892 3036 4946 pax
3069 4875 3412 4946 procedens,
3444 4888 3557 4928 non
3589 4870 3700 4920 tres
3733 4853 3899 4927 Plura'

542 4963 818 5035 dignitas,
848 4968 948 5018 aut
974 4961 1233 5034 claritas,
1266 4967 1368 5018 aut
1398 4964 1698 5034 majestas,
1717 4969 1818 5020 aut
1849 4964 2180 5037 imperium,
2293 4989 2320 5014 ‹‹
2356 4963 2487 5018 liter
2507 4963 2666 5018 luces
2689 4966 2791 5017 aut
2810 4981 2982 5034 paces
3003 4963 3115 5018 dici
3139 4964 3414 5019 sinuntur
3433 4963 3503 5018 ab
3517 4961 3633 5014 arte
3648 4951 3900 5037 gramm?

542 5056 645 5107 aut
674 5056 952 5124 potestas,
985 5055 1086 5107 aut
1123 5051 1556 5123 sempiternitas
1607 5036 1961 5121 nominetur,
1992 5070 2184 5110 nonne
2295 5077 2324 5104 ‹‹
2358 5053 2494 5124 tica,
2541 5068 2729 5124 neque
2785 5056 2900 5108 tres
2957 5052 3320 5121 naturaliter,
3354 5057 3420 5108 ut
3473 5046 3643 5106 latrat
3694 5036 3900 5124 Ιᾎθπῗείδ

541 5139 628 5194 hae
649 5158 683 5207 ε,
711 5139 1029 5197 multifarie
1059 5139 1326 5214 quamvis
1357 5139 1476 5196 sint
1503 5141 1678 5208 dicta,
1721 5147 1917 5198 tamen
1949 5142 2020 5197 ad
2052 5141 2182 5196 uni-
2294 5167 2321 5193 u
2349 5142 2582 5207 Ariana,
2607 5158 2794 5214 neque
2816 5141 3198 5214 personaliter
3218 5159 3356 5212 una,
3381 5142 3533 5198 sicut
3553 5123 3792 5191 somniat
3808 5115 3900 5214 hie:

543 5201 961 5286 tam'deitatem
987 5201 1501 5302 incomparabilem
1527 5201 1712 5287 Patris
1733 5235 1789 5287 et
1821 5230 1944 5286 Filii
1977 5235 2034 5285 et
2062 5230 2186 5302 Spi-
2298 5255 2320 5282 ι
2357 5231 2503 5287 resis
2535 5201 2896 5288 S'abellian‘a:
2931 5232 3030 5287 sed
3064 5231 3262 5304 procul
3293 5201 3472 5288 dubio
3503 5227 3600 5282 lux
3627 5222 3682 5275 et
3709 5224 3809 5286 Pax
3825 5201 3900 5257 est

545 5317 692 5372 ritus
724 5319 907 5375 sancti
941 5319 1132 5376 uniter
1161 5323 1300 5376 sunt
1343 5319 1634 5376 declarata
1654 5322 1681 5376 ‘Z
1711 5324 1812 5377 aut
1841 5324 2012 5394 putas
2043 5324 2186 5392 quot
2293 5345 2322 5373 «
2357 5320 2698 5377 naturaliter
2725 5339 2863 5391 una,
2896 5325 2955 5377 et
2992 5303 3373 5394 personaliter
3418 5319 3586 5382 trina,
3620 5304 3760 5366 sicut
3792 5303 3898 5394 3m;

546 5404 1000 5478 significationes
1023 5410 1381 5466 dicunturad
1393 5409 1638 5483 gloriam
1660 5377 2184 5478 deitatis,totidem-
2297 5435 2319 5462 ι
2356 5411 2614 5484 plectens
2662 5377 2877 5467 trinam
2911 5415 2967 5467 et
2992 5377 3188 5467 ‘unam
3237 5413 3432 5481 fidem,
3462 5427 3526 5466 ac
3553 5377 3651 5477 per
3677 5395 3777 5451 110°
3802 5377 3906 5484 Cri.

547 5512 659 5567 que
703 5495 822 5551 sint
869 5502 924 5552 et
966 5499 1188 5570 species
1241 5500 1595 5556 diversitatis
1617 5499 1646 5555 ?
1673 5500 1857 5567 Absit,
1891 5499 2032 5554 dum
2065 5501 2184 5556 hmc
2293 5525 2321 5552 «
2357 5501 2520 5568 dens,
2555 5502 2860 5566 confitens,
2893 5499 3111 5568 colens,
3145 5518 3360 5557 canens
3407 5500 3616 5556 trinam
3663 5488 3716 5540 οῖ

547 5583 818 5641 universa
847 5586 916 5641 ad
942 5587 1163 5644 unitum
1211 5589 1607 5647 substantiam
1657 5590 1812 5645 dicta
1842 5588 2182 5644 referantur.
2295 5615 2322 5643 ‹‹
2358 5591 2568 5659 lucem,
2592 5594 2649 5646 et
2679 5607 2904 5663 pacem,
2939 5591 3328 5662 majestatem,
3363 5585 3715 5664 potestatem:
3743 5563 3896 5664 Ploti-

547 5674 693 5731 Nam
725 5674 772 5730 si
806 5674 928 5730 haec
955 5693 1072 5732 una
1099 5682 1272 5750 atque
1303 5681 1502 5736 eadem
1555 5679 1684 5751 ipsa
1737 5683 1825 5734 est
1883 5678 2187 5753 multiplex
2299 5703 2326 5733 «
2357 5686 2496 5748 tem,
2529 5657 2744 5736 trinam
2775 5685 2832 5736 et
2861 5657 3052 5736 unam'
3081 5657 3382 5750 deitatem,
3412 5703 3441 5732 »
3472 5682 3527 5736 ct
3558 5667 3764 5736 reliqua
3787 5657 3895 5721 qum

549 5781 810 5840 praesaga
848 5763 1131 5838 sapientia
1169 5769 1355 5826 Patris
1377 5774 1434 5826 et
1454 5769 1582 5826 Filii
1603 5773 1660 5825 et
1693 5767 1946 5841 Spiritus
1977 5770 2184 5840 sancti,
2294 5769 2374 5827 ibi
2407 5773 2496 5826 est
2525 5771 2883 5840 persecutus.
