4148 6500
275 430 400 491 577

1319 431 1420 492 DE
1465 431 1626 492 UNA
1671 429 1772 490 ET
1818 431 1974 490 NUN
2021 428 2261 488 TllINA
2302 427 2663 489 DEITATE.

3576 431 3694 494 578

277 562 426 635 Deo,
459 562 662 618 lumen
693 559 780 617 de
813 561 1058 628 lumine,
1088 566 1146 618 et
1194 579 1310 618 non
1363 563 1478 618 duo
1519 556 1764 628 lumina,
1798 561 1938 618 adeo
1967 569 2021 635 Α
2051 552 2317 615 essentim
2351 559 2470 615 sive
2503 559 2738 615 deitatis
2777 561 3416 631 rationem,trinitatem
3445 584 3579 625 vero
3610 586 3695 626 se-

279 652 442 708 credi
475 655 536 707 et
565 651 828 707 confiteri
857 668 992 707 cum
1023 651 1240 724 Spiritu
1275 657 1475 708 sancto
1523 669 1710 708 unum
1739 651 1940 708 lumen

279 739 614 814 perdocuit,
633 744 702 796 ut
730 757 900 796 secus
931 741 1252 797 sententies
1272 741 1344 796 ab
1375 741 1632 797 Ecclesia
1659 741 1944 796 catholica

281 829 878 886 anathematizandos
897 830 1232 886 decreverit.
1258 832 1326 886 Et
1355 832 1425 886 de
1449 831 1543 886 his
1575 834 1778 886 contra
1807 847 1940 886 eum

283 917 582 974 istadicta
600 917 900 974 sufficiant
923 935 936 973 :
962 935 1119 974 nunc
1141 919 1212 974 de
1233 919 1365 975 aliis
1386 919 1701 992 ejusdictis
1723 919 1795 974 ad
1819 936 1945 975 nar-

282 1006 538 1062 rationis
567 1007 835 1062 ordinem
867 1007 1196 1064 redeamus.
1231 1007 1294 1063 In
1339 1007 1454 1064 alia
1499 1009 1674 1064 etiam
1722 1011 1942 1084 compi-

281 1094 508 1152 latione
555 1112 686 1172 sua.
719 1094 778 1150 in
837 1112 955 1168 qua
1002 1095 1174 1168 plura
1213 1097 1550 1154 testimonia
1596 1115 1664 1154 ex
1708 1099 1944 1156 nomine

283 1183 715 1241 catholicorum
763 1183 909 1240 falso
947 1185 1132 1256 ponit,
1167 1189 1223 1240 et
1264 1187 1505 1242 nomina
1545 1187 1830 1244 librorum
1877 1205 1946 1246 ex

284 1274 507 1347 quibus
540 1273 645 1330 illa
663 1274 983 1346 sumpserit
1001 1275 1237 1347 penitus
1255 1279 1422 1342 tacet,
1441 1281 1498 1331 et
1518 1278 1786 1348 quaedam
1817 1295 1945 1351 quae

282 1363 458 1420 nobis
490 1367 631 1420 nota
661 1367 802 1419 sunt
845 1363 1067 1419 ibidem
1115 1368 1319 1419 contra
1367 1381 1430 1420 se
1475 1381 1742 1436 perverse
1785 1383 1946 1422 more

282 1469 392 1509 suo
428 1452 827 1524 interpretans
857 1450 1196 1524 interponit,
1221 1470 1348 1525 quae
1379 1471 1414 1509 a
1445 1469 1507 1510 se
1537 1453 1693 1510 dicta
1721 1454 1950 1510 fortiter

285 1549 354 1599 ut
381 1543 497 1598 sibi
529 1542 766 1599 videtur
796 1547 1089 1612 astruunt,
1114 1544 1338 1600 fortiter
1385 1561 1516 1600 vero
1565 1549 1622 1600 et
1667 1545 1948 1602 catholice

285 1633 613 1687 destruunt
645 1631 851 1704 :ponit
903 1631 1082 1687 etiam
1139 1631 1357 1688 ibidem
1414 1631 1818 1690 testimonium
1861 1634 1949 1691 'de

288 1719 548 1792 epistola
595 1720 748 1776 Petri
805 1719 1266 1776 Nicomediensis
1323 1721 1602 1794 episcopi,
1653 1739 1831 1794 quam
1887 1722 1948 1778 in

291 1814 459 1867 sexta
481 1810 706 1883 synodo
729 1827 802 1865 ne
823 1811 1204 1866 damnaretur
1223 1811 1496 1882 porrexit,
1511 1812 1570 1866 in
1593 1829 1709 1884 qua
1729 1812 1948 1867 trinum

293 1900 498 1956 lumen
525 1899 710 1955 fuisse
738 1899 1017 1972 positum,
1052 1904 1111 1955 et
1140 1901 1213 1956 ab
1245 1899 1532 1972 episcopis
1563 1901 1948 1974 approbatum

292 1989 359 2044 in
389 1989 600 2044 eadem
631 1989 856 2061 synodo
877 1989 1082 2060 jactat.
1103 1989 1378 2044 Nescicns
1411 2007 1563 2062 saepe
1591 1989 1809 2045 idioma
1839 1989 1954 2044 lin-

279 2094 449 2150 guae,
483 2077 548 2132 in
570 2077 1050 2150 interpretatione
1081 2094 1206 2150 qua:
1234 2079 1297 2132 fit
1329 2081 1500 2134 verbo
1523 2095 1591 2133 ex
1618 2079 1812 2150 verbo,
1847 2079 1953 2132 du-

292 2166 651 2222 bitationem
696 2167 785 2221 vel
834 2167 1232 2240 intelligentiae
1282 2167 1688 2223 difficultatem
1727 2169 1951 2236 afferre,

293 2255 456 2312 sicut
483 2259 544 2312 et
573 2256 780 2312 beatus
807 2257 1175 2328 Augustinus
1216 2255 1521 2312 manifeste
1569 2257 1954 2325 demonstrat,

292 2345 448 2402 etin
477 2345 702 2418 synodo
755 2361 905 2417 saepe
951 2345 1169 2418 aliqua,
1193 2361 1320 2418 quae
1368 2362 1483 2401 non
1531 2347 1674 2402 adeo
1718 2347 1790 2402 ad
1834 2360 1957 2402 rem

286 2435 626 2508 pertinent,
641 2439 878 2507 propter
893 2435 1181 2507 plurimas
1201 2435 1634 2506 occupationes,
1649 2435 1791 2490 dum
1815 2435 1962 2490 mul-

295 2530 502 2580 torum
535 2523 714 2579 verba
759 2527 817 2579 et
861 2513 1163 2578 sententiae
1212 2523 1598 2592 intercedunt,
1633 2525 1961 2580 necessario

299 2613 510 2669 minus
565 2611 837 2668 discussa
887 2611 1167 2684 preateriri
1215 2611 1420 2679 solere,
1455 2613 1708 2669 maxime
1745 2613 1846 2668 illa
1890 2615 1960 2670 de

303 2701 531 2776 quibus
563 2699 898 2773 specialiter
929 2718 1044 2756 non
1075 2701 1270 2774 agitur
1317 2701 1483 2770 ratio,
1517 2707 1576 2758 et
1620 2702 1754 2774 plus
1805 2708 1963 2758 statu

301 2791 659 2847 nutantium
687 2789 1014 2845 intenditur
1046 2807 1081 2844 a
1105 2791 1324 2863 synodo
1354 2790 1600 2859 consuli,
1636 2808 1812 2864 quam
1863 2792 1960 2847 de-

284 2877 552 2952 .jectioni
583 2879 852 2934 fraternos
882 2876 1346 2933 incumbi.Unde
1376 2879 1582 2950 Leo,ut
1601 2879 1671 2934 de
1695 2877 1964 2950 pluribus

305 2983 502 3026 unum
536 2967 905 3040 proferamus
924 2964 1356 3038 exemplum,ad
1381 2965 1718 3022 Flavianum
1737 2967 1960 3035 scribit,

303 3056 516 3114 dicens
547 3055 726 3128 (epist.
759 3057 848 3124 12)
881 3073 895 3112 :
929 3077 958 3104 κ
984 3055 1160 3110 Miror
1205 3059 1326 3110 tam
1373 3055 1688 3110 absurdam
1726 3061 1966 3129 tamque

303 3145 462 3204 515
495 3145 788 3220 perﬁdam
813 3145 962 3217 ejus,
999 3143 1142 3216 quin
1165 3143 1519 3217 Eutychetis,
1545 3144 1966 3216 professionem

301 3235 474 3294 nulla
483 3233 889 3308 judicantium
911 3231 1308 3306 increpatione
1325 3233 1758 3306 reprehensam,
1777 3238 1834 3289 et
1855 3251 1970 3290 ser-

2049 649 2308 704 cundum
2326 648 2738 705 subsistentias
2749 649 2867 704 sive
2882 668 3213 722 personas.»
3226 655 3689 714 Habeturautem

2049 739 2332 810 quiddam
2355 738 2426 792 de
2447 738 2636 793 tribus
2657 737 3003 810 luminibus,
3021 741 3120 796 scd
3153 759 3265 798 non
3289 761 3354 800 eo
3375 761 3552 802 sensu
3575 750 3691 820 quo

2051 825 2466 883 Gothescalcus
2497 826 2661 893 dicit,
2696 827 2754 882 in
2788 828 3148 899 professione
3181 833 3396 904 synodo
3429 840 3694 906 porreeti;

2050 915 2288 971 Macarii
2308 915 2562 971 haeretici
2583 919 2642 972 et
2661 916 3003 974 Antiocheni
3032 919 3424 994 cpiscopi,qui
3445 925 3514 979 de
3545 925 3694 982 dua-

2049 1004 2162 1059 bus
2173 1003 2568 1060 voluntatibus
2581 1008 2636 1059 et
2647 1007 3081 1078 operationibus
3099 1010 3156 1066 in
3175 1026 3292 1067 uno
3310 1011 3544 1070 domino
3555 1015 3587 1071 J
3592 1031 3695 1072 esu

2050 1093 2280 1150 Christo
2299 1111 2414 1150 non
2434 1095 2617 1150 sensit
2655 1096 3028 1166 catholice,et
3055 1100 3508 1158 orthodoxorum
3543 1096 3699 1162 dicta

2051 1181 2296 1238 falsasse
2327 1183 2624 1240 convictus
2655 1189 2712 1240 et
2739 1185 3092 1258 degradatus
3121 1193 3228 1260 est,
3251 1195 3385 1263 post
3413 1192 3527 1249 alia
3553 1211 3698 1266 prae-

2053 1271 2237 1326 missa
2293 1271 2402 1325 hoc
2461 1273 2632 1326 modo
2691 1274 2904 1345 (synod.
2953 1293 3010 1332 v1
3065 1285 3168 1332 act.
3219 1279 3275 1348 8)
3309 1296 3322 1334 :
3355 1279 3699 1338 Trinitatem

2053 1359 2308 1430 perfecta
2327 1359 2534 1431 gloria,
2563 1365 2620 1415 et
2641 1361 2906 1432 imperio,
2925 1367 2981 1418 et
3015 1365 3256 1422 consilio
3280 1385 3395 1423 non
3429 1369 3698 1439 divisam,

2055 1464 2233 1502 unam
2257 1447 2532 1504 deitatem
2555 1453 2612 1504 et
2631 1448 3121 1508 dominationem.
3137 1453 3294 1510 Nihil
3317 1456 3472 1512 enim
3497 1459 3702 1516 servile

2054 1536 2112 1591 in
2146 1535 2490 1592 Trinitatem
2520 1537 2606 1593 vel
2640 1539 2971 1611 subjectum
3004 1543 3705 1616 etintroductitium,tan-

2057 1641 2235 1697 quam
2264 1625 2427 1697 prius
2452 1625 2687 1698 quidem
2709 1646 2824 1683 non
2855 1631 3190 1702 exstitisset,
3208 1639 3339 1706 post
3359 1651 3492 1692 vero
3523 1637 3702 1694 intro-

2058 1715 2330 1771 missum.
2346 1716 2542 1788 Ncque
2563 1719 2718 1773 enim
2741 1721 2924 1776 defuit
2943 1722 3120 1779 Filius
3148 1726 3323 1796 Patri,
3348 1745 3537 1802 neque
3560 1729 3704 1787 Filio

2057 1803 2332 1876 Spiritus,
2346 1806 2444 1861 sed
2479 1806 2936 1866 inconvertibilis
2967 1827 3198 1886 semper
3225 1818 3282 1870 et
3315 1818 3704 1876 consubstan-

2057 1891 2216 1948 tialis
2235 1897 2440 1949 sancta
2467 1893 2724 1952 Trinitas
2740 1897 2894 1954 Deus
2911 1905 3124 1957 noster.
3141 1902 3545 1962 Deum‘verum
3568 1919 3703 1964 cum

2063 1941 2213 1948 ---η--.υ
2236 1941 2440 1949 νν.--ν-νν.
2479 1941 2501 1950 ο
2520 1941 2534 1949 ι
2549 1941 2724 1952 --ςινυιν
2740 1941 2894 1954 arqu
2912 1941 3094 1956 ιινυυυι
3112 1945 3124 1957 ι
3142 1941 3324 1960 υυυιιι
3353 1941 3432 1960 νυι
3448 1941 3545 1962 υιιι
3568 1941 3703 1964 num

1985 1941 2030 2006 Β
2063 1982 2212 2048 dico,
2231 1999 2346 2038 uno
2379 1983 2601 2040 lumine
2630 1985 2910 2044 illustror.
2934 1991 3005 2046 Et
3035 1992 3224 2050 tribus
3245 1995 3479 2066 quidem
3504 2014 3705 2054 secun-

2048 2071 2204 2126 dum
2237 2071 2616 2144 proprietates
2635 2074 2753 2131 sive
2783 2078 3164 2149 substantias,
3181 2087 3237 2138 et
3255 2101 3532 2155 personas
3557 2103 3569 2140 :
3589 2079 3706 2143 uno

2061 2175 2195 2215 vero
2227 2161 2551 2217 secundum
2583 2165 2846 2220 essentia:
2879 2167 3182 2239 rationem,
3218 2172 3276 2226 id
3316 2179 3405 2230 est
3451 2174 3706 2231 dcitatis’.

2064 2247 2352 2304 Dividitur
2399 2250 2614 2323 quippe
2670 2252 3122 2325 indivisibiliter,
3161 2264 3228 2315 ut
3283 2259 3365 2318 ita
3417 2258 3712 2333 dicam,e’t

2065 2337 2442 2410 conjungitur
2461 2339 3044 2422 div_isibiliter.Unum
3063 2364 3270 2422 nempe
3292 2351 3351 2406 in
3374 2351 3563 2408 tribus
3583 2347 3713 2426 ipsa

2067 2426 2272 2494 deitas,
2307 2431 2364 2482 et
2392 2427 2522 2498 ipsa
2551 2429 2664 2484 tria
2691 2447 2875 2488 unum
2908 2433 2964 2488 in
2998 2436 3216 2507 quibus
3245 2438 3452 2510 deitas,
3485 2441 3605 2498 sive
3648 2433 3714 2499 ut
3773 2427 3790 2439 ’

2067 2515 2400 2586 expressius
2430 2517 2678 2586 dicatur,
2704 2536 2832 2592 quae
2863 2526 2952 2578 est
2979 2525 3194 2596 deitas;
3224 2532 3280 2583 et
3303 2546 3492 2602 neque
3521 2524 3711 2603 ipsam

2069 2603 2355 2660 unitatem
2387 2607 2788 2665 confusionem
2819 2619 3553 2690 operemur,nequeipsam
3577 2619 3716 2676 divi-

2071 2691 2294 2747 sionem
2327 2693 2796 2753 alienationem.»
2819 2701 2887 2755 Et
2917 2700 3052 2758 hinc
3083 2709 3321 2762 sanctus
3347 2709 3714 2780 Augustinus

2071 2780 2130 2834 in
2194 2779 2342 2836 libro
2401 2784 2648 2855 septimo
2697 2787 2835 2859 (cap.
2866 2789 3022 2861 3)de
3071 2792 3356 2851 Trinitate
3389 2811 3402 2852 :
3441 2779 3714 2853 («Lumen

2073 2868 2256 2935 Pater,
2290 2870 2488 2926 lumen
2521 2873 2934 2940 Filius,lumen
2966 2879 3218 2952 Spiritus
3248 2887 3508 2955 sanctus,
3539 2877 3715 2942 simul

2073 2963 2271 3014 autem
2301 2976 2417 3014 non
2450 2961 2563 3016 tria
2589 2961 2832 3033 lumina,
2849 2967 2950 3022 sed
2981 2985 3167 3025 unum
3196 2969 3455 3028 lumen.»
3485 2972 3557 3028 Et
3580 2957 3718 3030 bea-

2073 3051 2171 3102 tus
2189 3049 2532 3106 Ambrosius
2565 3058 2828 3108 sanctam
2862 3055 3205 3114 Trinitatem
3239 3060 3414 3117 unius
3458 3061 3714 3133 deitatis,

2071 3153 2193 3192 non
2215 3137 2367 3193 546
2395 3141 2721 3197 secundum
2748 3142 3108 3202 Gothescalci
3135 3150 3591 3220 perversitatem,
3611 3143 3717 3208 sed

2076 3227 2400 3282 secundum
2425 3229 2555 3284 fidei
2587 3229 2883 3286 catholicae
2907 3233 3291 3292 universalem
3315 3239 3718 3297 credulitatem

303 3342 549 3383 monem
579 3323 764 3380 nimis
805 3323 1202 3396 insipientem,
1221 3323 1517 3395 nimisque
1555 3321 1968 3396 blasphemum
1999 3309 2042 3376 C
2077 3320 2253 3386 atque
2282 3317 2729 3390 confessionem,
2750 3337 2930 3376 unam
2952 3321 3142 3380 lucem
3173 3325 3457 3382 catholice
3487 3329 3640 3385 credi
3665 3311 3723 3386 et

302 3419 394 3474 ita
422 3415 742 3484 omissum,
768 3412 935 3487 quasi
968 3413 1114 3468 nihil
1145 3413 1302 3484 quod
1325 3413 1642 3469 offenderet
1687 3418 1842 3470 esset
1869 3431 1972 3470 au-

297 3507 525 3575 ditum,
555 3520 693 3560 cum
709 3507 832 3560 tam
863 3501 1042 3574 impie
1071 3503 1322 3558 duarum
1347 3505 1689 3558 naturarum
1720 3506 1854 3558 ante
1883 3503 1972 3558 in-

303 3593 744 3660 carnationem,
765 3591 1106 3665 unigenitus
1137 3591 1238 3647 Dei
1276 3591 1460 3648 Filius
1490 3591 1672 3648 fuisse
1719 3592 1971 3662 dtcatur,

299 3699 489 3758 quam
523 3683 771 3751 nefarie,
804 3685 1116 3754 postquam
1148 3680 1406 3737 Verbum
1445 3697 1578 3737 caro
1612 3681 1831 3737 factum
1861 3686 1972 3765 est,

297 3779 521 3832 natura
533 3773 594 3828 in
607 3788 675 3828 eo
689 3769 1010 3844 singularis
1039 3769 1342 3839 asseritur,
1367 3771 1523 3842 quod
1535 3770 1822 3843 Eutychos
1842 3771 1972 3826 ideo

299 3863 395 3920 vel
419 3867 576 3919 recte
595 3861 687 3916 vel
707 3859 1089 3916 tolerabiliter
1105 3859 1354 3914 aestimat
1378 3859 1625 3926 dictum,
1649 3860 1790 3932 quia
1811 3859 1974 3916 nulla

299 3957 504 4009 vestra
531 3955 626 4007 est
657 3947 948 4006 sententia
977 3949 1368 4004 confutatam.
1403 3970 1432 3998 ››
1465 3949 1534 4004 Et
1563 3967 1698 4004 cum
1728 3948 1849 4004 haec
1893 3949 1974 4005 ita

305 4059 376 4099 se
407 4041 687 4107 habeant,
720 4038 1116 4095 necessarium
1151 4043 1346 4094 tamen
1395 4037 1690 4106 duximus,
1723 4038 1973 4094 Gothes-

307 4129 548 4188 calcum
581 4145 698 4184 non
721 4144 921 4183 verum
956 4127 1172 4182 dixisse
1197 4130 1461 4199 patenter
1489 4129 1814 4183 ostendam.
1847 4128 1972 4183 Non

309 4219 473 4276 enim
503 4217 568 4273 in
601 4216 764 4273 omni
806 4214 1003 4272 libello
1053 4215 1474 4272 satisfactionis
1506 4215 1658 4271 Petri
1705 4216 1974 4272 Nicome-

307 4307 542 4364 diensis
573 4304 832 4379 episcopi
853 4305 924 4360 de
944 4304 1096 4360 trino
1121 4303 1342 4360 lumine
1360 4305 1681 4377 quidquam
1698 4304 1972 4373 habetur,

303 4397 416 4455 sed
440 4396 644 4453 unitas
669 4393 857 4451 deitas
877 4393 938 4448 in
967 4410 1034 4450 eo
1069 4393 1552 4450 manifestissime
1589 4397 1647 4448 et
1694 4393 1975 4450 catholice

309 4487 782 4551 demonstratur,
815 4483 916 4556 qui
950 4483 1033 4539 ita
1060 4481 1268 4555 incipit
1295 4483 1516 4556 (synodi
1542 4499 1598 4538 v1
1629 4491 1732 4538 act.
1758 4485 1846 4555 18,
1867 4483 1972 4538 sub

307 4578 502 4650 ﬁnem)
529 4593 543 4632 :
573 4599 600 4626 ς(
621 4575 806 4631 Credo
840 4574 900 4628 in
928 4590 1115 4629 unum
1147 4573 1330 4628 Deum
1355 4577 1578 4644 patrem
1604 4571 1978 4644 omnipoten-

2082 3403 2194 3458 dici
2227 3404 2592 3487 demonstrat
2621 3407 2681 3462 in
2712 3407 2928 3482 hymno
2955 3413 3350 3484 vespertinali,
3385 3431 3559 3488 quem
3610 3417 3721 3474 Go-

2080 3493 2412 3566 thescalcus
2431 3495 2502 3550 ab
2523 3494 2670 3568 ipsis
2685 3498 3035 3556 rudimentis
3049 3499 3394 3571 infantiaﬁn
3416 3503 3723 3561 monacho-

2081 3598 2212 3636 rum
2236 3585 2683 3652 monastcrio,in
2707 3603 2821 3658 quo
2843 3589 3165 3646 secundum
3197 3591 3460 3665 regulam
3491 3591 3724 3652 oblatus

2081 3675 2138 3727 et
2165 3675 2371 3728 tonsus
2401 3675 2640 3743 exstitit,
2655 3679 2712 3731 et
2736 3693 2922 3750 usque
2943 3679 3014 3734 ad
3035 3682 3262 3737 mtatem
3284 3682 3542 3740 adultam
3567 3699 3727 3740 man-

2081 3761 2179 3826 sit,
2197 3777 2332 3816 cum
2365 3763 2669 3820 monachis
2699 3764 2870 3822 labiis
2900 3767 3128 3834 cecinit,
3159 3771 3259 3824 sed
3309 3787 3548 3828 sensum
3595 3773 3724 3844 ejus

2082 3850 2374 3922 percipere
2405 3853 2576 3908 corde
2611 3870 2726 3908 non
2762 3856 3262 3928 potuit,quoniam
3293 3859 3350 3914 in
3392 3859 3723 3916 malivolam

2082 3938 2340 3993 animam
2365 3957 2479 3994 non
2505 3940 2760 3998 introivit
2780 3943 3086 4016 sapientia,
3107 3963 3213 4000 nec
3233 3945 3513 4003 habitavit
3527 3947 3586 4004 in
3606 3965 3725 4004 cor-

2081 4044 2218 4098 pore
2249 4029 2482 4084 subdito
2513 4031 2786 4102 peccatis.
2817 4032 2996 4106 Ciijus
3026 4033 3229 4108 hymni
3259 4034 3492 4092 initium
3523 4041 3612 4093 est
3639 4053 3652 4092 :

2174 4153 2214 4224 (_)
2239 4153 2330 4202 lux
2359 4153 2514 4224 beata
2541 4156 2785 4224 Trinitas,
2815 4161 2869 4207 et
2894 4159 3204 4224 principalis
3233 4162 3430 4224 unitas,

2174 4216 2289 4265 Jam
2317 4217 2398 4266 sol
2427 4218 2626 4269 recedit
2653 4216 2857 4284 igneus,
2890 4216 3111 4272 infunde
3144 4223 3322 4274 lumen
3364 4216 3634 4276 cordibus.

2083 4334 2345 4389 Tandem
2379 4334 2486 4390 hac
2517 4335 2798 4392 schedula
2827 4339 3132 4411 completis
3161 4341 3288 4396 suis
3317 4341 3376 4396 in
3409 4342 3596 4398 Deum
3613 4341 3732 4400 bla-
3772 4393 3778 4398 .

2085 4423 2385 4496 sphemiis,
2417 4424 2830 4482 Gothescalcus
2890 4427 2950 4483 in
2995 4427 3484 4502 vituperationem
3543 4431 3732 4504 ipsius

2084 4512 2315 4567 Domini
2347 4513 2738 4584 sacerdotum,
2755 4519 2820 4570 ut
2845 4516 3092 4574 scicntia
3108 4522 3166 4574 et
3183 4519 3411 4576 meritis
3429 4519 3516 4576 illi
3540 4520 3733 4594 impa-

2085 4619 2177 4657 res
2209 4619 2600 4672 nosceremur,
2621 4620 2687 4659 ac
2711 4621 2814 4676 per
2844 4605 2950 4662 hoc
2973 4606 3200 4680 indigni
3222 4609 3546 4666 sacerdotio
3569 4613 3734 4667 nota-

309 4663 930 4770 Ῐνθαμξθιξξοτθῖξξξίθη
961 4667 1018 4719 et
1047 4661 1583 4770 teﬁm’ﬂlslb'lmm
1623 4678 1887 4770 of???”
1918 4665 1976 4716 et
2003 4685 2051 4749 D
2085 4691 2487 4760 remur,nobis
2520 4697 2656 4749 noto
2689 4661 2746 4749 ἐι
2775 4693 2885 4750 sibi
2919 4661 3434 4755 consuZtudinario
3463 4698 3734 4770 blasphe-

308 4751 880 4812 invisibilium.Etin
902 4769 1088 4808 unum
1105 4751 1409 4808 dominum
1431 4752 1633 4808 Jesum
1653 4751 1972 4820 Christum,

309 4843 537 4902 Filium
567 4841 672 4898 Dei
693 4841 1202 4915 unigenitum,qui
1233 4857 1302 4897 ex
1323 4841 1488 4897 Patre
1526 4845 1699 4897 natus
1736 4845 1824 4897 est
1843 4846 1976 4898 ante

307 4933 520 4990 omnia
551 4931 787 4998 saecula,
821 4930 1020 4986 lumen
1053 4932 1124 4986 de
1154 4930 1397 4998 lumine,
1431 4931 1615 4986 Deum
1661 4947 1861 4986 verum
1907 4932 1977 4987 de

312 5023 439 5078 Deo
465 5037 629 5087 vero,
655 5023 858 5076 natum
882 5036 998 5075 non
1019 5021 1261 5086 factum,
1285 5035 1388 5091 per
1408 5034 1582 5090 quem
1601 5017 1797 5074 omnia
1827 5019 1980 5074 facta

306 5117 482 5172 sunt.
515 5111 590 5167 Et
619 5109 683 5164 in
713 5109 1000 5181 Spiritum
1032 5113 1321 5177 sanctum,
1357 5107 1670 5163 Dominum
1702 5111 1760 5163 et
1793 5107 1976 5162 vivifi-

313 5203 692 5266 catorem,ex
719 5197 884 5254 Patre
915 5197 1494 5270 procedentem,cum
1527 5197 1692 5252 Patre
1737 5201 1794 5251 et
1835 5196 1978 5252 Filio

315 5287 767 5344 coadorandum
789 5290 846 5342 et
865 5286 1449 5358 congloriﬁcandum,
1465 5284 1810 5340 Trinitatem
1841 5302 1978 5340 con-

313 5375 803 5445 substantialem,
841 5393 1018 5432 unam
1076 5375 1375 5443 deitatem,
1416 5375 1752 5442 essentiam,
1799 5375 1981 5430 virtu-

317 5471 566 5538 temque
585 5469 644 5522 et
659 5469 1031 5538 potestatem,
1055 5463 1534 5534 dominationem,
1561 5463 1744 5518 Deum
1772 5481 1979 5532 unum,

318 5571 501 5629 quem
515 5571 657 5610 cum
670 5553 1050 5627 singulariter
1059 5552 1509 5624 contemplatur,
1525 5569 1702 5608 sensu
1729 5552 1984 5608 dividen-

319 5650 384 5703 te
407 5661 539 5720 qua:
552 5644 808 5702 indivisa
824 5649 1026 5717 sunt,u
1036 5645 1274 5700 nitatem
1291 5643 1350 5698 in
1365 5641 1643 5712 trinitate,
1662 5641 1982 5698 trinitatem

318 5734 388 5794 in
409 5731 638 5794 unitate
654 5734 1015 5793 adorandam
1039 5750 1052 5794 :
1078 5733 1361 5791 unitatem
1392 5730 1630 5808 quidem
1661 5732 1986 5792 secundum

2086 4781 2338 4836 miarum
2387 4780 2599 4856 sigillo,
2635 4788 2766 4856 post
2821 4784 3061 4842 solitum
3111 4804 3286 4844 suum
3331 4789 3520 4857 Amen,
3561 4787 3737 4842 verba

2085 4887 2309 4944 ponens
2339 4871 2492 4928 beati
2527 4873 2806 4946 Gregorii,
2841 4881 3130 4947 quatenus
3173 4877 3301 4948 ejus
3331 4875 3736 4948 derogationes

2086 4961 2144 5015 in
2197 4978 2303 5016 nos
2348 4961 2642 5033 jaculataa,
2694 4964 2794 5035 qui
2842 4982 2952 5020 sua
3007 4965 3284 5036 dogmata
3339 4975 3733 5040 exsecramur,

2087 5051 2326 5122 majoris
2359 5051 2713 5108 haberentur
2741 5052 2992 5122 virtutis,
3027 5053 3446 5110 subscribendo
3487 5050 3740 5125 signavit

2086 5138 2291 5195 dicens
2322 5157 2334 5195 :

2837 5258 2978 5314 XIV.

2175 5379 2231 5439 νέ-
2262 5397 2288 5425 ››
2320 5374 2647 5430 Virtutibus
2677 5375 2885 5446 plenus
2905 5373 3118 5429 invitus
3141 5373 3212 5428 ad
3243 5372 3497 5446 regimen
3519 5377 3736 5448 veniat,

2095 5485 2122 5512 «
2152 5464 2471 5520 virtutibus
2503 5481 2718 5521 vacuus
2751 5481 2854 5519 nec
2885 5467 3125 5520 coactus
3151 5464 3408 5520 accedat.
3447 5488 3473 5514 ››

2159 5571 2253 5609 xp.
2285 5557 2440 5620 Quas
2475 5553 2794 5610 sententias
2841 5553 2994 5610 beati
3035 5554 3318 5627 Gregorii,
3348 5545 3414 5612 ut
3460 5543 3494 5612 ἐι
3541 5543 3744 5614 sancto

2092 5642 2308 5716 Spiritu
2359 5643 2780 5716 promulgatas,
2823 5647 3148 5699 reverenter
3205 5645 3586 5718 suscipimus,
3640 5628 3744 5704 sed

2095 5731 2249 5788 malo
2277 5736 2408 5790 voto
2439 5748 2474 5788 a
2501 5728 2878 5789 Gothescalco
2913 5730 3170 5806 prolatas
3217 5749 3334 5792 non
3365 5722 3773 5810 reveremdr‘ﬁ.
