4148 6480
251 447 367 509 585

1278 453 1380 514 DE
1422 456 1583 516 UNA
1625 456 1729 517 ET
1768 458 1927 518 NON
1966 458 2210 519 TRINA
2254 460 2615 521 DEITATE.

3535 466 3654 529 585

250 579 512 669 ejusdem
563 580 907 636 ubstautiaa
957 585 1026 637 et'
1058 584 1396 641 mternitatis
1452 603 1588 642 cum
1637 588 1802 643 Patre
1844 593 1902 644 et
1931 591 1982 658 Α
2014 595 2257 660 constet,
2292 592 2446 664 quod
2480 592 2631 648 inter
2660 596 2930 649 naturam
2963 600 3387 669 personamque
3423 598 3656 655 differta

254 668 411 725 Filio.
437 668 551 724 Sed
579 669 702 724 hac
729 669 842 725 tria
857 674 991 727 vere
1011 671 1188 727 etiam
1213 673 1325 729 tria
1346 676 1905 741 sunt,inell‘ahiliter-

249 774 361 829 que
390 756 525 822 tria,
554 762 613 812 et
642 758 1032 814 essentialiter
1059 759 1190 826 tria,
1214 761 1489 817 habentia
1516 764 1899 834 proprietates

247 861 404 911 suas,
439 848 498 899 et
528 844 649 899 haec
680 845 793 900 tria
813 864 1022 914 unum,
1044 852 1100 903 et
1121 865 1250 905 vere
1277 855 1556 915 unum,et
1578 851 1686 907 hoc
1709 870 1896 909 unum

246 938 388 997 tres,
421 932 525 988 sed
557 949 673 988 non
708 938 828 990 tres
870 935 1093 1002 Patres,
1126 954 1232 993 nec
1282 942 1400 994 tres
1446 938 1598 1006 Filii,
1629 955 1733 995 nec
1782 945 1901 998 tres

245 1022 502 1094 Spiritus
531 1023 742 1089 sancti,
770 1025 872 1079 sed
907 1028 1022 1080 tres
1054 1028 1505 1097 personze.Unus
1535 1028 1727 1096 Pater,
1743 1046 1898 1085 unus

245 1109 449 1178 Filius,
476 1128 631 1167 unus
664 1112 920 1184 Spiritus
951 1118 1211 1181 sanctus,
1227 1120 1283 1169 et
1303 1115 1363 1170 hi
1386 1116 1598 1184 tres,id
1623 1121 1711 1173 est
1731 1118 1901 1174 Pater

242 1204 297 1256 et
326 1200 513 1256 Filius
545 1204 603 1255 et
631 1201 887 1274 Spiritus
918 1208 1180 1271 sanctus,
1215 1221 1400 1259 unum
1422 1206 1641 1262 suntin
1666 1210 1895 1276 natura,

242 1289 691 1361 omnipotentis,
726 1290 939 1347 deitate
970 1295 1028 1347 et
1055 1293 1396 1349 aeternitate.
1430 1294 1900 1367 Conferatigitur

240 1378 514 1434 catholici
534 1377 771 1435 lectoris
792 1380 1109 1452 prudentia
1126 1381 1301 1437 verba
1322 1381 1684 1439 Gothescalci
1705 1383 1899 1439 dicen-

239 1465 335 1533 tis,
366 1466 512 1521 lude
541 1465 758 1523 dicitur
777 1467 836 1523 in
858 1468 974 1524 Deo
994 1485 1244 1540 persona
1265 1472 1421 1541 quod
1445 1488 1550 1544 per
1569 1489 1632 1528 se
1652 1472 1733 1528 sit
1755 1490 1895 1541 una,

238 1554 435 1610 verbis
462 1554 621 1611 beati
650 1556 964 1628 Augustini
995 1556 1244 1613 dicentis
1269 1575 1284 1613 ε
1307 1558 1535 1614 Habent
1566 1560 1811 1632 singulae
1834 1561 1894 1617 in

238 1646 450 1699 sancta
478 1642 764 1699 Trinitate
794 1661 1056 1717 personae
1085 1644 1307 1718 aliquid
1330 1648 1783 1721 proprium,quo
1805 1649 1893 1705 in-

236 1731 557 1803 separabili
587 1731 921 1805 aequalitate
951 1733 1214 1806 aliquam
1236 1734 1297 1789 in
1330 1752 1394 1791 se
1424 1737 1746 1792 ostendunt
1767 1754 1896 1809 pro-

237 1819 585 1890 prietatem;
615 1824 673 1875 et
702 1820 893 1877 dicat:
920 1823 1213 1887 Quantum
1245 1823 1428 1878 distat
1458 1828 1621 1880 ortus
1645 1826 1715 1880 ab
1737 1825 1894 1881 occi-

237 1907 415 1964 dente
436 1907 616 1981 louge
648 1909 825 1966 faciat
844 1910 1133 1967 Dominus
1154 1928 1398 1983 pravum
1425 1928 1667 1969 sensum
1690 1912 1896 1971 Gothe-

233 1996 417 2053 εειὼί
439 2014 475 2054 a
504 1997 808 2055 catholicis
834 1999 1112 2056 sensibus
1143 2000 1495 2073 nostris,qui
1517 2017 1652 2057 cum
1675 2002 1891 2060 Gothe-
1922 1998 1927 2021 ‘

232 2085 433 2143 scalco
463 2102 582 2142 non
604 2086 858 2144 dicimus
880 2088 1016 2144 inde
1039 2088 1099 2143 in
1122 2088 1239 2145 Deo
1265 2089 1379 2144 dici
1401 2106 1712 2161 personam
1735 2092 1890 2162 quod

234 2193 336 2248 per
367 2192 443 2231 se
461 2175 540 2232 sit
558 2192 698 2243 una,
712 2177 815 2232 sed
838 2177 1133 2233 credimus
1156 2182 1213 2233 et
1232 2179 1580 2235 conﬁtemur
1599 2196 1732 2237 cum
1756 2197 1891 2236 san—

234 2267 325 2320 cto
341 2263 684 2336 Augustino
704 2267 761 2320 et
780 2264 1005 2322 caeteris
1025 2265 1363 2323 orthodoxis
1385 2267 1892 2340 doctoribus,quia

234 2354 413 2409 Pater
437 2357 496 2409 et
526 2352 707 2409 Filius
737 2357 796 2409 et
825 2354 1081 2427 Spiritus
1109 2360 1348 2413 sanctus
1370 2355 1717 2413 naturaliter
1737 2374 1891 2414 unus

233 2448 322 2499 est
352 2442 961 2515 Deuanseparabilis
980 2444 1163 2517 igitur
1187 2449 1406 2501 natura;
1429 2445 1628 2502 unitas
1645 2463 1761 2503 non
1784 2463 1886 2518 po-

230 2536 347 2589 test
374 2532 743 2604 separabiles
772 2532 988 2590 habere
1016 2550 1321 2606 personas.
1358 2536 1526 2591 Pater
1555 2535 1795 2606 quidem
1823 2552 1893 2591 ex

232 2621 520 2678 omnibus
536 2638 665 2693 quis
684 2625 823 2678 sunt
837 2621 1000 2678 solus
1017 2624 1290 2695 est,quod
1308 2623 1420 2679 sibi
1441 2624 1743 2696 proprium
1765 2629 1888 2680 est:

229 2709 489 2766 etsolus
518 2715 611 2766 est
639 2710 701 2765 in
732 2709 1102 2783 paternitatis
1129 2728 1399 2783 persona,
1423 2713 1673 2767 sed'non
1706 2731 1810 2785 per
1829 2730 1892 2769 se

230 2798 402 2855 solus
417 2803 509 2854 est
524 2799 585 2855 in
603 2798 839 2856 deitatis
856 2799 1487 2874 essentia.Unigenitus
1506 2802 1607 2856 Dei
1631 2802 1810 2857 Filius
1822 2819 1891 2858 ex

230 2887 354 2945 solo
379 2888 553 2944 Patre
574 2888 1153 2945 consubstantialiter
1172 2893 1228 2945 et
1248 2889 1707 2946 coessentialiter
1728 2890 1889 2947 solus

230 2982 318 3034 est
346 2977 617 3051 genitus,
647 2981 704 3034 et
732 2977 842 3033 hoc
872 2982 963 3034 est
990 2979 1291 3050 proprium
1323 2995 1441 3035 suae
1470 2995 1751 3051 personae,
1786 2981 1888 3035 sed

229 3083 344 3123 non
381 3083 493 3139 per
524 3082 588 3123 se
618 3071 709 3123 est
737 3066 899 3123 solus
920 3070 979 3123 et
995 3066 1374 3140 singulariter
1393 3085 1548 3124 unus
1570 3068 1631 3123 in
1651 3068 1890 3124 deitatis

228 3155 512 3213 essentia.
548 3154 806 3229 Spiritus
837 3160 1080 3211 sanctus
1113 3173 1182 3212 ex
1212 3157 1379 3212 Patre
1399 3161 1456 3212 et
1474 3157 1619 3212 Filio
1645 3156 1889 3229 aequali-

230 3249 321 3301 ter
343 3243 711 3318 procedit,ct
729 3244 840 3300 hoc
864 3249 955 3300 est
974 3244 1274 3317 proprium
1299 3262 1417 3300 sum
1440 3245 1889 3316 personae.Unde

1922 1957 1971 2022 Β

2010 681 2417 751 praediximus:
2436 681 2711 753 quoniam
2728 686 2937 737 natura
2948 687 3037 737 est
3056 685 3366 754 cujuslibet
3385 678 3654 743 substan-

2009 769 2103 822 tiae
2134 770 2469 840 specilicata
2497 770 3097 842 proprietas,persona
3124 790 3257 828 vero
3290 776 3652 832 rationabilis

2009 861 2228 911 naturm
2262 850 2561 913 individua
2607 858 3006 913 subsistentia.
3041 861 3166 915 Non
3215 861 3412 933 igitur,
3443 867 3507 917 ut
3541 865 3651 919 Go-

2010 944 2340 1001 thescalcus
2362 946 2724 1002 mendacitor
2741 947 3201 1011 adinvenit,ideo
3224 949 3438 1004 dicitur
3458 951 3517 1005 in
3541 956 3650 1006 Deo

2009 1049 2278 1105 persona,
2301 1035 2455 1107 quod
2484 1052 2587 1107 per
2607 1052 2669 1091 se
2691 1036 2767 1091 sit
2787 1038 3194 1109 una.Exponat
3213 1037 3372 1092 enim
3395 1038 3532 1110 quid
3556 1057 3650 1095 ve-

2006 1121 2077 1177 lit
2097 1123 2470 1190 addere,cum
2495 1124 2635 1180 dicit
2655 1125 2811 1196 quod
2833 1142 2937 1196 per
2956 1143 3017 1181 se
3038 1126 3116 1181 sit
3136 1128 3351 1181 una.Et
3368 1127 3418 1181 si
3445 1127 3653 1183 dixerit

2004 1211 2236 1283 iterato,
2268 1211 2404 1267 licet
2433 1214 2756 1269 absurdum
2787 1214 2884 1283 sit,
2918 1231 3021 1286 per
3049 1232 3110 1271 se
3141 1232 3262 1270 una
3288 1222 3555 1288 persona,
3589 1221 3654 1271 ut

2005 1316 2110 1371 per
2138 1317 2201 1356 se
2233 1301 2312 1356 sit
2341 1301 2530 1369 Pater,
2564 1318 2668 1375 per
2695 1319 2759 1358 se
2790 1303 2990 1372 Filius,
3008 1321 3112 1375 per
3139 1320 3201 1360 se
3233 1304 3486 1376 Spiritus
3517 1322 3650 1360 san-

2002 1393 2156 1456 ctus,
2190 1407 2308 1446 non
2340 1391 2537 1458 stabit,
2573 1391 2712 1462 quia
2739 1391 2875 1447 licet
2904 1392 3072 1447 Pater
3098 1392 3261 1448 solus
3281 1393 3360 1448 sit
3378 1393 3434 1447 in
3459 1398 3649 1465 pater-

2005 1477 2204 1533 nitatis
2232 1496 2503 1550 persona,
2538 1479 2720 1535 Filius
2751 1480 2913 1536 solus
2943 1483 3021 1535 sit
3050 1482 3121 1536 de
3154 1481 3340 1547 Patre,
3375 1481 3434 1535 id
3463 1485 3550 1551 est
3578 1484 3650 1536 de

2003 1567 2337 1623 substantia
2353 1568 2539 1624 Patris
2556 1570 3013 1641 natus,Spiritus
3033 1575 3275 1625 sanctus
3293 1569 3450 1625 solus
3469 1571 3539 1626 de
3553 1571 3651 1626 Pa-

2002 1660 2089 1710 tre
2111 1657 2382 1728 procedat
2402 1662 2458 1712 et
2480 1656 2846 1726 Filio,tamen
2873 1657 3109 1713 relative
3130 1658 3298 1713 Pater
3317 1660 3388 1713 ad
3414 1658 3646 1725 Filium,

2003 1742 2185 1798 Filius
2215 1745 2288 1799 ad
2320 1744 2568 1812 Patrem,
2604 1745 2862 1816 Spiritus
2894 1749 3153 1812 sanctus,
3186 1747 3342 1817 quod
3373 1746 3561 1802 Patris
3591 1751 3648 1801 et

2002 1830 2131 1886 Filii
2164 1831 2416 1903 Spiritus
2439 1833 2534 1900 sit,
2561 1832 2833 1887 dicitur.»
2858 1832 3022 1889 Unde
3043 1833 3479 1905 S.Augustinus
3502 1834 3648 1888 in-li-

2000 1917 2105 1973 bro
2130 1923 2292 1974 sexto
2315 1919 2514 1992 (cap.7)
2537 1920 2609 1974 de
2638 1918 2923 1975 Trinitate
2939 1919 3083 1975 dicit
3107 1935 3121 1975 :
3145 1942 3173 1969 ‹‹
3202 1919 3326 1987 Non
3350 1920 3647 1975 invenitur

2000 2008 2292 2078 quomodo
2335 2007 2451 2063 dici
2496 2007 2684 2080 possit
2730 2012 2834 2063 aut
2880 2008 3051 2063 Pater
3096 2007 3278 2079 solus,
3312 2012 3413 2063 aut
3460 2007 3642 2064 Filius

1999 2096 2182 2162 solus,
2203 2113 2340 2151 cum
2364 2112 2598 2169 semper
2626 2101 2804 2168 atque
2826 2095 3293 2167 inseparabiliter
3311 2100 3370 2151 et
3390 2096 3487 2151 ille
3510 2113 3644 2151 cum

2000 2183 2145 2240 Filio
2176 2184 2275 2253 sit,
2308 2188 2365 2239 et
2393 2184 2491 2239 ille
2538 2201 2673 2241 cum
2724 2186 2910 2251 Patre,
2942 2202 3059 2239 non
3090 2189 3155 2240 ut
3187 2185 3360 2239 ambo
3391 2184 3508 2239 sint
3541 2184 3644 2240 Pav-

2001 2278 2111 2340 ter,
2142 2278 2257 2328 aut'
2294 2274 2468 2329 ambo
2520 2273 2721 2340 Filius,
2756 2276 2857 2330 sed
2911 2274 3050 2345 quia
3098 2290 3328 2344 semper
3374 2272 3642 2343 invicem,

2000 2367 2206 2418 neuter
2234 2361 2416 2417 solus.
2454 2383 2482 2412 ››
2514 2363 2676 2428 Quod
2708 2367 2766 2418 et
2794 2364 2865 2418 de
2896 2362 3116 2434 Spiritu
3154 2365 3357 2416 sancto
3386 2361 3645 2417 sentien-

1999 2452 2141 2506 dum
2173 2454 2282 2506 est.
2316 2451 2376 2505 Si
2409 2450 2618 2505 dixerit
2650 2467 2662 2504 :
2697 2450 2829 2505 Ideo
2878 2451 3094 2505 dicitur
3136 2450 3196 2504 in
3226 2450 3341 2506 Deo
3373 2451 3641 2522 persona,

1999 2539 2157 2611 quod
2188 2555 2292 2610 per
2320 2556 2382 2594 se
2414 2538 2491 2594 sit
2519 2556 2640 2594 una
2669 2538 2856 2594 deitas
2896 2538 2985 2593 vel
3035 2538 3388 2606 substantia,
3421 2537 3509 2594 vel
3538 2538 3642 2593 ali-

2000 2626 2140 2698 quid
2180 2627 2543 2699 hujusmodi,
2570 2628 2678 2682 hoc
2727 2626 3013 2682 catholica
3058 2628 3205 2682 ﬁdes
3254 2644 3370 2683 non
3417 2627 3640 2697 recipit,

1999 2716 2279 2788 quoniam
2311 2733 2428 2771 una
2456 2707 2779 2787 eademque
2810 2717 3017 2785 deitas,
3052 2734 3180 2788 quae
3222 2717 3529 2773 Trinitatis
3554 2722 3643 2772 est

1999 2805 2217 2868 unitas,
2250 2808 2370 2859 tota
2401 2805 2460 2858 in
2506 2804 2777 2877 singulis,
2810 2809 2934 2860 tota
2980 2810 3069 2860 est
3116 2805 3175 2860 in
3224 2806 3415 2861 tribus
3464 2805 3641 2861 simul

1999 2892 2284 2963 personis.
2320 2894 2684 2962 Quapropter
2730 2909 2845 2947 non
2895 2893 3175 2947 debuerat
3219 2892 3429 2959 dicere,
3463 2908 3641 2961 expo-

1999 2997 2143 3036 nens
2172 2997 2349 3052 quare
2378 2980 2596 3035 dicitur
2642 2997 2910 3052 persona,
2943 2997 3048 3051 per
3075 2996 3159 3048 se,
3189 2981 3291 3035 sed
3342 2979 3535 3051 potius
3566 2981 3640 3035 ad

1997 3086 2080 3135 se,
2113 3085 2181 3125 eo
2212 3085 2389 3123 sensu
2422 3068 2573 3124 sicut
2596 3068 2960 3140 Augustinus
2990 3068 3047 3123 in
3092 3068 3239 3123 libro
3288 3069 3538 3139 septimo
3569 3069 3641 3123 de

1998 3156 2280 3214 Trinitate
2320 3157 2462 3213 dicit
2494 3175 2506 3214 :
2538 3156 2822 3213 Videlicet
2867 3157 3007 3229 quia
3057 3157 3225 3213 Pater
3267 3160 3326 3212 et
3376 3156 3557 3212 Filius
3581 3160 3641 3211 et

1998 3246 2253 3320 Spiritus
2272 3250 2513 3303 sanctus
2534 3247 2594 3300 in
2616 3245 2901 3302 Trinitate
2925 3245 3160 3302 relative
3180 3245 3495 3300 dicuntur:
3517 3261 3641 3316 per-

230 3352 344 3391 non
370 3350 494 3407 .per
524 3350 587 3389 se
615 3336 707 3388 est
735 3332 898 3388 solus
918 3337 975 3388 et
996 3333 1374 3406 singulariter
1395 3351 1548 3390 unus
1570 3334 1629 3389 in
1652 3334 1885 3390 deitatis
1917 3321 1961 3385 C
1997 3353 2143 3392 sona
2172 3353 2303 3392 vero
2336 3335 2543 3403 Patris,
2578 3334 2666 3391 vel
2708 3335 2859 3404 Filii,
2890 3335 2982 3390 vel
3029 3334 3282 3406 Spiritus
3332 3333 3521 3389 sancti
3567 3334 3641 3389 ad

229 3422 530 3491 essentia;
563 3421 666 3477 sed
725 3422 1057 3487 amborum,
1105 3421 1372 3477 videlicet
1421 3422 1609 3478 Patris
1656 3426 1713 3478 et
1760 3422 1888 3479 Filii

231 3511 511 3584 spiritus,
553 3510 821 3581 ejusdem
872 3510 1212 3566 substantia:
1262 3514 1320 3566 et
1366 3511 1708 3567 aeternitatis
1754 3528 1889 3568 cum

232 3600 406 3659 Patre
429 3604 489 3655 et
511 3598 676 3665 Filio,
691 3603 749 3655 et
767 3598 986 3655 idcirco
1007 3598 1416 3671 inseparabilis
1436 3605 1525 3655 est
1546 3604 1747 3656 sancta
1768 3602 1893 3657 Tri-

229 3688 387 3749 nitas
423 3687 603 3744 etiam
632 3687 693 3743 in
722 3687 987 3760 personis
1018 3704 1195 3744 sensu
1218 3688 1890 3761 intelligenda,quamvis

227 3777 453 3834 inzvoce
468 3776 1054 3849 scparabiliahabeat
1070 3777 1474 3848 nomina,quia
1487 3777 1772 3850 pluralem
1789 3796 1892 3833 nu-

230 3881 468 3923 merum
489 3865 552 3921 in
573 3869 796 3922 naturae
818 3865 1159 3922 nominibus
1179 3864 1518 3921 nullatenus
1536 3865 1759 3937 recipit.
1773 3866 1887 3922 Ve-

228 3973 358 4013 rum
384 3954 546 4012 528
572 3959 631 4011 et
659 3955 720 4010 in
753 3955 862 4011 hoc
894 3954 1227 4011 ostenditur
1255 3971 1538 4026 personas
1571 3972 1687 4010 non
1717 3971 1889 4026 posse

227 4044 417 4101 dividi
446 4043 509 4099 in
540 4042 1079 4110 sanctaTrinitatc,
1097 4043 1236 4116 quia
1264 4041 1582 4114 cujuslibet
1629 4060 1889 4115 personae

230 4150 451 4190 nomen
483 4147 719 4203 semper
761 4133 834 4189 ad
883 4131 1125 4189 alteram
1176 4131 1415 4204 respicit
1465 4148 1795 4205 personam.
1822 4133 1889 4191 Si

231 4222 468 4290 Patrem
501 4220 673 4287 dicis,
702 4219 912 4278 Filium
945 4219 1239 4289 ostendis;
1271 4220 1322 4276 si
1353 4219 1568 4277 Filium
1597 4221 1887 4291 nominas,

232 4311 469 4369 Patrem
514 4309 831 4382 praedicas;
867 4310 917 4366 si
952 4310 1236 4383 Spiritum
1282 4313 1554 4367 sanctum
1606 4309 1887 4383 appellas,

232 4400 492 4474 alicujus
518 4416 654 4457 esse
684 4399 958 4472 spiritum
988 4415 1225 4456 necesse
1257 4403 1346 4456 est
1370 4399 1685 4472 intelligas.
1712 4421 1741 4449 »
1763 4401 1890 4456 Non

231 4490 439 4564 igitur,
459 4493 527 4545 ut
553 4487 926 4562 blasphemat
950 4488 1386 4557 Gothescalcus,
1420 4489 1556 4544 inde
1586 4487 1802 4544 dicitur
1829 4489 1890 4544 in

129 4649 143 4664 θ
233 4579 351 4636 Deo
378 4594 657 4653 persona,
690 4578 847 4650 quod
879 4594 982 4651 per
1010 4594 1073 4634 se
1099 4577 1178 4634 sit
1208 4594 1344 4644 una,
1377 4594 1538 4633 more
1567 4594 1696 4643 suo,
1725 4576 1890 4633 vide-

233 4666 817 4726 licet-hisreticorum
845 4684 1027 4736 more,
1062 4667 1336 4739 profanas
1365 4682 1572 4722 vocum
1603 4665 1891 4722 novitates

232 4759 577 4832 exquirens.
631 4758 871 4827 Qui,.ut
916 4758 1124 4814 beatus
1184 4756 1324 4812 dicit
1380 4757 1713 4828 Gregorius,
1747 4757 1888 4812 dum

233 4847 467 4905 laudari
524 4851 816 4920 tanquam
863 4847 935 4902 de
981 4845 1286 4903 excellenti
1342 4845 1574 4918 ingenio
1623 4845 1889 4917 cupiunt,

236 4938 409 5010 quasi
441 4954 595 4994 nova
622 4937 890 5009 quaedam
921 4935 1241 5008 proferunt,
1266 4952 1391 5007 quas
1423 4936 1483 4989 in
1516 4934 1893 5007 antiquorum

237 5026 482 5084 Patrum
531 5025 701 5082 libris
744 5025 1039 5082 veteribus
1088 5041 1205 5079 non
1256 5027 1547 5079 tenentur.
1589 5022 1799 5095 Sicque
1829 5024 1897 5079 ﬁt

235 5121 322 5183 ut,
357 5117 507 5172 dum
537 5114 722 5171 videri
763 5113 1060 5186 sapientes
1106 5112 1461 5178 desiderant,
1491 5111 1722 5168 miseris
1770 5113 1895 5168 suis

238 5204 615 5261 auditoribus
646 5202 911 5258 stultitiae
943 5200 1172 5258 semina
1202 5206 1501 5273 spargant.
1528 5201 1763 5258 Rectius
1787 5220 1895 5257 au-

238 5296 362 5348 tem
396 5292 634 5349 Boetius
663 5308 842 5364 quam
864 5289 1300 5358 Gothescalcus,
1325 5289 1443 5346 imo
1468 5295 1619 5345 recte
1640 5290 1893 5359 Boetius,

241 5381 385 5454 quia
409 5398 528 5438 non
562 5384 718 5438 recte
747 5378 1182 5448 Gothescalcus,
1219 5396 1476 5451 persona:
1499 5378 1897 5436 deﬁnitionem

241 5487 313 5527 ex
360 5470 701 5543 sapientum
757 5466 1066 5527 sententiis
1119 5468 1289 5525 nobis
1344 5465 1589 5539 protulit
1646 5467 1896 5525 dicens:

241 5582 272 5610 α
297 5559 558 5615 Persona
578 5558 735 5615 dicta
753 5562 893 5615 ests.
902 5557 1243 5630 personando
1261 5577 1280 5624 ;
1297 5555 1670 5611 circumﬂexa
1690 5558 1866 5629 penul
1880 5589 1901 5602 -
1948 5576 1955 5583 ο

241 5647 413 5704 tima.
447 5647 616 5715 Quod
646 5646 697 5704 si
726 5643 1495 5718 acuatur‘ant'epenultima,
1530 5646 1905 5717 apertissime

239 5736 543 5799 videbitur
564 5754 602 5795 a
625 5751 758 5796 ωηο
805 5736 1008 5794 dicta:
1044 5758 1073 5788 »
1102 5736 1174 5794 Et
1218 5734 1361 5792 item
1394 5749 1408 5792 :
1444 5755 1472 5787 «
1502 5732 1620 5790 Hoc
1664 5734 1901 5797 interim

572 5865 845 5932 ΡΑτιιοι..
892 5862 1118 5931 CXXV.

1998 3442 2061 3480 se
2108 3424 2343 3480 dicitur.
2381 3448 2403 3475 σι
2437 3429 2587 3496 Non,
2618 3423 2813 3497 inquit
2863 3423 3231 3496 Augustinus
3283 3423 3344 3477 in
3403 3414 3641 3494 praefato

1998 3512 2146 3569 libro
2197 3514 2323 3584 (lib.
2356 3531 2433 3569 vn
2479 3514 2544 3570 de
2596 3515 2770 3580 Trin.,
2804 3531 2854 3568 ο.
2881 3514 2958 3584 6),
2992 3512 3151 3568 aliud
3200 3516 3290 3567 est
3336 3512 3451 3567 Deo
3490 3527 3640 3578 esse,

1998 3602 2157 3658 aliud
2190 3620 2499 3675 personam
2531 3620 2679 3675 esse,
2710 3604 2812 3658 sed
2843 3603 3082 3657 omnino
3132 3602 3306 3656 idem.
3339 3601 3487 3655 Nam
3515 3615 3643 3654 esse

1999 3692 2073 3747 ad
2103 3708 2166 3747 se
2194 3691 2430 3762 dicitur,
2461 3706 2712 3763 persona
2739 3707 2872 3746 vero
2903 3689 3158 3757 relative,
3192 3689 3460 3743 videlicet
3506 3704 3639 3743 cum

1998 3779 2214 3835 dicitur
2260 3781 2428 3836 Pater
2470 3780 2557 3835 vel
2609 3779 2790 3834 Filius
2840 3778 2927 3833 vel
2978 3778 3232 3849 Spiritus
3279 3781 3554 3843 sanctus;
3587 3779 3644 3830 et

1997 3867 2151 3923 sicut
2179 3868 2511 3923 substantia
2540 3868 2725 3922 Patris
2748 3867 2873 3938 ipse
2895 3867 3063 3920 Pater
3082 3869 3311 3931 est,non
3335 3880 3449 3934 quo
3476 3864 3642 3918 Pater

1998 3961 2106 4025 est,
2140 3957 2240 4011 sed
2272 3973 2387 4028 quo
2418 3960 2509 4010 est
2540 3973 2553 4011 :
2588 3955 2670 4010 ita
2698 3960 2757 4010 et
2784 3971 3032 4026 persona
3081 3951 3266 4007 Patris
3317 3967 3432 4005 non
3480 3951 3641 4005 aliud

2000 4062 2177 4118 quam
2235 4046 2361 4117 ipse
2419 4046 2587 4100 Pater
2631 4048 2738 4100 est.
2770 4044 2855 4099 Ad
2904 4059 2966 4107 se
2997 4041 3214 4113 quippe
3246 4040 3400 4097 524
3429 4039 3643 4095 dicitur

1998 4151 2267 4207 persona,
2300 4152 2415 4190 non
2447 4134 2519 4189 ad
2554 4133 2786 4200 Filium,
2818 4132 2905 4187 vel
2927 4132 2999 4186 ad
3032 4129 3315 4203 Spiritum
3345 4131 3638 4195 sanctum,

1998 4225 2152 4280 sicut
2180 4224 2251 4279 ad
2283 4239 2344 4279 se
2375 4222 2588 4279 dicitur
2625 4222 2801 4288 Deus,
2829 4224 2888 4276 et
2934 4236 3205 4292 magnus,
3241 4221 3298 4273 et
3344 4218 3555 4285 bonus,
3587 4220 3645 4272 ct

1989 4316 2279 4387 justus,et
2290 4312 2337 4368 si
2353 4311 2491 4384 quid
2506 4311 2665 4368 aliud
2676 4308 3019 4381 hujusmodi
3040 4327 3052 4377 ;
3073 4312 3129 4363 et
3140 4307 3642 4379 quemadmodum

1998 4404 2109 4460 hoc
2139 4402 2223 4458 illi
2253 4407 2345 4459 est
2372 4418 2521 4470 esse,
2550 4401 2707 4473 quod
2759 4400 2944 4456 Deum
2994 4414 3143 4467 esse,
3176 4413 3460 4470 magnum
3487 4412 3640 4463 esse,

1999 4492 2153 4565 quod
2185 4493 2405 4548 bonum
2437 4490 2677 4559 esse,ita
2704 4489 2814 4545 hoc
2846 4487 2930 4543 illi
2962 4491 3051 4544 est
3078 4504 3227 4554 esse,
3252 4487 3409 4559 quod
3440 4503 3640 4559 perso-

1999 4599 2136 4638 nam
2166 4598 2317 4638 esse.
2348 4582 2465 4636 Cur
2493 4595 2629 4652 ergo
2660 4596 2776 4635 non
2806 4578 2928 4633 haec
2958 4577 3071 4634 tria
3100 4576 3278 4633 simul
3308 4592 3488 4631 unam
3511 4592 3642 4648 per-

1923 4691 1966 4756 D
1999 4688 2204 4728 sonam
2252 4668 2528 4737 dicimus,
2560 4668 2714 4725 sicut
2763 4685 2943 4725 unam
2987 4666 3305 4723 essentiam
3351 4669 3409 4721 et
3455 4679 3644 4756 unum

2000 4761 2206 4827 Deum,
2240 4759 2342 4816 sed
2385 4762 2506 4814 tres
2549 4757 2805 4813 dicimus
2857 4773 3157 4829 personas,
3191 4772 3327 4810 cum
3356 4758 3473 4808 tres
3504 4752 3646 4806 deos

2001 4853 2103 4905 aut
2130 4852 2245 4904 tres
2278 4847 2565 4903 essentias
2596 4863 2713 4902 non
2742 4845 3028 4916 dicamus,
3062 4844 3176 4899 nisi
3207 4842 3347 4915 quia
3374 4840 3645 4896 volumus

2000 4938 2091 4994 vel
2112 4954 2300 4994 unum
2330 4937 2564 5010 aliquod
2595 4934 2945 4991 vocabulum
2967 4933 3179 4990 servire
3200 4929 3336 4986 huic
3357 4928 3647 5000 significa-

2001 5027 2145 5082 tioni
2178 5043 2294 5099 qua
2322 5025 2671 5097 intelligitur
2690 5023 3043 5089 Trinitas,ne
3061 5021 3299 5077 omnino
3318 5022 3646 5073 taceremus

2004 5115 2344 5188 interrogati
2394 5116 2544 5187 quid
2601 5118 2739 5181 tres,
2769 5129 2903 5168 cum
2951 5116 3068 5166 tres
3116 5125 3244 5164 esse
3290 5104 3647 5161 fateremur?

2006 5207 2205 5278 Neque
2236 5223 2370 5261 cum
2402 5203 2683 5277 quislibet
2704 5200 2951 5259 audierit
2974 5201 3201 5256 Patrem
3223 5195 3413 5252 solum
3434 5194 3643 5262 Deum,

2007 5300 2236 5368 separet
2264 5295 2399 5350 inde
2418 5293 2761 5360 Filium,aut
2783 5290 3068 5363 Spiritum
3100 5283 3547 5342 sauctum.Cum
3579 5298 3647 5339 eo

2008 5384 2224 5457 quippe
2253 5383 2414 5440 solus
2443 5383 2597 5438 Deus
2629 5385 2878 5447 est,cum
2910 5394 3025 5449 quo
3055 5379 3113 5431 et
3142 5389 3296 5430 unus
3325 5372 3481 5428 Deus
3510 5374 3600 5428 est
3631 5385 3646 5427 :

2008 5473 2147 5545 quia
2175 5476 2232 5529 et
2261 5472 2471 5528 Filium
2494 5487 2629 5526 cum
2655 5464 3150 5535 audimus,solum
3171 5464 3356 5519 Deum
3378 5460 3507 5517 sine
3528 5459 3653 5518 ulla

2010 5562 2373 5634 separatione
2403 5559 2590 5615 Patris
2619 5562 2721 5613 aut
2751 5555 3005 5628 Spiritus
3035 5553 3224 5610 sancti
3253 5555 3480 5625 oportet
3498 5550 3650 5607 acci-

2009 5668 2179 5724 pere;
2215 5654 2390 5723 atque
2413 5649 2495 5704 ita
2522 5648 2679 5703 dicat
2709 5662 2887 5702 unam
2918 5643 3258 5714 essentiam,
3288 5645 3357 5700 ut
3385 5658 3502 5700 non
3530 5640 3650 5699 exi-

2010 5741 2212 5800 stimet
2239 5739 2400 5800 aliud
2430 5737 2543 5797 alio
2570 5736 2660 5795 vel
2691 5734 2905 5813 majus,
2934 5733 3024 5797 vel
3070 5733 3305 5806 melius,
3333 5732 3427 5796 vel
3456 5731 3655 5806 aliqua

3256 5863 3331 5928 19
