4148 6450
586 409 706 472 58⁵7

1522 411 1903 474 HINCMARI
1949 409 2394 472 RHEMENSIS
2436 409 3048 472 ARCHIEPISCOPI.

3833 414 3934 477 588

523 542 530 547 ’
587 562 654 602 ex
685 550 847 618 parte
879 545 1195 602 diversum.
1227 546 1351 600 Non
1382 548 1579 600 tamen
1611 550 1676 600 ut
1707 546 1875 600 Pater
1918 545 2041 616 ipse
2071 544 2148 599 sit
2175 548 2234 599 et
2260 547 2314 612 Α
2346 543 2599 616 Spiritus
2628 547 2889 611 sanctus,
2921 541 3077 598 idem
3103 541 3373 613 equidem
3401 544 3511 606 est,
3542 557 3653 598 non
3680 541 3812 615 ipse.
3826 543 3932 602 Non

590 635 771 690 Filius
799 638 859 690 et
882 635 1140 707 Spiritus
1171 637 1433 698 sanctus,
1463 637 1520 688 et
1547 633 1832 705 quidquid
1864 633 2022 690 aliud
2053 634 2125 689 ad
2155 632 2232 688 al-

587 727 879 779 terutrum
911 721 1148 796 singula
1178 722 1634 786 dicuntur,sicut
1653 722 1909 778 Verbum
1937 720 2090 794 quod
2116 739 2230 777 non

589 810 804 866 dicitur
831 810 945 866 nisi
977 809 1286 878 Filius,aut
1314 811 1533 865 donum
1564 811 1718 882 quod
1745 827 1859 865 non
1882 811 2099 866 dicitur
2117 810 2230 865 nisi

589 899 845 972 Spiritus
875 904 1115 954 sanctus
1139 915 1150 952 :
1176 903 1411 970 propter
1436 900 1589 971 quod
1613 899 1786 954 etiam
1812 898 2098 971 pluralem
2121 917 2230 954 nu-

589 1003 818 1044 merum
849 987 1348 1055 admittunt,sicut
1377 987 1435 1043 in
1468 988 1776 1061 Evangelio
1807 987 2090 1059 scriptum
2122 992 2229 1056 est,

591 1077 706 1150 Ego
751 1083 804 1133 et
849 1077 1011 1133 Pater
1064 1093 1238 1132 unum
1280 1093 1471 1132 sumus
1501 1081 1684 1146 (Joan.
1716 1095 1772 1145 x,
1802 1077 1914 1144 30).
1947 1077 2016 1131 Et
2045 1094 2230 1132 unum

591 1163 757 1232 dixit,
789 1168 848 1220 et
879 1181 1108 1221 sumus.
1145 1166 1340 1232 Unum,
1365 1166 1689 1221 secundum
1720 1165 2056 1232 essentiam,
2076 1167 2233 1238 quod

591 1253 747 1309 idem
777 1253 964 1322 Deus;
995 1271 1206 1322 sumus,
1239 1255 1564 1309 secundum
1597 1253 1924 1321 relativum,
1949 1255 2102 1326 quod
2138 1253 2234 1309 ille

592 1342 778 1410 Pater,
810 1341 905 1398 hic
937 1341 1138 1399 Filius.
1173 1363 1201 1391 »
1233 1343 1302 1398 Et
1331 1342 1389 1397 in
1420 1342 1570 1398 libro
1611 1343 1837 1399 decimo
1867 1343 2074 1415 quinto
2107 1343 2228 1416 (lib.

589 1447 662 1486 xv
688 1429 754 1486 de
786 1431 958 1499 Trin.,
991 1447 1040 1497 c,
1075 1433 1160 1499 17)
1194 1449 1206 1486 :
1241 1431 1494 1503 Spiritus
1513 1449 1745 1504 quoque
1765 1437 2004 1488 sanctus
2025 1449 2231 1488 secun-

591 1519 734 1575 dum
765 1519 1099 1591 Scripturas
1129 1524 1383 1588 sanctas,
1409 1537 1514 1576 nec
1547 1521 1734 1578 Patris
1765 1524 1853 1576 est
1889 1521 2092 1589 solius,
2128 1539 2233 1577 nec

592 1607 720 1664 Filii
751 1607 954 1677 solius,
988 1608 1089 1663 sed
1120 1609 1450 1674 amborum,
1473 1613 1530 1664 et
1555 1609 1682 1664 ideo
1713 1626 2236 1682 communem,qua

591 1712 654 1752 se
675 1695 923 1752 invicem
956 1695 1211 1768 diligunt
1250 1697 1416 1753 Pater
1444 1702 1501 1752 ct
1527 1696 1728 1762 Filius,
1764 1697 1932 1753 nobis
1971 1697 2236 1754 insinuat

589 1784 958 1841 charitatem.
991 1786 1060 1840 Et
1089 1785 1240 1840 sicut
1282 1785 1572 1857 sapientia
1599 1790 1657 1840 et
1687 1786 1852 1841 Pater
1879 1791 1936 1842 et
1965 1786 2147 1844 Filius
2177 1793 2236 1844 et

589 1871 844 1946 Spiritus
865 1877 1106 1930 sanctus
1127 1873 1430 1947 dicitur,et
1451 1873 1626 1929 simul
1649 1891 1851 1930 omnes
1873 1893 1984 1931 non
2000 1880 2117 1932 tres
2131 1877 2232 1932 sed
2264 1916 2312 1981 Β

591 1976 700 1981 ___._
732 1959 1205 1981 ___!-_.A:-_SA__L
1229 1961 1430 1981 -Lahfae
1533 1962 1614 1981 1h
1658 1967 1696 1981 ιη
1776 1963 1815 1981 1°
1860 1963 1892 1981 οι
2023 1964 2156 1981 επεὶ·

591 1976 710 2016 una
729 1959 1018 2033 sapientia
1033 1977 1045 2016 :
1063 1961 1144 2016 ita
1154 1964 1210 2016 et
1221 1961 1475 2018 charitas
1496 1967 1553 2018 et
1574 1962 1741 2018 Pater
1760 1963 2042 2020 dicituret
2054 1964 2236 2022 Filius

589 2051 651 2104 et
670 2047 922 2120 Spiritus
943 2053 1267 2114 sanctus,et
1287 2050 1464 2106 simul
1487 2069 1691 2108 omnes
1712 2070 1829 2108 una
1850 2053 2103 2110 cbaritas
2119 2071 2132 2109 :
2149 2053 2234 2110 sic

589 2137 750 2194 enim
781 2137 948 2194 Pater
975 2137 1214 2206 Deus,et
1233 2138 1414 2196 Filius
1444 2139 1691 2206 Deus,et
1711 2140 1964 2213 Spiritus
1996 2147 2234 2200 sanctus

591 2227 767 2292 Deus,
799 2229 858 2283 et
886 2224 1062 2283 simul
1095 2243 1298 2283 omnes
1320 2246 1474 2284 unus
1498 2229 1718 2284 Deus.»
1740 2229 1901 2286 Unde
1925 2235 1981 2286 et
2002 2231 2233 2304 insepa-

590 2314 796 2373 rabilis
823 2318 934 2385 est,
965 2315 1140 2370 etiam
1165 2315 1224 2370 in
1245 2317 1528 2387 personis,
1555 2324 1760 2374 sancta
1780 2319 2036 2376 Trinitas
2056 2338 2233 2377 sensu

591 2402 986 2476 intelligenda.
1021 2405 1092 2458 Et
1120 2403 1220 2476 qui
1249 2404 1399 2459 hanc
1445 2405 1854 2478 etymologiam
1893 2407 1952 2462 in
1984 2424 2235 2479 persona

589 2491 948 2549 mendaciter
975 2492 1044 2547 ad
1054 2492 1288 2560 invenit,
1314 2493 1461 2548 forte
1485 2499 1548 2548 ut
1568 2493 1716 2550 solet
1748 2513 1917 2568 prave
1943 2497 2232 2569 interpre-

585 2581 810 2637 tabitur
834 2580 1009 2637 verba
1040 2581 1240 2648 Boetii,
1275 2582 1522 2637 dicentis
1545 2582 1601 2636 in
1625 2581 1774 2637 libro
1805 2585 1876 2640 de
1907 2585 2227 2643 Trinitate:

589 2692 618 2721 ‹‹
650 2670 713 2726 In
745 2686 961 2738 rerum,
997 2670 1206 2742 inquit,
1242 2687 1488 2725 numero
1519 2689 1632 2726 non
1665 2672 1802 2727 facit
1833 2672 2228 2744 pluralitatem

587 2759 884 2816 unitatum
914 2758 1199 2832 repetitio.
1231 2759 1403 2814 Velut
1434 2760 1481 2814 si
1515 2761 1584 2814 de
1614 2762 1816 2817 eodem
1858 2763 2072 2830 dicam,
2099 2763 2228 2836 gla-

586 2847 722 2904 dius
768 2865 944 2916 unus,
978 2864 1180 2903 mucro
1229 2866 1402 2917 unus,
1439 2850 1596 2905 ensis
1645 2867 1832 2918 unus;
1866 2851 2022 2907 velut
2060 2852 2110 2908 si
2141 2852 2229 2908 di-

587 2951 741 3006 cam,
770 2935 887 3004 Sol,
921 2935 1029 3003 sol,
1062 2935 1170 3004 sol,
1220 2954 1337 2992 non
1394 2941 1512 2992 tres
1573 2938 1724 2995 soles
1781 2939 2091 3008 eifecerim,
2127 2943 2227 2997 sed

587 3023 661 3079 de
685 3039 802 3079 uno
833 3023 1005 3080 toties
1036 3023 1406 3096 praedicatur.
1435 3025 1558 3080 Non
1591 3025 1772 3098 igitur
1801 3027 1849 3081 si
1883 3029 1952 3084 de
1975 3029 2140 3084 Patre
2162 3047 2228 3086 ac

587 3111 732 3169 Filio
777 3115 836 3168 et
881 3112 1103 3184 Spiritu
1160 3119 1362 3168 sancto
1420 3113 1588 3169 tertio
1647 3117 1996 3188 praedicatur
2051 3117 2224 3187 Deus,

586 3200 803 3256 idcirco
830 3201 986 3256 trina
1028 3201 1359 3274 praedicatio
1409 3219 1719 3259 numerum
1771 3205 1928 3261 facit.
1962 3208 2034 3262 Et
2062 3211 2127 3262 ut
2156 3209 2227 3264 de

2337 637 2428 688 est
2456 631 2636 705 igitur
2665 631 2816 688 inter
2834 649 2931 688 eos
2954 631 3013 686 in
3037 647 3095 686 re
3117 629 3273 686 omni
3297 630 3621 685 differentia
3638 647 3802 702 quare
3823 633 3935 688 sub-

2338 721 2518 776 intret
2543 737 2844 787 numerus,
2875 737 3050 793 quem
3088 736 3169 798 ex.
3205 719 3600 790 subjectorum
3646 719 3936 779 diversitate

2340 809 2547 866 confici
2576 808 2846 882 superius
2876 809 3250 881 explanatum
3271 808 3457 866 est.Et
3475 807 3584 863 hoc
3603 807 3748 864 idem
3769 809 3934 865 Domi-

2341 917 2454 955 nus
2484 899 2848 955 demonstrat
2873 898 2931 953 in
2964 895 3295 970 Evangelio,
3330 897 3485 969 quod
3517 897 3624 952 sub
3654 897 3754 953 hoc
3786 913 3934 955 sensu

2339 988 2582 1043 tradunt
2611 1003 2816 1043 omnes
2839 987 3103 1042 doctores
3133 985 3424 1054 catholici,
3448 1002 3583 1041 cum
3603 985 3833 1042 dicitur:
3856 987 3933 1052 Ite,

2339 1076 2516 1133 docete
2543 1092 2725 1133 omnes
2753 1084 2956 1145 gentes,
2991 1077 3320 1148 baptizantes
3361 1091 3450 1131 eos
3496 1077 3557 1130 in
3599 1076 3803 1131 nomine
3840 1081 3934 1132 Pa-

2341 1168 2462 1232 tris,
2495 1173 2546 1222 et
2585 1166 2739 1234 Filii,
2772 1173 2824 1221 et
2872 1165 3112 1237 Spiritus
3169 1165 3344 1220 sancti
3391 1163 3593 1236 (Matth.
3637 1163 3932 1233 xxvui,19).

2341 1255 2466 1310 Non
2497 1253 2640 1310 dicit
2669 1255 2730 1310 in
2751 1254 3088 1320 nominibus,
3122 1253 3224 1308 sed
3255 1255 3317 1308 in
3342 1254 3584 1318 nomine,
3615 1250 3744 1324 quia
3780 1268 3934 1307 unum

2343 1359 2555 1400 nomen
2587 1341 2762 1398 unius
2790 1341 2894 1399 Dei
2941 1345 3050 1408 est,
3084 1341 3250 1397 Pater
3296 1345 3354 1397 et
3395 1339 3576 1396 Filius
3622 1345 3678 1395 et
3720 1339 3933 1411 Spiritus

2341 1437 2603 1502 sanctus,
2636 1433 2706 1488 de
2737 1448 2851 1504 quo
2881 1431 3168 1503 scriptum
3211 1435 3300 1486 est
3333 1446 3346 1484 ε
3381 1428 3544 1499 Audi,
3577 1428 3752 1493 Israel,
3778 1428 3934 1483 Domi-

2339 1536 2446 1576 nus
2474 1521 2614 1575 Deus
2643 1527 2789 1584 tuus,
2821 1523 2962 1575 Deus
2991 1534 3135 1573 unus
3164 1525 3244 1572 est
3267 1517 3445 1586 (Deut.
3479 1533 3557 1583 v1,
3585 1517 3660 1584 5).
3678 1517 3934 1587 Quaprop-

2342 1613 2432 1664 ter
2455 1612 2512 1664 et
2541 1608 2589 1664 si
2621 1611 2814 1680 potest
2842 1605 2955 1662 dici
2985 1605 3044 1661 in
3077 1603 3342 1678 personis
3386 1609 3541 1660 Deus
3569 1603 3768 1671 trinus,
3795 1602 3934 1674 quasi

2342 1697 2774 1770 quodammodo
2827 1699 2916 1751 ter
2961 1711 3136 1764 unus,
3184 1691 3324 1766 quia
3382 1693 3550 1749 Pater
3593 1692 3758 1760 Deus,
3786 1690 3933 1746 Filius

2343 1787 2516 1854 Deus,
2565 1785 2818 1858 Spiritus
2865 1789 3104 1841 sanctus
3148 1783 3326 1852 Deus,
3373 1782 3551 1839 unius
3603 1780 3932 1853 ejusdemque

2341 1875 2609 1931 essentia:
2641 1874 2897 1941 deitatis,
2929 1890 3057 1946 quae
3087 1877 3177 1928 est
3207 1871 3405 1928 unitas
3441 1869 3733 1936 trinitatis,
3761 1873 3866 1924 tota
3885 1868 3932 1922 in

2341 1963 2612 2037 singulis,
2643 1967 2764 2020 tota
2790 1962 2848 2018 in
2879 1962 3068 2018 tribus
3099 1961 3275 2017 simul
3307 1959 3612 2033 personis:
3643 1973 3751 2014 non
3773 1962 3932 2013 tamen

2343 2057 2532 2125 potest
2562 2051 2846 2108 catholice
2891 2050 3004 2107 dici
3054 2049 3240 2106 deitas
3285 2048 3464 2117 trina,
3496 2047 3659 2120 quasi
3705 2050 3783 2103 ter
3821 2061 3931 2111 una,

2341 2141 2483 2214 quia
2502 2158 2620 2197 una
2645 2145 2703 2197 et
2731 2140 3045 2196 indiscreta
3073 2144 3284 2195 natura
3309 2137 3500 2194 Patris
3528 2141 3586 2192 et
3615 2134 3734 2192 Filii
3761 2138 3811 2190 et
3827 2131 3934 2206 Spi-

2343 2229 2491 2287 ritus
2520 2228 2708 2286 sancti
2740 2246 2854 2284 non
2881 2233 2971 2285 est
2997 2225 3275 2296 terna,vel
3306 2226 3485 2294 trina,
3519 2224 3635 2282 sive
3663 2228 3744 2280 ter
3768 2237 3869 2278 una
3884 2219 3930 2274 in

2342 2318 2736 2392 singulis,non
2762 2322 2851 2375 est
2879 2321 3062 2384 terna,
3093 2315 3180 2372 vel
3211 2315 3387 2382 trina,
3412 2332 3517 2372 seu
3547 2319 3632 2370 ter
3659 2329 3766 2368 una
3787 2311 3837 2366 in
3853 2308 3933 2364 tri-

2341 2408 2472 2476 bus,
2507 2409 2608 2464 sed
2641 2424 2758 2463 una
2785 2410 2841 2462 et
2870 2406 3096 2473 eadem,
3129 2409 3253 2461 tota
3293 2403 3470 2476 plena
3515 2407 3681 2475 atque
3721 2399 3932 2473 perfecta

2341 2513 2572 2568 semper
2615 2495 2674 2550 in
2725 2494 2996 2567 singulis,
3027 2498 3148 2550 tota
3196 2493 3373 2566 plena
3418 2496 3594 2565 atque
3637 2489 3860 2563 perfecta
3883 2485 3930 2540 in

2339 2585 2531 2641 tribus
2559 2584 2736 2642 simul
2768 2582 3054 2656 personis,
3077 2599 3204 2655 quae
3237 2583 3295 2638 in
3326 2599 3392 2639 se
3421 2597 3538 2638 non
3569 2579 3735 2636 habet
3761 2590 3932 2632 nume-

2340 2691 2493 2741 rum,
2526 2691 2632 2730 nec
2678 2673 2737 2728 in
2785 2672 3072 2745 personis,
3105 2671 3165 2728 in
3215 2671 3436 2743 quibus
3481 2668 3708 2726 relative
3757 2662 3932 2721 dicitur

2339 2762 2617 2830 Trinitas,
2649 2762 2904 2834 aliquam
2936 2760 3347 2817 differentiam.
3373 2759 3554 2816 Trina
3573 2755 3772 2830 quippe
3792 2757 3842 2810 et
3855 2749 3932 2806 tri-

2339 2851 2494 2907 nitas
2524 2852 2741 2908 habent
2768 2849 2856 2906 vel
2888 2866 3169 2906 numerus
3199 2853 3434 2918 sunt,ut
3455 2846 3715 2921 superius
3733 2837 3929 2899 catholi-

2337 2957 2539 2996 corum
2569 2940 2761 2996 verbis
2790 2939 3175 2996 ostendimus.
3211 2938 3375 2995 Unde
3425 2955 3558 2994 cum
3597 2941 3681 2992 ter
3706 2935 3929 2989 sanctum

2337 3029 2624 3102 hymnum
2653 3028 2973 3096 offerimus,
3005 3033 3206 3100 terque
3234 3026 3659 3094 coadorandam
3697 3019 3927 3076 deitatem

2301 3153 2314 3163 -
2336 3135 2472 3174 cum
2501 3117 2771 3190 supernis
2796 3123 2852 3173 et
2881 3117 3214 3174 cmlestibus
3243 3115 3561 3173 virtutibus
3588 3106 3929 3184 congloriilce-

2337 3223 2490 3275 mus,
2525 3207 2782 3263 dicentes
2815 3208 3086 3274 Sanctus,
3103 3207 3377 3278 Sanctus,
3394 3206 3659 3269 Sanctus,
3673 3191 3930 3266 subsequi-

588 3305 839 3362 persona
866 3289 1199 3361 compilavit
1228 3291 1366 3360 quia
1395 3292 1556 3357 dicit,
1590 3316 1616 3341 ‹‹
1653 3293 1817 3348 Sicut
1838 3294 1992 3349 Deus
2012 3295 2231 3352 dicitur
2255 3282 2298 3349 C
2337 3311 2471 3349 mur
2501 3295 2787 3352 Dominus
2816 3295 2969 3351 Deus
3001 3295 3266 3362 sabaoth,
3301 3312 3420 3350 non
3462 3288 3687 3350 Domini
3730 3284 3818 3344 Dei
3855 3297 3927 3337 δι’

585 3375 777 3432 trinus
807 3381 863 3432 et
890 3394 1065 3445 unus,
1097 3377 1178 3432 ita
1207 3377 1393 3433 deitas
1423 3381 1593 3434 debet
1621 3386 1676 3435 et
1703 3381 1856 3437 valet
1884 3383 1997 3438 dici
2029 3385 2226 3441 catho-

585 3465 695 3522 lice
723 3465 880 3521 trina
905 3470 963 3521 et
992 3483 1128 3521 una.
1161 3487 1190 3515 »
1226 3468 1390 3522 Forte
1419 3469 1572 3523 dicet
1605 3485 1617 3522 :
1654 3470 1784 3524 Ideo
1829 3471 2042 3527 dicitur
2071 3473 2226 3530 Deus

583 3554 797 3624 trinus,
825 3553 996 3626 quasi
1038 3557 1124 3611 ter
1151 3572 1328 3624 unus,
1361 3560 1419 3612 et
1465 3557 1680 3612 dicitur
1727 3559 1913 3615 deitas
1958 3561 2132 3629 trina,
2166 3562 2224 3618 id

582 3647 673 3700 est
701 3647 791 3699 ter
819 3659 954 3699 una.
984 3643 1200 3699 Contra
1228 3661 1401 3716 quem
1432 3644 1566 3700 hinc
1588 3651 1643 3700 et
1665 3664 1726 3701 se
1747 3652 1805 3702 et
1828 3666 1931 3704 nos
1953 3649 2226 3707 defendat

581 3732 815 3789 Boetius
843 3732 970 3789 sine
1000 3733 1162 3788 nulla
1190 3732 1628 3806 interpositione
1677 3737 2045 3810 subsequens
2087 3757 2222 3797 cum

579 3820 723 3877 dicit
751 3837 765 3876 :
797 3843 826 3872 «
860 3820 985 3877 Non
1013 3820 1192 3893 igitur
1223 3821 1269 3876 si
1299 3822 1370 3878 de
1403 3823 1568 3878 Patre
1618 3824 1689 3878 ad
1744 3824 1886 3880 Filio
1915 3830 1971 3881 et
2001 3826 2221 3899 Spiritu

578 3913 782 3967 sancto
811 3911 984 3966 tertio
1013 3911 1362 3982 praedicatur
1408 3913 1584 3981 Deus,
1615 3913 1830 3969 idcirco
1879 3916 2030 3971 trina
2077 3934 2219 3988 prae-

578 3999 794 4056 dicatio
820 4015 1133 4055 numerum
1164 4000 1322 4066 facit.
1356 4001 1474 4056 Hoc
1503 4002 1660 4058 enim
1693 4003 1828 4071 illis,
1863 4005 2013 4061 525
2036 4010 2104 4060 ut
2132 4007 2218 4061 di-

579 4091 740 4143 ctum
770 4091 877 4156 est,
909 4087 1200 4156 imminet,
1225 4089 1322 4160 qui
1346 4089 1497 4145 inter
1516 4107 1615 4146 eos
1636 4092 1975 4153 distantiam
1999 4094 2221 4151 faciunt

579 4174 946 4232 meritorum.
981 4197 1009 4223 »
1040 4177 1109 4230 Et
1135 4176 1308 4247 paulo
1335 4179 1605 4249 superius
1641 4196 1653 4234 :
1687 4203 1714 4229 ‹‹
1750 4181 1855 4236 Ubi
1887 4198 2019 4237 vero
2057 4182 2219 4240 nulla

577 4267 669 4320 est
695 4261 1041 4334 differentia,
1072 4263 1235 4321 nulla
1263 4271 1354 4321 est
1390 4268 1629 4323 omnino
1678 4269 2003 4340 pluralitas,
2037 4288 2218 4342 quare

575 4367 682 4408 nec
704 4351 1194 4425 numerus,igitur
1214 4353 1407 4410 unitas
1432 4360 1682 4413 tantum.
1711 4359 1904 4415 «Nam
1927 4361 2083 4432 quod
2107 4365 2217 4417 ter-

572 4439 654 4496 tio
685 4440 965 4513 repetitur
992 4441 1146 4496 Deus
1172 4457 1305 4498 cum
1339 4443 1506 4500 Pater
1534 4451 1590 4500 et
1635 4446 1814 4504 Filius
1863 4453 1920 4503 et
1961 4449 2214 4522 Spiritus

572 4531 816 4584 sanctus
843 4533 1238 4601 nuncupatur,
1273 4537 1388 4588 tres
1419 4534 1675 4592 unitates
1707 4553 1822 4592 non
1847 4537 2070 4594 faciunt
2089 4538 2215 4612 plu-

571 4616 1210 4717 ralitatemunurncriin.
1239 4637 1305 4676 eo
1337 4623 1493 4717 quod
1533 4623 1671 4694 ipsm
1717 4630 1874 4695 sunt,
1908 4627 1965 4682 id
2015 4631 2105 4684 est
2152 4628 2210 4684 in
2241 4651 2288 4717 Β

569 4705 807 4776 deitate,
845 4705 1001 4762 sicut
1043 4705 1287 4765 inferius
1333 4709 1505 4782 paulo
1554 4713 1915 4771 demonstrat
1961 4717 2208 4774 dicens:

568 4794 884 4853 Catholicis
911 4813 1045 4852 vero
1075 4795 1219 4851 nihil
1251 4797 1309 4851 in
1343 4799 1669 4855 differentia
1697 4804 2208 4878 constituentibus,

567 4885 879 4958 ipsamque
907 4885 1156 4941 formam
1197 4891 1262 4941 ut
1309 4891 1398 4943 est
1444 4905 1571 4944 esse
1619 4892 1989 4964 ponentibus,
2023 4911 2211 4966 neque

568 4972 727 5031 aliud
758 4991 887 5032 esse
917 4991 1096 5047 quam
1127 4979 1215 5030 est
1242 4975 1438 5048 ipsum
1470 4978 1622 5049 quod
1674 4983 1763 5034 est
1807 4981 2208 5052 opinantibus,

567 5067 720 5120 recte
749 5063 1015 5136 repetitio
1047 5065 1118 5120 de
1149 5065 1351 5120 eodem
1381 5083 1556 5138 quam
1604 5070 1965 5126 enumeratio
1994 5071 2207 5129 diversi

564 5151 794 5208 videtur
817 5170 945 5209 esse
969 5170 1104 5210 cum
1131 5153 1366 5222 dicitur,
1400 5160 1551 5211 Deus
1583 5157 1769 5225 Pater,
1801 5159 1954 5216 Deus
2001 5160 2202 5231 Filius,

563 5239 720 5298 Deus
753 5242 1011 5315 Spiritus
1059 5247 1321 5312 sanctus,
1355 5249 1528 5317 atque
1575 5245 1696 5302 haec
1745 5247 2002 5304 Trinitas
2050 5266 2205 5307 unus

561 5327 738 5398 Deus,
767 5330 928 5386 velut
958 5333 1138 5399 ensis,
1172 5337 1345 5406 atque
1397 5350 1622 5402 mucro,
1653 5340 1710 5390 et
1759 5335 2012 5409 gladius,
2047 5355 2202 5395 unus

2335 3382 2534 3450 baoth,
2568 3389 2626 3439 et
2659 3399 2672 3438 :
2703 3383 2862 3439 Pleni
2891 3388 3033 3439 sunt
3057 3382 3185 3439 cmli
3216 3388 3274 3439 et
3300 3388 3459 3440 terra
3497 3379 3675 3454 gloria
3701 3383 3807 3441 tua,
3834 3383 3927 3425 non

2334 3471 2519 3544 gloria
2545 3473 2934 3540 vestra,corde
2963 3472 3264 3528 credentes
3294 3473 3369 3528 ad
3393 3469 3801 3544 justitiam,ore
3817 3473 3926 3515 οοιι·

2334 3561 2564 3616 ﬁtentes
2593 3561 2666 3616 ad
2697 3560 2950 3616 salutem
2980 3564 3310 3618 cantamus.
3343 3561 3441 3618 Sic
3489 3558 3642 3616 enim
3687 3549 3845 3611 sentit
3882 3547 3927 3599 et

2332 3648 2568 3720 scripsit
2614 3649 2927 3723 Dionysius
2973 3651 3367 3723 Areopagitas,
3403 3653 3462 3707 et
3506 3632 3927 3720 Cyprianus;sic

2333 3737 2583 3794 Basilius
2627 3739 3024 3812 Cappadocus,
3059 3739 3143 3796 sic
3191 3739 3506 3812 Gregorius
3554 3733 3922 3792 NazianzenuS,

2331 3827 2414 3883 sic
2432 3827 2745 3900 Gregorius
2766 3829 3096 3901 Nyssensis,
3118 3827 3202 3885 sic
3217 3828 3482 3886 Joannes
3498 3817 3926 3908 Consmntiuop?‘

2329 3915 2572 3985 litanus,
2605 3917 2687 3971 sic
2720 3916 3062 3973 Timotheus
3091 3921 3148 3973 et
3177 3916 3429 3990 Cyrillus
3459 3902 3808 3972 Alexandrini
3826 3902 3924 3971 epi-

2328 4005 2487 4076 scopi
2509 4023 2522 4074 ;
2551 4005 2636 4062 sic
2657 4005 3019 4078 Epiphanius
3041 4006 3406 4079 Cyprius,sic
3429 4002 3675 4062 Hilarius
3693 4000 3746 4052 et
3760 3995 3922 4079 Auguf

2328 4095 2544 4164 stinus,
2576 4096 2660 4152 sic
2691 4077 3165 4170 Hieronymuset
3186 4097 3338 4154 ωε
3361 4097 3636 4168 Prosper;
3659 4088 3736 4144 sic
3757 4083 3853 4138 Leo
3877 4077 3921 4129 el

2327 4189 2568 4240 sanctus
2593 4185 2904 4257 Gregorius
2935 4185 3184 4242 Romani
3215 4184 3540 4258 pontifices,
3571 4185 3628 4236 et
3655 4172 3792 4239 Beda
3816 4179 3919 4258 πηδ-

2323 4273 2507 4344 gister
2532 4273 2820 4346 egregius,
2845 4289 3096 4346 quorum
3130 4257 3328 4330 omnia
3347 4291 3482 4331 cum
3505 4262 3834 4344 quibusdam
3851 4257 3920 4307 te-

2325 4361 2622 4432 stimonia,
2645 4379 2772 4435 qua:
2793 4379 2862 4418 ex
2890 4380 3090 4420 eorum
3115 4363 3282 4420 libris
3308 4369 3641 4436 poteramus
3667 4347 3915 4437 collige“?

2323 4449 2416 4506 hic
2443 4430 2682 4524 propter
2707 4451 3205 4525 multiplicitatem
3227 4457 3283 4508 et
3301 4430 3754 4531 magnitudinem
3772 4430 3918 4531 νίξιιξίξ

2323 4556 2456 4595 mus
2487 4546 2785 4610 annotare,
2819 4541 3150 4610 omisimus,
3176 4541 3429 4598 scientes
3449 4537 3588 4613 quia
3609 4529 3805 4605 quibus
3823 4520 3916 4613 ista

2322 4646 2436 4684 non
2469 4605 2824 4698 suffecerint,
2859 4647 2966 4687 nec
3014 4605 3185 4704 plura
3228 4605 3564 4704 proderunt.
3595 4623 3662 4679 Et
3701 4629 3803 4672 non
3843 4605 3916 4704 θξί

2321 4719 2561 4786 mirum,
2582 4717 2632 4774 si
2662 4717 2806 4774 talia
2835 4723 2899 4776 ut
2919 4718 3310 4792 praemisimus
3333 4719 3494 4788 dicit,
3509 4713 3606 4788 qui
3627 4709 3694 4766 ab
3715 4695 3914 4792 ineunte

2319 4811 2484 4863 estate
2516 4823 2746 4878 semper
2771 4823 2977 4864 vocum
3009 4807 3291 4865 novitates
3327 4801 3648 4882 exquisivit,
3677 4798 3730 4852 et
3752 4784 3913 4882 adhue

2321 4911 2551 4966 semper
2579 4893 2843 4966 inquirit,
2879 4901 3167 4968 quatenus
3197 4896 3338 4953 talia
3383 4880 3582 4953 dicens
3626 4880 3910 4968 quae‘nemo

2318 4982 2478 5040 aliud
2508 4983 2669 5051 dicit,
2702 4966 2980 5040 innotesci
3015 4989 3072 5041 et
3102 4985 3152 5040 si
3181 5002 3297 5043 non
3329 4985 3399 5042 de
3428 4980 3594 5042 bonis
3620 4970 3702 5031 vel
3728 4966 3912 5059 de}???

2317 5072 2484 5130 simis
2513 5047 2717 5145 possit.
2750 5074 2895 5130 Nam
2925 5079 2983 5131 et
3011 5074 3162 5132 inter
3207 5075 3321 5131 alia
3368 5069 3632 5131 hmretica
3657 5074 3757 5119 sua
3781 5047 3909 5106 dicta

2247 5166 2254 5173 '
2315 5161 2436 5217 haec
2463 5161 2604 5218 dicit
2632 5178 2646 5219 :

2379 5345 2434 5408 σξη
2481 5364 2509 5390 ‹‹
2547 5337 2808 5411 Quando,
2843 5254 3494 5418 inquiewstlalihgillatim
3540 5327 3814 5418 loquimui
3843 5307 3902 5418 ul

559 5414 810 5508 gladius,
841 5419 1000 5475 velut
1029 5421 1135 5489 sol,
1170 5421 1276 5490 sol,
1311 5422 1416 5489 sol,
1452 5441 1606 5480 unus
1645 5424 1751 5480 sol.
1785 5426 1910 5481 Non
1959 5443 2091 5482 vero
2122 5427 2203 5485 ita
2309 5453 2337 5481 «
2372 5447 2848 5505 unamquamque
2876 5412 2944 5490 ei:
2973 5412 3279 5491 Trinitate'
3295 5443 3620 5507 personam.
3645 5412 3902 5508 009""ch

556 5504 774 5596 dicitur
803 5507 969 5564 Pater
1000 5514 1057 5565 et
1104 5510 1284 5566 Filius
1333 5518 1390 5567 et
1437 5513 1689 5585 Spiritus
1739 5518 1998 5581 sanctus,
2032 5517 2199 5587 quasi
2309 5542 2337 5570 «
2370 5501 2611 5592 prorsus
2631 5521 2704 5577 ad
2725 5501 2906 5577 totam
2930 5501 3904 5596 TrinitatemloquimurA/erbi

557 5592 937 5685 multivocum
967 5599 1268 5670 quiddam.
1303 5602 1448 5657 Nam
1481 5620 1704 5671 mucro,
1736 5607 1793 5658 et
1813 5586 2066 5670 ensis,et
2083 5605 2200 5679 gla-
2305 5631 2334 5659 ‹‹
2363 5586 2466 5674 tia,
2497 5609 2614 5665 Deo
2663 5609 2818 5666 Patri
2851 5611 3052 5684 utique
3084 5612 3292 5668 lumini
3323 5586 3571 5670 dicimus
3601 5617 3615 5658 :
3641 5599 3698 5654 1η

555 5683 711 5758 dius,
741 5687 800 5745 et
827 5685 954 5761 ipse
979 5692 1067 5746 est
1094 5693 1152 5748 et
1197 5690 1376 5768 idem,
1410 5692 1577 5754 Peter
1621 5709 1755 5753 vero
1809 5709 1875 5752 ac
1924 5676 2110 5753 Filius
2137 5700 2197 5757 et
2304 5720 2333 5750 «
2365 5705 2456 5758 tuo
2485 5676 3138 5776 videbimus_tumen,hoc
3167 5707 3257 5762 est
3286 5703 3347 5762 in
3377 5702 3494 5761 filio
3525 5702 3621 5754 tuo
3650 5676 3895 5758 ερὶτίιωπ
