4148 6470
331 435 456 502 593

1367 440 1470 502 DE
1511 441 1673 504 UNA
1719 441 1819 504 ET
1861 439 2018 504 NON
2060 440 2300 505 TRINA
2343 443 2706 508 DEITATE.

3624 450 3751 528 Μ

331 570 494 644 quod
525 569 743 662 dicenti
766 571 1050 662 defertur
1095 571 1326 630 facienti
1374 575 1656 648 negatur?
1685 577 1985 642 Quomodo
2012 573 2071 642 Α
2097 592 2166 632 eo
2193 581 2408 644 creata,
2438 577 2618 650 hujus
2649 579 2730 635 rei
2770 579 3164 653 signiﬁcanda:
3211 600 3389 642 causa
3435 585 3515 642 ita
3546 583 3746 662 imago

329 659 688 726 autem,nisi
717 659 931 716 Filium
953 677 1154 718 verum
1177 662 1369 731 sciret,
1385 662 1774 720 committeret
1802 663 1854 720 ei
1882 681 1986 720 vo-

327 747 580 805 luntatis
625 766 744 804 sua:
783 749 1092 817 unitatem,
1125 754 1183 806 et
1229 751 1422 823 operis
1466 751 1810 814 veritatem?
1840 753 1986 809 Cum

327 837 492 894 enim
521 839 728 893 eadem
759 837 935 894 faciat
963 838 1143 895 Filius
1173 855 1348 911 opera
1385 857 1511 912 quae
1545 841 1712 896 Pater
1740 841 1896 909 facit,
1930 846 1988 897 et

325 943 481 1000 quos
508 926 639 982 vult
669 919 917 983 viviﬁcet
947 927 1126 983 Filius
1157 927 1310 984 sicut
1340 929 1624 1000 scriptum
1647 933 1755 998 est,
1781 947 1883 984 nec
1906 930 1989 984 in-

326 1013 610 1070 diﬂ'erens
639 1017 947 1086 potestate,
962 1017 1021 1069 et
1047 1013 1195 1070 liber
1224 1021 1313 1071 est
1341 1015 1659 1072 voluntate.
1678 1019 1763 1072 Ita
1790 1017 1988 1073 unitas

326 1105 620 1170 servatur,
641 1101 780 1174 quia
807 1105 864 1158 et
881 1101 1067 1159 virtus
1087 1103 1186 1159 Dei
1213 1104 1275 1159 in
1297 1103 1616 1162 divinitatis
1637 1106 1988 1178 proprietate

325 1195 440 1259 est,
473 1194 535 1247 et
575 1189 818 1247 libertas
863 1207 980 1246 non
1027 1191 1088 1246 in
1135 1191 1332 1264 aliqua
1380 1193 1725 1262 differentia,
1768 1196 1868 1250 sed
1928 1197 1987 1250 in

324 1282 556 1340 unitate
584 1285 676 1338 est
701 1280 1040 1338 voluntatis.
1067 1303 1095 1330 ››
1125 1283 1196 1337 Et
1225 1283 1432 1338 beatus
1449 1283 1834 1355 Augustinus,
1855 1284 1990 1340 licet

323 1369 751 1429 Gothescalcus
780 1371 852 1426 de
883 1387 950 1425 eo
978 1369 1225 1442 loquens
1255 1371 1555 1428 multoties
1582 1371 1874 1428 inculcare
1893 1391 1986 1430 so-

321 1459 448 1518 leat
488 1459 716 1524 dicens,
745 1457 1114 1530 Augustinus
1170 1463 1387 1526 noster,
1421 1460 1765 1533 peregrinus
1815 1462 1886 1518 ab
1919 1478 1986 1518 eo

321 1549 522 1616 corde,
546 1563 666 1615 ore,
686 1550 746 1603 et
761 1562 954 1619 opere,
970 1563 1182 1604 sensus
1215 1547 1567 1616 humilitate,
1583 1555 1639 1605 et
1669 1550 1988 1624 ﬁde,longe

321 1636 498 1695 aliter
526 1636 650 1692 hac
681 1635 1036 1703 testimonia,
1057 1653 1244 1692 unum
1274 1637 1347 1692 de
1375 1637 1702 1710 Evangelio,
1735 1639 1986 1696 alterum

321 1726 398 1782 de
428 1723 666 1793 Genesi,
685 1723 744 1778 in
769 1723 1022 1796 septimo
1051 1723 1200 1780 libro
1233 1727 1374 1798 (cap.
1405 1727 1460 1796 5)
1493 1727 1563 1782 de
1593 1725 1878 1784 Trinitate
1899 1746 1990 1785 ex-

318 1813 528 1890 posuit
555 1813 759 1874 dieens
793 1829 807 1868 :
845 1834 873 1864 κ
895 1813 1043 1880 Non,
1074 1812 1289 1885 inquit,
1305 1815 1494 1886 major
1512 1815 1766 1872 essentia
1786 1821 1873 1873 est
1891 1818 1990 1874 Pa-

317 1907 418 1961 ter
442 1908 504 1960 et
533 1901 798 2005 FiliusIet
827 1900 1082 2005 Spiritus
1117 1906 1379 2005 sanctus.
1397 1902 1596 2005 simul,
1613 1921 1792 1977 quam
1823 1906 1986 1964 solus
2015 1941 2064 2005 Β

319 1995 494 2050 Pater
523 1995 630 2048 aut
655 1989 820 2048 solus
846 1990 1052 2060 Filius,
1068 1991 1169 2047 sed
1192 1995 1310 2048 tres
1333 1991 1511 2048 simul
1530 1993 1642 2048 illae
1663 1995 1986 2052 subsisten-

321 2082 440 2150 tiis,
467 2081 593 2138 sive
620 2079 965 2152 personae,si
996 2079 1080 2134 ita
1109 2079 1366 2136 dicendae
1389 2086 1545 2147 sunt,
1571 2083 1823 2156 aequales
1845 2089 1994 2142 sunt

319 2169 764 2244 singulis,quod
779 2167 1055 2224 animalis
1073 2167 1247 2224 homo
1269 2185 1386 2224 non
1409 2169 1806 2243 percipit.Non
1827 2173 1986 2230 enim

319 2262 518 2334 potest
547 2257 805 2330 cogitare
839 2255 954 2312 nisi
983 2256 1190 2328 moles,
1207 2260 1264 2313 et
1291 2258 1606 2330 spatia,vel
1637 2261 1985 2330 minuta,vel

317 2345 595 2422 grandia,
626 2345 1009 2402 volitantibus
1038 2343 1099 2400 in
1131 2345 1327 2402 animo
1357 2347 1485 2417 ejus
1534 2343 1984 2420 phantas'matis,

321 2440 617 2509 tanquam
647 2433 1010 2508 imaginibus
1027 2451 1356 2506 corporum.
1371 2437 1454 2491 Ex
1472 2453 1589 2508 qua
1607 2436 1990 2495 immunditia

321 2525 512 2582 donec
542 2526 847 2596 purgetur,
879 2523 1078 2578 credat
1107 2522 1168 2577 in
1201 2523 1431 2578 Patrem
1464 2529 1522 2580 et
1555 2523 1766 2581 Filium
1789 2530 1847 2582 et
1865 2527 1990 2600 Spi-

321 2613 514 2671 ritum
539 2615 1036 2678 sanctum,unum
1059 2611 1992 2686 Deum,solum,magnum,omni-

323 2705 654 2777 potentem,
678 2701 922 2768 bonum,
947 2701 1202 2771 justum,
1237 2700 1698 2774 misericordem,
1723 2703 1988 2760 omnium

323 2789 658 2850 visibilium
689 2792 747 2845 et
776 2789 1160 2844 invisibilium
1205 2789 1588 2858 conditorem,
1621 2795 1680 2846 et
1709 2791 1990 2864 qaidquid

327 2897 438 2954 pro
460 2879 726 2936 humana
775 2877 1051 2934 facultate
1099 2877 1273 2949 digne
1320 2895 1567 2950 vereque
1615 2879 1730 2938 dici
1779 2884 1989 2952 potest.

329 2971 536 3043 Neque
565 2985 702 3025 eum
733 2965 984 3023 audierit
1011 2966 1238 3022 Patrem
1283 2967 1477 3022 solum
1526 2969 1731 3038 Deum,
1765 2973 1994 3042 separet

329 3059 475 3116 inde
506 3055 722 3114 Filium
753 3063 855 3112 aut
884 3055 1169 3128 Spiritum
1199 3056 1651 3112 sanctum.Cum
1681 3075 1748 3112 eo
1779 3057 1993 3130 quippe

330 3147 833 3218 solusDeus,cum
846 3161 960 3216 quo
971 3147 1029 3200 et
1049 3160 1202 3199 unus
1216 3143 1368 3200 Deus
1397 3147 1513 3213 est;
1538 3145 1678 3217 quia
1705 3149 1764 3202 et
1781 3145 1992 3202 Filium

331 3251 474 3294 eum
505 3235 785 3292 audimus
834 3233 1028 3289 solum
1077 3232 1432 3299 Deum,sine
1457 3233 1580 3289 ulla
1625 3235 1993 3306 separatione

331 3325 531 3386 Patris
557 3327 662 3381 aut
685 3322 940 3395 Spiritus
987 3321 1188 3378 sancti
1225 3325 1452 3394 oportet
1494 3323 1774 3396 accipere.
1804 3325 1993 3397 Atque
2022 3306 2066 3374 Ο

329 3415 422 3473 ita
437 3414 598 3470 dicat
615 3428 792 3468 unam
813 3409 1225 3478 essentiam,ut
1245 3427 1362 3466 non
1383 3411 1678 3468 existimet
1699 3411 1858 3468 aliud
1881 3412 1992 3470 alio

329 3503 426 3561 vel
455 3502 677 3575 majus,
692 3499 780 3556 vel
813 3499 1030 3568 minus,
1045 3499 1134 3556 vel
1163 3499 1362 3572 aliqua
1393 3517 1463 3556 ex
1491 3505 1654 3572 parte
1673 3501 1992 3558 diversum.

333 3593 467 3650 Non
489 3595 692 3647 tamen
721 3593 788 3644 ut
818 3589 986 3644 Pater
1015 3588 1140 3660 ipse
1182 3587 1261 3643 sit
1301 3591 1359 3644 et
1412 3588 1596 3645 Filius
1637 3594 1696 3646 et
1741 3589 1996 3663 Spiritus

331 3684 606 3750 sanctus,
637 3681 696 3734 et
721 3675 1010 3750 quidquid
1040 3675 1200 3732 aliud
1250 3677 1322 3732 ad
1368 3677 1714 3734 alterutrum
1763 3679 1999 3752 singula

331 3769 644 3836 dicuntur,
697 3765 852 3823 sicut
906 3765 1184 3834 Verbum,
1235 3765 1392 3836 quod
1452 3784 1567 3822 non
1626 3767 1838 3824 dicitur
1883 3769 1997 3825 nisi

331 3858 552 3926 Filius,
581 3859 684 3912 aut
713 3855 956 3922 donum,
986 3871 1102 3910 non
1131 3855 1286 3925 quod
1319 3853 1536 3910 dicitur
1584 3855 1698 3912 nisi
1747 3856 1998 3928 Spiritus

333 3951 610 4005 sanctus.
645 3944 886 4016 Propter
929 3943 1085 4016 quod
1135 3943 1311 3998 etiam
1361 3942 1647 4016 pluralem
1685 3961 1999 4002 numerum

335 4034 687 4102 admittunt,
711 4031 868 4089 sicut
892 4031 952 4086 in
978 4030 1286 4103 Evangelio
1317 4030 1599 4102 scriptum
1649 4037 1738 4088 est
1769 4049 1782 4062 ·
1816 4035 1924 4106 Ego
1951 4041 2005 4091 et

335 4126 506 4182 Pater
531 4139 710 4179 unum
754 4137 947 4178 sumus
975 4121 1154 4188 (Joan.
1184 4137 1240 4187 Χ,
1273 4121 1384 4191 30),
1409 4125 1468 4176 et
1511 4138 1696 4176 unum
1747 4122 1913 4190 dixit,
1943 4127 2002 4178 et

339 4229 556 4271 sumus
591 4229 605 4267 :
637 4227 816 4266 unum
863 4209 1190 4266 secundum
1249 4209 1588 4278 essentiam,
1640 4212 1797 4282 quod
1845 4211 2002 4267 idem

341 4303 504 4360 Dens
527 4319 542 4370 ;
567 4315 762 4358 sumus
789 4299 1114 4355 secundum
1147 4297 1476 4366 relativum,
1509 4300 1666 4370 quod
1696 4299 1795 4356 ille
1817 4301 2000 4368 Pater,

337 4391 444 4448 hic
464 4389 676 4448 Filius.
706 4387 1036 4460 Aliquando
1065 4391 1122 4442 et
1141 4389 1367 4442 tacetur
1397 4389 1542 4444 531
1579 4389 1756 4445 unius
1805 4407 2004 4446 essen-

339 4479 464 4548 tia,
497 4481 558 4536 et
603 4476 732 4534 sola
787 4475 1095 4549 pluraliter
1151 4474 1390 4532 relative
1447 4482 2002 4534 commemorantur.

339 4569 638 4626 ¥eniemus
668 4566 739 4622 ad
767 4582 910 4632 eum,
943 4579 1038 4636 ego
1065 4571 1116 4620 et
1144 4565 1322 4631 Pater,
1353 4573 1403 4620 et
1450 4564 1816 4622 habitabimus
1861 4566 2008 4639 apud

2094 669 2202 732 est,
2237 668 2311 749 ut
2331 667 2404 722 ad
2433 667 2752 742 imaginem
2784 669 2878 737 sit,
2893 669 2951 725 id
2982 675 3072 726 est
3101 689 3216 728 non
3247 678 3511 746 sequatur
3537 676 3744 749 parili-

2093 758 2231 822 tate,
2251 745 2353 810 sed
2386 757 2642 828 quadam
2690 757 3081 815 similitudine
3128 761 3367 818 accedit.
3399 745 3558 820 Nori—
3579 765 3740 826 enim

2095 839 2356 896 locorum
2387 841 2726 907 intervallis,
2763 847 2862 901 sed
2897 845 3284 904 similitudine
3332 852 3626 908 acceditur
3665 856 3740 912 ad

2096 929 2376 995 Deum,et
2415 931 2897 995 dissimilitudine
2926 937 3220 992 receditur
3264 939 3337 994 ab
3384 957 3470 996 eo.
3503 962 3531 992 »
3581 943 3652 1000 Et
3679 943 3742 1003 in

2096 1021 2200 1076 bro
2221 1021 2564 1078 duodecimo
2585 1027 2725 1094 (cap.
2758 1026 2838 1092 v1)
2871 1041 2884 1080 :
2912 1048 2939 1075 «
2972 1026 3127 1080 Dixit
3155 1027 3312 1083 enim
3360 1028 3516 1085 Deus
3553 1031 3742 1090 Facia-

2093 1125 2217 1165 mus
2246 1109 2520 1166 hominem
2547 1111 2617 1166 ad
2649 1114 2945 1181 imaginem
2971 1123 3022 1170 et
3051 1117 3480 1174 similitudinem
3503 1127 3748 1180 nostram

2097 1197 2247 1265 (Gen.
2281 1216 2320 1264 ῐ,
2343 1200 2457 1266 26).
2509 1199 2686 1256 Paulo
2717 1205 2848 1273 post
2893 1206 3088 1258 autem
3139 1203 3362 1261 dictum
3401 1211 3510 1275 est,
3543 1215 3598 1266 et
3621 1210 3752 1280 fecit

2095 1289 2235 1343 Deus
2267 1287 2540 1344 hominem
2567 1288 2639 1343 ad
2669 1290 2962 1361 imaginem
2991 1293 3108 1348 Dei.
3127 1293 3398 1350 Nostram
3429 1297 3750 1370 certe,th

2095 1376 2340 1448 pluralis
2369 1382 2458 1434 est
2486 1395 2788 1448 numerus,
2822 1397 2939 1436 non
2971 1385 3124 1438 recte
3153 1383 3462 1452 diceretur,
3489 1387 3540 1442 si
3571 1387 3746 1446 homo

2097 1467 2167 1528 ad
2200 1466 2376 1522 unius
2408 1484 2666 1539 personae
2697 1465 3016 1541 imaginem
3051 1471 3230 1539 fieret,
3255 1471 3375 1528 sive
3404 1474 3748 1544 Patris,sive

2097 1554 2248 1626 Filii,
2280 1556 2400 1611 sive
2429 1555 2682 1627 Spiritus
2713 1557 2922 1612 sancti.
2953 1559 3064 1614 Sed
3091 1560 3231 1632 quia
3261 1561 3436 1620 ﬁebat
3482 1564 3555 1622 ad
3597 1563 3746 1622 ima-

2095 1642 2291 1716 ginem
2313 1643 2639 1713 Trinitatis,
2675 1650 2983 1724 propterea
3011 1648 3236 1704 dictum
3285 1653 3374 1706 est
3417 1652 3490 1708 ad
3539 1652 3748 1725 imagi-

2097 1748 2231 1788 nem
2263 1736 2546 1788 nostram.
2582 1735 2840 1790 Rursum
2871 1739 3087 1802 autem,
3121 1753 3194 1794 ne
3221 1737 3282 1793 in
3304 1739 3750 1800 Trinitatesre-

2097 1822 2317 1878 dendos
2348 1821 2772 1878 arbitraremur
2799 1827 2920 1880 tres
2949 1825 3108 1891 deos,
3142 1840 3274 1882 cum
3307 1829 3385 1884 sit
3401 1829 3605 1886 eadem
3625 1829 3751 1890 Tri-

2096 1909 2248 1966 nitas
2278 1927 2433 1966 unus
2462 1910 2638 1977 Deus,
2670 1912 2737 1966 Et
2759 1914 2911 1982 fecit,
2938 1912 3150 1986 inquit,
3179 1916 3320 1972 Deus
3365 1917 3641 1978 hominem
3675 1917 3750 1974 ad

2093 2001 2386 2070 imaginem
2430 1999 2529 2054 Dei
2556 2018 2575 2052 :
2607 2017 2712 2072 pro
2761 2017 2827 2056 eo
2859 2018 2925 2056 ac
2956 2002 3004 2058 si
3056 2003 3292 2070 diceret,
3324 2005 3398 2061 ad
3427 2005 3747 2078 imaginem

2094 2103 2322 2142 suam.»
2355 2087 2460 2142 Hie
2490 2088 2800 2144 manifeste
2827 2090 3084 2146 ostendit
3113 2095 3354 2148 sanctus
3381 2093 3750 2166 Augustinus

2095 2175 2332 2232 mentiri
2362 2179 2419 2230 et
2449 2175 2717 2231 haeretica
2737 2175 2897 2248 loqui
2927 2178 3396 2248 Gothescalcum,
3432 2181 3534 2253 qui
3565 2180 3745 2238 dicit:

2097 2284 2128 2314 «
2159 2265 2401 2330 Quando
2432 2263 2771 2336 singillatim
2803 2265 3060 2322 solitarie
3089 2266 3493 2340 supplicamus
3530 2269 3635 2326 uni
3681 2286 3752 2330 ex

2097 2351 2382 2408 Trinitate
2412 2369 2692 2424 personae,
2725 2353 3070 2426 suppliciter
3115 2354 3304 2411 eidem
3350 2373 3631 2428 personis,
3653 2359 3750 2418 cui

2095 2443 2237 2496 tunc
2255 2440 2718 2512 supplicavimus
2741 2446 2914 2514 atque
2935 2442 3564 2516 supplicamus,.dieere
3583 2447 3753 2505 debe-

2097 2546 2231 2585 mus
2256 2545 2270 2585 :
2295 2529 2424 2585 Tibi
2443 2530 2559 2586 Deo
2584 2531 2823 2602 gratias,
2847 2535 2906 2586 et
2934 2547 3068 2587 cum
3101 2532 3231 2604 ipsa
3259 2548 3510 2606 persona
3529 2535 3754 2595 steteris

2097 2617 2327 2673 duabus
2357 2617 2592 2688 pariter,
2624 2617 2802 2674 Vobis
2834 2619 2948 2674 Deo
2979 2619 3250 2692 gratiam.
3289 2640 3313 2670 ι
3347 2621 3642 2695 Scriptum
3661 2627 3753 2682 est

2097 2706 2252 2762 enim
2275 2709 2333 2761 et
2360 2705 2422 2760 in
2456 2707 2605 2778 Lege
2647 2710 2704 2762 et
2750 2707 2808 2761 in
2859 2707 3170 2780 Evangelio
3205 2726 3218 2764 :
3255 2712 3556 2768 Dominum
3581 2713 3755 2770 Deum

2097 2803 2253 2851 tuum
2280 2793 2554 2861 adorabis,
2588 2795 2758 2850 etilli
2794 2797 2902 2850 soli
2939 2799 3159 2852 servies.
3192 2797 3358 2854 Unde
3405 2800 3751 2860 Ambmsim

2098 2883 2158 2938 in
2205 2882 2354 2938 libro
2406 2883 2664 2937 secundo
2711 2883 2782 2938 de
2832 2884 2970 2939 Fide
2999 2887 3141 2957 (cap.
3173 2887 3226 2952 4,
3259 2895 3386 2943 ante
3433 2888 3748 2960 mediam):

2100 2993 2128 3022 «
2159 2969 2482 3026 Didicimus
2528 2987 2708 3026 unam
2757 2971 2946 3027 Patris
2990 2977 3048 3028 et
3089 2972 3218 3029 Filii
3251 2990 3380 3030 esse
3408 2975 3749 3049 imaginem,

2100 3075 2279 3116 unam
2313 3058 2782 3126 similitudinem,
2813 3077 2991 3116 unam
3024 3061 3576 3134 sanctiﬁcationem;
3598 3065 3781 3130 didi»

2097 3149 2289 3204 cimus
2334 3165 2513 3203 unam
2571 3148 2988 3220 operationem,
3023 3167 3201 3206 unam
3259 3151 3527 3223 gloriam,
3569 3166 3751 3212 unam

2099 3253 2330 3310 quoque
2361 3235 2924 3293 divinitatem.Unus
2947 3254 3084 3311 ergo
3113 3242 3171 3294 et
3198 3239 3359 3297 solus
3405 3241 3584 3308 Deus,
3613 3241 3754 3314 quia

2100 3325 2383 3398 scripturn
2411 3328 2521 3392 est,
2537 3325 2826 3381 Dominum
2855 3330 3030 3382 Deum
3059 3333 3215 3382 tuum
3261 3326 3534 3396 adorabis,
3565 3334 3618 3384 et
3661 3327 3755 3388 illi

2099 3416 2205 3472 soli
2231 3416 2432 3470 servies
2463 3413 2664 3485 (Matth.
2698 3430 2772 3480 ιν,
2803 3413 2910 3486 10).
2947 3414 3108 3471 Unus
3147 3415 3322 3483 Deus,
3357 3432 3473 3472 non
3524 3419 3592 3472 ut
3627 3415 3754 3490 ipse

2103 3501 2181 3560 sit
2211 3503 2379 3558 Pater
2403 3505 2461 3557 et
2490 3501 2691 3569 Filius,
2725 3501 2880 3556 sicut
2908 3502 3128 3574 impius
3159 3501 3451 3560 Sabellius
3495 3504 3706 3562 asserit
3737 3519 3752 3560 :

2105 3592 2206 3648 sed
2239 3591 2379 3663 quia
2408 3590 2597 3646 Patris
2629 3594 2686 3645 et
2714 3589 2842 3645 Filii
2873 3589 3245 3662 Spiritusque
3266 3591 3453 3648 sancti
3478 3607 3598 3648 una
3618 3591 3759 3648 divi-

2105 3681 2261 3736 nitas
2292 3679 2388 3735 sit.
2422 3679 2530 3734 Ubi
2561 3683 2754 3734 autem
2806 3695 2925 3733 una
2973 3677 3268 3746 divinitas,
3304 3697 3421 3734 una
3461 3679 3754 3749 voluntas,

2106 3774 2164 3826 et
2195 3786 2312 3824 una
2336 3767 2664 3840 praeceptio.
2700 3789 2729 3816 »
2761 3769 2829 3822 Et
2873 3767 3240 3840 Augustinus
3281 3767 3340 3821 in
3389 3767 3638 3839 epistola
3681 3767 3758 3827 ad

2107 3841 2428 3914 Maxim'um
2459 3857 2634 3928 (epist.
2667 3857 2757 3921 66,
2781 3855 2880 3910 sub
2911 3856 3156 3926 initium)
3184 3872 3196 3908 :
3233 3876 3263 3904 «
3295 3854 3356 3911 Si
3401 3859 3462 3910 et
3505 3855 3661 3912 Patri
3701 3859 3762 3912 et

2109 3947 2253 4004 Filio
2273 3950 2328 4001 et
2350 3943 2590 4016 Spiritui
2621 3947 2824 3998 sancto
2856 3943 3024 3998 latria
3063 3943 3306 3998 debetur
3352 3946 3410 3998 et
3454 3943 3762 4000 exhibetur

2109 4055 2143 4092 a
2171 4034 2361 4100 nobis,
2386 4035 2458 4088 de
2488 4049 2604 4104 qua
2631 4031 2852 4086 dictum
2903 4035 3011 4097 est,
3060 4032 3352 4087 Dominum
3397 4033 3568 4088 Deum
3606 4039 3764 4099 tuum

2108 4123 2382 4190 adorabis,
2413 4122 2574 4177 etilli
2601 4121 2706 4176 soli
2733 4122 2932 4176 servies
2963 4121 3136 4190 (Deut.
3167 4137 3248 4188 v1,
3269 4119 3562 4192 3),precul
3583 4119 3762 4178 dubio

2110 4211 2394 4268 Dominus
2425 4210 2579 4265 Deus
2609 4214 2825 4277 noster,
2855 4208 2946 4264 cui
2979 4208 3087 4264 soli
3127 4226 3230 4281 per
3266 4207 3500 4264 latriam
3549 4209 3766 4266 servire

2111 4301 2546 4364 debemus,non
2579 4303 2669 4354 est
2699 4298 2867 4354 Pater
2896 4297 3198 4364 solus,nec
3229 4297 3392 4353 solus
3423 4296 3628 4367 Filius,
3660 4314 3766 4354 nec

2112 4389 2274 4446 solus
2305 4387 2559 4461 Spiritus
2577 4391 2836 4456 sanctus,
2857 4388 2957 4442 sed
2986 4387 3116 4458 ipsa
3145 4385 3404 4442 Trinitas
3429 4404 3585 4444 unus
3607 4387 3766 4446 Deus

2109 4477 2296 4544 solus,
2321 4477 2488 4533 Pater
2516 4479 2574 4532 et
2604 4475 2787 4532 Filius
2817 4480 2874 4531 et
2906 4475 3162 4546 Spiritus
3191 4478 3456 4532 sanctus.
3487 4475 3614 4532 Non
3645 4493 3766 4548 quo

2112 4567 2239 4640 ipse
2259 4565 2335 4622 sit
2356 4565 2522 4620 Pater
2543 4564 2642 4636 qui
2664 4563 2886 4631 Fillius,
2905 4563 2990 4619 vel
3013 4562 3266 4636 Spiritus
3287 4567 3529 4620 sanctus
3550 4563 3676 4636 ipse
3691 4563 3770 4624 sit

339 4672 474 4714 eum
501 4656 686 4727 (Jaan.
719 4671 836 4721 xxv,
867 4653 982 4725 24).
1012 4651 1329 4709 Veniemus
1358 4657 1414 4708 et
1443 4653 1860 4722 habitabimus,
1885 4653 2008 4726 plu-
2037 4675 2083 4740 Β
2115 4658 2218 4710 aut
2253 4655 2419 4710 Pater
2441 4654 2592 4710 532
2617 4657 2720 4708 aut
2750 4653 2932 4708 Eilius
2958 4668 2971 4706 :
2997 4669 3132 4708 cum
3163 4651 3241 4708 sit
3268 4652 3326 4706 in
3350 4651 3457 4740 illa
3484 4651 3768 4740 Trinitate

343 4745 492 4803 ralis
522 4749 616 4801 est
645 4759 952 4810 numerus,
974 4741 1114 4814 quia
1143 4741 1484 4814 praedictum
1513 4747 1602 4798 est
1619 4744 1730 4812 Ego
1757 4751 1810 4800 et
1825 4745 2006 4810 Pater,

345 4832 407 4889 id
439 4835 532 4889 est
562 4829 746 4887 Filius
775 4833 836 4886 et
859 4830 1044 4896 Pater,
1078 4845 1205 4900 quae
1237 4829 1471 4884 relative
1500 4831 1574 4885 ad
1622 4829 1868 4886 invicem
1915 4831 2010 4886 di-

347 4925 586 4978 cuntur.
619 4919 954 4992 Aliquando
976 4917 1222 4974 latenter
1248 4917 1677 4986 omnino,sicut
1697 4921 1756 4974 in
1780 4921 2009 4987 Genesi,

345 5010 642 5066 Faciamus
671 5008 947 5064 hominem
974 5005 1046 5062 ad
1073 5006 1498 5062 similitudinem
1522 5016 1764 5064 nostram
1793 5009 1946 5078 (Gen.
1971 5026 2010 5075 ι,

347 5101 464 5167 26),
499 5102 559 5154 et
587 5099 874 5153 Faciamus
904 5099 964 5151 et
993 5099 1239 5150 nostram
1289 5095 1597 5166 pluraliter
1643 5095 1864 5152 dictum
1903 5100 2010 5168 est,

349 5191 411 5245 et
437 5187 553 5243 nisi
581 5188 652 5243 ei:
685 5183 942 5241 relativis
971 5182 1156 5254 accipi
1186 5199 1302 5238 non
1343 5187 1554 5254 potest.
1587 5184 1714 5239 Non
1764 5185 1920 5240 enim
1949 5189 2014 5240 ut

351 5277 616 5334 facerent
662 5273 765 5341 dii,
813 5277 916 5328 aut
959 5273 1034 5328 ad
1089 5271 1408 5344 imaginem
1457 5276 1514 5327 et
1565 5271 2012 5329 similitudinem

339 5365 626 5430 deorum,
656 5363 761 5420 sed
796 5365 860 5416 ut
886 5361 1142 5416 facerent
1172 5360 1340 5417 Pater
1369 5364 1426 5416 et
1455 5360 1637 5417 Filius
1675 5366 1732 5417 et
1763 5361 2014 5434 Spiritus

351 5457 602 5512 sanctus
648 5451 723 5508 ad
773 5449 1092 5523 imaginem
1151 5449 1337 5505 Patris
1387 5453 1444 5504 et
1496 5449 1624 5505 Filii
1675 5455 1729 5504 et
1761 5450 2016 5521 Spiritus

351 5543 571 5612 sancti,
590 5545 660 5597 ut
687 5539 1040 5596 subsisteret
1069 5538 1244 5595 homo
1277 5539 1470 5612 imago
1497 5539 1621 5608 Dei,
1638 5539 1791 5594 Deus
1819 5543 2014 5594 autem

355 5631 640 5689 Trinitas.
672 5629 788 5685 Sed
818 5627 958 5700 quia
985 5645 1103 5684 non
1135 5627 1293 5684 omni
1343 5627 1516 5682 modo
1561 5627 1800 5699 aequalis
1843 5629 2018 5684 ﬁebat

355 5720 462 5780 illa
489 5721 688 5792 imago
717 5717 844 5783 Dei,
877 5721 1161 5789 tanquam
1212 5735 1326 5774 non
1370 5717 1442 5772 ab
1477 5715 1574 5771 illo
1605 5719 1762 5785 nata,
1793 5716 1894 5772 sed
1943 5718 2016 5777 ab

2119 4743 2286 4800 Pater
2316 4741 2442 4798 Filii
2474 4743 2677 4809 solius,
2711 4747 2768 4798 et
2815 4741 2996 4797 Filius
3045 4741 3233 4796 Patris
3279 4739 3482 4808 solius,
3513 4739 3769 4812 Spiritus

2119 4836 2316 4888 autem
2345 4835 2584 4887 sanctus
2615 4835 2672 4887 ct
2703 4829 2854 4885 Patri
2878 4834 2934 4886 et
2965 4828 3091 4885 Filii
3125 4829 3201 4886 sit
3221 4827 3618 4900 Spiritus.Sed
3639 4843 3769 4898 pro-

2121 4925 2250 4993 pter
2279 4937 2456 4976 unam
2487 4920 2872 4990 eamdemque
2893 4921 3375 4988 naturam,atque
3405 4915 3771 4986 inseparabi-

2119 5010 2234 5065 lem
2256 5008 2455 5074 vitam,
2471 5007 3182 5080 ipsa'l‘rinitas,quantum
3207 5005 3278 5060 ab
3301 5002 3538 5059 homine
3559 5007 3769 5076 potest,

2121 5099 2236 5152 ﬁde
2277 5097 2635 5168 prae-cedente
2677 5095 3040 5166 intelligatur
3093 5106 3248 5148 unUS
3295 5091 3580 5148 Dominus
3617 5091 3772 5150 Deus

2122 5189 2340 5248 noster,
2373 5185 2442 5238 de
2491 5201 2606 5255 quo
2652 5183 2877 5238 dictum
2927 5187 3036 5249 est,
3068 5183 3360 5237 Dominum
3401 5181 3575 5236 Deum
3618 5188 3774 5238 tuum

2115 5273 2394 5340 adorabis,
2427 5280 2478 5326 et
2507 5273 2594 5326 illi
2619 5273 2724 5327 soli
2749 5273 2969 5326 servies.
2999 5293 3025 5320 »
3053 5271 3122 5325 Et
3153 5269 3212 5323 in
3243 5267 3390 5324 libro
3411 5267 3482 5327 de
3505 5269 3776 5328 Doctrina

2123 5362 2456 5417 Christiana
2478 5361 2600 5428 (lib.
2633 5377 2672 5427 ι,
2705 5377 2752 5416 c.
2773 5360 2828 5432 3)
2866 5375 2878 5414 :
2917 5383 2942 5409 ‹‹
2977 5357 3233 5414 Trinitas
3254 5357 3378 5414 haec
3416 5375 3572 5415 unus
3594 5359 3773 5430 Deus,

2123 5468 2192 5506 ex
2223 5467 2336 5522 quo
2369 5449 2583 5515 omnia,
2616 5465 2720 5520 per
2759 5464 2934 5519 quem
2967 5446 3184 5518 omnia,
3217 5445 3278 5502 in
3300 5463 3416 5520 quo
3446 5447 3664 5504 omnia.
3689 5449 3776 5506 Ita

2099 5541 2293 5595 ‘Pater
2342 5543 2400 5594 et
2459 5536 2637 5593 Filius
2691 5554 2756 5591 ac
2805 5535 3057 5606 Spiritus
3105 5539 3368 5605 sanctus,
3401 5540 3460 5592 et
3505 5535 3776 5610 singulas

2125 5627 2374 5701 quisque
2404 5627 2635 5692 horum,
2661 5625 2832 5696 plena
2866 5623 3222 5694 substantia,
3251 5628 3310 5681 et
3345 5623 3524 5681 simul
3572 5641 3779 5684 omnes

2125 5734 2246 5773 una
2274 5713 2621 5772 substantia.
2656 5713 2824 5770 Pater
2853 5730 2959 5770 nec
3007 5713 3190 5770 Filius
3229 5717 3340 5782 est,
3367 5731 3474 5772 nec
3523 5714 3778 5786 Spiritus
