4148 6460
441 424 576 499 59Ἐ¹ί

1387 427 1772 492 HINCMARI
1820 424 2262 492 RHEMENSIS
2304 426 2896 493 ARCHIEPISCOPI

3725 424 3842 487 596

443 571 710 636 sanctus;
735 565 916 623 Filius
938 582 1044 621 nec
1066 565 1234 621 Pater
1254 567 1483 633 est,nec
1522 564 1777 636 Spiritus
1817 566 2086 630 sanctus;
2116 561 2169 628 Α
2201 579 2392 633 unum,
2429 581 2543 618 non
2576 562 2763 619 deleat
2791 562 3156 619 Sabellianus
3185 577 3394 630 sumus,
3427 559 3530 618 sed
3561 559 3736 617 ambo
3756 575 3842 615 ve-

443 657 694 730 Spiritus
721 660 962 711 sanctus
984 672 1088 710 nec
1111 655 1280 710 Pater
1298 659 1408 718 est,
1428 671 1530 709 nec
1563 653 1762 710 Filius.
1779 654 1888 709 Sed
1922 653 2090 708 Pater

439 750 672 802 tantum
699 745 886 812 Pater,
920 747 976 798 et
1009 742 1190 798 Filius
1221 746 1450 798 tantum
1495 741 1697 806 Filius,
1731 745 1787 796 et
1833 740 2087 813 Spiritus

442 841 682 892 sanctus
738 836 969 888 tantum
1017 831 1270 904 Spiritus
1327 833 1584 886 sanctus.
1635 831 1850 886 Eadem
1900 829 2089 886 tribus

440 923 962 988 aaternitas,eadem
981 919 1772 985 incommutabilitas,eadem
1787 919 2087 989 majestas,

444 1014 646 1069 eadem
670 1014 951 1082 potestas.
980 1009 1040 1064 In
1066 1009 1232 1064 Patre
1267 1007 1558 1078 unitas,in
1584 1007 1726 1064 Filio
1761 1006 2086 1079 aequalitas,

441 1099 502 1155 in
536 1097 754 1170 Spiritu
778 1101 978 1153 sancto
1001 1096 1243 1151 unitatis
1263 1094 1731 1168 zequalitatisque
1758 1095 2086 1150 concordia.

442 1189 515 1244 Et
546 1187 658 1243 tria
686 1186 806 1241 haec
838 1203 1023 1240 unum
1057 1188 1291 1256 propter
1338 1183 1851 1256 Patrem,aaqualia
1894 1183 2092 1239 omnia

445 1283 683 1350 propter
713 1275 944 1343 Filium,
978 1292 1235 1329 connexa
1284 1273 1482 1329 omnia
1523 1277 1758 1346 propter
1805 1273 2088 1344 Spiritum

445 1371 737 1422 sanctum.
776 1387 802 1414 »
832 1365 903 1420 Et
929 1364 984 1417 in
1021 1367 1268 1418 tractatu
1293 1362 1502 1434 psalmi
1539 1362 1730 1434 quinti
1763 1379 1776 1417 :
1811 1385 1839 1411 ‹‹
1871 1363 1941 1417 Et
1971 1361 2091 1416 haec

443 1455 702 1512 Trinitas
752 1451 986 1509 nonnisi
1034 1470 1189 1508 unus
1235 1452 1435 1508 Deus:
1470 1450 1607 1523 quia
1653 1468 1786 1506 cum
1847 1449 2096 1506 dixisset.

441 1545 774 1619 Apostolus,
807 1546 891 1599 Ea:
921 1559 1022 1616 quo
1068 1545 1273 1610 omnia,
1303 1559 1402 1614 per
1447 1559 1606 1615 quem
1651 1543 1856 1608 omnia,
1890 1543 1950 1596 in
1990 1557 2094 1613 quo

442 1637 650 1700 omnia,
673 1632 1018 1688 Trinitatem
1055 1630 1245 1704 ipsam
1295 1630 1628 1700 insinuasse
1677 1630 1951 1696 creditur,
1987 1645 2093 1684 nec

440 1728 638 1779 tamen
659 1721 928 1793 subjecit,
949 1721 1094 1792 ipsis
1113 1720 1423 1792 gloria,sed
1449 1721 1556 1792 ipsi
1580 1720 1781 1792 gloria.
1807 1741 1836 1768 «
1859 1718 1974 1774 Soli
2010 1734 2092 1774 er-

441 1827 514 1886 go
536 1811 651 1867 Deo
671 1809 826 1866 Patri
848 1815 905 1865 et
936 1808 1078 1864 Filio
1101 1813 1157 1864 et
1196 1807 1438 1880 Spiritui
1471 1811 1671 1863 sancto
1702 1824 1821 1862 una
1851 1807 2096 1861 debetur

443 1901 726 1968 adoratio,
751 1897 957 1972 gloria,
982 1902 1038 1954 et
1067 1897 1338 1964 servitus,
1372 1901 1430 1952 et
1459 1896 1782 1992 gratiarum
1832 1895 2004 1962 actio,
2037 1897 2096 1992 et
2123 1927 2170 1992 Β

440 2006 558 2045 non
591 1987 926 2060 separatim,
962 1991 1028 2043 ut
1057 1984 1472 2042 Gothescalcus
1522 1983 1893 2056 blasphemat
1916 2001 1930 2038 :
1955 1981 2098 2055 quia

443 2082 512 2134 ut
530 2077 668 2133 item
683 2076 1047 2149 Augustinus
1079 2075 1138 2130 in
1164 2074 1312 2130 libro
1334 2075 1622 2146 quinto,et
1645 2072 1703 2128 in
1724 2072 1874 2128 libro
1895 2076 2094 2128 octavo

443 2167 516 2222 de
537 2165 822 2221 Trinitate
853 2163 1028 2218 dicit:
1051 2187 1078 2214 «
1104 2162 1396 2235 Quidquid
1429 2161 1892 2217 substantialiter
1911 2159 1970 2214 in
1997 2160 2097 2214 Pa~

451 2257 541 2310 tre
570 2257 629 2308 et
657 2252 802 2308 Filio
831 2256 887 2308 et
917 2251 1138 2323 Spiritu
1161 2257 1360 2306 sancto
1383 2250 1744 2316 dicitur,non
1774 2248 2094 2322 pluraliter,

455 2341 557 2398 sed
589 2339 964 2414 singulariter
993 2339 1105 2394 diei
1139 2339 1309 2394 debet
1337 2343 1394 2394 et
1423 2337 1628 2410 accipi,
1659 2341 1724 2392 ut
1772 2338 1924 2392 Deus
1975 2353 2097 2390 ma-

457 2447 631 2503 gnus,
651 2429 862 2495 bonus,
896 2426 1288 2499 omnipotens,
1319 2427 1472 2482 sicut
1500 2425 1780 2498 scriptum
1815 2429 1922 2490 est,
1951 2427 2026 2480 Tu
2043 2441 2100 2480 es

454 2521 595 2574 Deus
639 2518 784 2573 solus
837 2517 1006 2585 (Psal.
1043 2533 1240 2579 Lxxxv,
1277 2516 1398 2581 10);
1450 2519 1528 2580 et,
1560 2515 1722 2569 Nemo
1771 2514 1941 2568 bonus
1987 2514 2102 2568 nisi

453 2623 599 2662 unus
627 2608 767 2661 Deus
796 2606 943 2676 (Luc.
972 2621 1134 2670 xvm,
1165 2604 1310 2671 19).»
1333 2602 1442 2658 Uni
1463 2601 1645 2673 igitur
1682 2605 1739 2656 et
1769 2601 1872 2657 soli
1909 2602 2024 2657 Deo
2045 2605 2102 2657 et

452 2711 573 2750 una
601 2693 805 2767 gloria,
832 2698 888 2749 et
905 2710 1022 2748 una
1051 2691 1371 2765 gratiarum
1405 2690 1554 2746 actio
1576 2690 1922 2755 debetur,ut
1942 2688 2097 2744 idem

449 2782 814 2856 Augustinus
843 2781 980 2837 alibi
1013 2784 1297 2836 monstrat
1331 2780 1531 2835 dicens
1565 2795 1577 2834 :
1613 2779 1739 2834 Una
1789 2783 1876 2834 est
1924 2777 2102 2850 igitur

452 2871 640 2927 Patris
659 2875 715 2927 et
742 2869 871 2926 Eilii
894 2874 950 2925 et
972 2868 1226 2942 Spiritus
1247 2868 1432 2924 sancti
1455 2867 1728 2934 essentia,
1750 2867 1808 2922 in
1841 2884 1957 2940 qua
1984 2885 2098 2922 non

449 2965 540 3015 est
569 2959 726 3014 aliud
762 2959 946 3027 Pater,
963 2957 1121 3014 aliud
1144 2955 1517 3022 Filius,aliud
1554 2955 1806 3028 Spiritus
1837 2960 2120 3019 sanctus,-

448 3049 720 3122 quamvis
751 3047 1136 3121 personaliter
1165 3046 1243 3101 sit
1272 3045 1423 3102 alius
1472 3045 1659 3100 Pater.
1692 3043 1844 3100 alius
1894 3043 2095 3112 Filius,

450 3137 601 3193 alius
632 3137 888 3210 Spiritus
919 3141 1180 3192 sanctus.
1207 3135 1371 3202 Quod
1402 3133 1572 3189 nobis
1595 3134 1848 3188 maxime
1878 3132 1938 3188 in
1971 3133 2098 3205 ipso

449 3230 788 3282 sanctarum
836 3225 1274 3296 Scripturarum
1301 3223 1736 3278 demonstratur
1775 3219 1963 3288 initio,
1997 3221 2097 3276 ubi

447 3319 599 3369 Deus
630 3313 807 3369 dicit:
834 3315 1120 3368 Faciamus
1149 3313 1422 3367 hominem
1452 3311 1522 3366 ad
1553 3311 1848 3381 imaginem
1867 3317 1919 3366 et
1935 3312 2096 3366 simi-
2128 3292 2172 3359 (ἶ

449 3403 738 3458 litudinem
769 3410 1008 3457 nostram
1038 3401 1188 3472 (Gen.
1222 3418 1261 3466 ι,
1292 3402 1407 3466 26).
1441 3399 1586 3454 Cum
1617 3399 1772 3454 enim
1813 3397 2097 3471 singulari

449 3507 692 3546 numero
726 3489 870 3544 dixit
916 3488 1257 3561 imaginem,
1290 3486 1546 3542 ostendit
1596 3503 1772 3541 unam
1823 3492 2094 3542 naturam

447 3596 594 3645 esse,
618 3579 689 3634 ad
708 3579 878 3649 cujus
901 3576 1214 3648 imaginem
1239 3575 1414 3630 homo
1438 3577 1620 3630 licret.
1643 3569 1784 3630 Cum
1801 3592 1933 3630 vero
1956 3575 2096 3630 dicit

446 3667 752 3740 pluraliter
783 3671 1063 3732 nostram,
1089 3664 1344 3720 ostendit
1365 3663 1659 3728 Deum,ud
1683 3665 1854 3733 cuius
1887 3663 2092 3738 imagi-

445 3773 578 3812 nem
602 3755 777 3811 homo
808 3755 1122 3821 ﬁebat,non
1149 3770 1326 3809 unam
1351 3770 1479 3809 esse
1500 3769 1832 3824 personam.
1859 3751 1916 3808 Si
1935 3753 2091 3808 enim

443 3844 545 3900 illa
574 3863 691 3900 una
720 3845 974 3900 essentia
1007 3843 1192 3898 Patris
1224 3847 1281 3898 et
1329 3841 1454 3897 Filii
1503 3847 1561 3896 ct
1603 3839 1858 3913 Spiritus
1905 3843 2091 3897 sancti

441 3951 560 3990 una
591 3939 746 3989 esset
775 3951 1041 4005 persona,
1076 3950 1188 3986 non
1221 3931 1512 3987 diceretur
1540 3931 1611 3984 ad
1635 3929 1948 4002 imaginem
1983 3948 2092 3986 no-

441 4026 644 4089 stram,
670 4023 768 4077 sed
795 4023 862 4076 ad
887 4020 1201 4092 imaginem
1227 4036 1446 4087 meam;
1473 4035 1578 4074 nec
1600 4019 1862 4086 dixisset,
1890 4019 2088 4074 Facia-

441 4129 594 4176 mus,
637 4112 759 4176 scd,
788 4111 1037 4166 Faciam.
1071 4111 1128 4164 Si
1156 4127 1290 4164 vero
1323 4109 1380 4163 in
1424 4109 1540 4162 illis
1587 4109 1776 4164 tribus
1825 4109 2091 4180 personis

439 4204 558 4255 tres
589 4204 785 4254 essent
812 4198 1200 4270 intelligenda;
1239 4197 1326 4252 vel
1379 4197 1678 4252 credenda:
1723 4197 2087 4262 substantiae,

440 4305 553 4344 non
571 4289 862 4342 diceretur
880 4287 949 4342 ad
973 4285 1284 4357 imaginem
1305 4285 1693 4351 nostram,sed
1713 4286 1784 4340 ad
1803 4285 2089 4357 imagines

441 4382 690 4432 nostras.
739 4376 820 4430 Ad
885 4392 1059 4429 unam
1119 4374 1335 4446 quippe
1394 4373 1705 4446 imaginem
1752 4373 1929 4429 unius
1986 4375 2087 4430 Dei

437 4465 616 4520 homo
639 4466 826 4519 factus
848 4463 1027 4518 dicitu
1039 4481 1081 4523 ι’,
1101 4468 1162 4516 ut
1182 4481 1296 4518 una
1329 4468 1542 4518 sancta:
1564 4462 1868 4519 Trinitatis
1888 4481 2086 4519 essen-

435 4554 650 4609 tialiter
671 4552 946 4608 divinitas
977 4551 1298 4606 intimetur.
1315 4553 1393 4607 De
1411 4551 1673 4624 exemplo
1695 4558 1890 4608 autem
1913 4571 2086 4608 evan-

2194 650 2384 717 niant,
2414 656 2471 707 et
2499 650 2617 708 sint
2643 651 2820 707 etiam
2852 650 2962 724 ipsi
2993 651 3053 706 in
3083 652 3252 707 nobis
3281 667 3490 719 unum,
3512 649 3686 705 sicuti
3708 665 3842 720 ergo

2195 744 2253 795 et
2283 740 2448 795 Pater
2477 757 2658 796 unum
2694 741 3084 812 sumus.Ergo
3116 739 3162 796 si
3198 740 3366 796 Pater
3392 743 3451 795 et
3473 738 3659 796 Filius
3681 741 3837 804 sunt,

2198 829 2315 884 imo
2369 829 2507 901 quia
2555 828 2955 884 indubitanter
2991 845 3178 884 unum
3227 831 3385 896 sunt,
3421 845 3536 884 non
3585 827 3703 882 duo
3741 827 3839 882 sed

2198 935 2354 973 unus
2388 918 2555 984 Deus,
2581 921 2637 972 et
2690 916 2916 988 reliqua
2959 933 3086 988 quae
3136 916 3214 972 ibi
3274 915 3668 989 prosequitur.
3700 938 3728 964 ››
3776 915 3843 970 Et

2197 1005 2335 1060 item
2368 1006 2438 1061 de
2469 1004 2580 1060 alio
2623 1005 2915 1076 Evangelii
2963 1006 3120 1078 quod
3161 1005 3357 1078 posuit
3399 1004 3758 1061 testimonio.
3787 1005 3848 1061 Ut

2196 1097 2311 1150 sint
2339 1111 2530 1160 unum,
2563 1095 2705 1150 sicut
2730 1101 2780 1150 et
2807 1111 2905 1150 nos
2932 1111 3108 1148 unum
3131 1110 3319 1150 sumus
3345 1095 3530 1162 (Joan.
3563 1109 3705 1149 xvn.
3733 1093 3844 1157 21),

2197 1181 2562 1253 Augustinus
2606 1181 2747 1236 dicit
2781 1199 2793 1236 :
2831 1204 2860 1232 «
2893 1181 2980 1237 Illi
3027 1181 3087 1237 in
3137 1199 3245 1238 sua
3292 1186 3498 1236 natum
3549 1197 3738 1236 unum
3788 1179 3846 1234 in

2199 1270 2502 1336 charitate,
2534 1287 2641 1326 nos
2673 1270 2731 1325 in
2786 1275 2984 1326 nostra
3031 1287 3215 1326 unum
3261 1287 3470 1325 sumus
3520 1269 3581 1325 in
3627 1268 3849 1324 unitate

2200 1357 2542 1415 substantiae
2573 1362 2632 1414 et
2659 1359 2876 1429 gloriae.
2898 1361 3006 1431 Ego
3050 1361 3111 1416 in
3137 1361 3217 1416 eis
3244 1367 3295 1415 et
3325 1366 3384 1414 tu
3413 1361 3472 1414 in
3502 1375 3609 1415 me.
3641 1359 3762 1430 Ego
3791 1357 3850 1413 in

2201 1447 2286 1503 eis
2315 1447 2468 1502 sicut
2495 1451 2672 1519 caput
2701 1447 2760 1502 in
2793 1447 3094 1515 membris,
3119 1451 3177 1503 et
3199 1451 3262 1502 tu
3293 1447 3352 1502 in
3384 1464 3479 1504 me
3499 1446 3656 1503 sicut
3685 1447 3852 1502 Pater

2202 1535 2262 1590 in
2295 1535 2470 1602 Filio;
2505 1543 2566 1591 ut
2589 1537 2704 1591 sint
2729 1537 3090 1592 consummati
3113 1537 3174 1591 in
3195 1552 3385 1600 unum,
3402 1535 3460 1590 id
3477 1539 3569 1590 est
3591 1535 3850 1606 perfecti,

2201 1625 2356 1698 quod
2389 1621 2650 1696 perﬁciet
2680 1623 2778 1696 qui
2811 1641 2915 1680 nos
2947 1621 3132 1680 voluit
3177 1640 3364 1680 unum
3413 1640 3541 1680 esse
3585 1623 3646 1678 in
3695 1639 3760 1679 se
3797 1627 3857 1679 et

2202 1731 2307 1786 per
2336 1730 2428 1780 se;
2459 1721 2520 1768 ut
2545 1721 2829 1782 cognoscat
2869 1713 3108 1768 mundus
3156 1715 3289 1786 quia
3331 1721 3392 1768 tu
3423 1729 3512 1770 me
3553 1714 3764 1769 misisti
3807 1719 3860 1768 et

2201 1801 2450 1858 dilexisti
2479 1816 2566 1858 eos
2593 1803 2736 1857 sicut
2762 1809 2814 1858 et
2839 1818 2926 1856 me
2970 1801 3216 1858 dilexisti
3258 1801 3434 1873 (Joan.
3465 1818 3603 1873 xvu,
3627 1801 3744 1873 23).
3767 1799 3859 1856 Di-

2202 1891 2390 1946 lcxisti
2424 1908 2546 1958 eos,
2579 1896 2643 1946 ut
2673 1896 2870 1947 essent
2898 1891 3053 1962 quod
3083 1907 3198 1946 non
3231 1895 3423 1958 erant;
3453 1888 3710 1946 dilexisti
3739 1905 3857 1956 me,

2204 1982 2268 2035 ut
2287 1996 2475 2035 essem
2507 1980 2660 2051 quod
2693 1996 2925 2052 semper
2971 1977 3087 2046 fui;
3119 1978 3373 2034 dilexisti
3405 1995 3498 2035 me
3529 1979 3686 2034 sicut
3727 1977 3864 2034 uni-

2204 2066 2498 2133 cum,illos
2520 2069 2720 2140 utique
2743 2067 2896 2123 sicut
2923 2067 3244 2140 adoptivos.
3261 2066 3522 2124 Dilexisti
3543 2072 3740 2136 eos,ut
3761 2084 3868 2140 per

2206 2173 2299 2212 me
2330 2156 2387 2212 in
2411 2161 2465 2212 te
2494 2161 2717 2223 essent;
2749 2155 3004 2212 dilexisti
3029 2173 3140 2224 me,
3156 2160 3222 2212 ut
3251 2173 3352 2229 per
3367 2161 3423 2212 te
3452 2155 3511 2211 in
3533 2161 3590 2212 te
3609 2173 3866 2213 essem.»

2205 2245 2420 2301 Contra
2447 2245 2556 2300 hoc
2586 2246 2739 2318 quod
2772 2245 2933 2300 solus
2971 2243 3123 2300 inter
3168 2261 3372 2301 omnes
3412 2244 3716 2302 haereticos
3763 2245 3864 2300 di-

2205 2335 2362 2391 xisse
2391 2334 2606 2407 legitur
2635 2351 2646 2390 :
2677 2357 2702 2384 ‹‹
2727 2334 2834 2400 Qui
2865 2333 3006 2390 dicit
3035 2332 3382 2390 unicuilibet
3411 2351 3695 2406 personae,
3731 2334 3868 2390 Tibi

2207 2429 2320 2481 Deo
2351 2423 2588 2496 gratias,
2617 2427 2790 2494 atque
2820 2439 2982 2495 aeque
3007 2422 3232 2479 eszteris
3264 2421 3495 2479 duabus
3541 2423 3815 2495 personis
3850 2440 3864 2479 :

2205 2513 2386 2570 Vobis
2412 2513 2526 2568 Deo
2556 2510 2795 2584 gratias,
2828 2528 3026 2568 revera
3067 2510 3392 2568 catholicus
3436 2516 3546 2579 est,
3576 2528 3644 2568 ac
3689 2529 3870 2569 verus

2209 2603 2412 2674 utique
2433 2600 2896 2666 Cbristianus,et
2916 2599 3052 2656 hinc
3083 2615 3147 2656 se
3174 2600 3377 2657 crebro
3399 2600 3616 2657 dixisse
3647 2601 3872 2657 fatetur

2209 2689 2452 2764 Spiritui
2511 2693 2710 2746 sancto
2761 2706 2774 2744 :
2821 2687 2988 2760 Veni,
3049 2688 3350 2745 benedicte
3406 2689 3561 2746 Deus
3617 2688 3871 2746 Domine

2208 2779 2506 2853 paraclite,
2548 2777 2676 2834 veni
2733 2777 2956 2834 missus
3010 2794 3045 2832 a
3091 2776 3396 2833 hencdieto
3444 2778 3562 2834 Deo
3613 2778 3869 2835 Domino

2207 2867 2508 2942 panaclito,
2541 2865 2599 2921 in
2652 2865 2885 2921 nomine
2932 2865 3220 2922 benedicti
3262 2865 3362 2922 Dei
3392 2871 3450 2922 et
3483 2867 3710 2923 Domini
3751 2885 3867 2940 pa-

2208 2957 2430 3024 raeliti;
2462 2961 2520 3012 et
2550 2972 2564 3010 :
2599 2955 2686 3012 Sit
2717 2970 2948 3027 semper
2995 2953 3188 3034 omnis
3231 2953 3435 3022 honor,
3461 2954 3612 3024 laus,
3645 2960 3703 3011 et
3730 2955 3870 3028 glo-

2207 3047 2293 3102 ria
2323 3045 2528 3102 merito
2575 3044 2740 3100 vobis
2778 3043 3080 3099 benedicto
3124 3043 3239 3099 Deo
3281 3043 3528 3100 Domino
3576 3043 3866 3116 paraelito

2205 3135 2361 3192 trino
2408 3139 2466 3190 et
2512 3133 2634 3200 uni,
2666 3135 2973 3204 vestroque
3021 3131 3200 3188 simul
3257 3132 3547 3188 benedicti
3603 3133 3866 3206 nomini,

2207 3241 2432 3281 necnon
2463 3226 2520 3278 et
2547 3220 2796 3278 numini.
2825 3222 3030 3277 Amen.
3062 3243 3090 3272 »
3121 3221 3373 3278 Sanetus
3413 3220 3728 3296 Gregorius
3773 3221 3866 3278 lo-

2205 3330 2390 3386 quens
2422 3311 2482 3366 in
2513 3310 2755 3366 homilia
2775 3310 3002 3366 decima
3017 3313 3178 3366 sexta
3197 3309 3516 3366 Ezechielis
3539 3311 3863 3384 prophetae,

2205 3401 2376 3458 aliter
2404 3417 2580 3472 quam
2609 3399 2833 3455 Veteris
2863 3416 2929 3454 ac
2953 3398 3091 3455 Novi
3125 3399 3481 3455 Testamenti
3531 3399 3696 3456 electi
3751 3401 3860 3457 Dei

2205 3489 2471 3546 homines
2501 3492 2810 3544 senserunt
2840 3504 2974 3544 cum
3005 3486 3222 3544 sentire
3253 3487 3562 3555 convincit,
3595 3488 3803 3546 dicens
3839 3506 3856 3545 :

2205 3601 2233 3629 «
2267 3575 2591 3650 Spiritalcs,
2618 3575 2924 3648 inquit,illi
2959 3576 3156 3633 Patres
3186 3575 3645 3649 omnipotentem
3661 3577 3858 3635 Deum

2203 3666 2550 3722 Trinitatem
2607 3665 2689 3720 ita
2725 3682 2872 3723 .csse
2928 3664 3322 3733 crediderunt,
3378 3664 3533 3721 sicut
3586 3667 3862 3724 eamdem

2203 3755 2548 3811 Trinitatem
2581 3753 2710 3809 novi
2758 3753 2957 3809 Patres
3003 3756 3201 3826 aperte
3254 3752 3430 3809 locuti
3463 3757 3620 3810 sunt.
3671 3754 3864 3812 Isaias

2203 3860 2458 3915 namque
2488 3841 2710 3898 audivit
2739 3841 3002 3913 angelica
3026 3841 3263 3913 agmina
3309 3841 3368 3896 in
3417 3841 3560 3898 cmlo
3592 3841 3862 3900 claman-

2201 3932 2302 4002 tia,
2335 3932 2582 3998 Sanctus,
2640 3934 2894 3997 Sanetus,
2951 3930 3198 3996 Sanctus,
3259 3932 3520 3986 Dominus
3571 3932 3714 3987 Deus
3767 3949 3860 3989 sa-

2202 4021 2366 4078 baotlt
2413 4021 2540 4092 (lsa.
2590 4021 2766 4090 Vl,3).
2815 4019 2888 4074 Ut
2942 4018 3098 4074 enim
3158 4036 3537 4090 personarum
3592 4019 3858 4078 Trinitas

2201 4113 2644 4164 monstraretur
2679 4106 2847 4163 tertio
2893 4112 3132 4163 sanctus
3185 4107 3559 4176 dicitur;sed
3611 4113 3675 4164 ut
3731 4127 3858 4166 una

2198 4214 2328 4252 esse
2385 4197 2714 4251 substantia
2759 4195 3064 4251 Trinitatis
3115 4201 3408 4268 appareat,
3445 4214 3560 4252 non
3611 4197 3854 4254 Domini

2199 4286 2466 4354 sabaoth,
2486 4286 2583 4341 sed
2620 4285 2899 4340 Dominus
2927 4301 3056 4340 esse
3081 4283 3438 4356 perhibetur.
3471 4286 3633 4351 Quod
3666 4285 3853 4342 David

2199 4391 2429 4446 quoque
2452 4373 2723 4429 similiter
2769 4373 3025 4429 sentiens
3075 4371 3159 4428 ait
3190 4389 3203 4426 :
3237 4373 3528 4430 Benedth
3553 4391 3652 4431 nos
3705 4376 3854 4432 Deus

2196 4465 2336 4519 Deus
2364 4472 2562 4528 noster,
2598 4462 2874 4518 benedizat
2914 4477 3013 4517 nos
3058 4463 3198 4518 Deus
3248 4462 3420 4528 (Psal.
3455 4479 3601 4530 Lm,
3631 4465 3708 4532 8),
3743 4465 3850 4536 qui

2195 4569 2320 4607 cem
2353 4553 2522 4608 tertio
2545 4551 2787 4607 dixisset
2811 4551 3091 4618 Deum,ut
3111 4567 3292 4606 unum
3314 4549 3471 4607 hunc
3493 4568 3620 4608 esse
3649 4556 3852 4608 osten-

433 4641 638 4713 gelico,
673 4643 778 4712 Ego
835 4649 884 4696 ct
937 4641 1098 4696 Pater
1158 4657 1330 4694 unum
1383 4657 1573 4694 sumus
1631 4645 1816 4708 (Joan.
1867 4660 1923 4709 x,
1970 4643 2080 4714 30),
2114 4650 2162 4715 D
2195 4641 2374 4711 deret,
2408 4639 2671 4695 subdidit
2704 4657 2717 4694 :
2751 4641 2818 4694 Et
2847 4647 3090 4694 metuaut
3115 4655 3241 4695 eum
3269 4655 3453 4696 omnes
3480 4642 3615 4711 ﬁnes
3659 4648 3850 4699 terra}.

435 4733 588 4788 538
622 4728 968 4786 Ambrosius
1029 4727 1232 4783 scribit
1290 4728 1407 4799 (lib.
1459 4745 1476 4782 1
1529 4727 1592 4782 de
1628 4730 1773 4794 Fide,
1805 4748 1924 4802 cap.
1978 4733 2076 4802 l):

431 4845 458 4872 ‹‹
495 4821 708 4887 Unum,
741 4816 1212 4890 inquiens,dixit,
1241 4833 1308 4871 ne
1343 4818 1445 4870 ﬁat
1474 4817 1743 4872 discretio
1777 4819 2081 4889 potestatis

429 4911 487 4963 et
533 4913 754 4962 naturae
792 4921 804 4961 :
839 4922 1026 4960 sumus
1074 4904 1321 4971 addidit,
1356 4908 1420 4958 ut
1469 4903 1692 4958 Patrem
1751 4905 2078 4977 Filiumque

425 5013 766 5068 cognoscas,
800 4995 952 5067 quod
990 4995 1280 5066 perfectus
1316 4993 1480 5048 Pater
1501 4993 1817 5064 perfectum
1865 4994 2075 5050 Filium

427 5085 698 5154 genuisse
721 5085 1012 5145 credatur,
1031 5088 1087 5136 et
1115 5083 1280 5136 Pater
1295 5099 1360 5136 ac
1388 5081 1564 5136 Pilius
1589 5099 1771 5136 unum
1803 5082 2073 5152 sint,non

426 5190 804 5243 personarum
835 5172 1196 5232 confusione,
1231 5171 1328 5225 sed
1380 5171 1602 5226 unitate
1651 5176 1893 5224 naturae.
1931 5193 1958 5217 ι»
2007 5173 2075 5226 Et

423 5262 788 5332 Augustinus
811 5262 868 5316 in
893 5261 1038 5316 libro
1066 5265 1268 5314 contra
1289 5259 1548 5331 quinque
1584 5259 1833 5314 haareses
1856 5275 1870 5314 :
1895 5283 1922 5308 ‹‹
1948 5259 2075 5314 Per-

423 5353 576 5413 eant,
608 5348 814 5420 inquit,
848 5349 1140 5421 vaniloqui
1175 5353 1231 5403 et
1273 5347 1486 5402 mentis
1534 5347 1890 5414 seductores,
1916 5347 2070 5402 Aria-

423 5453 536 5489 nus
567 5440 622 5488 et
652 5436 1038 5492 Sabellianus.
1071 5438 1213 5492 Nam
1248 5438 1354 5506 Ego
1382 5443 1433 5492 et
1456 5437 1620 5491 Pater
1650 5453 1821 5491 unum
1857 5453 2066 5492 sumus.

421 5525 543 5580 Non
571 5525 736 5591 dixit,
757 5529 872 5597 Ego
902 5534 958 5582 et
993 5529 1158 5582 Pater
1187 5545 1366 5582 unum
1393 5528 1662 5591 sum,sed
1695 5543 1800 5596 ego
1822 5531 1879 5582 et
1905 5527 2071 5581 Pater

421 5632 605 5669 unum
627 5616 1020 5680 sumus.Quorl
1045 5617 1172 5670 dico
1191 5615 1589 5681 unum,audiat
1608 5616 1887 5682 Arianus;
1910 5617 2063 5688 quod

419 5702 548 5758 dico
576 5719 786 5774 sumus,
805 5703 1007 5758 audiat
1029 5704 1414 5761 Sabellianus.
1431 5705 1553 5759 Non
1577 5704 1795 5758 dividat
1814 5704 2064 5760 Arianus

2191 4729 2405 4784 Paulus
2438 4747 2670 4801 quoque
2701 4727 2958 4800 loquiiur
2995 4727 3232 4784 dicens:
3265 4730 3540 4798 Quoniam
3585 4746 3656 4785 ea:
3703 4731 3846 4802 ipso,

2188 4826 2239 4873 et
2261 4836 2359 4890 per
2388 4820 2584 4889 ipsum,
2615 4825 2666 4872 et
2689 4818 2746 4872 in
2777 4819 2891 4889 ipso
2917 4825 3048 4872 sunt
3072 4819 3278 4873 omnia.
3303 4818 3383 4873 Ex
3410 4817 3537 4890 ipso
3572 4818 3847 4875 videlicet

2189 4907 2626 4972 5349xPatre;
2653 4905 2981 4978 peripsum,
3005 4923 3108 4978 per
3123 4906 3366 4975 Filium;
3393 4907 3592 4979 inipso
3614 4912 3844 4976 autem,

2185 4994 2242 5050 in
2303 4994 2521 5066 Spiritu
2573 4999 2795 5049 sancto.
2838 4998 3020 5062 Quem
3061 5012 3196 5068 ergo
3235 4995 3433 5068 ipsum
3487 5013 3620 5052 cum
3665 4996 3841 5053 tertio

2186 5083 2446 5150 dixisset,
2497 5083 2765 5154 adjunxit
2797 5101 2810 5138 :
2847 5085 2955 5156 Ipsi
3010 5086 3189 5155 gloria
3244 5086 3305 5140 in
3356 5085 3563 5142 saecula
3603 5087 3836 5142 swallo-

2183 5189 2328 5226 rum.
2362 5173 2466 5238 Qui
2501 5172 2655 5228 enim
2691 5191 2806 5228 non
2838 5173 2979 5228 dicit
3007 5173 3170 5246 ipsis,
3195 5175 3294 5230 sed
3327 5173 3441 5247 ipsi
3472 5174 3717 5230 dicendo
3747 5179 3840 5230 ter

2183 5260 2395 5332 ipsum.
2433 5261 2699 5316 distinxit
2731 5279 3029 5334 personas,
3063 5268 3120 5318 et
3149 5263 3560 5335 subjungendo
3587 5264 3697 5334 ipsi
3721 5265 3838 5332 glo-

2179 5352 2288 5415 ria,
2323 5367 2439 5404 non
2471 5351 2669 5405 divisit
2701 5351 3118 5406 substantiam.
3155 5374 3183 5401 ››
3217 5353 3340 5418 Quo
3381 5357 3584 5407 contra
3628 5351 3841 5408 Gothe-

2179 5438 2425 5503 scalcus,
2461 5439 2628 5512 quasi
2661 5439 2837 5494 altius
2867 5456 2928 5494 se
2960 5439 3283 5512 intelligere
3328 5441 3575 5496 efferens
3616 5447 3834 5496 sancta:

2178 5526 2482 5582 Trinitatis
2513 5544 2893 5599 personarum
2927 5527 3508 5600 divinitatem,quam
3555 5528 3832 5601 angelicae

2175 5616 2480 5688 Seraphim
2503 5616 2560 5670 in
2583 5615 2724 5671 cmlo
2747 5616 3178 5686 virtutes,inter
3197 5635 3344 5690 quas
3365 5622 3421 5672 et
3457 5621 3637 5673 Deum
3681 5616 3828 5672 nulli

2174 5704 2269 5760 alii
2301 5704 2544 5778 spiritus
2575 5705 2957 5773 intersunt,et
2977 5705 3075 5762 illa
3095 5706 3272 5764 etiam
3295 5705 3532 5779 agmina
3547 5705 3826 5776 ccelestia,
