4148 6464
241 435 361 497 597
875 463 884 472 -
1280 434 1383 496 DE
1427 435 1588 496 UNA
1633 432 1736 496 ET
1777 430 1937 494 NON
1979 414 2627 498 TRINA‘DEI'I‘ATE.
3535 438 3654 504 598

241 584 372 642 qua:
393 567 701 641 plenitudo
730 566 990 625 scientiae
1029 567 1432 637 nominantur,
1455 565 1738 640 dignitate
1757 582 1897 638 ιιι-ω·
1921 564 1980 635 Α
2005 563 2154 622 lium
2176 583 2516 640 separemus
2540 588 2554 639 ;
2581 585 2790 643 neque,
2816 575 2880 626 ut
2899 571 3104 642 Judaei,
3129 576 3332 630 natum
3361 589 3430 630 ex
3459 574 3652 644 Patre,

237 657 560 714 cellunt.Et
583 657 754 729 quasi
774 657 994 714 rectius
1019 656 1417 729 interpretans
1437 655 1592 727 quod
1615 653 1727 709 illae
1747 653 1908 710 velut
2013 658 2147 711 ante
2163 659 2428 728 tempora
2467 662 2522 714 et
2559 675 2628 715 ex
2656 659 2892 732 Virgine
2922 665 3123 732 postea
3151 663 3373 720 editum
3405 664 3650 740 denege-

235 761 355 802 non
385 744 788 818 intelligentes
819 745 962 819 quid
994 746 1257 802 dicerent
1287 747 1690 810 cantaverunt,
1725 759 1903 816 quam

237 833 448 900 Isaias,
481 833 585 907 qui
615 835 854 891 easdem
883 835 1134 890 virtutes
1167 833 1432 890 caelestes
1470 833 1756 906 hymnum
1787 831 1902 888 Deo

235 923 492 995 dignum
516 927 821 980 cantantes
845 923 1069 979 audivit
1093 949 1108 992 ;
1139 927 1197 980 et
1226 923 1575 994 profundius
1602 938 1778 978 sensu
1809 936 1904 975 ca-

233 1010 404 1084 piens
437 1009 746 1066 canticum
770 1009 985 1081 psalmi
1018 1009 1300 1077 Davidici,
1335 1027 1514 1082 quam
1545 1009 1670 1081 ipse
1701 1007 1899 1074 David,

233 1098 336 1172 qui
360 1115 543 1171 super
562 1098 823 1155 seniores
847 1115 1007 1164 suos,
1033 1103 1092 1154 et
1114 1115 1290 1170 super
1311 1114 1516 1154 omnes
1547 1097 1824 1153 docentes
1841 1113 1903 1153 se

231 1187 565 1254 intellexit;
599 1191 658 1244 et
688 1186 867 1244 altius
927 1192 1123 1244 mente
1178 1187 1507 1260 percipiens
1566 1204 1693 1258 quas
1753 1187 1902 1241 dans

231 1278 364 1334 sine
398 1281 595 1334 mente
626 1293 837 1332 sonum
883 1276 1100 1332 Paulus
1131 1275 1296 1343 dixit,
1330 1275 1430 1348 qui
1465 1292 1652 1348 usque
1681 1275 1754 1330 ad
1784 1279 1902 1330 ter-

230 1366 388 1423 tium
413 1366 628 1422 cmlum
661 1369 866 1438 raptus
885 1365 1016 1436 fuit,
1035 1367 1092 1421 et
1111 1364 1170 1420 in
1192 1364 1465 1438 paradiso
1487 1381 1701 1420 arcana
1726 1363 1904 1419 verba

233 1455 488 1524 audivit,
535 1458 591 1512 et
622 1471 726 1528 per
755 1471 952 1528 quem,
986 1458 1052 1511 ut
1080 1455 1268 1511 isdem
1299 1453 1630 1522 conﬁtetur,
1667 1452 1900 1508 locutus

230 1548 323 1600 est
354 1544 649 1612 Christus,
681 1561 798 1600 non
836 1543 920 1599 sic
953 1541 1316 1615 insipienter,
1349 1541 1505 1597 sicut
1529 1541 1758 1597 videtur
1788 1539 1901 1596 sibi

229 1632 435 1690 visum
467 1633 672 1700 fuisse,
708 1635 773 1688 ut
803 1631 1042 1705 agmina
1069 1632 1340 1688 dixerunt
1385 1631 1649 1686 coelestia
1680 1647 1694 1686 :
1728 1631 1902 1685 Plena

228 1730 311 1780 est
336 1723 526 1779 omnis
555 1729 701 1780 terra
729 1723 909 1795 gloria
937 1723 1075 1793 ejus,
1103 1720 1191 1776 vel
1237 1720 1390 1776 sicut
1434 1719 1571 1775 inde
1617 1717 1901 1774 catholica

228 1813 414 1870 docta
439 1813 641 1868 cantat
665 1809 928 1866 Ecclesia
959 1825 972 1864 :
1005 1811 1144 1864 Pent
1200 1817 1331 1865 sunt
1375 1809 1500 1864 caeli
1527 1816 1580 1864 et
1603 1816 1748 1864 terra
1775 1808 1896 1878 glo-

232 1903 323 1958 ria
355 1909 458 1958 tua
483 1921 503 1969 ,-
531 1917 648 1956 non
679 1899 1016 1972 intelligens
1045 1899 1237 1954 dicere
1270 1915 1284 1953 :
1320 1897 1474 1970 pleni
1510 1901 1652 1952 sunt
1683 1896 1806 1951 οωιὶ
1843 1899 1900 1950 et

231 1995 400 2048 terra
427 1989 618 2064 gloria
641 1993 869 2056 vestra;
901 1991 960 2044 et
991 2005 1004 2042 :
1039 1987 1304 2042 Metuant
1349 2002 1506 2054 eum,
1538 1989 1595 2041 et
1625 2002 1738 2040 non
1771 2001 1896 2040 me-

229 2083 413 2137 tuant
443 2096 550 2136 vos
587 2094 792 2134 omnes
823 2079 971 2133 ﬁnes
1001 2080 1168 2133 terrae
1193 2093 1206 2144 ;
1231 2079 1288 2131 et
1318 2074 1429 2148 ipsi
1453 2073 1658 2148 gloria,
1692 2078 1750 2129 et
1780 2091 1895 2128 non

227 2168 405 2225 vobis
435 2165 642 2241 gloria,
676 2165 824 2222 dixit
873 2165 934 2220 in
983 2163 1358 2220 conclusione
1395 2181 1513 2218 suae
1543 2161 1897 2218 laudationis

229 2261 416 2330 atque
443 2255 746 2325 orationis,
781 2255 924 2328 quin
955 2253 1151 2326 potius
1182 2251 1704 2326 blasphemationis
1737 2269 1750 2306 :

978 2395 1172 2452 XVIII.

314 2531 378 2593 -§-
405 2548 434 2575 (ε
461 2524 550 2581 Sit
570 2539 802 2596 semper
819 2521 984 2578 vobis
1006 2521 1212 2588 honor,
1231 2519 1382 2586 laus,
1399 2524 1456 2575 et
1468 2518 1673 2592 gloria,
1691 2519 1897 2574 merito

233 2638 261 2668 ‹‹
292 2614 473 2672 vobis
497 2612 802 2671 benedicto
816 2611 933 2667 Deo
955 2609 1201 2666 Domino
1223 2609 1502 2682 paraclito
1519 2607 1670 2662 trino
1691 2611 1748 2662 et
1771 2607 1894 2675 uni,

233 2706 616 2774 «vestroque
671 2699 849 2757 simul
906 2699 1210 2754 benedicto
1267 2697 1489 2752 nomini
1539 2700 1598 2752 et
1647 2695 1895 2762 numini,

235 2815 266 2846 ι(
292 2794 552 2849 Amen.»
575 2791 840 2862 Itemque
863 2791 995 2862 post
1021 2788 1258 2860 przefata
1284 2785 1692 2858 subsequitur:
1717 2784 1897 2839 «Cum

235 2905 264 2934 α
299 2881 388 2938 sit
418 2898 490 2936 ex
519 2878 823 2944 Trinitate,
857 2895 960 2934 ceu
993 2876 1195 2948 liquet,
1233 2887 1598 2948 unaquaeque
1648 2889 1900 2946 persona

241 2991 263 3024 ι
295 2987 410 3044 per
439 2986 506 3026 se
533 2967 821 3025 Dominus
853 2967 1065 3022 Deus.»
1099 2967 1170 3022 Et
1198 2963 1372 3036 paulo
1402 2968 1566 3035 post:
1605 2984 1634 3014 ‹‹
1664 2963 1826 3018 Sicut
1844 2965 1902 3017 et

237 3083 266 3112 α
296 3060 362 3116 in
402 3057 637 3115 Psalmo
671 3075 683 3114 :
715 3057 904 3112 Nonne
949 3056 1054 3110 Deo
1101 3053 1340 3126 subjecta
1385 3054 1493 3108 erit
1527 3053 1716 3106 anima
1738 3053 1902 3106 mea?

239 3173 266 3202 «
299 3149 379 3206 de
413 3149 586 3204 Patre
617 3145 857 3212 dicitur,
891 3147 956 3198 ut
1005 3141 1264 3198 declarat
1289 3140 1436 3196 illud
1471 3140 1624 3212 quod
1656 3140 1727 3194 de
1759 3137 1901 3194 Filio

237 3262 266 3290 ‹‹
299 3236 584 3310 sequitur
615 3251 630 3290 :
663 3234 738 3290 Ab
770 3235 887 3306 ipso
912 3234 1063 3288 enim
1089 3232 1334 3287 salutare
1355 3229 1699 3285 meum.Nam
1714 3235 1769 3286 et
1788 3229 1902 3300 ipse

2013 759 2148 800 mus
2173 762 2186 813 ;
2220 762 2428 818 neque,
2451 750 2517 802 ut
2543 747 2851 816 Sabellius,
2877 749 3106 804 Patrem
3137 751 3564 810 confundamus
3595 757 3654 810 et

2009 831 2288 904 Verbum,
2313 839 2377 890 ut
2397 836 2668 891 eumdem
2691 837 2918 892 Patrem
2948 854 3282 894 asseramus
3309 843 3366 896 et
3394 841 3606 898 Filium
3632 860 3648 911 ;

2012 937 2220 993 neque,
2255 928 2322 978 ut
2352 923 2652 990 Photinus,
2685 925 2920 980 initium
2961 925 3089 982 Filii
3119 943 3188 982 ex
3214 927 3452 1001 Virgine
3471 930 3652 1002 depu-

2009 1010 2202 1065 temus
2230 1028 2244 1080 ;
2276 1028 2484 1082 neque,
2515 1016 2580 1067 ut
2606 1013 2801 1081 Arius,
2834 1013 3034 1086 plures
3079 1016 3365 1072 credendo
3397 1021 3454 1072 et
3483 1017 3654 1074 dissi-

2011 1097 2180 1154 miles
2192 1103 2530 1171 potestates,
2551 1100 2648 1172 plu
2658 1118 2748 1156 res
2762 1102 2900 1157 deus
2913 1103 3118 1176 gentili
3130 1120 3323 1160 errore
3343 1105 3650 1175 faciamus,

2010 1187 2152 1258 quia
2171 1187 2457 1260 scriptum
2489 1193 2579 1244 est
2609 1207 2621 1246 :
2653 1189 2816 1256 Audi,
2847 1192 3036 1258 Israel,
3067 1193 3330 1249 Dominus
3359 1195 3500 1250 Deus
3529 1203 3655 1252 inus

2007 1276 2149 1332 Deus
2172 1293 2316 1332 unus
2345 1285 2423 1333 est
2446 1279 2621 1346 (Deut,
2647 1297 2728 1346 γι,
2761 1279 2834 1350 4).
2865 1281 3019 1336 Deus
3065 1281 3221 1337 enim
3271 1287 3329 1338 et
3374 1283 3654 1340 Dominus

2010 1381 2224 1420 nomen
2265 1366 2734 1438 magniﬁcentiae,
2770 1385 2980 1424 nomen
3025 1373 3114 1424 est
3142 1372 3468 1442 potestatis,
3503 1371 3657 1430 sicut

2009 1453 2134 1525 ipse
2156 1453 2297 1508 dicit
2329 1471 2342 1508 :
2374 1457 2638 1511 Dominus
2667 1458 2808 1512 Deus
2835 1474 3032 1513 nomen
3067 1467 3148 1514 est
3173 1460 3316 1516 mihi
3343 1461 3536 1530 (Exod.
3570 1479 3654 1530 ιιι,

2012 1541 2118 1613 15),
2152 1546 2210 1598 et
2239 1542 2392 1598 sicut
2420 1543 2559 1600 alibi
2591 1545 2874 1618 propheta
2928 1545 3156 1615 asserit,
3203 1549 3468 1606 Dominus
3518 1551 3657 1606 Deus

2007 1633 2342 1702 omnipotens
2399 1649 2597 1688 nomen
2652 1642 2731 1688 est
2775 1635 2830 1688 ei
2853 1635 3042 1702 (Ea-od.
3073 1653 3183 1704 xv;
3213 1637 3318 1692 Isa.
3350 1637 3508 1710 XLII).
3540 1637 3657 1694 Do-

2009 1718 2206 1774 minus
2237 1737 2373 1792 ergo
2403 1725 2461 1776 et
2490 1721 2666 1787 Deus,
2688 1721 2772 1776 vel
2803 1723 2958 1793 quod
2991 1723 3326 1780 dominetur
3353 1725 3650 1794 omnibus,

2004 1807 2092 1863 vel
2125 1809 2280 1879 quod
2329 1813 2552 1880 spectet
2599 1809 2818 1876 omnia,
2849 1815 2906 1865 et
2947 1810 3225 1867 timeatur
3253 1830 3287 1868 a
3315 1813 3562 1870 cunctis.
3595 1813 3656 1870 Si

1928 1933 1976 1996 B
2006 1912 2142 1968 ergo
2176 1915 2330 1952 unus
2362 1901 2531 1964 Deus,
2568 1915 2750 1952 unum
2793 1915 3026 1966 nomen,
3064 1917 3182 1956 una
3227 1904 3504 1977 potestas,
3537 1919 3656 1958 una

2010 1987 2100 2072 est
2129 1983 2406 2040 Trinitas.
2441 1986 2703 2058 Denique
2725 1985 2848 2058 ipse
2871 1987 3148 2055 dicitzlte,
3184 1989 3450 2061 baptizata
3475 1998 3656 2062 gentes

2005 2075 2068 2129 in
2094 2075 2317 2128 nomine
2343 2075 2528 2129 Patris
2556 2081 2608 2128 et
2631 2075 2766 2130 Filii
2821 2083 2874 2130 et
2926 2077 3166 2147 Spiritus
3223 2080 3400 2134 sancti
3449 2077 3652 2149 (Matth.

2003 2180 2196 2230 xxvm,
2233 2164 2342 2231 19).
2373 2163 2435 2218 In
2463 2164 2688 2219 nomine
2731 2163 2955 2235 utique,
2991 2181 3104 2220 non
3139 2164 3198 2220 in
3231 2166 3590 2223 nominibus.
3623 2189 3654 2217 ››

2005 2251 2130 2308 Non
2155 2251 2334 2324 igitur
2363 2256 2601 2307 sanctus
2631 2252 2976 2307 Ambrosius
3006 2251 3110 2308 uni
3137 2269 3205 2308 ex
3221 2253 3506 2311 Trinitate
3525 2271 3656 2328 per-

2007 2357 2161 2395 sonae
2191 2338 2536 2412 singillatim
2567 2339 2844 2406 solitarie,
2879 2340 3032 2395 sicut
3061 2341 3658 2416 Gothescalcus,sup-

2005 2427 2276 2500 plicando
2299 2428 2506 2498 debere
2529 2428 2645 2482 dici
2685 2429 2886 2484 docuit
2908 2445 2921 2482 :
2947 2429 3074 2484 Tibi
3099 2431 3214 2486 Deo
3236 2431 3476 2504 gratias,
3500 2439 3558 2488 et
3587 2449 3660 2490 ne

2006 2516 2194 2572 simus
2215 2516 2438 2571 caeteris
2459 2517 2690 2572 duabus
2711 2517 2976 2582 personis
2996 2517 3658 2591 ingrati,oporteresub-

1961 2659 1969 2666 ,
1997 2605 2124 2677 jici,
2158 2604 2335 2660 Vobis
2361 2605 2475 2660 Deo
2505 2605 2726 2677 gratias
2759 2621 2773 2658 :
2809 2605 2949 2676 quia
2979 2606 3156 2662 unius
3188 2607 3290 2662 Dei
3319 2625 3534 2664 nomen
3566 2613 3656 2666 est

2007 2694 2178 2748 Pater
2196 2697 2252 2749 et
2273 2692 2454 2748 Filius
2476 2697 2533 2748 et
2553 2693 2828 2764 Spiritus.
2853 2693 3018 2749 Sicut
3035 2695 3393 2752 Athanasius
3413 2696 3474 2751 in
3506 2697 3654 2755 libro

2007 2781 2196 2854 primo
2217 2782 2288 2836 de
2307 2779 2444 2836 Fide
2463 2781 2717 2836 ostendit
2737 2779 2938 2836 dicens
2963 2798 2976 2836 :
3007 2803 3035 2832 «
3054 2783 3184 2838 Haec
3215 2788 3324 2851 est,
3356 2783 3654 2857 inquiens,

2009 2868 2261 2924 materiae
2286 2867 2535 2923 formula
2555 2868 2614 2923 in
2636 2869 3011 2925 conclusione
3033 2870 3521 2940 haereticorum,et
3533 2873 3656 2928 haec

2007 2957 2168 3014 tituli
2183 2955 2425 3012 victoria
2444 2956 2505 3011 in
2529 2956 2898 3013 absolutione
2919 2958 3367 3028 catholicorum,
3389 2976 3564 3032 quam
3583 2959 3658 3016 si-

2007 3045 2247 3119 gniﬁcat
2276 3045 2598 3118 principale
2630 3047 2975 3101 mandatum
3006 3046 3135 3102 Dei:
3159 3048 3360 3104 Euntes
3393 3049 3657 3120 baptizata

2010 3151 2192 3192 omnes
2247 3142 2428 3204 gentes
2481 3135 2542 3190 in
2591 3135 2811 3189 nomine
2861 3135 3045 3189 Patris
3089 3142 3143 3190 et
3184 3138 3319 3193 Filii
3347 3144 3397 3193 et
3417 3137 3658 3210 Spiritus

2009 3225 2186 3280 sancti
2215 3223 2419 3296 (Matth.
2451 3240 2648 3291 xxvm,
2683 3223 2792 3292 19).
2825 3222 2974 3278 Audi
3033 3222 3094 3278 in
3147 3223 3257 3281 hoc
3314 3225 3658 3282 admirabile

241 3349 270 3380 «
298 3333 457 3385 Deus
487 3340 641 3381 meus
671 3331 724 3380 et
752 3323 1014 3378 salutaris
1049 3337 1222 3388 meus,
1254 3320 1363 3375 hoc
1389 3323 1478 3374 est
1504 3319 1678 3374 Jesus
1709 3334 1897 3373 meus.
1929 3299 1973 3364 Ο
2011 3329 2077 3370 ac
2108 3311 2299 3385 regale
2330 3312 2650 3378 decretum,
2682 3311 2743 3366 in
2775 3329 2890 3384 quo
2921 3329 3094 3368 omne
3131 3318 3564 3370 sacramentum
3595 3314 3658 3370 in

242 3438 270 3469 «
299 3415 418 3473 Ubi
442 3414 587 3470 dum
609 3429 726 3469 non
741 3412 982 3468 dicitur:
999 3409 1174 3466 Nami
1182 3427 1283 3482 pse
1297 3409 1452 3464 Deus
1464 3423 1652 3475 meus,
1676 3407 1777 3463 sed
1800 3423 1900 3478 po-

239 3528 268 3557 «
299 3505 451 3570 tius,
475 3505 654 3575 etipse
666 3503 807 3558 Deus
827 3516 1002 3566 meus,
1021 3497 1414 3572 proculdubio
1429 3494 1700 3569 patefecit
1718 3498 1776 3550 et
1800 3511 1899 3566 pa-

241 3617 269 3646 «
298 3592 678 3651 tefacitDeus
691 3589 947 3662 Spiritus
961 3591 1220 3653 sanctus,
1237 3586 1392 3658 quod
1406 3585 1558 3641 sicut
1571 3585 1723 3639 Deus
1737 3584 1904 3638 Pater

241 3707 270 3735 «
299 3687 398 3741 est
431 3699 539 3755 per
559 3697 622 3736 se
641 3680 816 3746 Deus,
842 3677 926 3734 sic
946 3681 1036 3733 est
1056 3681 1112 3732 et
1137 3675 1338 3732 Filius.
1363 3673 1545 3746 Igitur
1565 3673 1902 3744 ubicunque

247 3771 489 3829 «tacito
539 3769 641 3826 Dei
687 3767 775 3824 vel
822 3765 1052 3823 Domini
1105 3764 1341 3821 nomine
1369 3761 1708 3818 nominatur
1736 3761 1905 3816 Pater

244 3886 272 3914 α
303 3867 362 3918 et
396 3859 586 3917 Filius
617 3862 674 3914 et
703 3857 958 3930 Spiritus
989 3847 1251 3920 sanctus,
1275 3856 1342 3909 ut
1372 3857 1462 3907 est
1489 3849 1633 3906 illud
1668 3867 1681 3906 :
1713 3851 1901 3920 Bapti-

245 3974 272 4002 «
303 3957 498 4007 nantes
549 3963 638 4004 eos
693 3948 750 4002 in
809 3945 1030 4002 nomine
1072 3943 1274 4010 Patris,
1307 3950 1359 3997 et
1403 3941 1555 4008 Filii,
1587 3947 1637 3995 et
1665 3939 1904 4010 Spiritus

246 4063 274 4092 «
303 4039 512 4106 sancti,
531 4051 898 4108 unaquaeque
927 4048 1177 4106 persona
1204 4047 1436 4102 semper
1453 4027 1736 4084 Dominus
1751 4028 1903 4082 Deus

251 4151 278 4179 κ
306 4127 491 4184 debet
523 4123 793 4196 intelligi.
825 4121 962 4178 Tale
993 4124 1082 4176 est
1112 4119 1256 4174 illud
1293 4135 1306 4172 :
1341 4119 1651 4174 Paraclitus
1701 4123 1903 4188 autem,

249 4242 276 4270 ‹‹
306 4232 476 4290 quem
504 4215 680 4270 mittet
707 4214 869 4268 Pater
897 4213 958 4266 in
985 4210 1207 4267 nomine
1249 4224 1388 4263 meo.
1423 4205 1582 4262 Misit
1626 4222 1902 4286 namque,

250 4330 277 4358 ‹‹
305 4303 517 4372 mittit,
541 4307 602 4360 et
629 4302 825 4358 mittet
853 4302 1039 4356 Deum
1069 4299 1222 4354 Deus
1253 4297 1312 4352 in
1345 4296 1581 4352 nomine
1613 4293 1736 4350 Dei.
1772 4295 1905 4350 Ideo

250 4419 276 4447 α
311 4393 438 4452 dixi
486 4409 605 4448 non
654 4391 826 4462 longe
867 4387 1140 4461 superius
1173 4403 1186 4441 :
1219 4385 1329 4442 Uni
1361 4403 1430 4440 ex
1457 4383 1745 4440 Trinitate
1771 4399 1906 4456 per-

251 4509 280 4537 (ε
314 4499 500 4549 sonas,
519 4480 616 4536 cui
635 4477 977 4552 singillatim
995 4475 1252 4532 solitarie
1269 4471 1908 4546 supplicamus,debere

253 4598 282 4626 ε(
313 4571 433 4630 dici
470 4587 484 4628 :
523 4571 645 4626 Tibi
672 4571 776 4625 Deo
803 4567 1031 4639 gratias,
1063 4568 1121 4620 et
1151 4579 1224 4619 ne
1257 4563 1446 4618 simus
1493 4559 1713 4616 caeteris
1763 4560 1908 4615 dua-

2011 3401 2223 3458 deitate
2254 3400 2558 3456 Trinitatis
2588 3401 2780 3455 uniter
2807 3401 3278 3468 continetur.Qui
3308 3401 3452 3458 dixit
3479 3405 3542 3459 in
3567 3419 3661 3461 no-

2009 3492 2176 3558 mine,
2209 3490 2504 3545 evidenter
2547 3506 2724 3543 unam
2759 3489 3031 3570 deitatem
3065 3491 3125 3545 in
3158 3490 3441 3548 Trinitate
3473 3491 3657 3548 consi-

2012 3583 2164 3635 stere
2195 3578 2525 3648 declaravit,
2559 3583 2617 3632 et
2665 3579 2821 3650 quod
2878 3583 3225 3650 prosecutus
3257 3583 3364 3647 est,
3395 3581 3581 3636 Patris
3611 3587 3663 3636 et

2009 3669 2146 3724 Filii
2173 3676 2224 3723 et
2251 3668 2491 3738 Spiritus
2521 3669 2716 3734 sancti,
2737 3684 2838 3738 per
2867 3667 3100 3738 singula
3129 3667 3367 3724 nomine.
3396 3667 3662 3741 singulas

2011 3773 2290 3828 personas
2321 3755 2512 3808 inesse
2534 3754 2862 3809 distinxit.»
2900 3755 2968 3808 Et
2996 3754 3134 3808 item
3166 3755 3226 3808 in
3257 3755 3460 3810 eodem
3487 3755 3657 3812 libro.

2017 3865 2040 3895 α
2076 3845 2238 3900 Verbo
2271 3845 2500 3898 Domini
2529 3844 2649 3896 coeti
2675 3843 2884 3912 ﬁrmati
2921 3849 3066 3909 sunt,
3099 3849 3151 3898 et
3175 3843 3377 3912 spiritu
3404 3844 3516 3899 oris
3543 3845 3662 3916 ejus

2011 3935 2188 3990 omnis
2209 3934 2380 3987 virtus
2409 3947 2596 3986 eorum
2627 3931 2796 4002 (Psat.
2838 3947 3014 3999 χχχιι,
3044 3931 3121 3998 6).
3155 3930 3365 4001 Utique
3402 3929 3659 3987 Verbum

2014 4021 2227 4078 Filium
2251 4019 2544 4088 indicavit,
2573 4019 2885 4074 Dominum
2910 4024 3107 4073 autem
3130 4019 3357 4074 Patrem
3379 4019 3663 4076 essedesi-

2013 4109 2230 4184 gnavit,
2245 4113 2302 4164 et
2313 4107 2586 4180 spiritum
2617 4107 2734 4162 oris
2747 4108 2875 4178 ejus
2896 4106 3177 4178 Spiritum
3201 4111 3472 4164 sanctum
3493 4107 3660 4164 dixit.

2013 4199 2188 4254 Vides
2210 4198 2270 4252 in
2291 4197 2384 4252 his
2413 4197 2679 4268 personis
2705 4195 2937 4251 unitum
2968 4213 3096 4252 esse
3125 4213 3337 4252 nomen
3359 4197 3664 4254 Trinitatis

2014 4289 2074 4344 in
2099 4291 2326 4354 natura,
2361 4285 2815 4358 Psalmographo
2846 4301 3081 4357 quoque
3112 4285 3499 4356 approbante:
3535 4291 3667 4344 Pro-

2010 4385 2197 4450 pterea
2242 4377 2406 4430 unacit
2433 4382 2482 4430 le
2510 4375 2651 4430 Deus
2701 4375 2839 4429 Deus
2869 4382 2996 4430 tuus
3027 4373 3197 4445 (Psat.
3229 4391 3378 4444 xmv,
3410 4374 3488 4448 6).
3521 4375 3666 4432 Ecce

2016 4467 2200 4523 Deum
2214 4465 2609 4532 etDeum,non
2623 4467 2816 4518 tamen
2839 4461 3144 4534 pluraliter
3161 4461 3421 4519 invenies
3442 4463 3666 4520 dictum

2017 4555 2078 4610 in
2099 4555 2190 4609 his
2214 4551 2479 4624 personis
2502 4552 2697 4607 deos.»
2722 4552 2829 4606 Sed
2854 4551 3328 4608 necAthanasius
3350 4551 3452 4608 uni
3473 4552 3671 4626 singu-

255 4685 285 4716 ‹‹
314 4662 432 4719 bus
463 4657 733 4734 personis
761 4638 1000 4728 ingrati,
1050 4657 1312 4726 oportere
1361 4648 1592 4722 subjici,
1628 4649 1780 4705 Vobis
1805 4649 1912 4706 ι)το
1945 4667 1991 4731 D
2023 4641 2224 4734 lariter
2253 4659 2512 4734 persona:
2545 4657 2714 4712 posse
2743 4638 3082 4734 supplicari,
3115 4645 3218 4734 aut
3263 4640 3472 4734 debere
3503 4640 3614 4696 dici
3651 4657 3667 4695 :

255 4753 546 4824 «gratias.
584 4747 732 4815 Quia
789 4744 1059 4818 quisquis
1119 4743 1366 4814 loquens
1419 4740 1491 4796 ad
1553 4755 1732 4794 unam
1785 4755 1916 4810 per-

257 4865 284 4892 ι(
317 4857 530 4898 sonam
593 4836 752 4903 dicit,
821 4835 938 4890 Tibi
997 4832 1250 4888 Trinitati
1326 4833 1430 4886 Deo
1481 4829 1710 4900 gratias,
1771 4843 1916 4898 pene

259 4950 288 4982 κ
322 4929 407 4984 sic
454 4927 616 4983 errat
671 4929 736 4978 ut
791 4922 1030 4978 Judaeus
1078 4922 1136 4974 et
1167 4907 1569 4974 'Sabellianus.
1605 4914 1777 4970 Porro
1811 4913 1914 4985 qui

259 5041 288 5070 ‹‹
323 5015 488 5084 dicit,
534 5013 706 5070 Vobis
762 5011 872 5067 diis
926 5010 1154 5082 gratias,
1199 5011 1302 5063 aut
1359 5021 1622 5078 paganus
1680 5006 1770 5058 est
1800 5005 1916 5057 aut

264 5129 293 5158 (ε
322 5106 602 5163 Arianus.
635 5104 709 5158 At
759 5098 860 5173 qui
909 5098 1050 5154 dicit
1099 5095 1443 5152 unicuilibet
1481 5109 1760 5164 personae,
1800 5091 1918 5147 Tibi

263 5219 292 5248 «
323 5196 431 5252 Deo
460 5193 694 5266 gratias,
727 5193 904 5261 atque
935 5203 1097 5258 mque
1127 5185 1464 5256 czeterisque
1521 5183 1752 5238 duabus
1783 5197 1916 5253 per-

267 5307 297 5338 α
327 5283 514 5352 sonis,
553 5281 707 5339 Vobis
767 5284 877 5334 Deo
927 5277 1155 5349 gratias,
1187 5290 1384 5330 revera
1413 5270 1734 5328 catholicus
1765 5269 1914 5326 585

267 5397 296 5424 ‹‹
328 5377 440 5442 est,
471 5389 539 5428 ac
571 5385 743 5426 verus
774 5365 978 5438 utique
1007 5362 1392 5420 Christianus.
1428 5384 1456 5411 ››

335 5477 430 5516 xr.
452 5459 672 5514 Contra
690 5456 799 5512 has
819 5458 990 5510 antea
1007 5450 1303 5507 inauditas
1333 5447 1752 5520 blasphemias,
1783 5463 1916 5502 san-

269 5553 401 5606 ctus
420 5545 772 5605 Ambrosius
791 5544 853 5599 in
875 5543 1024 5598 libro
1046 5541 1234 5614 primo
1257 5541 1326 5595 de
1349 5538 1485 5594 Fide
1521 5537 1708 5609 capite
1729 5536 1918 5608 primo

2025 4730 2153 4788 Tibi
2187 4732 2303 4786 Deo
2336 4729 2664 4802 gratias,,et
2711 4729 2935 4784 caeteris
2987 4727 3254 4800 personis
3284 4745 3298 4784 :
3330 4727 3508 4784 Vobis
3553 4728 3670 4785 Deo

2023 4819 2264 4893 gratias,
2290 4819 2506 4874 docuit.
2533 4819 2602 4873 Et
2639 4817 2779 4873 item
2819 4817 2974 4872 idem
2997 4817 3056 4872 in
3079 4817 3226 4872 libro
3247 4815 3358 4872 alio
3379 4817 3450 4872 de
3480 4815 3670 4871 Trini-

2023 4913 2179 4964 tate:
2210 4933 2229 4958 «
2257 4907 2534 4979 Nunquid
2566 4905 3036 4978 praevaricatores
3067 4903 3324 4960 mandati
3356 4901 3672 4960 Salvatoris

2025 4997 2276 5072 apostoli
2324 4995 2511 5052 effecti
2561 4999 2718 5062 sunt,
2753 4999 2811 5050 et
2854 4999 3057 5049 contra
3110 4992 3484 5049 traditionem
3539 4991 3670 5063 ejus

2025 5087 2470 5160 baptizaverunt
2487 5089 2708 5140 tantam
2723 5083 3160 5138 multitudinem
3175 5082 3201 5136 ‘I
3218 5081 3340 5136 Non
3360 5079 3518 5136 enim
3535 5079 3673 5137 scri-

2026 5182 2192 5249 ptum
2209 5179 2298 5232 est
2317 5173 2456 5246 quia
2475 5173 2913 5244 baptizaverunt
2930 5172 2987 5226 in
3008 5170 3241 5226 nomine
3262 5169 3448 5224 Patris
3459 5172 3516 5225 et
3541 5169 3672 5225 Filii

2025 5269 2082 5321 et
2112 5265 2364 5338 Spiritus
2417 5261 2622 5329 sancti,
2659 5262 2757 5317 sed
2808 5265 3036 5316 tantum
3068 5259 3127 5313 in
3157 5257 3392 5314 nomine
3438 5259 3673 5315 Domini

2025 5355 2187 5412 Jesu.
2211 5354 2321 5410 Sed
2336 5370 2448 5408 non
2469 5355 2608 5408 sunt
2624 5348 3002 5422 praevaricati,
3027 5347 3198 5403 absit.
3223 5347 3368 5402 Nam
3386 5347 3522 5404 licet
3541 5347 3673 5404 Filii

2026 5461 2238 5500 nomen
2274 5443 2425 5499 536
2455 5438 2860 5495 tantummodo
2893 5435 3326 5504 dicatur,habet
3354 5440 3548 5492 tamen
3576 5437 3676 5492 Pa-

2026 5538 2176 5590 trem
2207 5537 2265 5588 et
2294 5530 2575 5602 Spiritum
2618 5531 2886 5582 sanctum
2935 5526 3401 5598 pronuntiatum,
3434 5525 3587 5583 sicut
3613 5525 3675 5580 in
3708 5573 3714 5580 .

272 5637 452 5694 dicit:
478 5661 506 5689 «
531 5634 812 5702 Assertio,
836 5613 1129 5704 inquiens,
1155 5633 1365 5686 nostrae
1405 5625 1538 5682 ﬁdei
1573 5625 1694 5680 haec
1715 5628 1820 5690 est,
1855 5628 1922 5680 ut
2029 5619 2351 5694 Scripturis
2399 5615 2618 5674 sanctis
2663 5616 3058 5688 probavimus.
3095 5615 3294 5688 Itaque
3337 5619 3395 5672 et
3425 5613 3678 5688 Spiritus

273 5743 458 5786 unum
478 5727 668 5786 Deum
689 5738 819 5782 esse
850 5721 1198 5787 credamus;
1231 5733 1438 5790 neque,
1463 5718 1529 5773 ut
1561 5718 1787 5789 gentes,
1820 5714 1916 5771 Fi-

2030 5715 2273 5771 sanctus
2333 5706 2586 5766 Sabaoth
2641 5705 2874 5774 dicitur,
2905 5709 3082 5763 etest
3128 5722 3262 5763 cum
3311 5705 3428 5763 Deo
3457 5707 3680 5762 etcum
