4148 6456
491 417 610 479 599

1417 416 1805 480 HINCMARI
1850 413 2298 480 BHEMENSIS
2338 415 2955 485 ABCHIEPTSCOPI.

3773 421 3892 488 ϐω

489 550 631 609 Filio
663 565 699 607 a
725 551 1031 623 Seraphim
1079 551 1393 618 adoratus;
1426 555 1661 624 propter
1702 553 1858 624 quod
1896 552 2018 609 huc
2042 557 2132 608 ter
2156 550 2216 618 Α
2243 552 2453 621 sancti,
2487 569 2602 610 non
2656 553 2782 611 sine
2840 555 3006 612 Patre
3031 558 3093 612 et
3123 554 3286 613 Filio.
3319 555 3475 614 Satis
3532 561 3742 615 notum
3799 562 3891 616 est

485 642 690 697 dicunt
745 641 1016 703 Sanctus,
1048 642 1320 707 Sanctus,
1369 641 1637 707 Sanctus,
1672 645 1738 697 ut
1787 641 2130 698 Trinitatem

485 729 989 803 pronuntiarent.»
1003 730 1148 785 Hinc
1161 733 1218 784 et
1231 730 1341 784 sub
1355 729 1463 785 hoc
1485 747 1659 786 sensu
1677 730 1828 786 hanc
1859 732 2130 802 qumstio-

486 837 619 876 nem
642 818 2128 891 beatussolvitAmbrosius.EtsanctusAugustinus,

485 909 556 963 de
588 925 702 980 quo
731 906 1147 964 Gothescalcus
1180 907 1476 964 multoties
1506 907 1648 963 dicit
1670 909 2006 978 Augustinus
2032 926 2130 965 no-

485 1005 614 1063 ster,
646 1001 713 1052 ut
738 997 964 1052 alienus
994 1014 1028 1052 a
1055 996 1432 1053 Gothescalco
1461 1002 1520 1053 et
1557 997 1638 1053 illi
1693 999 2042 1066 contrarius,
2075 1004 2133 1056 et

489 1104 602 1140 non
635 1103 781 1141 suus
829 1085 1100 1158 proprius
1145 1086 1232 1141 vel
1265 1087 1643 1154 domesticus,
1675 1093 1876 1144 contra
1905 1106 2040 1146 cum
2068 1089 2128 1145 in

484 1174 635 1229 libro
665 1179 870 1230 contra
896 1175 1158 1246 quinque
1187 1175 1436 1232 hmreses
1456 1177 1598 1232 dicit
1621 1195 1634 1232 :
1664 1201 1692 1227 «
1718 1178 1823 1245 Qui
1847 1178 2129 1250 Spiritum

487 1267 755 1319 sanctum
784 1281 819 1320 a
849 1264 1014 1318 Patre
1043 1269 1101 1319 et
1133 1264 1275 1320 Filio
1333 1266 1652 1322 aeternitate
1699 1272 1755 1322 et
1801 1268 2134 1324 substantia

485 1352 571 1408 vel
595 1353 1007 1408 communione
1028 1358 1342 1425 separat,et
1364 1355 1460 1426 qui
1493 1359 1666 1426 negat
1693 1357 1976 1428 Spiritum
2001 1374 2131 1414 esse

485 1445 542 1497 et
564 1441 752 1497 Patris
775 1445 832 1496 et
855 1441 1221 1514 Filii,plenus
1239 1447 1330 1498 est
1350 1443 1556 1516 spiritu
1579 1444 2130 1516 immundo,vacuus

485 1529 705 1601 Spiritu
738 1534 960 1585 sancto.
999 1553 1020 1580 ι
1055 1529 1300 1586 Videtur
1343 1531 1498 1587 enim
1539 1549 1809 1605 separare
1839 1535 1898 1590 in
1930 1539 2131 1592 sancta

483 1609 768 1675 Trinitate
797 1635 1077 1690 personas
1106 1619 1545 1687 Gothescalcus,
1579 1623 1678 1695 qui
1710 1623 1852 1679 dicit
1882 1640 1896 1679 :
1931 1648 1958 1674 «
1983 1626 2128 1682 Cum

485 1706 563 1764 sit
591 1725 660 1763 ex
691 1707 995 1776 Trinitate,
1028 1726 1132 1764 ceu
1182 1709 1386 1782 liquet,
1421 1729 1538 1767 una
1585 1729 1830 1785 queque
1883 1731 2132 1786 persona

482 1813 586 1869 per
613 1814 676 1852 se
707 1797 992 1852 Dominus
1023 1799 1194 1864 Deus,
1220 1804 1276 1854 et
1307 1800 1404 1854 uni
1433 1816 1502 1855 ex
1532 1801 1814 1859 Trinitate
1846 1820 2126 1875 personas,

482 1886 574 1941 cui
607 1885 950 1957 singillatim
983 1887 1240 1943 solitario
1287 1889 1690 1961 supplicamus
1739 1893 2129 1983 dicit‘debere
2157 1918 2207 1983 Β

482 1973 596 2029 dici
629 1990 641 2028 :
676 1973 806 2030 Tibi
858 1976 974 2030 Deo
1031 1975 1270 2047 gratias,
1301 1981 1359 2032 et
1389 1995 1460 2034 ne
1491 1979 1680 2036 simus
1726 1981 1947 2038 caeteris
1997 2000 2125 2055 per-

481 2063 644 2117 sonis
664 2061 901 2135 ingrati,
941 2069 1202 2134 oportere
1233 2066 1463 2138 subjici,
1495 2067 1674 2125 Vobis
1703 2070 1818 2125 Deo
1848 2072 2127 2143 gratias.»

481 2153 846 2222 Quapropter
865 2151 1018 2206 sicut
1044 2153 1429 2225 Augustinus,
1449 2157 1520 2212 de
1551 2174 1666 2229 quo
1699 2176 1812 2213 non
1838 2161 2130 2229 jacianter

483 2241 541 2294 et
571 2239 946 2305 mendaciter,
980 2243 1044 2295 ut
1075 2242 1512 2312 Gothescalcus,
1547 2245 1646 2300 sed
1679 2246 1939 2303 lmtanter
1967 2253 2025 2304 et
2045 2267 2131 2305 ve-

483 2327 692 2383 raciter
712 2328 996 2384 catholica
1019 2330 1274 2387 Ecclesia
1291 2333 1654 2404 Augustinus
1677 2341 1875 2392 noster
1903 2339 2128 2406 dicit,in

483 2417 723 2489 praefato
756 2416 906 2474 libro
953 2420 1184 2486 fatetur,
1218 2421 1426 2492 plenus
1455 2427 1543 2478 est
1572 2424 1983 2483 Gnthescalcus
2008 2429 2132 2485 hazc

483 2503 686 2561 dicens
733 2506 944 2578 spiritu
995 2507 1326 2577 immundo,
1370 2529 1589 2569 vacuus
1637 2514 1853 2586 Spiritu
1905 2521 2126 2574 sancto.

483 2594 698 2650 Contra
720 2595 828 2651 hoc
857 2597 1012 2668 quod
1044 2598 1186 2653 dicit
1215 2599 1631 2658 Gothescalcus
1659 2620 1880 2660 vacuus
1910 2605 2129 2678 Spiritu

485 2687 714 2739 sancto:
745 2705 768 2736 ι
784 2684 928 2740 Cum
948 2685 1024 2741 sit
1039 2703 1106 2740 ex
1123 2687 1406 2744 Trinitate
1427 2706 1533 2744 ceu
1557 2689 1740 2764 liquet
1767 2709 2132 2767 unaquaque

483 2789 752 2844 persona,
772 2771 866 2829 cui
897 2775 1238 2847 singillatim
1268 2777 1524 2834 solitarie
1554 2780 2012 2853 supplicamus,»
2030 2803 2132 2856 per

483 2877 546 2916 se
577 2861 862 2916 Dominus
893 2863 1066 2926 Deus,
1087 2863 1230 2920 dicit
1261 2865 1469 2938 plenus
1499 2868 1719 2940 Spiritu
1741 2875 1942 2927 sancto
1957 2872 2130 2930 Jesus

484 2949 768 3005 Dominus
799 2952 952 3007 Deus
987 2969 998 3008 :
1030 2954 1140 3025 Ego
1169 2961 1222 3010 et
1247 2956 1408 3012 Pater
1434 2973 1609 3014 unum
1635 2975 1826 3015 sumus
1855 2964 2038 3030 (Joan.
2071 2981 2127 3029 x,

481 3039 591 3108 30).
626 3039 695 3094 Et
723 3039 858 3095 item
895 3057 907 3094 :
941 3042 1214 3115 Philippe,
1242 3046 1340 3116 qui
1365 3045 1511 3103 ridet
1528 3063 1614 3103 me
1642 3047 1786 3104 videt
1810 3057 1863 3105 et
1888 3051 2126 3107 Patrem.

483 3127 751 3195 Quomodo
787 3137 846 3184 tu
872 3128 1011 3185 dicis
1041 3150 1060 3185 :
1087 3131 1312 3189 Ostende
1363 3134 1521 3191 nobis
1570 3137 1788 3192 Patrem
1807 3141 1832 3192 .9
1859 3138 1977 3193 Non
2013 3155 2127 3196 ere-

477 3215 565 3271 dis
594 3217 726 3288 quia
752 3234 846 3287 ego
877 3219 935 3272 in
964 3221 1144 3287 Patre,
1177 3228 1232 3277 et
1273 3223 1436 3278 Pater
1483 3226 1544 3279 in
1571 3241 1659 3281 me
1685 3233 1765 3282 est
1793 3227 1972 3298 (Joan.
2007 3245 2121 3297 xw,

478 3305 534 3374 9,
562 3305 857 3372 10)?Quod
876 3307 1080 3364 beatus
1102 3310 1466 3382 Augustinus
1497 3314 1697 3369 eodem
1734 3316 1955 3388 Spiritu
1987 3334 2121 3372 san-

481 3396 574 3448 cto
604 3393 839 3448 afﬂatus
869 3411 1164 3466 exponens
1206 3399 1346 3454 dicit
1376 3400 1572 3470 (tract.
1594 3403 1656 3458 in
1675 3403 1865 3474 Joan.)
1900 3422 1914 3460 :
1951 3426 1978 3456 ‹‹
2011 3404 2127 3461 Cur

478 3479 899 3552 inseparabiles
927 3485 1239 3554 separatim
1274 3488 1571 3550 desideras
1603 3508 1774 3547 nosse
1795 3492 1824 3547 ?
1848 3515 1875 3541 ι)
1909 3478 2124 3550 Deinde

479 3586 594 3624 non
627 3570 698 3625 ad
729 3570 920 3626 solum
954 3573 1305 3647 Philippum,
1340 3578 1438 3632 sed
1471 3579 1541 3634 ad
1575 3595 1673 3636 eos
1704 3579 2008 3653 pluraliter
2034 3582 2122 3638 lo-

479 3658 684 3730 quitur
715 3677 728 3714 :
764 3683 791 3710 ‹‹
830 3661 994 3716 Verba
1021 3679 1147 3734 quae
1172 3681 1269 3734 ego
1299 3666 1488 3738 loquor
1515 3669 1682 3737 vobis,
1713 3686 1748 3725 τι
1775 3687 1860 3726 me
1889 3673 2124 3743 ipsonon

479 3747 668 3818 loquor
696 3765 715 3802 :
745 3749 909 3805 Pater
935 3758 1116 3808 autem
1145 3755 1205 3808 in
1233 3771 1320 3810 me
1347 3772 1574 3813 manens
1620 3759 1735 3830 ipse
1780 3760 1915 3830 facit
1960 3776 2124 3832 opera

477 3836 678 3906 (ibid).
714 3838 859 3904 Quid
912 3844 1002 3895 est
1044 3858 1079 3896 a
1127 3859 1219 3898 me
1258 3843 1384 3916 ipso
1416 3863 1528 3900 non
1563 3845 1787 3919 loquor,
1819 3847 1932 3905 nisi
1965 3867 1999 3904 a
2027 3866 2121 3905 me

477 3921 605 3994 ipso
634 3941 747 3979 non
779 3942 910 3981 sum
963 3927 1063 3999 qui
1116 3928 1365 4002 loquor?
1393 3933 1454 3987 Ei
1487 3933 1703 4006 quippe
1732 3935 1937 3992 tribuit
1965 3939 2118 4009 quod

476 4011 635 4078 facit,
669 4013 741 4069 de
774 4031 888 4085 quo
920 4021 1010 4071 est
1051 4016 1176 4088 ipse
1224 4020 1324 4090 qui
1375 4021 1530 4076 facit.
1561 4022 1730 4078 Pater
1775 4025 1932 4080 enim
1966 4026 2120 4084 Deus

475 4116 590 4154 non
623 4103 712 4154 est
739 4102 808 4155 de
841 4103 1057 4173 aliquo,
1091 4105 1269 4162 Filius
1328 4113 1521 4163 autem
1585 4113 1733 4167 Deus
1762 4118 1853 4168 est
1882 4113 2117 4185 quidem

477 4187 629 4241 Patri
653 4189 913 4260 aequalis,
939 4193 1038 4246 sed
1063 4193 1134 4248 de
1155 4194 1319 4251 Patre
1359 4197 1494 4252 Deo.
1521 4197 1651 4253 Ideo
1691 4199 1788 4256 ille
1810 4202 1983 4271 Deus,
2017 4205 2115 4260 sed

475 4290 589 4327 non
613 4274 685 4328 de
709 4275 844 4342 Deo,
867 4281 925 4331 et
945 4276 1162 4345 lumen,
1187 4283 1288 4336 sed
1315 4300 1426 4338 non
1449 4285 1520 4339 de
1541 4285 1762 4344 lumine
1787 4307 1800 4356 ;
1845 4287 1954 4346 iste
1985 4308 2116 4348 vero

478 4361 626 4416 Deus
648 4362 720 4416 de
744 4364 880 4431 Deo,
903 4364 1100 4421 lumen
1125 4369 1195 4424 de
1216 4369 1456 4428 lumine.
1485 4395 1511 4421 »
1535 4374 1795 4448 Denique
1825 4379 2113 4453 adjungit,

472 4454 528 4504 et
555 4451 672 4505 ait:
707 4474 735 4500 «
769 4453 884 4508 Non
940 4455 1160 4513 creditis
1207 4461 1336 4530 quia
1362 4477 1456 4532 ego
1487 4464 1546 4518 in
1574 4468 1755 4530 Patre,
1787 4475 1840 4523 et
1864 4451 2034 4524 Pater
2054 4473 2114 4526 in

470 4554 557 4593 me
584 4543 707 4594 cst?
735 4541 985 4631 alioquin
1029 4554 1246 4617 propter
1299 4566 1455 4620 opera
1505 4553 1622 4624 ipsa
1671 4555 1868 4612 credite
1910 4558 2109 4631 (ibid.).

2240 638 2394 696 recte
2417 642 2910 710 credentibus,vel
2941 643 3118 699 etiam
3150 649 3215 700 ut
3241 651 3492 718 possunt
3517 645 3892 720 intelligenti-

2241 729 2372 794 bus,
2401 734 2458 785 et
2490 731 2618 787 ideo
2665 731 2809 787 illud
2869 731 3090 788 dictum
3129 748 3260 788 esse
3289 735 3360 790 de
3390 735 3578 803 Patre,
3611 736 3734 808 Ipse
3759 737 3894 807 facit

2239 833 2420 889 opera,
2454 820 2606 890 quod
2642 819 2713 874 ab
2742 819 2842 874 illo
2883 820 2960 876 sit
3005 821 3166 894 origo
3205 822 3378 878 etiam
3409 837 3677 896 cperam,
3709 841 3748 880 a
3777 841 3890 898 quo

2240 911 2328 962 est
2359 907 2667 962 existentia
2715 909 3151 980 cooPerantium
3197 926 3579 982 personarum
3615 930 3630 968 :
3663 913 3808 986 quia
3834 919 3890 969 et

2241 993 2424 1051 Filius
2445 996 2516 1051 de
2535 1013 2601 1051 eo
2623 1001 2798 1052 natus
2817 1001 2924 1064 est,
2953 1001 3010 1053 et
3039 999 3296 1070 Spiritus
3325 1006 3570 1058 sanctus
3601 1001 3889 1074 principa-

2239 1082 2372 1140 liter
2391 1085 2461 1153 de
2487 1083 2584 1140 illo
2607 1085 2888 1155 procedit,
2913 1087 2982 1142 de
3002 1103 3118 1158 quo
3137 1092 3309 1144 natus
3337 1093 3430 1145 est
3457 1089 3729 1157 Filius,ct
3755 1107 3885 1147 cum

2239 1187 2355 1244 quo
2399 1171 2481 1227 illi
2531 1173 2864 1230 communis
2912 1180 3002 1232 est
3029 1176 3182 1232 idem
3213 1177 3486 1248 Spiritus.
3519 1201 3547 1229 ››
3581 1180 3730 1235 Ecce
3755 1197 3890 1252 quo-

2239 1262 2411 1317 modo
2443 1261 2725 1317 mentitur
2772 1263 3209 1331 Gothescalcus,
3241 1264 3443 1324 dicens
3487 1268 3885 1340 Augustinum

2238 1365 2366 1405 esse
2394 1367 2592 1418 suum,
2626 1351 2963 1420 Augustinus
3000 1353 3274 1426 inquiens
3331 1354 3630 1412 multoties
3687 1365 3886 1414 noster.

2238 1439 2384 1494 Nam
2417 1438 2598 1495 claret
2635 1439 2775 1511 quia
2821 1441 3238 1499 Gothescalcus
3286 1459 3402 1500 non
3433 1449 3525 1502 est
3549 1444 3886 1518 Augustini,

2238 1525 2516 1598 quoniam
2558 1544 2672 1584 non
2723 1529 2923 1596 credit,
2957 1545 3061 1585 nec
3108 1531 3462 1602 dogmatizat
3499 1531 3657 1588 sicut
3686 1536 3884 1607 Augu-

2239 1615 2451 1685 stinus,
2486 1631 2590 1672 nec
2617 1618 2981 1689 Augustinus
3037 1623 3126 1674 est
3182 1616 3566 1690 Gothescalci,
3599 1622 3743 1695 quia
3769 1623 3890 1681 dis-

2239 1704 2417 1759 sentit
2443 1721 2479 1760 a
2509 1704 2909 1773 Gothescalco,
2933 1711 2990 1763 et
3017 1708 3298 1765 catholico
3350 1711 3547 1777 sentit,
3581 1713 3740 1783 quod
3775 1728 3886 1769 non

2239 1791 2376 1848 facit
2405 1793 2841 1862 Gothescalcus,
2865 1795 3068 1852 dicens
3087 1796 3228 1869 quia
3257 1795 3428 1854 Pater
3455 1804 3548 1855 est
3577 1799 3759 1868 Deus,
3787 1795 3884 1857 sed

2237 1897 2352 1936 non
2383 1881 2454 1936 de
2483 1882 2618 1949 Deo,
2656 1882 2836 1939 Filius
2887 1887 2976 1940 est
3018 1885 3192 1951 Deus,
3221 1887 3321 1942 sed
3373 1887 3528 1944 Deus
3556 1889 3628 1944 de
3659 1889 3802 1954 Deo,
3829 1894 3890 1946 et

2237 1985 2353 2024 non
2387 1969 2470 2024 sic
2500 1969 2662 2037 dicit,
2695 1970 2851 2026 sicut
2897 1972 3312 2030 Gothescalcus
3359 1974 3509 2032 falso
3549 1975 3720 2044 dicit,
3751 1979 3889 2050 quia

2239 2074 2602 2130 unaquaeque
2633 2074 2701 2113 ex
2731 2058 3017 2116 Trinitate
3035 2077 3284 2134 persona
3305 2079 3482 2136 perse
3503 2065 3580 2121 sit
3601 2065 3889 2124 Dominus

2239 2147 2412 2203 Deus.
2448 2147 2559 2202 Sed
2610 2153 2666 2202 et
2705 2149 3132 2219 testimonium,
3163 2153 3414 2209 abusum
3445 2169 3482 2210 a
3511 2154 3889 2212 Gothescaico

2238 2235 2309 2290 ad
2342 2251 2509 2290 suam
2540 2238 3002 2294 confirmandam
3051 2241 3422 2310 sententiam,
3457 2256 3572 2316 quo
3603 2243 3754 2301 dicit
3780 2245 3886 2301 Do-

2239 2323 2456 2392 minus,
2516 2326 2831 2382 Paractetus
2885 2335 3068 2383 autem
3139 2328 3379 2401 Spiritus
3433 2340 3676 2405 sanctus,
3734 2351 3889 2407 quem

2236 2413 2411 2468 mittet
2450 2418 2610 2468 Pater
2655 2415 2711 2468 in
2760 2417 2982 2471 nomine
3035 2431 3172 2485 meo,
3200 2416 3372 2492 longe
3429 2419 3600 2476 aliter
3655 2421 3890 2496 exponit

2239 2505 2479 2556 sanctus
2519 2501 2832 2574 Gregorius
2877 2503 3097 2576 Spiritu
3145 2511 3347 2564 sancto
3396 2508 3675 2580 repletus,
3709 2527 3885 2583 quam

2241 2589 2654 2646 Gothescalcus
2684 2591 2894 2663 spiritu
2933 2592 3240 2652 immundo
3273 2595 3574 2669 impletus.
3605 2599 3703 2654 Ait
3731 2599 3884 2657 enim

2239 2677 2447 2733 beatus
2481 2679 2793 2751 Gregorius
2822 2679 2883 2736 in
2915 2681 3158 2739 homilia
3184 2684 3479 2759 Evangelii
3531 2687 3838 2760 trigesima
3868 2706 3882 2745 :

2241 2767 2556 2838 Paractctus
2585 2775 2765 2824 autem
2793 2769 3033 2840 Spiritus
3067 2781 3304 2841 sanctus,
3339 2791 3497 2846 quem
3522 2777 3701 2833 mittet
3728 2783 3888 2834 Pater

2239 2855 2300 2910 in
2345 2857 2567 2912 nomine
2612 2874 2749 2925 meo,
2800 2859 2896 2914 itte
2949 2875 3041 2926 vos
3082 2861 3291 2919 docebit
3327 2865 3535 2933 omnia,
3567 2874 3621 2922 et
3642 2875 3892 2939 suggeret

2237 2944 2385 3000 vobis
2415 2946 2607 3002 omnia
2655 2962 2985 3020 quiscunque
3020 2948 3210 3007 dicere
3237 2951 3384 3008 vobis
3413 2952 3588 3020 (Joan.
3622 2971 3738 3021 xxv,
3770 2958 3883 3026 26).

2239 3031 2454 3101 Nostis,
2490 3031 2727 3106 plurimi
2775 3036 2980 3094 fratres
3009 3037 3144 3105 mei,
3180 3041 3334 3112 quod
3367 3041 3564 3098 Greece
3593 3041 3890 3102 locutione

2233 3123 2562 3193 paractetus,
2596 3123 2803 3179 Latina
2829 3124 3118 3182 advocatus
3145 3127 3378 3198 dicitur,
3410 3130 3498 3186 vel
3532 3133 3838 3190 consolator
3864 3153 3884 3189 :

2240 3210 2379 3282 quia
2407 3211 2622 3268 idcirco
2653 3213 2968 3270 advocatus
2997 3214 3230 3286 dicitur,
3255 3218 3393 3290 quia
3423 3236 3527 3292 pro
3557 3237 3754 3279 errore
3785 3225 3885 3279 do-

2155 3285 2197 3351 C
2235 3298 2627 3372 linquentium
2672 3303 2828 3374 apud
2869 3303 3166 3375 justitiam
3193 3285 3380 3364 Patris
3411 3285 3744 3367 intervenit.
3776 3312 3885 3380 Qui

2233 3388 2412 3446 unius
2456 3391 2798 3446 substantiae
2847 3409 2982 3448 cum
3031 3393 3198 3450 Patre
3227 3399 3284 3452 et
3314 3395 3476 3466 Filio,
3507 3414 3750 3456 exorare
3779 3417 3886 3473 pro

2231 3477 2708 3550 delinquentibus
2739 3481 3242 3556 perhibetur,quia
3269 3501 3368 3541 eos
3395 3501 3547 3558 quos
3575 3488 3888 3561 repleverit

2231 3572 2535 3622 exerentes
2569 3567 2724 3623 facit.
2775 3574 2851 3624 De
2881 3587 2996 3642 quo
3027 3571 3315 3644 paracleto
3343 3573 3565 3648 Spiritu
3597 3577 3740 3635 item
3777 3580 3883 3636 Do-

2232 3655 2429 3712 minus
2460 3656 2600 3712 dicit
2633 3674 2646 3712 :
2677 3657 2812 3714 Cum
2839 3663 3048 3716 venerit
3071 3662 3407 3732 Paracletus,
3437 3681 3600 3738 quem
3622 3683 3721 3740 ego
3749 3671 3885 3725 mit-

2230 3751 2340 3798 tam
2371 3746 2518 3800 vobis
2545 3763 2580 3800 a
2609 3749 2793 3815 Patre,
2821 3749 3080 3820 spiritum
3107 3753 3351 3809 veritatis
3375 3756 3474 3826 qui
3502 3772 3535 3810 a
3567 3759 3736 3813 Patre
3760 3773 3886 3831 pro-

2228 3833 2387 3899 cedit,
2420 3835 2517 3890 itte
2559 3837 2929 3892 testimonium
2973 3839 3278 3910 perhibebit
3315 3841 3380 3898 de
3406 3859 3512 3910 me,
3538 3852 3592 3900 et
3617 3861 3711 3902 vos
3738 3849 3884 3904 tati-

2228 3923 2477 3977 monium
2526 3924 2900 3995 perhibebitis.
2955 3927 3130 3998 (Joan.
3181 3946 3274 3996 xv,
3323 3933 3413 4000 26,
3461 3935 3574 4000 27).
3639 3935 3704 3990 In
3759 3952 3882 4008 qua

2228 4011 2521 4067 sententia
2549 4014 2872 4069 notandum
2902 4015 2960 4070 in
2995 4015 3200 4088 primis
3231 4024 3472 4077 sanctus
3491 4022 3647 4078 Beda
3677 4024 3882 4082 doctor

2228 4099 2514 4156 mirabilis
2539 4118 2608 4156 ex
2637 4102 3056 4159 catholicorum
3086 4106 3278 4164 verbis
3309 4113 3367 4164 et
3395 4110 3672 4169 sensibus
3702 4112 3762 4168 in
3780 4113 3883 4170 ho-

2227 4187 2392 4242 milia
2419 4189 2709 4262 Evangelii
2735 4191 2892 4260 dicit,
2927 4195 3078 4265 quod
3113 4195 3399 4255 Dominus
3421 4198 3706 4272 Spiritum
3735 4202 3880 4258 veri-

2223 4275 2362 4332 tatis
2391 4281 2447 4332 ct
2476 4294 2510 4332 a
2540 4295 2602 4334 se
2633 4279 2984 4337 mittendum
3041 4300 3173 4340 esse
3210 4290 3476 4356 testatur,
3509 4293 3569 4345 et
3597 4291 3876 4348 eumdem

2224 4381 2359 4421 mox
2387 4383 2422 4421 a
2451 4366 2617 4423 Patre
2655 4371 2964 4440 procedere
3019 4373 3328 4446 subjungit
3355 4392 3368 4431 :
3403 4392 3518 4436 non
3549 4379 3692 4450 quia
3713 4379 3871 4438 idem

2223 4453 2477 4526 Spiritus
2507 4456 2675 4512 aliter
2701 4473 2735 4512 a
2767 4458 2931 4515 Patre
2960 4463 3240 4532 procedit,
3273 4480 3451 4536 quam
3495 4483 3630 4523 cum
3659 4484 3696 4524 a
3727 4470 3872 4527 Filio

2221 4543 2513 4613 mittitur;
2547 4546 2647 4601 sed
2694 4546 2822 4603 ideo
2872 4548 3056 4605 Filius
3101 4567 3237 4608 eum
3269 4569 3304 4608 a
3331 4570 3396 4610 se
3427 4555 3600 4624 mitti,
3635 4575 3672 4614 a
3701 4558 3871 4616 Patre

469 4629 655 4682 Antea
677 4629 836 4684 solus
869 4631 1170 4704 Philippus
1200 4639 1571 4709 arguebatur,
1602 4659 1758 4698 nunc
1781 4650 1973 4701 autem
1998 4629 2111 4704 non
2145 4652 2190 4716 Ι)
2221 4631 2363 4687 die“
2394 4635 2723 4704 Procede”,
2757 4641 2819 4692 αῖ
2849 4637 3023 4694 “nam
3058 4639 3100 4694 Ρ
3101 4640 3263 4709 atris:
3297 4641 3474 4699 aliam
3523 4661 3694 4702 suam
3737 4663 3872 4705 ⁸³⁸⁸

469 4715 715 4772 nbicum
732 4718 922 4774 solum
944 4722 1124 4778 fuisse
1137 4724 1234 4795 qui
1249 4731 2108 4800 essetarguendusostenditur:

465 4809 696 4876 Propter
731 4824 892 4878 opera
939 4812 1074 4882 ipsa,
1111 4812 1321 4884 inquit,
1353 4817 1552 4872 credite
1579 4821 1706 4890 quia
1736 4837 1829 4892 ego
1861 4825 1916 4878 in
1950 4830 2112 4882 Patre

463 4901 515 4948 et
547 4900 706 4951 Pater
734 4898 790 4951 in
821 4914 906 4953 me
932 4907 1028 4955 est.
1062 4901 1259 4972 Neque
1282 4903 1513 4970 enim,si
1537 4909 1786 4979 separati
1818 4928 2102 4980 essemus,

464 4979 1163 5058 inscparabiliteroperari
1187 4989 1305 5046 ulla
1328 4993 1547 5049 ratione
1565 5012 1890 5066 possemus.
1913 5023 1938 5048 υ
1957 5001 2024 5055 Et
2043 5003 2102 5058 in

462 5086 730 5126 sermone
751 5074 820 5127 ad
849 5074 1148 5145 populum,
1175 5078 1272 5132 ubi
1301 5082 1567 5152 exposuit
1586 5101 1714 5155 qua:
1747 5086 1823 5140 sit
1855 5088 2104 5144 irremis-

461 5156 650 5213 sibilis
673 5159 1034 5233 blasphemia
1055 5163 1113 5219 in
1137 5167 1419 5237 Spiritum
1443 5174 1829 5238 sanctum,ait
1853 5177 1930 5231 ita
1957 5178 2105 5234 inter

460 5250 664 5335 caetera
711 5249 806 5320 (de
840 5253 1015 5307 Vero.
1053 5259 1214 5310 Dom.
1244 5273 1418 5313 serm.
1455 5261 1539 5328 11,
1571 5278 1704 5335 cap.
1741 5265 1827 5331 16)
1862 5282 1874 5320 :
1911 5289 1938 5315 «
1972 5266 2100 5322 Ηωο

458 5329 844 5426 itadicuntur,
861 5345 923 5393 ut
937 5346 1128 5398 tamen
1159 5344 1565 5418 inseparabilis
1588 5329 1950 5425 intelligatur
1964 5372 2099 5426 ope-

458 5419 603 5473 ratio
630 5423 966 5496 Trinitatis;
1003 5429 1081 5485 ita
1111 5437 1176 5486 ut
1214 5451 1348 5490 cum
1408 5440 1663 5509 operatio
1720 5419 1907 5497 Patris
1964 5419 2100 5498 dici-

457 5511 572 5572 tur,
603 5526 715 5564 non
748 5529 875 5569 eam
908 5519 1034 5573 sine
1068 5522 1209 5578 Filio
1240 5530 1297 5579 et
1324 5527 1542 5597 Spiritu
1575 5535 1776 5584 sancto
1809 5531 2095 5604 intelliga-

455 5600 550 5650 tur
576 5597 720 5654 581
756 5606 1010 5673 operari;
1042 5614 1098 5663 et
1143 5627 1277 5667 cum
1336 5617 1590 5686 operatio
1645 5618 1791 5685 Filii,
1823 5637 1934 5675 non
1970 5621 2096 5678 sine

2219 4738 2530 4793 personam
2561 4723 2846 4797 designet,
2861 4730 2918 4781 et
2945 4726 3006 4782 in
3035 4730 3238 4786 eadem
3267 4730 3643 4791 distinctione
3673 4753 3870 4809 perso-

2219 4828 2634 4878 narum,unam
2657 4830 2784 4868 esse
2813 4816 3207 4888 operationem
3227 4821 3299 4876 ad
3320 4820 3680 4880 voluntatem
3692 4843 3865 4884 suam

2216 4916 2349 4954 cum
2375 4899 2561 4954 Patris
2593 4899 2884 4960 voluntate
2913 4909 2970 4961 et
2999 4908 3332 4978 operatione
3363 4911 3687 4969 denuntiet.
3717 4916 3864 4971 Cum

2213 4987 2367 5042 enim
2391 4989 2652 5059 ejusdem
2677 4991 2929 5062 Spiritus
2941 4996 3130 5067 gratia
3146 4999 3321 5054 datur
3339 4998 3699 5070 hominibus,
3725 5004 3862 5060 mit-

2213 5077 2358 5131 titur
2388 5078 2642 5148 profecto
2673 5080 2925 5150 Spiritus
2957 5101 2992 5138 a
3019 5085 3208 5156 Patre,
3241 5087 3493 5144 mittitur
3521 5095 3580 5145 et
3607 5108 3642 5146 a
3675 5091 3858 5162 Filio;

2213 5166 2471 5254 procedit
2499 5184 2534 5220 a
2565 5167 2747 5235 Patre,
2784 5173 3043 5241 procedit
3087 5179 3144 5230 et
3173 5192 3208 5231 a
3238 5175 3400 5244 Filio,
3437 5179 3575 5250 quia
3622 5186 3680 5237 et
3727 5184 3859 5254 ejus

2211 5253 2413 5308 missio
2446 5254 2572 5326 ipsa
2602 5259 2892 5327 processio
2924 5264 3032 5328 est,
3065 5278 3182 5334 qua
3211 5281 3279 5320 ex
3311 5265 3478 5322 Patre
3509 5253 3771 5340 procedit
3800 5277 3858 5328 et

2212 5343 2372 5398 Filio.
2406 5343 2574 5400 Venit
2603 5350 2658 5401 et
2687 5365 2796 5402 sua
2827 5355 3051 5420 sponte,
3086 5352 3184 5424 qui
3220 5353 3374 5410 sicut
3419 5358 3735 5429 comqualis
3764 5367 3856 5417 est

2209 5431 2361 5487 Patri
2393 5437 2449 5487 et
2483 5433 2642 5501 Filio,
2680 5435 2762 5490 ita
2791 5439 3056 5495 eamdem
3104 5441 3279 5499 habet
3326 5445 3683 5504 voluntatem
3715 5467 3851 5507 cum

2206 5521 2370 5578 Patre
2395 5529 2453 5579 et
2489 5523 2630 5578 Filio
2660 5542 3031 5584 communem
3067 5546 3080 5584 :
3113 5531 3352 5604 Spiritus
3405 5537 3556 5591 enim
3610 5538 3711 5594 ubi
3738 5541 3854 5598 vult

2200 5616 2377 5685 spirat
2403 5615 2578 5682 (Joan.
2612 5631 2694 5681 Ill,
2727 5616 2802 5685 8).
2837 5616 2905 5671 Et
2935 5617 3089 5675 sicut
3123 5623 3434 5694 Apostolus
3485 5629 3848 5686 enumeratis

456 5685 621 5742 Patre
650 5693 707 5744 et
735 5689 953 5763 Spiritu
987 5705 1228 5768 sancto;
1260 5708 1318 5758 et
1347 5685 1481 5762 cum
1531 5709 1788 5779 operatio
1839 5710 2093 5783 Spiritus
2201 5706 2370 5764 donis
2400 5702 2752 5768 caalcstibus,
2783 5703 2864 5761 ait
2891 5723 2902 5761 :
2934 5708 3062 5765 Haec
3087 5685 3276 5769 omnia
3301 5722 3556 5785 operam
3597 5685 3846 5775 tu:an
