  <div class='ocr_page' id='page_1' title='image "/cluster/home/n/w/nwhite01/storage/ocr_20150623/125/umn.31951002477418t/332.png"; bbox 0 0 4148 6448; ppageno 0'>
   <div class='ocr_carea' id='block_1_1' title="bbox 222 422 324 488">
    <p class='ocr_par' dir='ltr' id='par_1_1' title="bbox 222 422 324 488">
     <span class='ocr_line' id='line_1_1' title="bbox 222 422 324 488; baseline -0.049 0"><span class='ocrx_word' id='word_1_1' title='bbox 222 422 324 488; x_wconf 79' lang='grc'>605</span> 
     </span>
    </p>
   </div>
   <div class='ocr_carea' id='block_1_2' title="bbox 1216 414 2562 501">
    <p class='ocr_par' dir='ltr' id='par_1_2' title="bbox 1216 414 2562 501">
     <span class='ocr_line' id='line_1_2' title="bbox 1216 414 2562 501; baseline -0.001 -21"><span class='ocrx_word' id='word_1_2' title='bbox 1216 419 1319 480; x_wconf 90' lang='lat' dir='ltr'>DE</span> <span class='ocrx_word' id='word_1_3' title='bbox 1361 415 1522 501; x_wconf 85' lang='lat' dir='ltr'>UNA</span> <span class='ocrx_word' id='word_1_4' title='bbox 1564 415 1665 478; x_wconf 87' lang='lat' dir='ltr'>ET</span> <span class='ocrx_word' id='word_1_5' title='bbox 1709 415 1866 478; x_wconf 90' lang='lat' dir='ltr'>NON</span> <span class='ocrx_word' id='word_1_6' title='bbox 1910 414 2152 478; x_wconf 81' lang='lat' dir='ltr'>TRINA</span> <span class='ocrx_word' id='word_1_7' title='bbox 2199 415 2562 478; x_wconf 86' lang='lat' dir='ltr'>DEITATE.</span> 
     </span>
    </p>
   </div>
   <div class='ocr_carea' id='block_1_3' title="bbox 3472 415 3593 482">
    <p class='ocr_par' dir='ltr' id='par_1_3' title="bbox 3472 415 3593 482">
     <span class='ocr_line' id='line_1_3' title="bbox 3472 415 3593 482; baseline 0 -5"><span class='ocrx_word' id='word_1_8' title='bbox 3472 415 3593 482; x_wconf 86' lang='lat'>606</span> 
     </span>
    </p>
   </div>
   <div class='ocr_carea' id='block_1_4' title="bbox 223 547 3594 622">
    <p class='ocr_par' dir='ltr' id='par_1_4' title="bbox 223 547 3594 622">
     <span class='ocr_line' id='line_1_4' title="bbox 223 547 3594 622; baseline -0.001 -13"><span class='ocrx_word' id='word_1_9' title='bbox 223 580 248 609; x_wconf 87' lang='grc'>‹‹</span> <span class='ocrx_word' id='word_1_10' title='bbox 277 555 418 613; x_wconf 81' lang='lat' dir='ltr'>dicto</span> <span class='ocrx_word' id='word_1_11' title='bbox 445 551 560 608; x_wconf 91' lang='lat' dir='ltr'>Deo</span> <span class='ocrx_word' id='word_1_12' title='bbox 598 549 845 608; x_wconf 92' lang='lat' dir='ltr'>Domino</span> <span class='ocrx_word' id='word_1_13' title='bbox 891 551 1204 619; x_wconf 87' lang='lat' dir='ltr'>Paracleto,</span> <span class='ocrx_word' id='word_1_14' title='bbox 1226 551 1380 608; x_wconf 89' lang='lat' dir='ltr'>trino</span> <span class='ocrx_word' id='word_1_15' title='bbox 1422 550 1574 608; x_wconf 74' lang='lat'>542</span> <span class='ocrx_word' id='word_1_16' title='bbox 1623 548 1840 622; x_wconf 87' lang='lat' dir='ltr'>pariter</span> <span class='ocrx_word' id='word_1_17' title='bbox 1867 549 1921 616; x_wconf 83' lang='grc' dir='ltr'><strong>Α</strong></span> <span class='ocrx_word' id='word_1_18' title='bbox 1948 547 2068 604; x_wconf 87' lang='lat' dir='ltr'>tuis</span> <span class='ocrx_word' id='word_1_19' title='bbox 2095 563 2166 604; x_wconf 88' lang='lat' dir='ltr'>ne</span> <span class='ocrx_word' id='word_1_20' title='bbox 2196 547 2363 604; x_wconf 84' lang='lat' dir='ltr'><strong>alteri</strong></span> <span class='ocrx_word' id='word_1_21' title='bbox 2393 548 2671 621; x_wconf 88' lang='lat' dir='ltr'>injuriam</span> <span class='ocrx_word' id='word_1_22' title='bbox 2695 549 2880 607; x_wconf 87' lang='lat' dir='ltr'>facere</span> <span class='ocrx_word' id='word_1_23' title='bbox 2899 549 3184 607; x_wconf 80' lang='lat' dir='ltr'>videaris?</span> <span class='ocrx_word' id='word_1_24' title='bbox 3209 547 3420 608; x_wconf 84' lang='lat' dir='ltr'>absit.»</span> <span class='ocrx_word' id='word_1_25' title='bbox 3443 551 3594 608; x_wconf 84' lang='lat' dir='ltr'>Sunt</span> 
     </span>
    </p>
   </div>
   <div class='ocr_carea' id='block_1_5' title="bbox 227 635 3592 712">
    <p class='ocr_par' dir='ltr' id='par_1_5' title="bbox 227 635 3592 712">
     <span class='ocr_line' id='line_1_5' title="bbox 227 635 3592 712; baseline -0.001 -14"><span class='ocrx_word' id='word_1_26' title='bbox 227 669 248 698; x_wconf 80' lang='grc' dir='ltr'>ι</span> <span class='ocrx_word' id='word_1_27' title='bbox 277 648 330 701; x_wconf 91' lang='lat' dir='ltr'>et</span> <span class='ocrx_word' id='word_1_28' title='bbox 355 641 450 699; x_wconf 90' lang='lat' dir='ltr'>uni</span> <span class='ocrx_word' id='word_1_29' title='bbox 479 645 670 697; x_wconf 90' lang='lat' dir='ltr'>vestro</span> <span class='ocrx_word' id='word_1_30' title='bbox 701 641 879 696; x_wconf 87' lang='lat' dir='ltr'>simul</span> <span class='ocrx_word' id='word_1_31' title='bbox 920 639 1225 696; x_wconf 90' lang='lat' dir='ltr'>benedicto</span> <span class='ocrx_word' id='word_1_32' title='bbox 1262 639 1506 706; x_wconf 85' lang='lat' dir='ltr'>nomini,</span> <span class='ocrx_word' id='word_1_33' title='bbox 1531 655 1754 694; x_wconf 85' lang='lat' dir='ltr'><strong>necnon</strong></span> <span class='ocrx_word' id='word_1_34' title='bbox 1787 641 1844 692; x_wconf 89' lang='lat' dir='ltr'>et</span> <span class='ocrx_word' id='word_1_35' title='bbox 1950 640 2008 692; x_wconf 92' lang='lat' dir='ltr'>et</span> <span class='ocrx_word' id='word_1_36' title='bbox 2038 635 2224 692; x_wconf 89' lang='lat' dir='ltr'>multa</span> <span class='ocrx_word' id='word_1_37' title='bbox 2253 637 2389 692; x_wconf 87' lang='lat' dir='ltr'>hinc</span> <span class='ocrx_word' id='word_1_38' title='bbox 2418 637 2758 694; x_wconf 86' lang='lat' dir='ltr'>testimonia</span> <span class='ocrx_word' id='word_1_39' title='bbox 2785 639 2844 694; x_wconf 91' lang='lat' dir='ltr'>in</span> <span class='ocrx_word' id='word_1_40' title='bbox 2876 639 3192 712; x_wconf 91' lang='lat' dir='ltr'>Scripturis</span> <span class='ocrx_word' id='word_1_41' title='bbox 3221 644 3340 696; x_wconf 89' lang='lat' dir='ltr'>tam</span> <span class='ocrx_word' id='word_1_42' title='bbox 3367 640 3592 696; x_wconf 81' lang='lat' dir='ltr'>Veteris</span> 
     </span>
    </p>
   </div>
   <div class='ocr_carea' id='block_1_6' title="bbox 224 724 3593 804">
    <p class='ocr_par' dir='ltr' id='par_1_6' title="bbox 224 724 3593 804">
     <span class='ocr_line' id='line_1_6' title="bbox 224 724 3593 804; baseline 0 -18"><span class='ocrx_word' id='word_1_43' title='bbox 224 759 248 786; x_wconf 78' lang='grc' dir='ltr'>α</span> <span class='ocrx_word' id='word_1_44' title='bbox 279 729 512 798; x_wconf 91' lang='lat' dir='ltr'>numini,</span> <span class='ocrx_word' id='word_1_45' title='bbox 537 747 732 800; x_wconf 88' lang='lat' dir='ltr'>amen,</span> <span class='ocrx_word' id='word_1_46' title='bbox 757 730 931 784; x_wconf 92' lang='lat' dir='ltr'>Porro</span> <span class='ocrx_word' id='word_1_47' title='bbox 955 746 1026 784; x_wconf 91' lang='lat' dir='ltr'>ne</span> <span class='ocrx_word' id='word_1_48' title='bbox 1057 732 1111 784; x_wconf 89' lang='lat' dir='ltr'>te</span> <span class='ocrx_word' id='word_1_49' title='bbox 1133 732 1360 804; x_wconf 86' lang='lat' dir='ltr'>moveat</span> <span class='ocrx_word' id='word_1_50' title='bbox 1381 726 1545 794; x_wconf 90' lang='lat' dir='ltr'>illud,</span> <span class='ocrx_word' id='word_1_51' title='bbox 1571 726 1725 797; x_wconf 89' lang='lat' dir='ltr'>quod</span> <span class='ocrx_word' id='word_1_52' title='bbox 1763 724 1842 778; x_wconf 86' lang='lat' dir='ltr'>ibi</span> <span class='ocrx_word' id='word_1_53' title='bbox 1951 742 2128 797; x_wconf 88' lang='lat' dir='ltr'>quam</span> <span class='ocrx_word' id='word_1_54' title='bbox 2179 726 2318 782; x_wconf 90' lang='lat' dir='ltr'>Novi</span> <span class='ocrx_word' id='word_1_55' title='bbox 2351 727 2730 782; x_wconf 89' lang='lat' dir='ltr'>Testamenti.</span> <span class='ocrx_word' id='word_1_56' title='bbox 2754 729 2822 782; x_wconf 92' lang='lat' dir='ltr'>Et</span> <span class='ocrx_word' id='word_1_57' title='bbox 2864 731 2929 782; x_wconf 90' lang='lat' dir='ltr'>ut</span> <span class='ocrx_word' id='word_1_58' title='bbox 2975 727 3180 784; x_wconf 89' lang='lat' dir='ltr'>beatus</span> <span class='ocrx_word' id='word_1_59' title='bbox 3228 729 3593 800; x_wconf 79' lang='lat' dir='ltr'>Augustinus</span> 
     </span>
    </p>
   </div>
   <div class='ocr_carea' id='block_1_7' title="bbox 223 813 1846 894">
    <p class='ocr_par' dir='ltr' id='par_1_7' title="bbox 223 813 1846 894">
     <span class='ocr_line' id='line_1_7' title="bbox 223 813 1846 894; baseline -0.004 -21"><span class='ocrx_word' id='word_1_60' title='bbox 223 845 248 873; x_wconf 85' lang='lat'><strong>«</strong></span> <span class='ocrx_word' id='word_1_61' title='bbox 277 818 564 894; x_wconf 76' lang='lat' dir='ltr'>pluraliter</span> <span class='ocrx_word' id='word_1_62' title='bbox 602 818 836 885; x_wconf 90' lang='lat' dir='ltr'>dicitur,</span> <span class='ocrx_word' id='word_1_63' title='bbox 872 834 1101 890; x_wconf 81' lang='lat' dir='ltr'>semper</span> <span class='ocrx_word' id='word_1_64' title='bbox 1149 815 1342 872; x_wconf 90' lang='lat' dir='ltr'>omnis</span> <span class='ocrx_word' id='word_1_65' title='bbox 1389 815 1595 880; x_wconf 88' lang='lat' dir='ltr'>honor,</span> <span class='ocrx_word' id='word_1_66' title='bbox 1627 813 1756 868; x_wconf 88' lang='lat' dir='ltr'>laus</span> <span class='ocrx_word' id='word_1_67' title='bbox 1788 817 1846 868; x_wconf 90' lang='lat' dir='ltr'>et</span> 
     </span>
    </p>
   </div>
   <div class='ocr_carea' id='block_1_8' title="bbox 223 900 1843 982">
    <p class='ocr_par' dir='ltr' id='par_1_8' title="bbox 223 900 1843 982">
     <span class='ocr_line' id='line_1_8' title="bbox 223 900 1843 982; baseline -0.002 -22"><span class='ocrx_word' id='word_1_68' title='bbox 223 933 248 960; x_wconf 77' lang='grc' dir='ltr'><strong>α</strong></span> <span class='ocrx_word' id='word_1_69' title='bbox 276 907 466 982; x_wconf 82' lang='lat' dir='ltr'>gloria,</span> <span class='ocrx_word' id='word_1_70' title='bbox 485 907 690 962; x_wconf 89' lang='lat' dir='ltr'>merito</span> <span class='ocrx_word' id='word_1_71' title='bbox 710 905 874 962; x_wconf 86' lang='lat' dir='ltr'>vobis</span> <span class='ocrx_word' id='word_1_72' title='bbox 896 905 1198 962; x_wconf 87' lang='lat' dir='ltr'>benedicto</span> <span class='ocrx_word' id='word_1_73' title='bbox 1221 905 1336 960; x_wconf 91' lang='lat' dir='ltr'>Deo</span> <span class='ocrx_word' id='word_1_74' title='bbox 1359 902 1674 972; x_wconf 87' lang='lat' dir='ltr'>Paraclcto,</span> <span class='ocrx_word' id='word_1_75' title='bbox 1689 900 1843 956; x_wconf 92' lang='lat' dir='ltr'>trino</span> 
     </span>
    </p>
   </div>
   <div class='ocr_carea' id='block_1_9' title="bbox 223 989 1841 1072">
    <p class='ocr_par' dir='ltr' id='par_1_9' title="bbox 223 989 1841 1072">
     <span class='ocr_line' id='line_1_9' title="bbox 223 989 1841 1072; baseline -0.004 -22"><span class='ocrx_word' id='word_1_76' title='bbox 223 1022 248 1050; x_wconf 86' lang='lat'><strong><em>«</em></strong></span> <span class='ocrx_word' id='word_1_77' title='bbox 277 997 480 1072; x_wconf 85' lang='lat' dir='ltr'>pariter</span> <span class='ocrx_word' id='word_1_78' title='bbox 499 999 556 1049; x_wconf 94' lang='lat' dir='ltr'>ct</span> <span class='ocrx_word' id='word_1_79' title='bbox 578 994 701 1062; x_wconf 91' lang='lat' dir='ltr'>uni,</span> <span class='ocrx_word' id='word_1_80' title='bbox 722 999 1033 1066; x_wconf 88' lang='lat' dir='ltr'>vestroque</span> <span class='ocrx_word' id='word_1_81' title='bbox 1055 993 1234 1049; x_wconf 87' lang='lat' dir='ltr'>simul</span> <span class='ocrx_word' id='word_1_82' title='bbox 1257 991 1559 1048; x_wconf 90' lang='lat' dir='ltr'>benedicto</span> <span class='ocrx_word' id='word_1_83' title='bbox 1583 989 1803 1046; x_wconf 88' lang='lat' dir='ltr'>nomini</span> <span class='ocrx_word' id='word_1_84' title='bbox 1828 1005 1841 1044; x_wconf 90' lang='lat'>:</span> 
     </span>
    </p>
   </div>
   <div class='ocr_carea' id='block_1_10' title="bbox 222 1079 1842 1159">
    <p class='ocr_par' dir='ltr' id='par_1_10' title="bbox 222 1079 1842 1159">
     <span class='ocr_line' id='line_1_10' title="bbox 222 1079 1842 1159; baseline -0.003 -21"><span class='ocrx_word' id='word_1_85' title='bbox 222 1111 247 1138; x_wconf 75' lang='grc' dir='ltr'>α</span> <span class='ocrx_word' id='word_1_86' title='bbox 276 1100 546 1159; x_wconf 82' lang='lat' dir='ltr'>cognosce</span> <span class='ocrx_word' id='word_1_87' title='bbox 567 1085 706 1156; x_wconf 83' lang='lat' dir='ltr'>quia</span> <span class='ocrx_word' id='word_1_88' title='bbox 725 1083 809 1139; x_wconf 90' lang='lat' dir='ltr'>sic</span> <span class='ocrx_word' id='word_1_89' title='bbox 830 1081 1030 1155; x_wconf 86' lang='lat' dir='ltr'>procul</span> <span class='ocrx_word' id='word_1_90' title='bbox 1056 1081 1232 1137; x_wconf 91' lang='lat' dir='ltr'>dubio</span> <span class='ocrx_word' id='word_1_91' title='bbox 1253 1081 1523 1153; x_wconf 88' lang='lat' dir='ltr'>congruit</span> <span class='ocrx_word' id='word_1_92' title='bbox 1546 1079 1678 1134; x_wconf 89' lang='lat' dir='ltr'>dici.</span> <span class='ocrx_word' id='word_1_93' title='bbox 1699 1080 1842 1134; x_wconf 89' lang='lat' dir='ltr'>Nam</span> 
     </span>
    </p>
   </div>
   <div class='ocr_carea' id='block_1_11' title="bbox 223 1168 1843 1248">
    <p class='ocr_par' dir='ltr' id='par_1_11' title="bbox 223 1168 1843 1248">
     <span class='ocr_line' id='line_1_11' title="bbox 223 1168 1843 1248; baseline -0.003 -22"><span class='ocrx_word' id='word_1_94' title='bbox 223 1200 247 1227; x_wconf 79' lang='grc' dir='ltr'>α</span> <span class='ocrx_word' id='word_1_95' title='bbox 276 1174 496 1248; x_wconf 79' lang='lat' dir='ltr'>quando</span> <span class='ocrx_word' id='word_1_96' title='bbox 516 1171 817 1244; x_wconf 89' lang='lat' dir='ltr'>loquimur</span> <span class='ocrx_word' id='word_1_97' title='bbox 833 1173 904 1227; x_wconf 88' lang='lat' dir='ltr'>ad</span> <span class='ocrx_word' id='word_1_98' title='bbox 922 1187 1098 1226; x_wconf 86' lang='lat' dir='ltr'>uuam</span> <span class='ocrx_word' id='word_1_99' title='bbox 1124 1188 1193 1225; x_wconf 87' lang='lat' dir='ltr'>ex</span> <span class='ocrx_word' id='word_1_100' title='bbox 1207 1168 1489 1225; x_wconf 87' lang='lat' dir='ltr'>Trinitate</span> <span class='ocrx_word' id='word_1_101' title='bbox 1512 1184 1843 1241; x_wconf 87' lang='lat' dir='ltr'>personam,</span> 
     </span>
    </p>
   </div>
   <div class='ocr_carea' id='block_1_12' title="bbox 223 1259 1848 1332">
    <p class='ocr_par' dir='ltr' id='par_1_12' title="bbox 223 1259 1848 1332">
     <span class='ocr_line' id='line_1_12' title="bbox 223 1259 1848 1332; baseline -0.002 -18"><span class='ocrx_word' id='word_1_102' title='bbox 223 1287 248 1315; x_wconf 87' lang='lat'><strong><em>«</em></strong></span> <span class='ocrx_word' id='word_1_103' title='bbox 276 1279 383 1319; x_wconf 91' lang='lat' dir='ltr'>non</span> <span class='ocrx_word' id='word_1_104' title='bbox 413 1262 481 1317; x_wconf 90' lang='lat' dir='ltr'>ad</span> <span class='ocrx_word' id='word_1_105' title='bbox 513 1259 857 1316; x_wconf 88' lang='lat' dir='ltr'>Trinitatem</span> <span class='ocrx_word' id='word_1_106' title='bbox 882 1259 1199 1332; x_wconf 89' lang='lat' dir='ltr'>loquimur,</span> <span class='ocrx_word' id='word_1_107' title='bbox 1223 1259 1322 1314; x_wconf 91' lang='lat' dir='ltr'>sed</span> <span class='ocrx_word' id='word_1_108' title='bbox 1345 1259 1417 1312; x_wconf 87' lang='lat' dir='ltr'>ad</span> <span class='ocrx_word' id='word_1_109' title='bbox 1444 1274 1627 1312; x_wconf 88' lang='lat' dir='ltr'>unum</span> <span class='ocrx_word' id='word_1_110' title='bbox 1651 1273 1848 1328; x_wconf 89' lang='lat' dir='ltr'>quem-</span> 
     </span>
    </p>
   </div>
   <div class='ocr_carea' id='block_1_13' title="bbox 223 1344 1844 1420">
    <p class='ocr_par' dir='ltr' id='par_1_13' title="bbox 223 1344 1844 1420">
     <span class='ocr_line' id='line_1_13' title="bbox 223 1344 1844 1420; baseline -0.005 -14"><span class='ocrx_word' id='word_1_111' title='bbox 223 1375 247 1402; x_wconf 86' lang='lat'><em>«</em></span> <span class='ocrx_word' id='word_1_112' title='bbox 275 1351 408 1406; x_wconf 86' lang='lat' dir='ltr'>libet</span> <span class='ocrx_word' id='word_1_113' title='bbox 433 1367 500 1405; x_wconf 83' lang='lat' dir='ltr'>ex</span> <span class='ocrx_word' id='word_1_114' title='bbox 519 1349 862 1405; x_wconf 82' lang='lat' dir='ltr'>Trinitate.»</span> <span class='ocrx_word' id='word_1_115' title='bbox 886 1350 954 1404; x_wconf 86' lang='lat' dir='ltr'>Et</span> <span class='ocrx_word' id='word_1_116' title='bbox 984 1347 1078 1404; x_wconf 87' lang='lat' dir='ltr'>hic</span> <span class='ocrx_word' id='word_1_117' title='bbox 1111 1347 1279 1420; x_wconf 91' lang='lat' dir='ltr'>plura</span> <span class='ocrx_word' id='word_1_118' title='bbox 1297 1347 1405 1402; x_wconf 93' lang='lat' dir='ltr'>hoc</span> <span class='ocrx_word' id='word_1_119' title='bbox 1428 1347 1600 1402; x_wconf 88' lang='lat' dir='ltr'>modo</span> <span class='ocrx_word' id='word_1_120' title='bbox 1623 1344 1844 1400; x_wconf 83' lang='lat' dir='ltr'>scribit.</span> 
     </span>
    </p>
   </div>
   <div class='ocr_carea' id='block_1_14' title="bbox 221 1434 1848 1510">
    <p class='ocr_par' dir='ltr' id='par_1_14' title="bbox 221 1434 1848 1510">
     <span class='ocr_line' id='line_1_14' title="bbox 221 1434 1848 1510; baseline -0.005 -14"><span class='ocrx_word' id='word_1_121' title='bbox 221 1437 518 1510; x_wconf 87' lang='lat' dir='ltr'>Deiloquus</span> <span class='ocrx_word' id='word_1_122' title='bbox 548 1441 746 1492; x_wconf 90' lang='lat' dir='ltr'>autem</span> <span class='ocrx_word' id='word_1_123' title='bbox 781 1436 995 1492; x_wconf 86' lang='lat' dir='ltr'>Paulus</span> <span class='ocrx_word' id='word_1_124' title='bbox 1025 1454 1140 1492; x_wconf 92' lang='lat' dir='ltr'>non</span> <span class='ocrx_word' id='word_1_125' title='bbox 1172 1435 1366 1491; x_wconf 87' lang='lat' dir='ltr'>taliter</span> <span class='ocrx_word' id='word_1_126' title='bbox 1385 1434 1586 1500; x_wconf 88' lang='lat' dir='ltr'>oravit,</span> <span class='ocrx_word' id='word_1_127' title='bbox 1613 1450 1718 1490; x_wconf 85' lang='lat' dir='ltr'>nec</span> <span class='ocrx_word' id='word_1_128' title='bbox 1741 1451 1848 1489; x_wconf 90' lang='lat' dir='ltr'>nos</span> 
     </span>
    </p>
   </div>
   <div class='ocr_carea' id='block_1_15' title="bbox 223 1522 1849 1597">
    <p class='ocr_par' dir='ltr' id='par_1_15' title="bbox 223 1522 1849 1597">
     <span class='ocr_line' id='line_1_15' title="bbox 223 1522 1849 1597; baseline -0.003 -14"><span class='ocrx_word' id='word_1_129' title='bbox 223 1543 370 1584; x_wconf 87' lang='lat' dir='ltr'>orare</span> <span class='ocrx_word' id='word_1_130' title='bbox 399 1525 589 1582; x_wconf 83' lang='lat' dir='ltr'>taliter</span> <span class='ocrx_word' id='word_1_131' title='bbox 619 1525 838 1592; x_wconf 91' lang='lat' dir='ltr'>docuit,</span> <span class='ocrx_word' id='word_1_132' title='bbox 862 1531 926 1580; x_wconf 89' lang='lat' dir='ltr'>ut</span> <span class='ocrx_word' id='word_1_133' title='bbox 957 1525 1320 1597; x_wconf 86' lang='lat' dir='ltr'>Augustinus</span> <span class='ocrx_word' id='word_1_134' title='bbox 1350 1523 1487 1579; x_wconf 89' lang='lat' dir='ltr'>hinc</span> <span class='ocrx_word' id='word_1_135' title='bbox 1516 1523 1574 1577; x_wconf 92' lang='lat' dir='ltr'>in</span> <span class='ocrx_word' id='word_1_136' title='bbox 1609 1522 1756 1578; x_wconf 88' lang='lat' dir='ltr'>libro</span> <span class='ocrx_word' id='word_1_137' title='bbox 1777 1523 1849 1578; x_wconf 89' lang='lat' dir='ltr'>de</span> 
     </span>
    </p>
   </div>
   <div class='ocr_carea' id='block_1_16' title="bbox 223 1611 1850 1687">
    <p class='ocr_par' dir='ltr' id='par_1_16' title="bbox 223 1611 1850 1687">
     <span class='ocr_line' id='line_1_16' title="bbox 223 1611 1850 1687; baseline -0.003 -16"><span class='ocrx_word' id='word_1_138' title='bbox 223 1617 365 1672; x_wconf 90' lang='lat' dir='ltr'>Bono</span> <span class='ocrx_word' id='word_1_139' title='bbox 393 1613 832 1687; x_wconf 62' lang='lat' dir='ltr'>perseverantia;</span> <span class='ocrx_word' id='word_1_140' title='bbox 863 1613 1005 1670; x_wconf 91' lang='lat' dir='ltr'>dicit</span> <span class='ocrx_word' id='word_1_141' title='bbox 1033 1617 1174 1686; x_wconf 93' lang='lat' dir='ltr'>(cap.</span> <span class='ocrx_word' id='word_1_142' title='bbox 1199 1613 1290 1684; x_wconf 88' lang='lat'>23)</span> <span class='ocrx_word' id='word_1_143' title='bbox 1315 1629 1372 1669; x_wconf 73' lang='lat' dir='ltr'>:a</span> <span class='ocrx_word' id='word_1_144' title='bbox 1406 1613 1542 1668; x_wconf 88' lang='lat' dir='ltr'>Nam</span> <span class='ocrx_word' id='word_1_145' title='bbox 1572 1611 1703 1684; x_wconf 91' lang='lat' dir='ltr'>quid</span> <span class='ocrx_word' id='word_1_146' title='bbox 1731 1627 1850 1668; x_wconf 92' lang='lat' dir='ltr'>ore-</span> 
     </span>
    </p>
   </div>
   <div class='ocr_carea' id='block_1_17' title="bbox 221 1699 1852 1776">
    <p class='ocr_par' dir='ltr' id='par_1_17' title="bbox 221 1699 1852 1776">
     <span class='ocr_line' id='line_1_17' title="bbox 221 1699 1852 1776; baseline -0.004 -15"><span class='ocrx_word' id='word_1_147' title='bbox 221 1721 350 1772; x_wconf 91' lang='lat' dir='ltr'>mus,</span> <span class='ocrx_word' id='word_1_148' title='bbox 390 1705 530 1760; x_wconf 88' lang='lat' dir='ltr'>sicut</span> <span class='ocrx_word' id='word_1_149' title='bbox 575 1711 780 1776; x_wconf 77' lang='lat' dir='ltr'>oportet</span> <span class='ocrx_word' id='word_1_150' title='bbox 823 1704 1126 1770; x_wconf 72' lang='lat' dir='ltr'>nescimus;</span> <span class='ocrx_word' id='word_1_151' title='bbox 1167 1702 1270 1758; x_wconf 87' lang='lat' dir='ltr'>Sed</span> <span class='ocrx_word' id='word_1_152' title='bbox 1318 1703 1434 1774; x_wconf 90' lang='lat' dir='ltr'>ipse</span> <span class='ocrx_word' id='word_1_153' title='bbox 1478 1701 1736 1772; x_wconf 75' lang='lat' dir='ltr'>Spiritus,</span> <span class='ocrx_word' id='word_1_154' title='bbox 1770 1699 1852 1754; x_wconf 89' lang='lat' dir='ltr'>ait</span> 
     </span>
    </p>
   </div>
   <div class='ocr_carea' id='block_1_18' title="bbox 221 1787 1852 1865">
    <p class='ocr_par' dir='ltr' id='par_1_18' title="bbox 221 1787 1852 1865">
     <span class='ocr_line' id='line_1_18' title="bbox 221 1787 1852 1865; baseline -0.005 -16"><span class='ocrx_word' id='word_1_155' title='bbox 221 1792 537 1865; x_wconf 85' lang='lat' dir='ltr'>Apostolus,</span> <span class='ocrx_word' id='word_1_156' title='bbox 563 1792 875 1864; x_wconf 77' lang='lat' dir='ltr'>interpellat</span> <span class='ocrx_word' id='word_1_157' title='bbox 898 1807 998 1863; x_wconf 86' lang='lat' dir='ltr'>pro</span> <span class='ocrx_word' id='word_1_158' title='bbox 1015 1791 1173 1847; x_wconf 83' lang='lat' dir='ltr'>nobis</span> <span class='ocrx_word' id='word_1_159' title='bbox 1191 1789 1481 1860; x_wconf 77' lang='lat' dir='ltr'>gemitibus</span> <span class='ocrx_word' id='word_1_160' title='bbox 1511 1787 1852 1844; x_wconf 89' lang='lat' dir='ltr'>inenarrabi-</span> 
     </span>
    </p>
   </div>
   <div class='ocr_carea' id='block_1_19' title="bbox 224 1877 1929 1980">
    <p class='ocr_par' dir='ltr' id='par_1_19' title="bbox 224 1877 1929 1980">
     <span class='ocr_line' id='line_1_19' title="bbox 224 1877 1929 1980; baseline -0.004 -43"><span class='ocrx_word' id='word_1_161' title='bbox 224 1881 374 1937; x_wconf 90' lang='lat' dir='ltr'>libus.</span> <span class='ocrx_word' id='word_1_162' title='bbox 406 1881 512 1949; x_wconf 86' lang='lat' dir='ltr'>Qui</span> <span class='ocrx_word' id='word_1_163' title='bbox 532 1882 686 1936; x_wconf 88' lang='lat' dir='ltr'>enim</span> <span class='ocrx_word' id='word_1_164' title='bbox 719 1887 995 1936; x_wconf 86' lang='lat' dir='ltr'>scrutatur</span> <span class='ocrx_word' id='word_1_165' title='bbox 1021 1879 1202 1944; x_wconf 89' lang='lat' dir='ltr'>corda,</span> <span class='ocrx_word' id='word_1_166' title='bbox 1224 1879 1326 1934; x_wconf 88' lang='lat' dir='ltr'>scit</span> <span class='ocrx_word' id='word_1_167' title='bbox 1353 1877 1484 1950; x_wconf 86' lang='lat' dir='ltr'>quid</span> <span class='ocrx_word' id='word_1_168' title='bbox 1519 1879 1696 1948; x_wconf 87' lang='lat' dir='ltr'>sapiat</span> <span class='ocrx_word' id='word_1_169' title='bbox 1731 1877 1850 1947; x_wconf 84' lang='lat' dir='ltr'>spi-</span> <span class='ocrx_word' id='word_1_170' title='bbox 1883 1915 1929 1980; x_wconf 78' lang='grc' dir='ltr'><strong>Β</strong></span> 
     </span>
    </p>
   </div>
   <div class='ocr_carea' id='block_1_20' title="bbox 223 1965 1852 2042">
    <p class='ocr_par' dir='ltr' id='par_1_20' title="bbox 223 1965 1852 2042">
     <span class='ocr_line' id='line_1_20' title="bbox 223 1965 1852 2042; baseline -0.005 -16"><span class='ocrx_word' id='word_1_171' title='bbox 223 1972 370 2040; x_wconf 81' lang='lat' dir='ltr'>ritus,</span> <span class='ocrx_word' id='word_1_172' title='bbox 400 1971 530 2042; x_wconf 85' lang='lat' dir='ltr'>quia</span> <span class='ocrx_word' id='word_1_173' title='bbox 566 1969 866 2026; x_wconf 86' lang='lat' dir='ltr'>secundum</span> <span class='ocrx_word' id='word_1_174' title='bbox 913 1969 1084 2024; x_wconf 88' lang='lat' dir='ltr'>Deum</span> <span class='ocrx_word' id='word_1_175' title='bbox 1139 1967 1448 2038; x_wconf 80' lang='lat' dir='ltr'>interpellat</span> <span class='ocrx_word' id='word_1_176' title='bbox 1499 1981 1597 2038; x_wconf 88' lang='lat' dir='ltr'>pro</span> <span class='ocrx_word' id='word_1_177' title='bbox 1651 1965 1852 2019; x_wconf 81' lang='lat' dir='ltr'>sanctis</span> 
     </span>
    </p>
   </div>
   <div class='ocr_carea' id='block_1_21' title="bbox 221 2053 1853 2132">
    <p class='ocr_par' dir='ltr' id='par_1_21' title="bbox 221 2053 1853 2132">
     <span class='ocr_line' id='line_1_21' title="bbox 221 2053 1853 2132; baseline -0.004 -18"><span class='ocrx_word' id='word_1_178' title='bbox 221 2059 524 2132; x_wconf 39' lang='lat' dir='ltr'>(Rom..v1u,</span> <span class='ocrx_word' id='word_1_179' title='bbox 545 2060 660 2126; x_wconf 88' lang='lat'>26).</span> <span class='ocrx_word' id='word_1_180' title='bbox 685 2057 832 2124; x_wconf 91' lang='lat' dir='ltr'>Quid</span> <span class='ocrx_word' id='word_1_181' title='bbox 863 2061 953 2112; x_wconf 89' lang='lat' dir='ltr'>est</span> <span class='ocrx_word' id='word_1_182' title='bbox 981 2059 1094 2128; x_wconf 83' lang='lat' dir='ltr'>ipse</span> <span class='ocrx_word' id='word_1_183' title='bbox 1122 2058 1351 2128; x_wconf 85' lang='lat' dir='ltr'>spiritus</span> <span class='ocrx_word' id='word_1_184' title='bbox 1379 2055 1705 2127; x_wconf 78' lang='lat' dir='ltr'>interpellat,</span> <span class='ocrx_word' id='word_1_185' title='bbox 1739 2053 1853 2109; x_wconf 91' lang='lat' dir='ltr'>nisi</span> 
     </span>
    </p>
   </div>
   <div class='ocr_carea' id='block_1_22' title="bbox 220 2142 1850 2220">
    <p class='ocr_par' dir='ltr' id='par_1_22' title="bbox 220 2142 1850 2220">
     <span class='ocr_line' id='line_1_22' title="bbox 220 2142 1850 2220; baseline -0.004 -18"><span class='ocrx_word' id='word_1_186' title='bbox 220 2146 574 2220; x_wconf 86' lang='lat' dir='ltr'>interpellare</span> <span class='ocrx_word' id='word_1_187' title='bbox 625 2146 764 2202; x_wconf 86' lang='lat' dir='ltr'>facit</span> <span class='ocrx_word' id='word_1_188' title='bbox 815 2145 1131 2218; x_wconf 87' lang='lat' dir='ltr'>gemitibus</span> <span class='ocrx_word' id='word_1_189' title='bbox 1187 2143 1696 2209; x_wconf 87' lang='lat' dir='ltr'>inenarrabilibus,</span> <span class='ocrx_word' id='word_1_190' title='bbox 1750 2142 1850 2198; x_wconf 93' lang='lat' dir='ltr'>sed</span> 
     </span>
    </p>
   </div>
   <div class='ocr_carea' id='block_1_23' title="bbox 216 2231 1853 2308">
    <p class='ocr_par' dir='ltr' id='par_1_23' title="bbox 216 2231 1853 2308">
     <span class='ocr_line' id='line_1_23' title="bbox 216 2231 1853 2308; baseline -0.002 -18"><span class='ocrx_word' id='word_1_191' title='bbox 216 2236 523 2303; x_wconf 82' lang='lat' dir='ltr'>veracibus,</span> <span class='ocrx_word' id='word_1_192' title='bbox 555 2235 835 2308; x_wconf 89' lang='lat' dir='ltr'>quoniam</span> <span class='ocrx_word' id='word_1_193' title='bbox 865 2233 1078 2290; x_wconf 90' lang='lat' dir='ltr'>veritas</span> <span class='ocrx_word' id='word_1_194' title='bbox 1121 2236 1210 2289; x_wconf 88' lang='lat' dir='ltr'>est</span> <span class='ocrx_word' id='word_1_195' title='bbox 1258 2231 1556 2305; x_wconf 83' lang='lat' dir='ltr'>Spiritus?</span> <span class='ocrx_word' id='word_1_196' title='bbox 1607 2232 1734 2303; x_wconf 84' lang='lat' dir='ltr'>Ipse</span> <span class='ocrx_word' id='word_1_197' title='bbox 1763 2235 1853 2286; x_wconf 89' lang='lat' dir='ltr'>est</span> 
     </span>
    </p>
   </div>
   <div class='ocr_carea' id='block_1_24' title="bbox 216 2321 1853 2398">
    <p class='ocr_par' dir='ltr' id='par_1_24' title="bbox 216 2321 1853 2398">
     <span class='ocr_line' id='line_1_24' title="bbox 216 2321 1853 2398; baseline -0.003 -18"><span class='ocrx_word' id='word_1_198' title='bbox 216 2325 379 2390; x_wconf 85' lang='lat' dir='ltr'>enim,</span> <span class='ocrx_word' id='word_1_199' title='bbox 404 2325 474 2381; x_wconf 90' lang='lat' dir='ltr'>de</span> <span class='ocrx_word' id='word_1_200' title='bbox 503 2342 624 2398; x_wconf 90' lang='lat' dir='ltr'>quo</span> <span class='ocrx_word' id='word_1_201' title='bbox 654 2324 714 2380; x_wconf 90' lang='lat' dir='ltr'>in</span> <span class='ocrx_word' id='word_1_202' title='bbox 747 2323 860 2380; x_wconf 89' lang='lat' dir='ltr'>alio</span> <span class='ocrx_word' id='word_1_203' title='bbox 898 2325 1025 2379; x_wconf 89' lang='lat' dir='ltr'>loco</span> <span class='ocrx_word' id='word_1_204' title='bbox 1053 2321 1212 2390; x_wconf 86' lang='lat' dir='ltr'>dicit,</span> <span class='ocrx_word' id='word_1_205' title='bbox 1243 2321 1392 2376; x_wconf 84' lang='lat' dir='ltr'>Misit</span> <span class='ocrx_word' id='word_1_206' title='bbox 1415 2322 1554 2376; x_wconf 85' lang='lat' dir='ltr'>Deus</span> <span class='ocrx_word' id='word_1_207' title='bbox 1582 2321 1853 2392; x_wconf 86' lang='lat' dir='ltr'>Spiritum</span> 
     </span>
    </p>
   </div>
   <div class='ocr_carea' id='block_1_25' title="bbox 214 2408 1852 2474">
    <p class='ocr_par' dir='ltr' id='par_1_25' title="bbox 214 2408 1852 2474">
     <span class='ocr_line' id='line_1_25' title="bbox 214 2408 1852 2474; baseline -0.002 -6"><span class='ocrx_word' id='word_1_208' title='bbox 214 2413 336 2470; x_wconf 79' lang='lat' dir='ltr'>Filii</span> <span class='ocrx_word' id='word_1_209' title='bbox 372 2417 461 2470; x_wconf 87' lang='lat' dir='ltr'>sui</span> <span class='ocrx_word' id='word_1_210' title='bbox 507 2415 571 2470; x_wconf 86' lang='lat' dir='ltr'>in</span> <span class='ocrx_word' id='word_1_211' title='bbox 625 2413 789 2470; x_wconf 89' lang='lat' dir='ltr'>corda</span> <span class='ocrx_word' id='word_1_212' title='bbox 843 2419 1032 2468; x_wconf 89' lang='lat' dir='ltr'>nostra</span> <span class='ocrx_word' id='word_1_213' title='bbox 1074 2412 1408 2467; x_wconf 86' lang='lat' dir='ltr'>clamantem</span> <span class='ocrx_word' id='word_1_214' title='bbox 1439 2428 1456 2464; x_wconf 91' lang='lat'><strong><em>:</em></strong></span> <span class='ocrx_word' id='word_1_215' title='bbox 1489 2408 1655 2474; x_wconf 84' lang='lat' dir='ltr'>Abba,</span> <span class='ocrx_word' id='word_1_216' title='bbox 1691 2415 1852 2464; x_wconf 85' lang='lat' dir='ltr'>Pater</span> 
     </span>
    </p>
   </div>
   <div class='ocr_carea' id='block_1_26' title="bbox 217 2496 1852 2573">
    <p class='ocr_par' dir='ltr' id='par_1_26' title="bbox 217 2496 1852 2573">
     <span class='ocr_line' id='line_1_26' title="bbox 217 2496 1852 2573; baseline -0.003 -16"><span class='ocrx_word' id='word_1_217' title='bbox 217 2501 320 2557; x_wconf 84' lang='lat' dir='ltr'>Gal.</span> <span class='ocrx_word' id='word_1_218' title='bbox 342 2519 416 2570; x_wconf 85' lang='grc' dir='ltr'>ιν,</span> <span class='ocrx_word' id='word_1_219' title='bbox 437 2504 514 2570; x_wconf 90' lang='lat'>6).</span> <span class='ocrx_word' id='word_1_220' title='bbox 539 2503 613 2557; x_wconf 89' lang='lat' dir='ltr'>Et</span> <span class='ocrx_word' id='word_1_221' title='bbox 643 2501 738 2556; x_wconf 87' lang='lat' dir='ltr'>hic</span> <span class='ocrx_word' id='word_1_222' title='bbox 775 2500 916 2573; x_wconf 89' lang='lat' dir='ltr'>quid</span> <span class='ocrx_word' id='word_1_223' title='bbox 953 2504 1044 2555; x_wconf 89' lang='lat' dir='ltr'>est</span> <span class='ocrx_word' id='word_1_224' title='bbox 1073 2501 1420 2566; x_wconf 88' lang='lat' dir='ltr'>clamantem,</span> <span class='ocrx_word' id='word_1_225' title='bbox 1453 2496 1565 2552; x_wconf 90' lang='lat' dir='ltr'>nisi</span> <span class='ocrx_word' id='word_1_226' title='bbox 1599 2497 1852 2552; x_wconf 89' lang='lat' dir='ltr'>clamare</span> 
     </span>
    </p>
   </div>
   <div class='ocr_carea' id='block_1_27' title="bbox 215 2585 1848 2662">
    <p class='ocr_par' dir='ltr' id='par_1_27' title="bbox 215 2585 1848 2662">
     <span class='ocr_line' id='line_1_27' title="bbox 215 2585 1848 2662; baseline -0.002 -19"><span class='ocrx_word' id='word_1_227' title='bbox 215 2588 550 2646; x_wconf 83' lang='lat' dir='ltr'>facientem?</span> <span class='ocrx_word' id='word_1_228' title='bbox 581 2593 748 2662; x_wconf 89' lang='lat' dir='ltr'>tropo</span> <span class='ocrx_word' id='word_1_229' title='bbox 780 2589 878 2644; x_wconf 90' lang='lat' dir='ltr'>illo</span> <span class='ocrx_word' id='word_1_230' title='bbox 899 2606 1014 2660; x_wconf 92' lang='lat' dir='ltr'>quo</span> <span class='ocrx_word' id='word_1_231' title='bbox 1047 2587 1300 2643; x_wconf 89' lang='lat' dir='ltr'>dicimus</span> <span class='ocrx_word' id='word_1_232' title='bbox 1329 2586 1527 2641; x_wconf 73' lang='lat' dir='ltr'>laetum</span> <span class='ocrx_word' id='word_1_233' title='bbox 1549 2585 1724 2650; x_wconf 88' lang='lat' dir='ltr'>diem,</span> <span class='ocrx_word' id='word_1_234' title='bbox 1749 2585 1848 2656; x_wconf 90' lang='lat' dir='ltr'>qui</span> 
     </span>
    </p>
   </div>
   <div class='ocr_carea' id='block_1_28' title="bbox 213 2673 1852 2747">
    <p class='ocr_par' dir='ltr' id='par_1_28' title="bbox 213 2673 1852 2747">
     <span class='ocr_line' id='line_1_28' title="bbox 213 2673 1852 2747; baseline -0.003 -14"><span class='ocrx_word' id='word_1_235' title='bbox 213 2676 361 2734; x_wconf 72' lang='lat' dir='ltr'>laetos</span> <span class='ocrx_word' id='word_1_236' title='bbox 403 2679 566 2747; x_wconf 87' lang='lat' dir='ltr'>facit,</span> <span class='ocrx_word' id='word_1_237' title='bbox 598 2679 762 2744; x_wconf 87' lang='lat' dir='ltr'>Quod</span> <span class='ocrx_word' id='word_1_238' title='bbox 811 2677 952 2733; x_wconf 87' lang='lat' dir='ltr'>alibi</span> <span class='ocrx_word' id='word_1_239' title='bbox 1003 2677 1357 2743; x_wconf 81' lang='lat' dir='ltr'>manifestat,</span> <span class='ocrx_word' id='word_1_240' title='bbox 1393 2674 1492 2729; x_wconf 91' lang='lat' dir='ltr'>ubi</span> <span class='ocrx_word' id='word_1_241' title='bbox 1541 2673 1700 2741; x_wconf 88' lang='lat' dir='ltr'>dicit,</span> <span class='ocrx_word' id='word_1_242' title='bbox 1734 2675 1852 2729; x_wconf 80' lang='lat' dir='ltr'>Non</span> 
     </span>
    </p>
   </div>
   <div class='ocr_carea' id='block_1_29' title="bbox 215 2763 1850 2840">
    <p class='ocr_par' dir='ltr' id='par_1_29' title="bbox 215 2763 1850 2840">
     <span class='ocr_line' id='line_1_29' title="bbox 215 2763 1850 2840; baseline -0.002 -18"><span class='ocrx_word' id='word_1_243' title='bbox 215 2768 346 2822; x_wconf 85' lang='lat' dir='ltr'>enim</span> <span class='ocrx_word' id='word_1_244' title='bbox 375 2768 659 2840; x_wconf 85' lang='lat' dir='ltr'>accepistis</span> <span class='ocrx_word' id='word_1_245' title='bbox 687 2768 947 2839; x_wconf 75' lang='lat' dir='ltr'>spiritum</span> <span class='ocrx_word' id='word_1_246' title='bbox 975 2767 1254 2822; x_wconf 82' lang='lat' dir='ltr'>servitutis</span> <span class='ocrx_word' id='word_1_247' title='bbox 1291 2766 1491 2820; x_wconf 87' lang='lat' dir='ltr'>iterum</span> <span class='ocrx_word' id='word_1_248' title='bbox 1520 2766 1581 2819; x_wconf 92' lang='lat' dir='ltr'>in</span> <span class='ocrx_word' id='word_1_249' title='bbox 1609 2763 1802 2819; x_wconf 86' lang='lat' dir='ltr'>timore</span> <span class='ocrx_word' id='word_1_250' title='bbox 1831 2781 1850 2818; x_wconf 90' lang='lat'><strong><em>:</em></strong></span> 
     </span>
    </p>
   </div>
   <div class='ocr_carea' id='block_1_30' title="bbox 215 2853 1852 2928">
    <p class='ocr_par' dir='ltr' id='par_1_30' title="bbox 215 2853 1852 2928">
     <span class='ocr_line' id='line_1_30' title="bbox 215 2853 1852 2928; baseline -0.003 -18"><span class='ocrx_word' id='word_1_251' title='bbox 215 2855 299 2911; x_wconf 87' lang='lat' dir='ltr'>sed</span> <span class='ocrx_word' id='word_1_252' title='bbox 343 2857 625 2928; x_wconf 88' lang='lat' dir='ltr'>accepistis</span> <span class='ocrx_word' id='word_1_253' title='bbox 681 2857 941 2928; x_wconf 84' lang='lat' dir='ltr'>spiritum</span> <span class='ocrx_word' id='word_1_254' title='bbox 989 2855 1294 2926; x_wconf 84' lang='lat' dir='ltr'>adoptionis</span> <span class='ocrx_word' id='word_1_255' title='bbox 1339 2853 1602 2924; x_wconf 85' lang='lat' dir='ltr'>ﬁliorum,</span> <span class='ocrx_word' id='word_1_256' title='bbox 1644 2853 1705 2907; x_wconf 89' lang='lat' dir='ltr'>in</span> <span class='ocrx_word' id='word_1_257' title='bbox 1748 2867 1852 2924; x_wconf 88' lang='lat' dir='ltr'>quo</span> 
     </span>
    </p>
   </div>
   <div class='ocr_carea' id='block_1_31' title="bbox 218 2939 1852 3015">
    <p class='ocr_par' dir='ltr' id='par_1_31' title="bbox 218 2939 1852 3015">
     <span class='ocr_line' id='line_1_31' title="bbox 218 2939 1852 3015; baseline -0.003 -17"><span class='ocrx_word' id='word_1_258' title='bbox 218 2945 503 3001; x_wconf 86' lang='lat' dir='ltr'>clamamus</span> <span class='ocrx_word' id='word_1_259' title='bbox 534 2964 555 3001; x_wconf 89' lang='lat'><strong><em>:</em></strong></span> <span class='ocrx_word' id='word_1_260' title='bbox 589 2945 758 3015; x_wconf 82' lang='lat' dir='ltr'>Abba,</span> <span class='ocrx_word' id='word_1_261' title='bbox 788 2947 952 3000; x_wconf 90' lang='lat' dir='ltr'>Pater</span> <span class='ocrx_word' id='word_1_262' title='bbox 974 2944 1146 3015; x_wconf 79' lang='lat' dir='ltr'>(Rom.</span> <span class='ocrx_word' id='word_1_263' title='bbox 1171 2959 1292 3009; x_wconf 86' lang='lat' dir='ltr'>vm,</span> <span class='ocrx_word' id='word_1_264' title='bbox 1319 2941 1427 3013; x_wconf 85' lang='lat'>15).</span> <span class='ocrx_word' id='word_1_265' title='bbox 1453 2941 1537 2996; x_wconf 90' lang='lat' dir='ltr'>lbi</span> <span class='ocrx_word' id='word_1_266' title='bbox 1569 2939 1715 2995; x_wconf 88' lang='lat' dir='ltr'>dixit</span> <span class='ocrx_word' id='word_1_267' title='bbox 1745 2941 1852 2995; x_wconf 89' lang='lat' dir='ltr'>cla-</span> 
     </span>
    </p>
   </div>
   <div class='ocr_carea' id='block_1_32' title="bbox 215 3028 1849 3105">
    <p class='ocr_par' dir='ltr' id='par_1_32' title="bbox 215 3028 1849 3105">
     <span class='ocr_line' id='line_1_32' title="bbox 215 3028 1849 3105; baseline -0.004 -16"><span class='ocrx_word' id='word_1_268' title='bbox 215 3042 456 3102; x_wconf 86' lang='lat' dir='ltr'>mantem,</span> <span class='ocrx_word' id='word_1_269' title='bbox 485 3033 585 3090; x_wconf 88' lang='lat' dir='ltr'>hic</span> <span class='ocrx_word' id='word_1_270' title='bbox 617 3050 749 3090; x_wconf 91' lang='lat' dir='ltr'>vero</span> <span class='ocrx_word' id='word_1_271' title='bbox 789 3035 848 3088; x_wconf 92' lang='lat' dir='ltr'>in</span> <span class='ocrx_word' id='word_1_272' title='bbox 879 3048 982 3105; x_wconf 92' lang='lat' dir='ltr'>quo</span> <span class='ocrx_word' id='word_1_273' title='bbox 1018 3033 1319 3087; x_wconf 87' lang='lat' dir='ltr'>clamamus</span> <span class='ocrx_word' id='word_1_274' title='bbox 1348 3049 1367 3084; x_wconf 93' lang='lat'><strong><em>:</em></strong></span> <span class='ocrx_word' id='word_1_275' title='bbox 1398 3030 1664 3104; x_wconf 79' lang='lat' dir='ltr'>aperiens</span> <span class='ocrx_word' id='word_1_276' title='bbox 1693 3028 1849 3084; x_wconf 88' lang='lat' dir='ltr'>vide-</span> 
     </span>
    </p>
   </div>
   <div class='ocr_carea' id='block_1_33' title="bbox 214 3117 1850 3195">
    <p class='ocr_par' dir='ltr' id='par_1_33' title="bbox 214 3117 1850 3195">
     <span class='ocr_line' id='line_1_33' title="bbox 214 3117 1850 3195; baseline -0.002 -19"><span class='ocrx_word' id='word_1_277' title='bbox 214 3120 335 3178; x_wconf 88' lang='lat' dir='ltr'>licet</span> <span class='ocrx_word' id='word_1_278' title='bbox 362 3123 658 3195; x_wconf 89' lang='lat' dir='ltr'>quomodo</span> <span class='ocrx_word' id='word_1_279' title='bbox 689 3121 900 3177; x_wconf 84' lang='lat' dir='ltr'>dixerit</span> <span class='ocrx_word' id='word_1_280' title='bbox 929 3121 1298 3188; x_wconf 84' lang='lat' dir='ltr'>clamantem,</span> <span class='ocrx_word' id='word_1_281' title='bbox 1325 3118 1383 3174; x_wconf 92' lang='lat' dir='ltr'>id</span> <span class='ocrx_word' id='word_1_282' title='bbox 1414 3122 1520 3187; x_wconf 87' lang='lat' dir='ltr'>est,</span> <span class='ocrx_word' id='word_1_283' title='bbox 1547 3118 1699 3173; x_wconf 90' lang='lat' dir='ltr'>sicut</span> <span class='ocrx_word' id='word_1_284' title='bbox 1722 3117 1850 3189; x_wconf 90' lang='lat' dir='ltr'>jam</span> 
     </span>
    </p>
   </div>
   <div class='ocr_carea' id='block_1_34' title="bbox 213 3205 1849 3284">
    <p class='ocr_par' dir='ltr' id='par_1_34' title="bbox 213 3205 1849 3284">
     <span class='ocr_line' id='line_1_34' title="bbox 213 3205 1849 3284; baseline -0.004 -18"><span class='ocrx_word' id='word_1_285' title='bbox 213 3212 456 3284; x_wconf 83' lang='lat' dir='ltr'>exposui,</span> <span class='ocrx_word' id='word_1_286' title='bbox 478 3211 738 3268; x_wconf 88' lang='lat' dir='ltr'>clamare</span> <span class='ocrx_word' id='word_1_287' title='bbox 769 3210 1132 3266; x_wconf 81' lang='lat' dir='ltr'>facientem.»</span> <span class='ocrx_word' id='word_1_288' title='bbox 1157 3209 1282 3264; x_wconf 91' lang='lat' dir='ltr'>Non</span> <span class='ocrx_word' id='word_1_289' title='bbox 1313 3211 1509 3264; x_wconf 88' lang='lat' dir='ltr'>tamen</span> <span class='ocrx_word' id='word_1_290' title='bbox 1539 3206 1648 3263; x_wconf 89' lang='lat' dir='ltr'>iste</span> <span class='ocrx_word' id='word_1_291' title='bbox 1679 3205 1849 3280; x_wconf 87' lang='lat' dir='ltr'>spiri-</span> 
     </span>
    </p>
   </div>
   <div class='ocr_carea' id='block_1_35' title="bbox 1955 811 3595 890">
    <p class='ocr_par' dir='ltr' id='par_1_35' title="bbox 1955 811 3595 890">
     <span class='ocr_line' id='line_1_35' title="bbox 1955 811 3595 890; baseline 0.004 -20"><span class='ocrx_word' id='word_1_292' title='bbox 1955 815 2106 871; x_wconf 75' lang='lat'>543</span> <span class='ocrx_word' id='word_1_293' title='bbox 2165 811 2222 870; x_wconf 90' lang='lat' dir='ltr'>in</span> <span class='ocrx_word' id='word_1_294' title='bbox 2280 814 2428 870; x_wconf 89' lang='lat' dir='ltr'>libro</span> <span class='ocrx_word' id='word_1_295' title='bbox 2485 816 2556 871; x_wconf 89' lang='lat' dir='ltr'>de</span> <span class='ocrx_word' id='word_1_296' title='bbox 2613 816 2897 872; x_wconf 88' lang='lat' dir='ltr'>Trinitate</span> <span class='ocrx_word' id='word_1_297' title='bbox 2950 816 3094 871; x_wconf 92' lang='lat' dir='ltr'>dicit</span> <span class='ocrx_word' id='word_1_298' title='bbox 3134 833 3200 871; x_wconf 88' lang='lat'>:«</span> <span class='ocrx_word' id='word_1_299' title='bbox 3253 817 3595 890; x_wconf 87' lang='lat' dir='ltr'>Ubicunque</span> 
     </span>
    </p>
   </div>
   <div class='ocr_carea' id='block_1_36' title="bbox 1954 903 3596 977">
    <p class='ocr_par' dir='ltr' id='par_1_36' title="bbox 1954 903 3596 977">
     <span class='ocr_line' id='line_1_36' title="bbox 1954 903 3596 977; baseline 0.003 -19"><span class='ocrx_word' id='word_1_300' title='bbox 1954 903 2012 958; x_wconf 91' lang='lat' dir='ltr'>in</span> <span class='ocrx_word' id='word_1_301' title='bbox 2075 903 2376 975; x_wconf 86' lang='lat' dir='ltr'>Scriptura</span> <span class='ocrx_word' id='word_1_302' title='bbox 2418 909 2622 960; x_wconf 88' lang='lat' dir='ltr'>sancta</span> <span class='ocrx_word' id='word_1_303' title='bbox 2669 904 2884 977; x_wconf 85' lang='lat' dir='ltr'>legitur</span> <span class='ocrx_word' id='word_1_304' title='bbox 2930 904 3090 961; x_wconf 92' lang='lat' dir='ltr'>solus</span> <span class='ocrx_word' id='word_1_305' title='bbox 3136 905 3310 970; x_wconf 90' lang='lat' dir='ltr'>Deus,</span> <span class='ocrx_word' id='word_1_306' title='bbox 3335 922 3475 971; x_wconf 50' lang='lat' dir='ltr'>,non</span> <span class='ocrx_word' id='word_1_307' title='bbox 3524 907 3596 963; x_wconf 90' lang='lat' dir='ltr'>de</span> 
     </span>
    </p>
   </div>
   <div class='ocr_carea' id='block_1_37' title="bbox 1953 991 3595 1070">
    <p class='ocr_par' dir='ltr' id='par_1_37' title="bbox 1953 991 3595 1070">
     <span class='ocr_line' id='line_1_37' title="bbox 1953 991 3595 1070; baseline 0.002 -24"><span class='ocrx_word' id='word_1_308' title='bbox 1953 991 2214 1063; x_wconf 88' lang='lat' dir='ltr'>qualibet</span> <span class='ocrx_word' id='word_1_309' title='bbox 2241 1009 2488 1064; x_wconf 85' lang='lat' dir='ltr'>persona</span> <span class='ocrx_word' id='word_1_310' title='bbox 2519 993 2575 1048; x_wconf 91' lang='lat' dir='ltr'>in</span> <span class='ocrx_word' id='word_1_311' title='bbox 2608 997 2811 1049; x_wconf 86' lang='lat' dir='ltr'>sancta</span> <span class='ocrx_word' id='word_1_312' title='bbox 2835 993 3122 1048; x_wconf 89' lang='lat' dir='ltr'>Trinitate</span> <span class='ocrx_word' id='word_1_313' title='bbox 3151 993 3595 1070; x_wconf 85' lang='lat' dir='ltr'>intelligendum</span> 
     </span>
    </p>
   </div>
   <div class='ocr_carea' id='block_1_38' title="bbox 1955 1081 3600 1155">
    <p class='ocr_par' dir='ltr' id='par_1_38' title="bbox 1955 1081 3600 1155">
     <span class='ocr_line' id='line_1_38' title="bbox 1955 1081 3600 1155; baseline 0.001 -19"><span class='ocrx_word' id='word_1_314' title='bbox 1955 1086 2062 1146; x_wconf 89' lang='lat' dir='ltr'>est,</span> <span class='ocrx_word' id='word_1_315' title='bbox 2095 1081 2195 1136; x_wconf 90' lang='lat' dir='ltr'>sed</span> <span class='ocrx_word' id='word_1_316' title='bbox 2226 1082 2297 1136; x_wconf 90' lang='lat' dir='ltr'>de</span> <span class='ocrx_word' id='word_1_317' title='bbox 2344 1085 2466 1136; x_wconf 86' lang='lat' dir='ltr'>tota</span> <span class='ocrx_word' id='word_1_318' title='bbox 2520 1086 2724 1138; x_wconf 89' lang='lat' dir='ltr'>sancta</span> <span class='ocrx_word' id='word_1_319' title='bbox 2779 1081 3083 1148; x_wconf 87' lang='lat' dir='ltr'>Trinitate,</span> <span class='ocrx_word' id='word_1_320' title='bbox 3118 1099 3245 1155; x_wconf 65' lang='lat' dir='ltr'>qua:</span> <span class='ocrx_word' id='word_1_321' title='bbox 3301 1081 3600 1155; x_wconf 63' lang='lat' dir='ltr'>aequaliter</span> 
     </span>
    </p>
   </div>
   <div class='ocr_carea' id='block_1_39' title="bbox 1954 1171 3598 1243">
    <p class='ocr_par' dir='ltr' id='par_1_39' title="bbox 1954 1171 3598 1243">
     <span class='ocr_line' id='line_1_39' title="bbox 1954 1171 3598 1243; baseline 0.001 -18"><span class='ocrx_word' id='word_1_322' title='bbox 1954 1173 2230 1242; x_wconf 89' lang='lat' dir='ltr'>operatur</span> <span class='ocrx_word' id='word_1_323' title='bbox 2257 1171 2457 1225; x_wconf 91' lang='lat' dir='ltr'>omnia</span> <span class='ocrx_word' id='word_1_324' title='bbox 2485 1186 2848 1242; x_wconf 65' lang='lat' dir='ltr'>quascunque</span> <span class='ocrx_word' id='word_1_325' title='bbox 2877 1171 3172 1243; x_wconf 86' lang='lat' dir='ltr'>cperanda</span> <span class='ocrx_word' id='word_1_326' title='bbox 3197 1187 3326 1227; x_wconf 88' lang='lat' dir='ltr'>esse</span> <span class='ocrx_word' id='word_1_327' title='bbox 3347 1171 3598 1243; x_wconf 88' lang='lat' dir='ltr'>judicat.</span> 
     </span>
    </p>
   </div>
   <div class='ocr_carea' id='block_1_40' title="bbox 1955 1257 3602 1331">
    <p class='ocr_par' dir='ltr' id='par_1_40' title="bbox 1955 1257 3602 1331">
     <span class='ocr_line' id='line_1_40' title="bbox 1955 1257 3602 1331; baseline 0.002 -18"><span class='ocrx_word' id='word_1_328' title='bbox 1955 1257 2119 1313; x_wconf 89' lang='lat' dir='ltr'>Unde</span> <span class='ocrx_word' id='word_1_329' title='bbox 2150 1259 2303 1330; x_wconf 91' lang='lat' dir='ltr'>quod</span> <span class='ocrx_word' id='word_1_330' title='bbox 2346 1258 2404 1313; x_wconf 93' lang='lat' dir='ltr'>in</span> <span class='ocrx_word' id='word_1_331' title='bbox 2455 1258 2700 1330; x_wconf 89' lang='lat' dir='ltr'>psalmis</span> <span class='ocrx_word' id='word_1_332' title='bbox 2726 1259 2958 1325; x_wconf 90' lang='lat' dir='ltr'>dicitur,</span> <span class='ocrx_word' id='word_1_333' title='bbox 2983 1261 3098 1330; x_wconf 89' lang='lat' dir='ltr'>()ui</span> <span class='ocrx_word' id='word_1_334' title='bbox 3139 1261 3275 1331; x_wconf 80' lang='lat' dir='ltr'>facit</span> <span class='ocrx_word' id='word_1_335' title='bbox 3311 1261 3602 1316; x_wconf 86' lang='lat' dir='ltr'>mirabilia</span> 
     </span>
    </p>
   </div>
   <div class='ocr_carea' id='block_1_41' title="bbox 1953 1347 3602 1420">
    <p class='ocr_par' dir='ltr' id='par_1_41' title="bbox 1953 1347 3602 1420">
     <span class='ocr_line' id='line_1_41' title="bbox 1953 1347 3602 1420; baseline 0.002 -19"><span class='ocrx_word' id='word_1_336' title='bbox 1953 1364 2154 1418; x_wconf 87' lang='lat' dir='ltr'>magna</span> <span class='ocrx_word' id='word_1_337' title='bbox 2180 1348 2327 1403; x_wconf 86' lang='lat' dir='ltr'>solus</span> <span class='ocrx_word' id='word_1_338' title='bbox 2348 1347 2516 1420; x_wconf 88' lang='lat' dir='ltr'>(Psal.</span> <span class='ocrx_word' id='word_1_339' title='bbox 2541 1365 2724 1416; x_wconf 82' lang='lat' dir='ltr'>Lxxv1,</span> <span class='ocrx_word' id='word_1_340' title='bbox 2752 1347 2866 1414; x_wconf 81' lang='lat' dir='ltr'>l3);</span> <span class='ocrx_word' id='word_1_341' title='bbox 2889 1351 2964 1414; x_wconf 92' lang='lat' dir='ltr'>et,</span> <span class='ocrx_word' id='word_1_342' title='bbox 2989 1349 3104 1419; x_wconf 76' lang='lat' dir='ltr'>Qui</span> <span class='ocrx_word' id='word_1_343' title='bbox 3129 1349 3274 1419; x_wconf 82' lang='lat' dir='ltr'>facit</span> <span class='ocrx_word' id='word_1_344' title='bbox 3299 1349 3602 1405; x_wconf 83' lang='lat' dir='ltr'>luminaria</span> 
     </span>
    </p>
   </div>
   <div class='ocr_carea' id='block_1_42' title="bbox 1955 1437 3602 1512">
    <p class='ocr_par' dir='ltr' id='par_1_42' title="bbox 1955 1437 3602 1512">
     <span class='ocr_line' id='line_1_42' title="bbox 1955 1437 3602 1512; baseline 0.001 -21"><span class='ocrx_word' id='word_1_345' title='bbox 1955 1451 2156 1506; x_wconf 88' lang='lat' dir='ltr'>magna</span> <span class='ocrx_word' id='word_1_346' title='bbox 2189 1437 2338 1491; x_wconf 90' lang='lat' dir='ltr'>solus</span> <span class='ocrx_word' id='word_1_347' title='bbox 2377 1437 2548 1507; x_wconf 88' lang='lat' dir='ltr'>(Psal.</span> <span class='ocrx_word' id='word_1_348' title='bbox 2581 1453 2812 1512; x_wconf 85' lang='lat' dir='ltr'>cxxxm,</span> <span class='ocrx_word' id='word_1_349' title='bbox 2832 1439 2919 1504; x_wconf 88' lang='lat'><strong>7);</strong></span> <span class='ocrx_word' id='word_1_350' title='bbox 2943 1440 3020 1503; x_wconf 91' lang='lat' dir='ltr'>et,</span> <span class='ocrx_word' id='word_1_351' title='bbox 3049 1438 3124 1492; x_wconf 89' lang='lat' dir='ltr'>Tu</span> <span class='ocrx_word' id='word_1_352' title='bbox 3167 1453 3223 1492; x_wconf 88' lang='lat' dir='ltr'>es</span> <span class='ocrx_word' id='word_1_353' title='bbox 3267 1439 3408 1493; x_wconf 89' lang='lat' dir='ltr'>Deus</span> <span class='ocrx_word' id='word_1_354' title='bbox 3453 1439 3602 1494; x_wconf 89' lang='lat' dir='ltr'>solus</span> 
     </span>
    </p>
   </div>
   <div class='ocr_carea' id='block_1_43' title="bbox 1959 1525 3602 1597">
    <p class='ocr_par' dir='ltr' id='par_1_43' title="bbox 1959 1525 3602 1597">
     <span class='ocr_line' id='line_1_43' title="bbox 1959 1525 3602 1597; baseline 0.002 -18"><span class='ocrx_word' id='word_1_355' title='bbox 1959 1525 2130 1596; x_wconf 86' lang='lat' dir='ltr'>(Psal.</span> <span class='ocrx_word' id='word_1_356' title='bbox 2163 1542 2362 1592; x_wconf 85' lang='lat' dir='ltr'>Lxxxv,</span> <span class='ocrx_word' id='word_1_357' title='bbox 2399 1526 2516 1597; x_wconf 78' lang='lat'>10);</span> <span class='ocrx_word' id='word_1_358' title='bbox 2560 1531 2637 1594; x_wconf 88' lang='lat' dir='ltr'>et,</span> <span class='ocrx_word' id='word_1_359' title='bbox 2681 1525 2844 1580; x_wconf 86' lang='lat' dir='ltr'>Nemo</span> <span class='ocrx_word' id='word_1_360' title='bbox 2891 1525 3061 1580; x_wconf 88' lang='lat' dir='ltr'>bonus</span> <span class='ocrx_word' id='word_1_361' title='bbox 3107 1526 3224 1581; x_wconf 86' lang='lat' dir='ltr'>nisi</span> <span class='ocrx_word' id='word_1_362' title='bbox 3267 1526 3415 1582; x_wconf 90' lang='lat' dir='ltr'>solus</span> <span class='ocrx_word' id='word_1_363' title='bbox 3461 1527 3602 1583; x_wconf 85' lang='lat' dir='ltr'>Deus</span> 
     </span>
    </p>
   </div>
   <div class='ocr_carea' id='block_1_44' title="bbox 1959 1613 3685 1684">
    <p class='ocr_par' dir='ltr' id='par_1_44' title="bbox 1959 1613 3685 1684">
     <span class='ocr_line' id='line_1_44' title="bbox 1959 1613 3685 1684; baseline 0.002 -15"><span class='ocrx_word' id='word_1_364' title='bbox 1959 1615 2110 1682; x_wconf 89' lang='lat' dir='ltr'>(Luc.</span> <span class='ocrx_word' id='word_1_365' title='bbox 2142 1630 2300 1681; x_wconf 85' lang='lat' dir='ltr'>xvm,</span> <span class='ocrx_word' id='word_1_366' title='bbox 2337 1614 2454 1680; x_wconf 73' lang='lat'>19);</span> <span class='ocrx_word' id='word_1_367' title='bbox 2501 1613 2662 1681; x_wconf 82' lang='lat' dir='ltr'>Audi,</span> <span class='ocrx_word' id='word_1_368' title='bbox 2713 1613 2908 1682; x_wconf 86' lang='lat' dir='ltr'>Israel,</span> <span class='ocrx_word' id='word_1_369' title='bbox 2955 1615 3218 1670; x_wconf 86' lang='lat' dir='ltr'>Dominus</span> <span class='ocrx_word' id='word_1_370' title='bbox 3265 1615 3406 1670; x_wconf 91' lang='lat' dir='ltr'>Deus</span> <span class='ocrx_word' id='word_1_371' title='bbox 3453 1621 3598 1684; x_wconf 88' lang='lat' dir='ltr'>tuus,</span> <span class='ocrx_word' id='word_1_372' title='bbox 3679 1647 3685 1652; x_wconf 87' lang='grc'><strong><em>-</em></strong></span> 
     </span>
    </p>
   </div>
   <div class='ocr_carea' id='block_1_45' title="bbox 1958 1701 3605 1772">
    <p class='ocr_par' dir='ltr' id='par_1_45' title="bbox 1958 1701 3605 1772">
     <span class='ocr_line' id='line_1_45' title="bbox 1958 1701 3605 1772; baseline -0.001 -13"><span class='ocrx_word' id='word_1_373' title='bbox 1958 1705 2100 1759; x_wconf 89' lang='lat' dir='ltr'>Deus</span> <span class='ocrx_word' id='word_1_374' title='bbox 2129 1719 2272 1758; x_wconf 90' lang='lat' dir='ltr'>unus</span> <span class='ocrx_word' id='word_1_375' title='bbox 2299 1710 2379 1758; x_wconf 91' lang='lat' dir='ltr'>est</span> <span class='ocrx_word' id='word_1_376' title='bbox 2405 1703 2580 1771; x_wconf 88' lang='lat' dir='ltr'>(Deut.</span> <span class='ocrx_word' id='word_1_377' title='bbox 2602 1720 2680 1767; x_wconf 72' lang='lat' dir='ltr'>vr,</span> <span class='ocrx_word' id='word_1_378' title='bbox 2706 1704 2760 1770; x_wconf 88' lang='grc'>4)</span> <span class='ocrx_word' id='word_1_379' title='bbox 2788 1719 2800 1756; x_wconf 90' lang='lat'>:</span> <span class='ocrx_word' id='word_1_380' title='bbox 2827 1719 2940 1758; x_wconf 91' lang='lat' dir='ltr'>non</span> <span class='ocrx_word' id='word_1_381' title='bbox 2965 1703 3035 1758; x_wconf 89' lang='lat' dir='ltr'>de</span> <span class='ocrx_word' id='word_1_382' title='bbox 3066 1701 3188 1758; x_wconf 93' lang='lat' dir='ltr'>solo</span> <span class='ocrx_word' id='word_1_383' title='bbox 3229 1703 3416 1772; x_wconf 88' lang='lat' dir='ltr'>Patre,</span> <span class='ocrx_word' id='word_1_384' title='bbox 3451 1702 3605 1760; x_wconf 90' lang='lat' dir='ltr'>sicut</span> 
     </span>
    </p>
   </div>
   <div class='ocr_carea' id='block_1_46' title="bbox 1961 1789 3606 1864">
    <p class='ocr_par' dir='ltr' id='par_1_46' title="bbox 1961 1789 3606 1864">
     <span class='ocr_line' id='line_1_46' title="bbox 1961 1789 3606 1864; baseline 0 -16"><span class='ocrx_word' id='word_1_385' title='bbox 1961 1790 2274 1848; x_wconf 89' lang='lat' dir='ltr'>adversarii</span> <span class='ocrx_word' id='word_1_386' title='bbox 2303 1790 2525 1861; x_wconf 90' lang='lat' dir='ltr'>volunt,</span> <span class='ocrx_word' id='word_1_387' title='bbox 2564 1789 2912 1864; x_wconf 90' lang='lat' dir='ltr'>intelligitur</span> <span class='ocrx_word' id='word_1_388' title='bbox 2958 1791 3179 1846; x_wconf 90' lang='lat' dir='ltr'>dictum</span> <span class='ocrx_word' id='word_1_389' title='bbox 3205 1809 3218 1848; x_wconf 92' lang='lat'><strong>:</strong></span> <span class='ocrx_word' id='word_1_390' title='bbox 3249 1792 3348 1848; x_wconf 90' lang='lat' dir='ltr'>sed</span> <span class='ocrx_word' id='word_1_391' title='bbox 3383 1793 3453 1848; x_wconf 88' lang='lat' dir='ltr'>de</span> <span class='ocrx_word' id='word_1_392' title='bbox 3482 1795 3606 1848; x_wconf 86' lang='lat' dir='ltr'>tota</span> 
     </span>
    </p>
   </div>
   <div class='ocr_carea' id='block_1_47' title="bbox 1961 1879 3605 1951">
    <p class='ocr_par' dir='ltr' id='par_1_47' title="bbox 1961 1879 3605 1951">
     <span class='ocr_line' id='line_1_47' title="bbox 1961 1879 3605 1951; baseline 0 -15"><span class='ocrx_word' id='word_1_393' title='bbox 1961 1883 2165 1936; x_wconf 87' lang='lat' dir='ltr'>sancta</span> <span class='ocrx_word' id='word_1_394' title='bbox 2184 1879 2488 1945; x_wconf 84' lang='lat' dir='ltr'>Trinitate,</span> <span class='ocrx_word' id='word_1_395' title='bbox 2504 1897 2630 1951; x_wconf 68' lang='lat' dir='ltr'>quae</span> <span class='ocrx_word' id='word_1_396' title='bbox 2651 1884 2740 1935; x_wconf 90' lang='lat' dir='ltr'>est</span> <span class='ocrx_word' id='word_1_397' title='bbox 2764 1897 2919 1936; x_wconf 91' lang='lat' dir='ltr'>unus</span> <span class='ocrx_word' id='word_1_398' title='bbox 2943 1879 3104 1934; x_wconf 88' lang='lat' dir='ltr'>solus</span> <span class='ocrx_word' id='word_1_399' title='bbox 3125 1879 3299 1936; x_wconf 92' lang='lat' dir='ltr'>Deus.</span> <span class='ocrx_word' id='word_1_400' title='bbox 3323 1879 3605 1936; x_wconf 89' lang='lat' dir='ltr'>Similiter</span> 
     </span>
    </p>
   </div>
   <div class='ocr_carea' id='block_1_48' title="bbox 1959 1967 3604 2041">
    <p class='ocr_par' dir='ltr' id='par_1_48' title="bbox 1959 1967 3604 2041">
     <span class='ocr_line' id='line_1_48' title="bbox 1959 1967 3604 2041; baseline 0.001 -17"><span class='ocrx_word' id='word_1_401' title='bbox 1959 1970 2031 2024; x_wconf 91' lang='lat' dir='ltr'>de</span> <span class='ocrx_word' id='word_1_402' title='bbox 2061 1969 2226 2024; x_wconf 82' lang='lat' dir='ltr'>Patre</span> <span class='ocrx_word' id='word_1_403' title='bbox 2252 1967 2374 2024; x_wconf 84' lang='lat' dir='ltr'>solo</span> <span class='ocrx_word' id='word_1_404' title='bbox 2396 1985 2512 2022; x_wconf 91' lang='lat' dir='ltr'>non</span> <span class='ocrx_word' id='word_1_405' title='bbox 2535 1972 2623 2024; x_wconf 89' lang='lat' dir='ltr'>est</span> <span class='ocrx_word' id='word_1_406' title='bbox 2653 1967 3095 2041; x_wconf 89' lang='lat' dir='ltr'>intelligendum</span> <span class='ocrx_word' id='word_1_407' title='bbox 3118 1969 3272 2039; x_wconf 92' lang='lat' dir='ltr'>quod</span> <span class='ocrx_word' id='word_1_408' title='bbox 3291 1968 3604 2040; x_wconf 88' lang='lat' dir='ltr'>Apostolus</span> 
     </span>
    </p>
   </div>
   <div class='ocr_carea' id='block_1_49' title="bbox 1960 2057 3606 2128">
    <p class='ocr_par' dir='ltr' id='par_1_49' title="bbox 1960 2057 3606 2128">
     <span class='ocr_line' id='line_1_49' title="bbox 1960 2057 3606 2128; baseline 0.001 -15"><span class='ocrx_word' id='word_1_409' title='bbox 1960 2057 2062 2125; x_wconf 89' lang='lat' dir='ltr'>ait,</span> <span class='ocrx_word' id='word_1_410' title='bbox 2093 2059 2290 2113; x_wconf 90' lang='lat' dir='ltr'>Beatus</span> <span class='ocrx_word' id='word_1_411' title='bbox 2337 2065 2389 2113; x_wconf 88' lang='lat' dir='ltr'>et</span> <span class='ocrx_word' id='word_1_412' title='bbox 2432 2058 2580 2113; x_wconf 88' lang='lat' dir='ltr'>solus</span> <span class='ocrx_word' id='word_1_413' title='bbox 2618 2065 2824 2128; x_wconf 84' lang='lat' dir='ltr'>potens,</span> <span class='ocrx_word' id='word_1_414' title='bbox 2859 2058 2972 2112; x_wconf 77' lang='lat' dir='ltr'>Rex</span> <span class='ocrx_word' id='word_1_415' title='bbox 3015 2073 3205 2128; x_wconf 86' lang='lat' dir='ltr'>regum</span> <span class='ocrx_word' id='word_1_416' title='bbox 3247 2065 3300 2113; x_wconf 90' lang='lat' dir='ltr'>et</span> <span class='ocrx_word' id='word_1_417' title='bbox 3345 2059 3606 2114; x_wconf 86' lang='lat' dir='ltr'>Dominns</span> 
     </span>
    </p>
   </div>
   <div class='ocr_carea' id='block_1_50' title="bbox 1959 2145 3608 2218">
    <p class='ocr_par' dir='ltr' id='par_1_50' title="bbox 1959 2145 3608 2218">
     <span class='ocr_line' id='line_1_50' title="bbox 1959 2145 3608 2218; baseline -0.001 -16"><span class='ocrx_word' id='word_1_418' title='bbox 1959 2146 2383 2216; x_wconf 87' lang='lat' dir='ltr'>dominantium,</span> <span class='ocrx_word' id='word_1_419' title='bbox 2417 2148 2516 2218; x_wconf 88' lang='lat' dir='ltr'>qui</span> <span class='ocrx_word' id='word_1_420' title='bbox 2554 2147 2703 2201; x_wconf 89' lang='lat' dir='ltr'>solus</span> <span class='ocrx_word' id='word_1_421' title='bbox 2741 2145 2900 2201; x_wconf 84' lang='lat' dir='ltr'>habet</span> <span class='ocrx_word' id='word_1_422' title='bbox 2927 2145 3406 2212; x_wconf 87' lang='lat' dir='ltr'>immortalitatem,</span> <span class='ocrx_word' id='word_1_423' title='bbox 3435 2153 3486 2201; x_wconf 90' lang='lat' dir='ltr'>et</span> <span class='ocrx_word' id='word_1_424' title='bbox 3526 2146 3608 2201; x_wconf 85' lang='lat' dir='ltr'>lu-</span> 
     </span>
    </p>
   </div>
   <div class='ocr_carea' id='block_1_51' title="bbox 1957 2233 3606 2306">
    <p class='ocr_par' dir='ltr' id='par_1_51' title="bbox 1957 2233 3606 2306">
     <span class='ocr_line' id='line_1_51' title="bbox 1957 2233 3606 2306; baseline -0.001 -17"><span class='ocrx_word' id='word_1_425' title='bbox 1957 2251 2072 2290; x_wconf 85' lang='lat' dir='ltr'>cem</span> <span class='ocrx_word' id='word_1_426' title='bbox 2100 2234 2309 2290; x_wconf 88' lang='lat' dir='ltr'>habitat</span> <span class='ocrx_word' id='word_1_427' title='bbox 2339 2234 2800 2300; x_wconf 86' lang='lat' dir='ltr'>inaccessibilem;</span> <span class='ocrx_word' id='word_1_428' title='bbox 2831 2249 2990 2306; x_wconf 86' lang='lat' dir='ltr'>quem</span> <span class='ocrx_word' id='word_1_429' title='bbox 3030 2249 3186 2288; x_wconf 87' lang='lat' dir='ltr'>nemo</span> <span class='ocrx_word' id='word_1_430' title='bbox 3213 2233 3497 2288; x_wconf 83' lang='lat' dir='ltr'>hominum</span> <span class='ocrx_word' id='word_1_431' title='bbox 3524 2234 3606 2289; x_wconf 89' lang='lat' dir='ltr'>vi-</span> 
     </span>
    </p>
   </div>
   <div class='ocr_carea' id='block_1_52' title="bbox 1957 2319 3604 2394">
    <p class='ocr_par' dir='ltr' id='par_1_52' title="bbox 1957 2319 3604 2394">
     <span class='ocr_line' id='line_1_52' title="bbox 1957 2319 3604 2394; baseline -0.002 -14"><span class='ocrx_word' id='word_1_432' title='bbox 1957 2325 2060 2389; x_wconf 85' lang='lat' dir='ltr'>dit,</span> <span class='ocrx_word' id='word_1_433' title='bbox 2081 2339 2180 2380; x_wconf 89' lang='lat' dir='ltr'>nec</span> <span class='ocrx_word' id='word_1_434' title='bbox 2208 2322 2389 2379; x_wconf 86' lang='lat' dir='ltr'>videre</span> <span class='ocrx_word' id='word_1_435' title='bbox 2411 2330 2582 2394; x_wconf 88' lang='lat' dir='ltr'>potest</span> <span class='ocrx_word' id='word_1_436' title='bbox 2603 2323 2649 2394; x_wconf 91' lang='grc'>(1</span> <span class='ocrx_word' id='word_1_437' title='bbox 2671 2324 2804 2378; x_wconf 90' lang='lat' dir='ltr'>Tim.</span> <span class='ocrx_word' id='word_1_438' title='bbox 2830 2339 2906 2389; x_wconf 83' lang='lat' dir='ltr'>v1,</span> <span class='ocrx_word' id='word_1_439' title='bbox 2933 2321 3042 2391; x_wconf 91' lang='grc'>15).</span> <span class='ocrx_word' id='word_1_440' title='bbox 3067 2321 3130 2376; x_wconf 91' lang='lat' dir='ltr'>In</span> <span class='ocrx_word' id='word_1_441' title='bbox 3153 2319 3370 2393; x_wconf 90' lang='lat' dir='ltr'>quibus</span> <span class='ocrx_word' id='word_1_442' title='bbox 3395 2321 3604 2390; x_wconf 87' lang='lat' dir='ltr'>verbis,</span> 
     </span>
    </p>
   </div>
   <div class='ocr_carea' id='block_1_53' title="bbox 1959 2408 3609 2484">
    <p class='ocr_par' dir='ltr' id='par_1_53' title="bbox 1959 2408 3609 2484">
     <span class='ocr_line' id='line_1_53' title="bbox 1959 2408 3609 2484; baseline -0.001 -16"><span class='ocrx_word' id='word_1_443' title='bbox 1959 2430 2065 2468; x_wconf 87' lang='lat' dir='ltr'>nec</span> <span class='ocrx_word' id='word_1_444' title='bbox 2110 2413 2278 2468; x_wconf 91' lang='lat' dir='ltr'>Pater</span> <span class='ocrx_word' id='word_1_445' title='bbox 2326 2411 2556 2484; x_wconf 89' lang='lat' dir='ltr'>proprie</span> <span class='ocrx_word' id='word_1_446' title='bbox 2604 2410 2943 2466; x_wconf 87' lang='lat' dir='ltr'>nominatus</span> <span class='ocrx_word' id='word_1_447' title='bbox 2990 2413 3098 2479; x_wconf 91' lang='lat' dir='ltr'>est,</span> <span class='ocrx_word' id='word_1_448' title='bbox 3133 2425 3238 2465; x_wconf 91' lang='lat' dir='ltr'>nec</span> <span class='ocrx_word' id='word_1_449' title='bbox 3271 2408 3468 2477; x_wconf 79' lang='lat' dir='ltr'>Filius,</span> <span class='ocrx_word' id='word_1_450' title='bbox 3502 2427 3609 2467; x_wconf 87' lang='lat' dir='ltr'>nec</span> 
     </span>
    </p>
   </div>
   <div class='ocr_carea' id='block_1_54' title="bbox 1960 2497 3606 2573">
    <p class='ocr_par' dir='ltr' id='par_1_54' title="bbox 1960 2497 3606 2573">
     <span class='ocr_line' id='line_1_54' title="bbox 1960 2497 3606 2573; baseline -0.002 -15"><span class='ocrx_word' id='word_1_451' title='bbox 1960 2500 2212 2573; x_wconf 89' lang='lat' dir='ltr'>Spiritus</span> <span class='ocrx_word' id='word_1_452' title='bbox 2243 2505 2515 2567; x_wconf 91' lang='lat' dir='ltr'>sanctus;</span> <span class='ocrx_word' id='word_1_453' title='bbox 2549 2501 2651 2556; x_wconf 89' lang='lat' dir='ltr'>sed</span> <span class='ocrx_word' id='word_1_454' title='bbox 2695 2498 2962 2555; x_wconf 84' lang='lat' dir='ltr'>absolute</span> <span class='ocrx_word' id='word_1_455' title='bbox 2991 2499 3202 2554; x_wconf 90' lang='lat' dir='ltr'>beatus</span> <span class='ocrx_word' id='word_1_456' title='bbox 3229 2501 3288 2554; x_wconf 91' lang='lat' dir='ltr'>et</span> <span class='ocrx_word' id='word_1_457' title='bbox 3315 2497 3476 2555; x_wconf 90' lang='lat' dir='ltr'>solus</span> <span class='ocrx_word' id='word_1_458' title='bbox 3505 2515 3606 2572; x_wconf 91' lang='lat' dir='ltr'>po-</span> 
     </span>
    </p>
   </div>
   <div class='ocr_carea' id='block_1_55' title="bbox 1960 2585 3611 2661">
    <p class='ocr_par' dir='ltr' id='par_1_55' title="bbox 1960 2585 3611 2661">
     <span class='ocr_line' id='line_1_55' title="bbox 1960 2585 3611 2661; baseline -0.002 -15"><span class='ocrx_word' id='word_1_459' title='bbox 1960 2595 2111 2657; x_wconf 88' lang='lat' dir='ltr'>tens,</span> <span class='ocrx_word' id='word_1_460' title='bbox 2136 2591 2254 2645; x_wconf 78' lang='lat' dir='ltr'>Rex</span> <span class='ocrx_word' id='word_1_461' title='bbox 2274 2605 2479 2661; x_wconf 81' lang='lat' dir='ltr'>regum</span> <span class='ocrx_word' id='word_1_462' title='bbox 2499 2593 2555 2644; x_wconf 90' lang='lat' dir='ltr'>et</span> <span class='ocrx_word' id='word_1_463' title='bbox 2577 2588 2864 2644; x_wconf 89' lang='lat' dir='ltr'>Dominus</span> <span class='ocrx_word' id='word_1_464' title='bbox 2882 2585 3496 2659; x_wconf 86' lang='lat' dir='ltr'>dominantium,quod</span> <span class='ocrx_word' id='word_1_465' title='bbox 3519 2590 3611 2642; x_wconf 89' lang='lat' dir='ltr'>est</span> 
     </span>
    </p>
   </div>
   <div class='ocr_carea' id='block_1_56' title="bbox 1960 2673 3606 2748">
    <p class='ocr_par' dir='ltr' id='par_1_56' title="bbox 1960 2673 3606 2748">
     <span class='ocr_line' id='line_1_56' title="bbox 1960 2673 3606 2748; baseline -0.001 -14"><span class='ocrx_word' id='word_1_466' title='bbox 1960 2697 2116 2736; x_wconf 92' lang='lat' dir='ltr'>unus</span> <span class='ocrx_word' id='word_1_467' title='bbox 2145 2677 2328 2746; x_wconf 89' lang='lat' dir='ltr'>solus,</span> <span class='ocrx_word' id='word_1_468' title='bbox 2355 2679 2560 2733; x_wconf 89' lang='lat' dir='ltr'>beatus</span> <span class='ocrx_word' id='word_1_469' title='bbox 2600 2681 2829 2748; x_wconf 91' lang='lat' dir='ltr'>potens,</span> <span class='ocrx_word' id='word_1_470' title='bbox 2853 2673 3188 2740; x_wconf 88' lang='lat' dir='ltr'>invisibilis,</span> <span class='ocrx_word' id='word_1_471' title='bbox 3210 2692 3383 2731; x_wconf 91' lang='lat' dir='ltr'>verus</span> <span class='ocrx_word' id='word_1_472' title='bbox 3430 2675 3606 2744; x_wconf 89' lang='lat' dir='ltr'>Deus,</span> 
     </span>
    </p>
   </div>
   <div class='ocr_carea' id='block_1_57' title="bbox 1958 2763 3611 2841">
    <p class='ocr_par' dir='ltr' id='par_1_57' title="bbox 1958 2763 3611 2841">
     <span class='ocr_line' id='line_1_57' title="bbox 1958 2763 3611 2841; baseline -0.002 -18"><span class='ocrx_word' id='word_1_473' title='bbox 1958 2767 2090 2841; x_wconf 89' lang='lat' dir='ltr'>ipsa</span> <span class='ocrx_word' id='word_1_474' title='bbox 2137 2767 2412 2833; x_wconf 84' lang='lat' dir='ltr'>Trinitas,</span> <span class='ocrx_word' id='word_1_475' title='bbox 2446 2783 2574 2838; x_wconf 65' lang='lat' dir='ltr'>quae</span> <span class='ocrx_word' id='word_1_476' title='bbox 2606 2763 2908 2836; x_wconf 71' lang='lat' dir='ltr'>mqualiter</span> <span class='ocrx_word' id='word_1_477' title='bbox 2955 2764 3126 2819; x_wconf 90' lang='lat' dir='ltr'>beata</span> <span class='ocrx_word' id='word_1_478' title='bbox 3167 2766 3275 2831; x_wconf 90' lang='lat' dir='ltr'>est,</span> <span class='ocrx_word' id='word_1_479' title='bbox 3309 2763 3611 2836; x_wconf 66' lang='lat' dir='ltr'>aequaliter</span> 
     </span>
    </p>
   </div>
   <div class='ocr_carea' id='block_1_58' title="bbox 1960 2851 3609 2930">
    <p class='ocr_par' dir='ltr' id='par_1_58' title="bbox 1960 2851 3609 2930">
     <span class='ocr_line' id='line_1_58' title="bbox 1960 2851 3609 2930; baseline -0.002 -18"><span class='ocrx_word' id='word_1_480' title='bbox 1960 2861 2184 2930; x_wconf 88' lang='lat' dir='ltr'>potens,</span> <span class='ocrx_word' id='word_1_481' title='bbox 2215 2855 2332 2910; x_wconf 92' lang='lat' dir='ltr'>imo</span> <span class='ocrx_word' id='word_1_482' title='bbox 2362 2853 2756 2926; x_wconf 89' lang='lat' dir='ltr'>omnipotens,</span> <span class='ocrx_word' id='word_1_483' title='bbox 2780 2853 2957 2909; x_wconf 87' lang='lat' dir='ltr'>etiam</span> <span class='ocrx_word' id='word_1_484' title='bbox 3007 2856 3064 2908; x_wconf 91' lang='lat' dir='ltr'>et</span> <span class='ocrx_word' id='word_1_485' title='bbox 3112 2851 3446 2924; x_wconf 90' lang='lat' dir='ltr'>unipotens,</span> <span class='ocrx_word' id='word_1_486' title='bbox 3470 2851 3609 2924; x_wconf 92' lang='lat' dir='ltr'>quia</span> 
     </span>
    </p>
   </div>
   <div class='ocr_carea' id='block_1_59' title="bbox 1959 2938 3608 3016">
    <p class='ocr_par' dir='ltr' id='par_1_59' title="bbox 1959 2938 3608 3016">
     <span class='ocr_line' id='line_1_59' title="bbox 1959 2938 3608 3016; baseline -0.002 -16"><span class='ocrx_word' id='word_1_487' title='bbox 1959 2961 2079 3000; x_wconf 90' lang='lat' dir='ltr'>una</span> <span class='ocrx_word' id='word_1_488' title='bbox 2107 2944 2366 3016; x_wconf 88' lang='lat' dir='ltr'>potentia</span> <span class='ocrx_word' id='word_1_489' title='bbox 2405 2947 2495 2998; x_wconf 90' lang='lat' dir='ltr'>est</span> <span class='ocrx_word' id='word_1_490' title='bbox 2539 2942 2721 2997; x_wconf 89' lang='lat' dir='ltr'>totius</span> <span class='ocrx_word' id='word_1_491' title='bbox 2769 2944 2984 2998; x_wconf 71' lang='lat' dir='ltr'>sancta:</span> <span class='ocrx_word' id='word_1_492' title='bbox 3033 2938 3358 2996; x_wconf 89' lang='lat' dir='ltr'>Trinitatis.</span> <span class='ocrx_word' id='word_1_493' title='bbox 3409 2939 3608 3012; x_wconf 91' lang='lat' dir='ltr'>Neque</span> 
     </span>
    </p>
   </div>
   <div class='ocr_carea' id='block_1_60' title="bbox 1959 3023 3606 3104">
    <p class='ocr_par' dir='ltr' id='par_1_60' title="bbox 1959 3023 3606 3104">
     <span class='ocr_line' id='line_1_60' title="bbox 1959 3023 3606 3104; baseline -0.004 -16"><span class='ocrx_word' id='word_1_494' title='bbox 1959 3031 2138 3101; x_wconf 88' lang='lat' dir='ltr'>enim,</span> <span class='ocrx_word' id='word_1_495' title='bbox 2163 3031 2302 3104; x_wconf 87' lang='lat' dir='ltr'>quia</span> <span class='ocrx_word' id='word_1_496' title='bbox 2330 3023 2454 3103; x_wconf 88' lang='lat' dir='ltr'>ipse</span> <span class='ocrx_word' id='word_1_497' title='bbox 2479 3029 2656 3086; x_wconf 87' lang='lat' dir='ltr'>Filius</span> <span class='ocrx_word' id='word_1_498' title='bbox 2683 3029 2820 3085; x_wconf 91' lang='lat' dir='ltr'>alibi</span> <span class='ocrx_word' id='word_1_499' title='bbox 2850 3029 3253 3101; x_wconf 74' lang='lat' dir='ltr'>loquens-voce</span> <span class='ocrx_word' id='word_1_500' title='bbox 3283 3027 3606 3100; x_wconf 59' lang='lat' dir='ltr'>sapientiai,</span> 
     </span>
    </p>
   </div>
   <div class='ocr_carea' id='block_1_61' title="bbox 1957 3117 3609 3194">
    <p class='ocr_par' dir='ltr' id='par_1_61' title="bbox 1957 3117 3609 3194">
     <span class='ocr_line' id='line_1_61' title="bbox 1957 3117 3609 3194; baseline -0.002 -18"><span class='ocrx_word' id='word_1_501' title='bbox 1957 3121 2082 3194; x_wconf 90' lang='lat' dir='ltr'>ipse</span> <span class='ocrx_word' id='word_1_502' title='bbox 2107 3124 2195 3177; x_wconf 88' lang='lat' dir='ltr'>est</span> <span class='ocrx_word' id='word_1_503' title='bbox 2213 3119 2366 3176; x_wconf 87' lang='lat' dir='ltr'>enim</span> <span class='ocrx_word' id='word_1_504' title='bbox 2392 3118 2680 3191; x_wconf 76' lang='lat' dir='ltr'>sapientia</span> <span class='ocrx_word' id='word_1_505' title='bbox 2701 3118 2822 3184; x_wconf 88' lang='lat' dir='ltr'>Dei,</span> <span class='ocrx_word' id='word_1_506' title='bbox 2849 3118 2965 3173; x_wconf 87' lang='lat' dir='ltr'>ait:</span> <span class='ocrx_word' id='word_1_507' title='bbox 2997 3117 3202 3190; x_wconf 78' lang='lat' dir='ltr'>Cyrum</span> <span class='ocrx_word' id='word_1_508' title='bbox 3227 3117 3349 3172; x_wconf 67' lang='lat' dir='ltr'>caeli</span> <span class='ocrx_word' id='word_1_509' title='bbox 3371 3118 3609 3172; x_wconf 88' lang='lat' dir='ltr'>circuivi</span> 
     </span>
    </p>
   </div>
   <div class='ocr_carea' id='block_1_62' title="bbox 1957 3205 3607 3279">
    <p class='ocr_par' dir='ltr' id='par_1_62' title="bbox 1957 3205 3607 3279">
     <span class='ocr_line' id='line_1_62' title="bbox 1957 3205 3607 3279; baseline -0.003 -13"><span class='ocrx_word' id='word_1_510' title='bbox 1957 3211 2077 3267; x_wconf 91' lang='lat' dir='ltr'>sola</span> <span class='ocrx_word' id='word_1_511' title='bbox 2106 3209 2468 3279; x_wconf 81' lang='lat' dir='ltr'>(Eccli.xx1v,</span> <span class='ocrx_word' id='word_1_512' title='bbox 2492 3210 2568 3275; x_wconf 90' lang='lat'>8),</span> <span class='ocrx_word' id='word_1_513' title='bbox 2595 3205 2882 3279; x_wconf 88' lang='lat' dir='ltr'>separavit</span> <span class='ocrx_word' id='word_1_514' title='bbox 2921 3223 2957 3261; x_wconf 89' lang='lat' dir='ltr'>a</span> <span class='ocrx_word' id='word_1_515' title='bbox 2993 3221 3056 3262; x_wconf 90' lang='lat' dir='ltr'>se</span> <span class='ocrx_word' id='word_1_516' title='bbox 3096 3205 3363 3261; x_wconf 90' lang='lat' dir='ltr'>Patrem:</span> <span class='ocrx_word' id='word_1_517' title='bbox 3390 3209 3607 3276; x_wconf 88' lang='lat' dir='ltr'>quanto</span> 
     </span>
    </p>
   </div>
   <div class='ocr_carea' id='block_1_63' title="bbox 211 3280 3608 3372">
    <p class='ocr_par' dir='ltr' id='par_1_63' title="bbox 211 3280 3608 3372">
     <span class='ocr_line' id='line_1_63' title="bbox 211 3280 3608 3372; baseline -0.001 -18"><span class='ocrx_word' id='word_1_518' title='bbox 211 3280 318 3368; x_wconf 80' lang='lat' dir='ltr'>tus,</span> <span class='ocrx_word' id='word_1_519' title='bbox 341 3300 440 3372; x_wconf 90' lang='lat' dir='ltr'>qui</span> <span class='ocrx_word' id='word_1_520' title='bbox 461 3317 572 3357; x_wconf 91' lang='lat' dir='ltr'>nos</span> <span class='ocrx_word' id='word_1_521' title='bbox 595 3299 848 3356; x_wconf 88' lang='lat' dir='ltr'>clamare</span> <span class='ocrx_word' id='word_1_522' title='bbox 869 3299 1008 3354; x_wconf 85' lang='lat' dir='ltr'>facit</span> <span class='ocrx_word' id='word_1_523' title='bbox 1029 3299 1213 3363; x_wconf 87' lang='lat' dir='ltr'>Abba,</span> <span class='ocrx_word' id='word_1_524' title='bbox 1239 3297 1427 3363; x_wconf 88' lang='lat' dir='ltr'>Pater,</span> <span class='ocrx_word' id='word_1_525' title='bbox 1454 3295 1715 3368; x_wconf 83' lang='lat' dir='ltr'>ingratos</span> <span class='ocrx_word' id='word_1_526' title='bbox 1745 3313 1853 3351; x_wconf 91' lang='lat' dir='ltr'>nos</span> <span class='ocrx_word' id='word_1_527' title='bbox 1881 3280 1924 3346; x_wconf 69' lang='grc' dir='ltr'>Ο</span> <span class='ocrx_word' id='word_1_528' title='bbox 1963 3298 2153 3371; x_wconf 87' lang='lat' dir='ltr'>magis</span> <span class='ocrx_word' id='word_1_529' title='bbox 2181 3314 2317 3370; x_wconf 83' lang='lat' dir='ltr'>ergo</span> <span class='ocrx_word' id='word_1_530' title='bbox 2365 3314 2479 3352; x_wconf 91' lang='lat' dir='ltr'>non</span> <span class='ocrx_word' id='word_1_531' title='bbox 2529 3300 2619 3351; x_wconf 89' lang='lat' dir='ltr'>est</span> <span class='ocrx_word' id='word_1_532' title='bbox 2663 3311 2900 3350; x_wconf 89' lang='lat' dir='ltr'>necesse</span> <span class='ocrx_word' id='word_1_533' title='bbox 2932 3299 2996 3350; x_wconf 93' lang='lat' dir='ltr'>ut</span> <span class='ocrx_word' id='word_1_534' title='bbox 3025 3295 3096 3350; x_wconf 90' lang='lat' dir='ltr'>de</span> <span class='ocrx_word' id='word_1_535' title='bbox 3125 3293 3294 3350; x_wconf 89' lang='lat' dir='ltr'>Patre</span> <span class='ocrx_word' id='word_1_536' title='bbox 3342 3297 3608 3350; x_wconf 88' lang='lat' dir='ltr'>tantum-</span> 
     </span>
    </p>
   </div>
   <div class='ocr_carea' id='block_1_64' title="bbox 213 3383 1854 3458">
    <p class='ocr_par' dir='ltr' id='par_1_64' title="bbox 213 3383 1854 3458">
     <span class='ocr_line' id='line_1_64' title="bbox 213 3383 1854 3458; baseline -0.002 -15"><span class='ocrx_word' id='word_1_537' title='bbox 213 3387 356 3455; x_wconf 83' lang='lat' dir='ltr'>facit,</span> <span class='ocrx_word' id='word_1_538' title='bbox 379 3390 533 3446; x_wconf 87' lang='lat' dir='ltr'>sicut</span> <span class='ocrx_word' id='word_1_539' title='bbox 557 3387 980 3446; x_wconf 88' lang='lat' dir='ltr'>Gothescalcus</span> <span class='ocrx_word' id='word_1_540' title='bbox 1002 3386 1274 3458; x_wconf 90' lang='lat' dir='ltr'>superius</span> <span class='ocrx_word' id='word_1_541' title='bbox 1296 3384 1457 3452; x_wconf 89' lang='lat' dir='ltr'>dicit,</span> <span class='ocrx_word' id='word_1_542' title='bbox 1484 3383 1706 3440; x_wconf 80' lang='lat' dir='ltr'>caeteris</span> <span class='ocrx_word' id='word_1_543' title='bbox 1732 3402 1854 3457; x_wconf 89' lang='lat' dir='ltr'>per-</span> 
     </span>
    </p>
   </div>
   <div class='ocr_carea' id='block_1_65' title="bbox 211 3473 1852 3550">
    <p class='ocr_par' dir='ltr' id='par_1_65' title="bbox 211 3473 1852 3550">
     <span class='ocr_line' id='line_1_65' title="bbox 211 3473 1852 3550; baseline -0.001 -19"><span class='ocrx_word' id='word_1_544' title='bbox 211 3476 377 3546; x_wconf 86' lang='lat' dir='ltr'>sonis,</span> <span class='ocrx_word' id='word_1_545' title='bbox 400 3477 459 3533; x_wconf 91' lang='lat' dir='ltr'>id</span> <span class='ocrx_word' id='word_1_546' title='bbox 509 3481 605 3535; x_wconf 87' lang='lat' dir='ltr'>est</span> <span class='ocrx_word' id='word_1_547' title='bbox 654 3494 916 3550; x_wconf 67' lang='lat' dir='ltr'>persona:</span> <span class='ocrx_word' id='word_1_548' title='bbox 967 3474 1113 3543; x_wconf 86' lang='lat' dir='ltr'>Filii,</span> <span class='ocrx_word' id='word_1_549' title='bbox 1147 3479 1205 3530; x_wconf 91' lang='lat' dir='ltr'>et</span> <span class='ocrx_word' id='word_1_550' title='bbox 1249 3491 1550 3541; x_wconf 66' lang='lat' dir='ltr'>suas,cum</span> <span class='ocrx_word' id='word_1_551' title='bbox 1597 3473 1852 3529; x_wconf 90' lang='lat' dir='ltr'>dicimus</span> 
     </span>
    </p>
   </div>
   <div class='ocr_carea' id='block_1_66' title="bbox 210 3561 1850 3638">
    <p class='ocr_par' dir='ltr' id='par_1_66' title="bbox 210 3561 1850 3638">
     <span class='ocr_line' id='line_1_66' title="bbox 210 3561 1850 3638; baseline -0.002 -19"><span class='ocrx_word' id='word_1_552' title='bbox 210 3565 376 3635; x_wconf 86' lang='lat' dir='ltr'>Abba,</span> <span class='ocrx_word' id='word_1_553' title='bbox 402 3565 595 3638; x_wconf 87' lang='lat' dir='ltr'>Pater,</span> <span class='ocrx_word' id='word_1_554' title='bbox 624 3565 750 3622; x_wconf 90' lang='lat' dir='ltr'>sine</span> <span class='ocrx_word' id='word_1_555' title='bbox 782 3563 1180 3620; x_wconf 89' lang='lat' dir='ltr'>nominatione</span> <span class='ocrx_word' id='word_1_556' title='bbox 1213 3562 1337 3618; x_wconf 78' lang='lat' dir='ltr'>Filii</span> <span class='ocrx_word' id='word_1_557' title='bbox 1358 3567 1414 3618; x_wconf 88' lang='lat' dir='ltr'>et</span> <span class='ocrx_word' id='word_1_558' title='bbox 1433 3563 1698 3633; x_wconf 83' lang='lat' dir='ltr'>ejusdem</span> <span class='ocrx_word' id='word_1_559' title='bbox 1722 3561 1850 3634; x_wconf 91' lang='lat' dir='ltr'>Spi-</span> 
     </span>
    </p>
   </div>
   <div class='ocr_carea' id='block_1_67' title="bbox 212 3649 1853 3725">
    <p class='ocr_par' dir='ltr' id='par_1_67' title="bbox 212 3649 1853 3725">
     <span class='ocr_line' id='line_1_67' title="bbox 212 3649 1853 3725; baseline -0.001 -17"><span class='ocrx_word' id='word_1_560' title='bbox 212 3653 348 3710; x_wconf 85' lang='lat' dir='ltr'>ritus</span> <span class='ocrx_word' id='word_1_561' title='bbox 367 3655 554 3712; x_wconf 87' lang='lat' dir='ltr'>sancti</span> <span class='ocrx_word' id='word_1_562' title='bbox 567 3697 582 3710; x_wconf 93' lang='lat'>.</span> <span class='ocrx_word' id='word_1_563' title='bbox 597 3655 668 3710; x_wconf 89' lang='lat' dir='ltr'>Et</span> <span class='ocrx_word' id='word_1_564' title='bbox 689 3654 827 3710; x_wconf 88' lang='lat' dir='ltr'>item</span> <span class='ocrx_word' id='word_1_565' title='bbox 843 3651 1206 3725; x_wconf 86' lang='lat' dir='ltr'>Augustinus</span> <span class='ocrx_word' id='word_1_566' title='bbox 1222 3668 1290 3706; x_wconf 88' lang='lat' dir='ltr'>ex</span> <span class='ocrx_word' id='word_1_567' title='bbox 1305 3649 1578 3722; x_wconf 88' lang='lat' dir='ltr'>Apostolo</span> <span class='ocrx_word' id='word_1_568' title='bbox 1597 3650 1853 3706; x_wconf 85' lang='lat' dir='ltr'>testimo-</span> 
     </span>
    </p>
   </div>
   <div class='ocr_carea' id='block_1_68' title="bbox 213 3739 1852 3818">
    <p class='ocr_par' dir='ltr' id='par_1_68' title="bbox 213 3739 1852 3818">
     <span class='ocr_line' id='line_1_68' title="bbox 213 3739 1852 3818; baseline -0.003 -20"><span class='ocrx_word' id='word_1_569' title='bbox 213 3741 362 3799; x_wconf 88' lang='lat' dir='ltr'>nium</span> <span class='ocrx_word' id='word_1_570' title='bbox 400 3744 569 3818; x_wconf 89' lang='lat' dir='ltr'>ponit</span> <span class='ocrx_word' id='word_1_571' title='bbox 609 3742 830 3812; x_wconf 89' lang='lat' dir='ltr'>dicens,</span> <span class='ocrx_word' id='word_1_572' title='bbox 858 3765 885 3793; x_wconf 82' lang='lat'><strong>«</strong></span> <span class='ocrx_word' id='word_1_573' title='bbox 919 3743 1226 3813; x_wconf 86' lang='lat' dir='ltr'>Accipimus</span> <span class='ocrx_word' id='word_1_574' title='bbox 1253 3741 1511 3812; x_wconf 86' lang='lat' dir='ltr'>spiritum</span> <span class='ocrx_word' id='word_1_575' title='bbox 1547 3739 1852 3810; x_wconf 87' lang='lat' dir='ltr'>adoptionis</span> 
     </span>
    </p>
   </div>
   <div class='ocr_carea' id='block_1_69' title="bbox 207 3827 1852 3906">
    <p class='ocr_par' dir='ltr' id='par_1_69' title="bbox 207 3827 1852 3906">
     <span class='ocr_line' id='line_1_69' title="bbox 207 3827 1852 3906; baseline -0.004 -18"><span class='ocrx_word' id='word_1_576' title='bbox 207 3833 458 3903; x_wconf 74' lang='lat' dir='ltr'>ﬁliorum,</span> <span class='ocrx_word' id='word_1_577' title='bbox 484 3837 548 3891; x_wconf 88' lang='lat' dir='ltr'>in</span> <span class='ocrx_word' id='word_1_578' title='bbox 579 3849 687 3906; x_wconf 88' lang='lat' dir='ltr'>quo</span> <span class='ocrx_word' id='word_1_579' title='bbox 715 3833 1017 3888; x_wconf 87' lang='lat' dir='ltr'>clamamus</span> <span class='ocrx_word' id='word_1_580' title='bbox 1039 3849 1058 3885; x_wconf 91' lang='lat'><strong><em>:</em></strong></span> <span class='ocrx_word' id='word_1_581' title='bbox 1084 3830 1250 3898; x_wconf 88' lang='lat' dir='ltr'>Abba,</span> <span class='ocrx_word' id='word_1_582' title='bbox 1274 3831 1486 3885; x_wconf 78' lang='lat' dir='ltr'>Pater.»</span> <span class='ocrx_word' id='word_1_583' title='bbox 1515 3828 1677 3894; x_wconf 87' lang='lat' dir='ltr'>Quod</span> <span class='ocrx_word' id='word_1_584' title='bbox 1707 3827 1852 3882; x_wconf 90' lang='lat' dir='ltr'>vidit</span> 
     </span>
    </p>
   </div>
   <div class='ocr_carea' id='block_1_70' title="bbox 213 3919 1852 3989">
    <p class='ocr_par' dir='ltr' id='par_1_70' title="bbox 213 3919 1852 3989">
     <span class='ocr_line' id='line_1_70' title="bbox 213 3919 1852 3989; baseline -0.002 -14"><span class='ocrx_word' id='word_1_585' title='bbox 213 3925 263 3976; x_wconf 88' lang='lat' dir='ltr'>et</span> <span class='ocrx_word' id='word_1_586' title='bbox 279 3921 481 3980; x_wconf 89' lang='lat' dir='ltr'>beatus</span> <span class='ocrx_word' id='word_1_587' title='bbox 500 3921 872 3978; x_wconf 86' lang='lat' dir='ltr'>Ambrosius.</span> <span class='ocrx_word' id='word_1_588' title='bbox 892 3920 986 3975; x_wconf 88' lang='lat' dir='ltr'>Ait</span> <span class='ocrx_word' id='word_1_589' title='bbox 1006 3919 1160 3975; x_wconf 89' lang='lat' dir='ltr'>enim</span> <span class='ocrx_word' id='word_1_590' title='bbox 1183 3936 1232 3974; x_wconf 86' lang='grc'>;‹‹</span> <span class='ocrx_word' id='word_1_591' title='bbox 1253 3919 1323 3974; x_wconf 86' lang='lat' dir='ltr'>Et</span> <span class='ocrx_word' id='word_1_592' title='bbox 1343 3935 1506 3973; x_wconf 89' lang='lat' dir='ltr'>orare</span> <span class='ocrx_word' id='word_1_593' title='bbox 1526 3923 1705 3972; x_wconf 90' lang='lat' dir='ltr'>Deum</span> <span class='ocrx_word' id='word_1_594' title='bbox 1725 3934 1852 3989; x_wconf 87' lang='lat' dir='ltr'>gra-</span> 
     </span>
    </p>
   </div>
   <div class='ocr_carea' id='block_1_71' title="bbox 213 4005 1850 4084">
    <p class='ocr_par' dir='ltr' id='par_1_71' title="bbox 213 4005 1850 4084">
     <span class='ocr_line' id='line_1_71' title="bbox 213 4005 1850 4084; baseline -0.001 -20"><span class='ocrx_word' id='word_1_595' title='bbox 213 4009 296 4065; x_wconf 66' lang='lat' dir='ltr'>tiae</span> <span class='ocrx_word' id='word_1_596' title='bbox 323 4011 610 4084; x_wconf 88' lang='lat' dir='ltr'>spiritalis</span> <span class='ocrx_word' id='word_1_597' title='bbox 629 4014 743 4082; x_wconf 89' lang='lat' dir='ltr'>est,</span> <span class='ocrx_word' id='word_1_598' title='bbox 764 4009 917 4066; x_wconf 89' lang='lat' dir='ltr'>sicut</span> <span class='ocrx_word' id='word_1_599' title='bbox 947 4008 1232 4081; x_wconf 89' lang='lat' dir='ltr'>scriplum</span> <span class='ocrx_word' id='word_1_600' title='bbox 1253 4012 1362 4074; x_wconf 89' lang='lat' dir='ltr'>est,</span> <span class='ocrx_word' id='word_1_601' title='bbox 1387 4008 1548 4062; x_wconf 87' lang='lat' dir='ltr'>Nemo</span> <span class='ocrx_word' id='word_1_602' title='bbox 1569 4005 1722 4076; x_wconf 86' lang='lat' dir='ltr'>dicit,</span> <span class='ocrx_word' id='word_1_603' title='bbox 1747 4007 1850 4062; x_wconf 88' lang='lat' dir='ltr'>Do-</span> 
     </span>
    </p>
   </div>
   <div class='ocr_carea' id='block_1_72' title="bbox 213 4095 1851 4170">
    <p class='ocr_par' dir='ltr' id='par_1_72' title="bbox 213 4095 1851 4170">
     <span class='ocr_line' id='line_1_72' title="bbox 213 4095 1851 4170; baseline -0.002 -17"><span class='ocrx_word' id='word_1_604' title='bbox 213 4099 380 4156; x_wconf 87' lang='lat' dir='ltr'>minus</span> <span class='ocrx_word' id='word_1_605' title='bbox 403 4103 581 4168; x_wconf 83' lang='lat' dir='ltr'>Jesus,</span> <span class='ocrx_word' id='word_1_606' title='bbox 599 4101 716 4156; x_wconf 85' lang='lat' dir='ltr'>nisi</span> <span class='ocrx_word' id='word_1_607' title='bbox 734 4101 796 4155; x_wconf 93' lang='lat' dir='ltr'>in</span> <span class='ocrx_word' id='word_1_608' title='bbox 815 4099 1029 4170; x_wconf 90' lang='lat' dir='ltr'>Spiritu</span> <span class='ocrx_word' id='word_1_609' title='bbox 1045 4105 1229 4153; x_wconf 89' lang='lat' dir='ltr'>sancto</span> <span class='ocrx_word' id='word_1_610' title='bbox 1251 4097 1293 4163; x_wconf 85' lang='lat' dir='ltr'>(l</span> <span class='ocrx_word' id='word_1_611' title='bbox 1313 4097 1432 4152; x_wconf 87' lang='lat' dir='ltr'>Cor.</span> <span class='ocrx_word' id='word_1_612' title='bbox 1457 4113 1576 4163; x_wconf 84' lang='lat' dir='ltr'>xm,</span> <span class='ocrx_word' id='word_1_613' title='bbox 1602 4097 1678 4165; x_wconf 90' lang='lat'>3).</span> <span class='ocrx_word' id='word_1_614' title='bbox 1705 4095 1851 4150; x_wconf 84' lang='lat' dir='ltr'>Hinc</span> 
     </span>
    </p>
   </div>
   <div class='ocr_carea' id='block_1_73' title="bbox 210 4185 1849 4261">
    <p class='ocr_par' dir='ltr' id='par_1_73' title="bbox 210 4185 1849 4261">
     <span class='ocr_line' id='line_1_73' title="bbox 210 4185 1849 4261; baseline -0.002 -19"><span class='ocrx_word' id='word_1_615' title='bbox 210 4187 566 4261; x_wconf 86' lang='lat' dir='ltr'>Augustinus</span> <span class='ocrx_word' id='word_1_616' title='bbox 584 4193 645 4246; x_wconf 89' lang='lat' dir='ltr'>et</span> <span class='ocrx_word' id='word_1_617' title='bbox 657 4187 1004 4244; x_wconf 90' lang='lat' dir='ltr'>Ambrosius</span> <span class='ocrx_word' id='word_1_618' title='bbox 1020 4204 1088 4242; x_wconf 88' lang='lat' dir='ltr'>ex</span> <span class='ocrx_word' id='word_1_619' title='bbox 1100 4185 1357 4258; x_wconf 91' lang='lat' dir='ltr'>Apostoli</span> <span class='ocrx_word' id='word_1_620' title='bbox 1378 4185 1710 4240; x_wconf 88' lang='lat' dir='ltr'>testimonio</span> <span class='ocrx_word' id='word_1_621' title='bbox 1734 4201 1849 4240; x_wconf 89' lang='lat' dir='ltr'>non</span> 
     </span>
    </p>
   </div>
   <div class='ocr_carea' id='block_1_74' title="bbox 213 4273 1848 4348">
    <p class='ocr_par' dir='ltr' id='par_1_74' title="bbox 213 4273 1848 4348">
     <span class='ocr_line' id='line_1_74' title="bbox 213 4273 1848 4348; baseline -0.001 -18"><span class='ocrx_word' id='word_1_622' title='bbox 213 4275 404 4334; x_wconf 88' lang='lat' dir='ltr'>docent</span> <span class='ocrx_word' id='word_1_623' title='bbox 425 4296 536 4336; x_wconf 89' lang='lat' dir='ltr'>nos</span> <span class='ocrx_word' id='word_1_624' title='bbox 563 4279 626 4334; x_wconf 91' lang='lat' dir='ltr'>in</span> <span class='ocrx_word' id='word_1_625' title='bbox 649 4277 910 4334; x_wconf 90' lang='lat' dir='ltr'>oratione</span> <span class='ocrx_word' id='word_1_626' title='bbox 940 4275 1244 4348; x_wconf 88' lang='lat' dir='ltr'>loquentes</span> <span class='ocrx_word' id='word_1_627' title='bbox 1265 4275 1336 4330; x_wconf 90' lang='lat' dir='ltr'>ad</span> <span class='ocrx_word' id='word_1_628' title='bbox 1369 4290 1547 4329; x_wconf 90' lang='lat' dir='ltr'>unam</span> <span class='ocrx_word' id='word_1_629' title='bbox 1571 4290 1638 4329; x_wconf 90' lang='lat' dir='ltr'>ex</span> <span class='ocrx_word' id='word_1_630' title='bbox 1659 4273 1848 4328; x_wconf 88' lang='lat' dir='ltr'>Trini-</span> 
     </span>
    </p>
   </div>
   <div class='ocr_carea' id='block_1_75' title="bbox 212 4361 1846 4440">
    <p class='ocr_par' dir='ltr' id='par_1_75' title="bbox 212 4361 1846 4440">
     <span class='ocr_line' id='line_1_75' title="bbox 212 4361 1846 4440; baseline -0.001 -20"><span class='ocrx_word' id='word_1_631' title='bbox 212 4369 316 4422; x_wconf 83' lang='lat' dir='ltr'>tate</span> <span class='ocrx_word' id='word_1_632' title='bbox 335 4384 651 4440; x_wconf 88' lang='lat' dir='ltr'>personam</span> <span class='ocrx_word' id='word_1_633' title='bbox 669 4371 871 4439; x_wconf 85' lang='lat' dir='ltr'>postea</span> <span class='ocrx_word' id='word_1_634' title='bbox 886 4365 1096 4420; x_wconf 89' lang='lat' dir='ltr'>debere</span> <span class='ocrx_word' id='word_1_635' title='bbox 1114 4364 1304 4418; x_wconf 88' lang='lat' dir='ltr'>dicere</span> <span class='ocrx_word' id='word_1_636' title='bbox 1320 4361 1542 4418; x_wconf 67' lang='lat' dir='ltr'>caeteris</span> <span class='ocrx_word' id='word_1_637' title='bbox 1563 4361 1846 4434; x_wconf 89' lang='lat' dir='ltr'>personis,</span> 
     </span>
    </p>
   </div>
   <div class='ocr_carea' id='block_1_76' title="bbox 210 4450 1851 4530">
    <p class='ocr_par' dir='ltr' id='par_1_76' title="bbox 210 4450 1851 4530">
     <span class='ocr_line' id='line_1_76' title="bbox 210 4450 1851 4530; baseline -0.002 -23"><span class='ocrx_word' id='word_1_638' title='bbox 210 4452 270 4508; x_wconf 86' lang='lat' dir='ltr'>Et</span> <span class='ocrx_word' id='word_1_639' title='bbox 295 4456 456 4512; x_wconf 89' lang='lat' dir='ltr'>vobis</span> <span class='ocrx_word' id='word_1_640' title='bbox 483 4455 710 4530; x_wconf 86' lang='lat' dir='ltr'>gratias</span> <span class='ocrx_word' id='word_1_641' title='bbox 758 4455 1013 4528; x_wconf 89' lang='lat' dir='ltr'>agimus,</span> <span class='ocrx_word' id='word_1_642' title='bbox 1037 4454 1108 4508; x_wconf 90' lang='lat' dir='ltr'>Et</span> <span class='ocrx_word' id='word_1_643' title='bbox 1142 4451 1306 4508; x_wconf 87' lang='lat' dir='ltr'>vobis</span> <span class='ocrx_word' id='word_1_644' title='bbox 1334 4450 1757 4523; x_wconf 86' lang='lat' dir='ltr'>supplicamus.</span> <span class='ocrx_word' id='word_1_645' title='bbox 1781 4451 1851 4505; x_wconf 92' lang='lat' dir='ltr'>Et</span> 
     </span>
    </p>
   </div>
   <div class='ocr_carea' id='block_1_77' title="bbox 209 4540 1846 4618">
    <p class='ocr_par' dir='ltr' id='par_1_77' title="bbox 209 4540 1846 4618">
     <span class='ocr_line' id='line_1_77' title="bbox 209 4540 1846 4618; baseline -0.002 -22"><span class='ocrx_word' id='word_1_646' title='bbox 209 4541 336 4599; x_wconf 88' lang='lat' dir='ltr'>alibi</span> <span class='ocrx_word' id='word_1_647' title='bbox 377 4544 520 4602; x_wconf 88' lang='lat' dir='ltr'>dicit</span> <span class='ocrx_word' id='word_1_648' title='bbox 546 4543 884 4618; x_wconf 88' lang='lat' dir='ltr'>Apostolus,</span> <span class='ocrx_word' id='word_1_649' title='bbox 910 4545 1005 4599; x_wconf 87' lang='lat' dir='ltr'>Vos</span> <span class='ocrx_word' id='word_1_650' title='bbox 1034 4542 1162 4598; x_wconf 86' lang='lat' dir='ltr'>estis</span> <span class='ocrx_word' id='word_1_651' title='bbox 1193 4541 1450 4612; x_wconf 86' lang='lat' dir='ltr'>templum</span> <span class='ocrx_word' id='word_1_652' title='bbox 1479 4541 1578 4594; x_wconf 90' lang='lat' dir='ltr'>Dei</span> <span class='ocrx_word' id='word_1_653' title='bbox 1607 4540 1739 4607; x_wconf 86' lang='lat' dir='ltr'>vivi,</span> <span class='ocrx_word' id='word_1_654' title='bbox 1769 4541 1846 4593; x_wconf 90' lang='lat' dir='ltr'>si-</span> 
     </span>
    </p>
   </div>
   <div class='ocr_carea' id='block_1_78' title="bbox 208 4629 1926 4714">
    <p class='ocr_par' dir='ltr' id='par_1_78' title="bbox 208 4629 1926 4714">
     <span class='ocr_line' id='line_1_78' title="bbox 208 4629 1926 4714; baseline -0.003 -28"><span class='ocrx_word' id='word_1_655' title='bbox 208 4639 288 4686; x_wconf 82' lang='lat' dir='ltr'>cut</span> <span class='ocrx_word' id='word_1_656' title='bbox 313 4633 445 4690; x_wconf 86' lang='lat' dir='ltr'>dicit</span> <span class='ocrx_word' id='word_1_657' title='bbox 467 4635 617 4691; x_wconf 89' lang='lat' dir='ltr'>Deus</span> <span class='ocrx_word' id='word_1_658' title='bbox 645 4653 664 4688; x_wconf 90' lang='lat'><strong><em>:</em></strong></span> <span class='ocrx_word' id='word_1_659' title='bbox 692 4633 962 4702; x_wconf 84' lang='lat' dir='ltr'>Quoniam</span> <span class='ocrx_word' id='word_1_660' title='bbox 991 4630 1303 4686; x_wconf 87' lang='lat' dir='ltr'>inhabitabo</span> <span class='ocrx_word' id='word_1_661' title='bbox 1334 4630 1393 4684; x_wconf 89' lang='lat' dir='ltr'>in</span> <span class='ocrx_word' id='word_1_662' title='bbox 1423 4629 1558 4696; x_wconf 90' lang='lat' dir='ltr'>illis,</span> <span class='ocrx_word' id='word_1_663' title='bbox 1589 4635 1641 4683; x_wconf 94' lang='lat' dir='ltr'>et</span> <span class='ocrx_word' id='word_1_664' title='bbox 1670 4629 1846 4682; x_wconf 85' lang='lat' dir='ltr'>inam-</span> <span class='ocrx_word' id='word_1_665' title='bbox 1877 4652 1926 4714; x_wconf 71' lang='grc' dir='ltr'>Β</span> 
     </span>
    </p>
   </div>
   <div class='ocr_carea' id='block_1_79' title="bbox 210 4716 1847 4790">
    <p class='ocr_par' dir='ltr' id='par_1_79' title="bbox 210 4716 1847 4790">
     <span class='ocr_line' id='line_1_79' title="bbox 210 4716 1847 4790; baseline -0.003 -16"><span class='ocrx_word' id='word_1_666' title='bbox 210 4719 391 4778; x_wconf 85' lang='lat' dir='ltr'>bulaba</span> <span class='ocrx_word' id='word_1_667' title='bbox 412 4741 430 4777; x_wconf 91' lang='lat'><strong><em>:</em></strong></span> <span class='ocrx_word' id='word_1_668' title='bbox 453 4732 506 4780; x_wconf 90' lang='lat' dir='ltr'>et</span> <span class='ocrx_word' id='word_1_669' title='bbox 527 4739 622 4780; x_wconf 90' lang='lat' dir='ltr'>ero</span> <span class='ocrx_word' id='word_1_670' title='bbox 654 4723 880 4779; x_wconf 91' lang='lat' dir='ltr'>illorum</span> <span class='ocrx_word' id='word_1_671' title='bbox 909 4722 1066 4787; x_wconf 90' lang='lat' dir='ltr'>Deus,</span> <span class='ocrx_word' id='word_1_672' title='bbox 1089 4727 1140 4776; x_wconf 90' lang='lat' dir='ltr'>et</span> <span class='ocrx_word' id='word_1_673' title='bbox 1172 4720 1282 4790; x_wconf 83' lang='lat' dir='ltr'>ipsi</span> <span class='ocrx_word' id='word_1_674' title='bbox 1325 4724 1486 4773; x_wconf 87' lang='lat' dir='ltr'>erunt</span> <span class='ocrx_word' id='word_1_675' title='bbox 1511 4716 1654 4771; x_wconf 87' lang='lat' dir='ltr'>mihi</span> <span class='ocrx_word' id='word_1_676' title='bbox 1675 4732 1847 4787; x_wconf 87' lang='lat' dir='ltr'>popu-</span> 
     </span>
    </p>
   </div>
   <div class='ocr_carea' id='block_1_80' title="bbox 210 4804 1844 4881">
    <p class='ocr_par' dir='ltr' id='par_1_80' title="bbox 210 4804 1844 4881">
     <span class='ocr_line' id='line_1_80' title="bbox 210 4804 1844 4881; baseline -0.003 -17"><span class='ocrx_word' id='word_1_677' title='bbox 210 4809 286 4865; x_wconf 88' lang='lat' dir='ltr'>lus</span> <span class='ocrx_word' id='word_1_678' title='bbox 322 4811 393 4880; x_wconf 88' lang='grc'>(11</span> <span class='ocrx_word' id='word_1_679' title='bbox 411 4812 536 4869; x_wconf 83' lang='lat' dir='ltr'>Cor.</span> <span class='ocrx_word' id='word_1_680' title='bbox 559 4828 640 4879; x_wconf 80' lang='lat' dir='ltr'>v1,</span> <span class='ocrx_word' id='word_1_681' title='bbox 668 4813 776 4879; x_wconf 85' lang='grc'>16).</span> <span class='ocrx_word' id='word_1_682' title='bbox 799 4811 906 4866; x_wconf 83' lang='lat' dir='ltr'>llas</span> <span class='ocrx_word' id='word_1_683' title='bbox 945 4810 1117 4881; x_wconf 89' lang='lat' dir='ltr'>igitur</span> <span class='ocrx_word' id='word_1_684' title='bbox 1148 4808 1535 4880; x_wconf 84' lang='lat' dir='ltr'>promissiones</span> <span class='ocrx_word' id='word_1_685' title='bbox 1569 4804 1844 4873; x_wconf 86' lang='lat' dir='ltr'>habentes,</span> 
     </span>
    </p>
   </div>
   <div class='ocr_carea' id='block_1_81' title="bbox 209 4895 1846 4969">
    <p class='ocr_par' dir='ltr' id='par_1_81' title="bbox 209 4895 1846 4969">
     <span class='ocr_line' id='line_1_81' title="bbox 209 4895 1846 4969; baseline -0.003 -16"><span class='ocrx_word' id='word_1_686' title='bbox 209 4898 539 4969; x_wconf 83' lang='lat' dir='ltr'>charissimi,</span> <span class='ocrx_word' id='word_1_687' title='bbox 601 4899 922 4955; x_wconf 85' lang='lat' dir='ltr'>mandemus</span> <span class='ocrx_word' id='word_1_688' title='bbox 968 4914 1067 4952; x_wconf 86' lang='lat' dir='ltr'>nos</span> <span class='ocrx_word' id='word_1_689' title='bbox 1117 4897 1184 4950; x_wconf 90' lang='lat' dir='ltr'>ab</span> <span class='ocrx_word' id='word_1_690' title='bbox 1239 4896 1390 4951; x_wconf 88' lang='lat' dir='ltr'>omni</span> <span class='ocrx_word' id='word_1_691' title='bbox 1435 4895 1846 4965; x_wconf 86' lang='lat' dir='ltr'>inquinamento</span> 
     </span>
    </p>
   </div>
   <div class='ocr_carea' id='block_1_82' title="bbox 209 4983 1845 5062">
    <p class='ocr_par' dir='ltr' id='par_1_82' title="bbox 209 4983 1845 5062">
     <span class='ocr_line' id='line_1_82' title="bbox 209 4983 1845 5062; baseline -0.003 -22"><span class='ocrx_word' id='word_1_692' title='bbox 209 4990 377 5044; x_wconf 73' lang='lat' dir='ltr'>almis</span> <span class='ocrx_word' id='word_1_693' title='bbox 403 4997 457 5045; x_wconf 89' lang='lat' dir='ltr'>et</span> <span class='ocrx_word' id='word_1_694' title='bbox 498 4989 750 5062; x_wconf 85' lang='lat' dir='ltr'>spiritus,</span> <span class='ocrx_word' id='word_1_695' title='bbox 779 4987 1116 5060; x_wconf 83' lang='lat' dir='ltr'>perﬁcientes</span> <span class='ocrx_word' id='word_1_696' title='bbox 1162 4983 1643 5054; x_wconf 82' lang='lat' dir='ltr'>sanctiﬁcationem</span> <span class='ocrx_word' id='word_1_697' title='bbox 1672 4983 1731 5036; x_wconf 89' lang='lat' dir='ltr'>in</span> <span class='ocrx_word' id='word_1_698' title='bbox 1771 4983 1845 5037; x_wconf 84' lang='lat' dir='ltr'>ti-</span> 
     </span>
    </p>
   </div>
   <div class='ocr_carea' id='block_1_83' title="bbox 208 5070 1848 5147">
    <p class='ocr_par' dir='ltr' id='par_1_83' title="bbox 208 5070 1848 5147">
     <span class='ocr_line' id='line_1_83' title="bbox 208 5070 1848 5147; baseline -0.004 -15"><span class='ocrx_word' id='word_1_699' title='bbox 208 5089 344 5134; x_wconf 86' lang='lat' dir='ltr'>more</span> <span class='ocrx_word' id='word_1_700' title='bbox 371 5077 579 5134; x_wconf 81' lang='lat' dir='ltr'>Christi</span> <span class='ocrx_word' id='word_1_701' title='bbox 607 5078 678 5147; x_wconf 89' lang='lat' dir='ltr'>(Il</span> <span class='ocrx_word' id='word_1_702' title='bbox 704 5077 825 5133; x_wconf 84' lang='lat' dir='ltr'>Cor.</span> <span class='ocrx_word' id='word_1_703' title='bbox 848 5093 948 5144; x_wconf 82' lang='lat' dir='ltr'>vn,</span> <span class='ocrx_word' id='word_1_704' title='bbox 976 5076 1049 5143; x_wconf 90' lang='grc'>1).</span> <span class='ocrx_word' id='word_1_705' title='bbox 1073 5074 1141 5128; x_wconf 86' lang='lat' dir='ltr'>Et</span> <span class='ocrx_word' id='word_1_706' title='bbox 1171 5089 1286 5128; x_wconf 89' lang='lat' dir='ltr'>non</span> <span class='ocrx_word' id='word_1_707' title='bbox 1337 5070 1536 5127; x_wconf 91' lang='lat' dir='ltr'>timuit</span> <span class='ocrx_word' id='word_1_708' title='bbox 1581 5070 1848 5143; x_wconf 88' lang='lat' dir='ltr'>ingratus</span> 
     </span>
    </p>
   </div>
   <div class='ocr_carea' id='block_1_84' title="bbox 211 5157 1846 5238">
    <p class='ocr_par' dir='ltr' id='par_1_84' title="bbox 211 5157 1846 5238">
     <span class='ocr_line' id='line_1_84' title="bbox 211 5157 1846 5238; baseline -0.004 -20"><span class='ocrx_word' id='word_1_709' title='bbox 211 5179 327 5221; x_wconf 85' lang='lat' dir='ltr'>esse</span> <span class='ocrx_word' id='word_1_710' title='bbox 367 5165 594 5223; x_wconf 77' lang='lat' dir='ltr'>caeteris</span> <span class='ocrx_word' id='word_1_711' title='bbox 639 5164 927 5238; x_wconf 88' lang='lat' dir='ltr'>personis,</span> <span class='ocrx_word' id='word_1_712' title='bbox 959 5163 1114 5218; x_wconf 87' lang='lat' dir='ltr'>Patri</span> <span class='ocrx_word' id='word_1_713' title='bbox 1171 5159 1437 5216; x_wconf 82' lang='lat' dir='ltr'>videlicet</span> <span class='ocrx_word' id='word_1_714' title='bbox 1493 5164 1550 5214; x_wconf 90' lang='lat' dir='ltr'>et</span> <span class='ocrx_word' id='word_1_715' title='bbox 1605 5157 1846 5230; x_wconf 90' lang='lat' dir='ltr'>Spiritui</span> 
     </span>
    </p>
   </div>
   <div class='ocr_carea' id='block_1_85' title="bbox 209 5247 1848 5328">
    <p class='ocr_par' dir='ltr' id='par_1_85' title="bbox 209 5247 1848 5328">
     <span class='ocr_line' id='line_1_85' title="bbox 209 5247 1848 5328; baseline -0.004 -20"><span class='ocrx_word' id='word_1_716' title='bbox 209 5259 417 5325; x_wconf 83' lang='lat' dir='ltr'>sancto,</span> <span class='ocrx_word' id='word_1_717' title='bbox 449 5255 597 5328; x_wconf 89' lang='lat' dir='ltr'>quia</span> <span class='ocrx_word' id='word_1_718' title='bbox 624 5259 855 5310; x_wconf 89' lang='lat' dir='ltr'>tantum</span> <span class='ocrx_word' id='word_1_719' title='bbox 905 5253 964 5307; x_wconf 89' lang='lat' dir='ltr'>in</span> <span class='ocrx_word' id='word_1_720' title='bbox 1013 5251 1220 5306; x_wconf 86' lang='lat' dir='ltr'>timore</span> <span class='ocrx_word' id='word_1_721' title='bbox 1249 5248 1460 5304; x_wconf 87' lang='lat' dir='ltr'>Christi</span> <span class='ocrx_word' id='word_1_722' title='bbox 1513 5266 1618 5304; x_wconf 89' lang='lat' dir='ltr'>nos</span> <span class='ocrx_word' id='word_1_723' title='bbox 1651 5247 1848 5302; x_wconf 89' lang='lat' dir='ltr'>docuit</span> 
     </span>
    </p>
   </div>
   <div class='ocr_carea' id='block_1_86' title="bbox 209 5335 1846 5412">
    <p class='ocr_par' dir='ltr' id='par_1_86' title="bbox 209 5335 1846 5412">
     <span class='ocr_line' id='line_1_86' title="bbox 209 5335 1846 5412; baseline -0.004 -15"><span class='ocrx_word' id='word_1_724' title='bbox 209 5344 469 5412; x_wconf 82' lang='lat' dir='ltr'>perlicere</span> <span class='ocrx_word' id='word_1_725' title='bbox 522 5343 1072 5400; x_wconf 85' lang='lat' dir='ltr'>sanctilicationem.</span> <span class='ocrx_word' id='word_1_726' title='bbox 1103 5362 1130 5389; x_wconf 84' lang='lat'><strong>»</strong></span> <span class='ocrx_word' id='word_1_727' title='bbox 1159 5340 1229 5394; x_wconf 89' lang='lat' dir='ltr'>Et</span> <span class='ocrx_word' id='word_1_728' title='bbox 1277 5342 1518 5394; x_wconf 88' lang='lat' dir='ltr'>sanctus</span> <span class='ocrx_word' id='word_1_729' title='bbox 1564 5335 1846 5410; x_wconf 88' lang='lat' dir='ltr'>Augusti-</span> 
     </span>
    </p>
   </div>
   <div class='ocr_carea' id='block_1_87' title="bbox 209 5425 1846 5501">
    <p class='ocr_par' dir='ltr' id='par_1_87' title="bbox 209 5425 1846 5501">
     <span class='ocr_line' id='line_1_87' title="bbox 209 5425 1846 5501; baseline -0.004 -17"><span class='ocrx_word' id='word_1_730' title='bbox 209 5446 308 5488; x_wconf 89' lang='lat' dir='ltr'>nus</span> <span class='ocrx_word' id='word_1_731' title='bbox 337 5432 396 5488; x_wconf 92' lang='lat' dir='ltr'>in</span> <span class='ocrx_word' id='word_1_732' title='bbox 427 5432 580 5490; x_wconf 91' lang='lat' dir='ltr'>libro</span> <span class='ocrx_word' id='word_1_733' title='bbox 611 5436 814 5488; x_wconf 91' lang='lat' dir='ltr'>contra</span> <span class='ocrx_word' id='word_1_734' title='bbox 850 5431 1104 5496; x_wconf 72' lang='lat' dir='ltr'>Judzeos,</span> <span class='ocrx_word' id='word_1_735' title='bbox 1136 5433 1192 5484; x_wconf 91' lang='lat' dir='ltr'>et</span> <span class='ocrx_word' id='word_1_736' title='bbox 1218 5444 1498 5501; x_wconf 83' lang='lat' dir='ltr'>paganos,</span> <span class='ocrx_word' id='word_1_737' title='bbox 1521 5431 1695 5497; x_wconf 89' lang='lat' dir='ltr'>atque</span> <span class='ocrx_word' id='word_1_738' title='bbox 1725 5425 1846 5479; x_wconf 68' lang='lat' dir='ltr'>bee-</span> 
     </span>
    </p>
   </div>
   <div class='ocr_carea' id='block_1_88' title="bbox 207 5515 1842 5594">
    <p class='ocr_par' dir='ltr' id='par_1_88' title="bbox 207 5515 1842 5594">
     <span class='ocr_line' id='line_1_88' title="bbox 207 5515 1842 5594; baseline -0.004 -21"><span class='ocrx_word' id='word_1_739' title='bbox 207 5520 400 5578; x_wconf 87' lang='lat' dir='ltr'>reticos</span> <span class='ocrx_word' id='word_1_740' title='bbox 433 5539 448 5578; x_wconf 89' lang='lat'>:</span> <span class='ocrx_word' id='word_1_741' title='bbox 484 5545 506 5572; x_wconf 74' lang='grc' dir='ltr'>ιι</span> <span class='ocrx_word' id='word_1_742' title='bbox 545 5521 694 5588; x_wconf 88' lang='lat' dir='ltr'>Quid</span> <span class='ocrx_word' id='word_1_743' title='bbox 743 5521 889 5594; x_wconf 87' lang='lat' dir='ltr'>agis,</span> <span class='ocrx_word' id='word_1_744' title='bbox 925 5519 1135 5591; x_wconf 89' lang='lat' dir='ltr'>inquit,</span> <span class='ocrx_word' id='word_1_745' title='bbox 1172 5518 1316 5573; x_wconf 88' lang='lat' dir='ltr'>Loth</span> <span class='ocrx_word' id='word_1_746' title='bbox 1369 5515 1608 5571; x_wconf 85' lang='lat' dir='ltr'>sancte?</span> <span class='ocrx_word' id='word_1_747' title='bbox 1655 5516 1842 5586; x_wconf 85' lang='lat' dir='ltr'>Ange-</span> 
     </span>
    </p>
   </div>
   <div class='ocr_carea' id='block_1_89' title="bbox 207 5602 1844 5680">
    <p class='ocr_par' dir='ltr' id='par_1_89' title="bbox 207 5602 1844 5680">
     <span class='ocr_line' id='line_1_89' title="bbox 207 5602 1844 5680; baseline -0.003 -19"><span class='ocrx_word' id='word_1_748' title='bbox 207 5605 285 5664; x_wconf 91' lang='lat' dir='ltr'>los</span> <span class='ocrx_word' id='word_1_749' title='bbox 312 5610 492 5680; x_wconf 89' lang='lat' dir='ltr'>vides,</span> <span class='ocrx_word' id='word_1_750' title='bbox 517 5615 578 5666; x_wconf 89' lang='lat' dir='ltr'>et</span> <span class='ocrx_word' id='word_1_751' title='bbox 607 5627 721 5666; x_wconf 90' lang='lat' dir='ltr'>non</span> <span class='ocrx_word' id='word_1_752' title='bbox 756 5626 938 5666; x_wconf 90' lang='lat' dir='ltr'>unum</span> <span class='ocrx_word' id='word_1_753' title='bbox 966 5608 1066 5664; x_wconf 90' lang='lat' dir='ltr'>sed</span> <span class='ocrx_word' id='word_1_754' title='bbox 1099 5609 1266 5674; x_wconf 87' lang='lat' dir='ltr'>duos,</span> <span class='ocrx_word' id='word_1_755' title='bbox 1291 5612 1346 5663; x_wconf 90' lang='lat' dir='ltr'>et</span> <span class='ocrx_word' id='word_1_756' title='bbox 1368 5604 1533 5671; x_wconf 91' lang='lat' dir='ltr'>dicis,</span> <span class='ocrx_word' id='word_1_757' title='bbox 1559 5602 1844 5658; x_wconf 88' lang='lat' dir='ltr'>Domine?</span> 
     </span>
    </p>
   </div>
   <div class='ocr_carea' id='block_1_90' title="bbox 206 5693 1840 5768">
    <p class='ocr_par' dir='ltr' id='par_1_90' title="bbox 206 5693 1840 5768">
     <span class='ocr_line' id='line_1_90' title="bbox 206 5693 1840 5768; baseline -0.004 -16"><span class='ocrx_word' id='word_1_758' title='bbox 206 5696 281 5752; x_wconf 83' lang='lat' dir='ltr'>Ad</span> <span class='ocrx_word' id='word_1_759' title='bbox 324 5716 509 5756; x_wconf 90' lang='lat' dir='ltr'>unum</span> <span class='ocrx_word' id='word_1_760' title='bbox 539 5698 783 5756; x_wconf 89' lang='lat' dir='ltr'>verbum</span> <span class='ocrx_word' id='word_1_761' title='bbox 835 5698 998 5765; x_wconf 84' lang='lat' dir='ltr'>facis,</span> <span class='ocrx_word' id='word_1_762' title='bbox 1025 5713 1207 5752; x_wconf 89' lang='lat' dir='ltr'>unum</span> <span class='ocrx_word' id='word_1_763' title='bbox 1256 5693 1533 5768; x_wconf 85' lang='lat' dir='ltr'>precaris,</span> <span class='ocrx_word' id='word_1_764' title='bbox 1556 5710 1670 5748; x_wconf 91' lang='lat' dir='ltr'>non</span> <span class='ocrx_word' id='word_1_765' title='bbox 1723 5709 1840 5747; x_wconf 88' lang='lat' dir='ltr'>me-</span> 
     </span>
    </p>
   </div>
   <div class='ocr_carea' id='block_1_91' title="bbox 1959 3382 3606 3458">
    <p class='ocr_par' dir='ltr' id='par_1_91' title="bbox 1959 3382 3606 3458">
     <span class='ocr_line' id='line_1_91' title="bbox 1959 3382 3606 3458; baseline -0.003 -15"><span class='ocrx_word' id='word_1_766' title='bbox 1959 3388 2154 3454; x_wconf 90' lang='lat' dir='ltr'>modo,</span> <span class='ocrx_word' id='word_1_767' title='bbox 2188 3391 2394 3458; x_wconf 65' lang='lat' dir='ltr'>praeter</span> <span class='ocrx_word' id='word_1_768' title='bbox 2427 3384 2634 3440; x_wconf 82' lang='lat' dir='ltr'>Filium</span> <span class='ocrx_word' id='word_1_769' title='bbox 2665 3389 2723 3439; x_wconf 90' lang='lat' dir='ltr'>et</span> <span class='ocrx_word' id='word_1_770' title='bbox 2751 3383 3036 3455; x_wconf 88' lang='lat' dir='ltr'>Spiritum</span> <span class='ocrx_word' id='word_1_771' title='bbox 3067 3385 3362 3451; x_wconf 89' lang='lat' dir='ltr'>sanctum,</span> <span class='ocrx_word' id='word_1_772' title='bbox 3393 3382 3606 3439; x_wconf 90' lang='lat' dir='ltr'>intelli-</span> 
     </span>
    </p>
   </div>
   <div class='ocr_carea' id='block_1_92' title="bbox 1960 3472 3605 3548">
    <p class='ocr_par' dir='ltr' id='par_1_92' title="bbox 1960 3472 3605 3548">
     <span class='ocr_line' id='line_1_92' title="bbox 1960 3472 3605 3548; baseline -0.001 -18"><span class='ocrx_word' id='word_1_773' title='bbox 1960 3480 2133 3548; x_wconf 88' lang='lat' dir='ltr'>gatur</span> <span class='ocrx_word' id='word_1_774' title='bbox 2161 3475 2316 3546; x_wconf 91' lang='lat' dir='ltr'>quod</span> <span class='ocrx_word' id='word_1_775' title='bbox 2347 3474 2570 3528; x_wconf 90' lang='lat' dir='ltr'>dictum</span> <span class='ocrx_word' id='word_1_776' title='bbox 2603 3476 2711 3539; x_wconf 90' lang='lat' dir='ltr'>est,</span> <span class='ocrx_word' id='word_1_777' title='bbox 2735 3472 2894 3528; x_wconf 89' lang='lat' dir='ltr'>Solus</span> <span class='ocrx_word' id='word_1_778' title='bbox 2923 3472 3082 3528; x_wconf 89' lang='lat' dir='ltr'>habet</span> <span class='ocrx_word' id='word_1_779' title='bbox 3123 3473 3605 3538; x_wconf 88' lang='lat' dir='ltr'>immortalitatem,</span> 
     </span>
    </p>
   </div>
   <div class='ocr_carea' id='block_1_93' title="bbox 1958 3559 3606 3631">
    <p class='ocr_par' dir='ltr' id='par_1_93' title="bbox 1958 3559 3606 3631">
     <span class='ocr_line' id='line_1_93' title="bbox 1958 3559 3606 3631; baseline -0.003 -12"><span class='ocrx_word' id='word_1_780' title='bbox 1958 3568 2034 3631; x_wconf 90' lang='lat' dir='ltr'>et,</span> <span class='ocrx_word' id='word_1_781' title='bbox 2066 3565 2240 3618; x_wconf 85' lang='lat' dir='ltr'>lucem</span> <span class='ocrx_word' id='word_1_782' title='bbox 2269 3562 2480 3617; x_wconf 86' lang='lat' dir='ltr'>habitat</span> <span class='ocrx_word' id='word_1_783' title='bbox 2522 3559 3038 3616; x_wconf 84' lang='lat' dir='ltr'>innaccessibilem?</span> <span class='ocrx_word' id='word_1_784' title='bbox 3069 3559 3163 3616; x_wconf 92' lang='lat' dir='ltr'>Sic</span> <span class='ocrx_word' id='word_1_785' title='bbox 3203 3577 3308 3616; x_wconf 91' lang='lat' dir='ltr'>nec</span> <span class='ocrx_word' id='word_1_786' title='bbox 3348 3563 3606 3615; x_wconf 89' lang='lat' dir='ltr'>tantum-</span> 
     </span>
    </p>
   </div>
   <div class='ocr_carea' id='block_1_94' title="bbox 1961 3639 3607 3722">
    <p class='ocr_par' dir='ltr' id='par_1_94' title="bbox 1961 3639 3607 3722">
     <span class='ocr_line' id='line_1_94' title="bbox 1961 3639 3607 3722; baseline -0.003 -15"><span class='ocrx_word' id='word_1_787' title='bbox 1961 3653 2132 3707; x_wconf 89' lang='lat' dir='ltr'>modo</span> <span class='ocrx_word' id='word_1_788' title='bbox 2154 3639 2224 3706; x_wconf 90' lang='lat' dir='ltr'>de</span> <span class='ocrx_word' id='word_1_789' title='bbox 2248 3649 2408 3716; x_wconf 79' lang='lat' dir='ltr'>Filio,</span> <span class='ocrx_word' id='word_1_790' title='bbox 2426 3655 2632 3722; x_wconf 68' lang='lat' dir='ltr'>praeter</span> <span class='ocrx_word' id='word_1_791' title='bbox 2653 3649 2883 3704; x_wconf 91' lang='lat' dir='ltr'>Patrem</span> <span class='ocrx_word' id='word_1_792' title='bbox 2904 3646 2990 3702; x_wconf 90' lang='lat' dir='ltr'>vel</span> <span class='ocrx_word' id='word_1_793' title='bbox 3011 3647 3291 3718; x_wconf 89' lang='lat' dir='ltr'>Spiritum</span> <span class='ocrx_word' id='word_1_794' title='bbox 3311 3651 3607 3716; x_wconf 87' lang='lat' dir='ltr'>sanctum,</span> 
     </span>
    </p>
   </div>
   <div class='ocr_carea' id='block_1_95' title="bbox 1960 3735 3608 3808">
    <p class='ocr_par' dir='ltr' id='par_1_95' title="bbox 1960 3735 3608 3808">
     <span class='ocr_line' id='line_1_95' title="bbox 1960 3735 3608 3808; baseline -0.004 -12"><span class='ocrx_word' id='word_1_795' title='bbox 1960 3757 2094 3796; x_wconf 92' lang='lat' dir='ltr'>cum</span> <span class='ocrx_word' id='word_1_796' title='bbox 2116 3737 2332 3794; x_wconf 89' lang='lat' dir='ltr'>dicitur</span> <span class='ocrx_word' id='word_1_797' title='bbox 2350 3737 2634 3808; x_wconf 81' lang='lat' dir='ltr'>Sapientia</span> <span class='ocrx_word' id='word_1_798' title='bbox 2661 3736 3019 3808; x_wconf 85' lang='lat' dir='ltr'>superborum</span> <span class='ocrx_word' id='word_1_799' title='bbox 3037 3743 3088 3790; x_wconf 91' lang='lat' dir='ltr'>et</span> <span class='ocrx_word' id='word_1_800' title='bbox 3113 3735 3440 3790; x_wconf 90' lang='lat' dir='ltr'>sublimium</span> <span class='ocrx_word' id='word_1_801' title='bbox 3466 3736 3608 3791; x_wconf 89' lang='lat' dir='ltr'>colla</span> 
     </span>
    </p>
   </div>
   <div class='ocr_carea' id='block_1_96' title="bbox 1955 3822 3606 3900">
    <p class='ocr_par' dir='ltr' id='par_1_96' title="bbox 1955 3822 3606 3900">
     <span class='ocr_line' id='line_1_96' title="bbox 1955 3822 3606 3900; baseline -0.004 -16"><span class='ocrx_word' id='word_1_802' title='bbox 1955 3829 2179 3900; x_wconf 86' lang='lat' dir='ltr'>propria</span> <span class='ocrx_word' id='word_1_803' title='bbox 2210 3828 2406 3882; x_wconf 87' lang='lat' dir='ltr'>virtute</span> <span class='ocrx_word' id='word_1_804' title='bbox 2442 3826 2690 3880; x_wconf 84' lang='lat' dir='ltr'>calcavit.</span> <span class='ocrx_word' id='word_1_805' title='bbox 2725 3823 2819 3878; x_wconf 92' lang='lat' dir='ltr'>Sic</span> <span class='ocrx_word' id='word_1_806' title='bbox 2863 3839 2969 3876; x_wconf 91' lang='lat' dir='ltr'>nec</span> <span class='ocrx_word' id='word_1_807' title='bbox 3017 3823 3088 3877; x_wconf 91' lang='lat' dir='ltr'>de</span> <span class='ocrx_word' id='word_1_808' title='bbox 3135 3822 3353 3894; x_wconf 89' lang='lat' dir='ltr'>Spiritu</span> <span class='ocrx_word' id='word_1_809' title='bbox 3403 3827 3606 3878; x_wconf 89' lang='lat' dir='ltr'>sancto</span> 
     </span>
    </p>
   </div>
   <div class='ocr_carea' id='block_1_97' title="bbox 1957 3909 3601 3984">
    <p class='ocr_par' dir='ltr' id='par_1_97' title="bbox 1957 3909 3601 3984">
     <span class='ocr_line' id='line_1_97' title="bbox 1957 3909 3601 3984; baseline -0.003 -14"><span class='ocrx_word' id='word_1_810' title='bbox 1957 3915 2386 3978; x_wconf 88' lang='lat' dir='ltr'>tantummodo,</span> <span class='ocrx_word' id='word_1_811' title='bbox 2411 3917 2617 3984; x_wconf 72' lang='lat' dir='ltr'>przeter</span> <span class='ocrx_word' id='word_1_812' title='bbox 2638 3913 2863 3966; x_wconf 89' lang='lat' dir='ltr'>Patrem</span> <span class='ocrx_word' id='word_1_813' title='bbox 2886 3916 2943 3965; x_wconf 90' lang='lat' dir='ltr'>et</span> <span class='ocrx_word' id='word_1_814' title='bbox 2967 3909 3346 3976; x_wconf 88' lang='lat' dir='ltr'>Filium,cum</span> <span class='ocrx_word' id='word_1_815' title='bbox 3367 3910 3601 3977; x_wconf 89' lang='lat' dir='ltr'>dicitur,</span> 
     </span>
    </p>
   </div>
   <div class='ocr_carea' id='block_1_98' title="bbox 1957 3998 3606 4076">
    <p class='ocr_par' dir='ltr' id='par_1_98' title="bbox 1957 3998 3606 4076">
     <span class='ocr_line' id='line_1_98' title="bbox 1957 3998 3606 4076; baseline -0.004 -16"><span class='ocrx_word' id='word_1_816' title='bbox 1957 4005 2195 4076; x_wconf 89' lang='lat' dir='ltr'>Spiritus</span> <span class='ocrx_word' id='word_1_817' title='bbox 2223 4003 2443 4058; x_wconf 79' lang='lat' dir='ltr'>Domini</span> <span class='ocrx_word' id='word_1_818' title='bbox 2472 4001 2697 4072; x_wconf 87' lang='lat' dir='ltr'>replevit</span> <span class='ocrx_word' id='word_1_819' title='bbox 2721 4000 2904 4056; x_wconf 88' lang='lat' dir='ltr'>orbem</span> <span class='ocrx_word' id='word_1_820' title='bbox 2933 4006 3224 4064; x_wconf 86' lang='lat' dir='ltr'>terrarum,</span> <span class='ocrx_word' id='word_1_821' title='bbox 3249 4005 3300 4054; x_wconf 90' lang='lat' dir='ltr'>et</span> <span class='ocrx_word' id='word_1_822' title='bbox 3324 3998 3439 4065; x_wconf 90' lang='lat' dir='ltr'>hoc,</span> <span class='ocrx_word' id='word_1_823' title='bbox 3465 3999 3606 4071; x_wconf 85' lang='lat' dir='ltr'>quod</span> 
     </span>
    </p>
   </div>
   <div class='ocr_carea' id='block_1_99' title="bbox 1956 4088 3604 4160">
    <p class='ocr_par' dir='ltr' id='par_1_99' title="bbox 1956 4088 3604 4160">
     <span class='ocr_line' id='line_1_99' title="bbox 1956 4088 3604 4160; baseline -0.004 -10"><span class='ocrx_word' id='word_1_824' title='bbox 1956 4095 2194 4150; x_wconf 87' lang='lat' dir='ltr'>continet</span> <span class='ocrx_word' id='word_1_825' title='bbox 2219 4093 2422 4153; x_wconf 87' lang='lat' dir='ltr'>omnia,</span> <span class='ocrx_word' id='word_1_826' title='bbox 2455 4091 2741 4144; x_wconf 88' lang='lat' dir='ltr'>scientiam</span> <span class='ocrx_word' id='word_1_827' title='bbox 2778 4089 2936 4146; x_wconf 89' lang='lat' dir='ltr'>habet</span> <span class='ocrx_word' id='word_1_828' title='bbox 2971 4089 3114 4144; x_wconf 89' lang='lat' dir='ltr'>vocis</span> <span class='ocrx_word' id='word_1_829' title='bbox 3143 4089 3294 4160; x_wconf 84' lang='lat' dir='ltr'>(Sap.</span> <span class='ocrx_word' id='word_1_830' title='bbox 3325 4105 3366 4154; x_wconf 80' lang='grc' dir='ltr'>ι,</span> <span class='ocrx_word' id='word_1_831' title='bbox 3397 4090 3475 4157; x_wconf 90' lang='lat'>7).</span> <span class='ocrx_word' id='word_1_832' title='bbox 3508 4088 3604 4144; x_wconf 90' lang='lat' dir='ltr'>Sic</span> 
     </span>
    </p>
   </div>
   <div class='ocr_carea' id='block_1_100' title="bbox 1958 4175 3608 4251">
    <p class='ocr_par' dir='ltr' id='par_1_100' title="bbox 1958 4175 3608 4251">
     <span class='ocr_line' id='line_1_100' title="bbox 1958 4175 3608 4251; baseline -0.003 -14"><span class='ocrx_word' id='word_1_833' title='bbox 1958 4179 2343 4237; x_wconf 90' lang='lat' dir='ltr'>nihilominus</span> <span class='ocrx_word' id='word_1_834' title='bbox 2375 4177 2820 4251; x_wconf 86' lang='lat' dir='ltr'>intelligendum</span> <span class='ocrx_word' id='word_1_835' title='bbox 2851 4180 2941 4232; x_wconf 92' lang='lat' dir='ltr'>est</span> <span class='ocrx_word' id='word_1_836' title='bbox 2969 4177 3125 4249; x_wconf 92' lang='lat' dir='ltr'>quod</span> <span class='ocrx_word' id='word_1_837' title='bbox 3163 4175 3376 4233; x_wconf 89' lang='lat' dir='ltr'>dicitur</span> <span class='ocrx_word' id='word_1_838' title='bbox 3405 4193 3420 4232; x_wconf 87' lang='lat'><strong>:</strong></span> <span class='ocrx_word' id='word_1_839' title='bbox 3453 4176 3608 4232; x_wconf 85' lang='lat' dir='ltr'>Sicut</span> 
     </span>
    </p>
   </div>
   <div class='ocr_carea' id='block_1_101' title="bbox 1956 4266 3600 4340">
    <p class='ocr_par' dir='ltr' id='par_1_101' title="bbox 1956 4266 3600 4340">
     <span class='ocr_line' id='line_1_101' title="bbox 1956 4266 3600 4340; baseline -0.005 -14"><span class='ocrx_word' id='word_1_840' title='bbox 1956 4273 2121 4326; x_wconf 90' lang='lat' dir='ltr'>Pater</span> <span class='ocrx_word' id='word_1_841' title='bbox 2147 4271 2413 4340; x_wconf 82' lang='lat' dir='ltr'>viviﬁcat,</span> <span class='ocrx_word' id='word_1_842' title='bbox 2439 4268 2520 4322; x_wconf 88' lang='lat' dir='ltr'>sic</span> <span class='ocrx_word' id='word_1_843' title='bbox 2548 4275 2598 4322; x_wconf 90' lang='lat' dir='ltr'>et</span> <span class='ocrx_word' id='word_1_844' title='bbox 2626 4267 2800 4322; x_wconf 83' lang='lat' dir='ltr'>Filius</span> <span class='ocrx_word' id='word_1_845' title='bbox 2831 4281 2960 4338; x_wconf 90' lang='lat' dir='ltr'>quos</span> <span class='ocrx_word' id='word_1_846' title='bbox 2991 4267 3106 4321; x_wconf 86' lang='lat' dir='ltr'>vult</span> <span class='ocrx_word' id='word_1_847' title='bbox 3134 4266 3317 4337; x_wconf 83' lang='lat' dir='ltr'>viﬁcat</span> <span class='ocrx_word' id='word_1_848' title='bbox 3345 4266 3522 4334; x_wconf 80' lang='lat' dir='ltr'>(Joan.</span> <span class='ocrx_word' id='word_1_849' title='bbox 3549 4281 3600 4334; x_wconf 73' lang='grc' dir='ltr'>ν,</span> 
     </span>
    </p>
   </div>
   <div class='ocr_carea' id='block_1_102' title="bbox 1955 4351 3602 4428">
    <p class='ocr_par' dir='ltr' id='par_1_102' title="bbox 1955 4351 3602 4428">
     <span class='ocr_line' id='line_1_102' title="bbox 1955 4351 3602 4428; baseline -0.005 -13"><span class='ocrx_word' id='word_1_850' title='bbox 1955 4361 2068 4428; x_wconf 84' lang='grc'>21).</span> <span class='ocrx_word' id='word_1_851' title='bbox 2092 4360 2216 4414; x_wconf 86' lang='lat' dir='ltr'>Non</span> <span class='ocrx_word' id='word_1_852' title='bbox 2248 4362 2446 4412; x_wconf 86' lang='lat' dir='ltr'>tamen</span> <span class='ocrx_word' id='word_1_853' title='bbox 2495 4354 2640 4410; x_wconf 89' lang='lat' dir='ltr'>alios</span> <span class='ocrx_word' id='word_1_854' title='bbox 2669 4353 2755 4409; x_wconf 87' lang='lat' dir='ltr'>vel</span> <span class='ocrx_word' id='word_1_855' title='bbox 2787 4352 2956 4409; x_wconf 91' lang='lat' dir='ltr'>aliter</span> <span class='ocrx_word' id='word_1_856' title='bbox 3003 4353 3188 4421; x_wconf 90' lang='lat' dir='ltr'>Pater,</span> <span class='ocrx_word' id='word_1_857' title='bbox 3217 4357 3275 4409; x_wconf 92' lang='lat' dir='ltr'>et</span> <span class='ocrx_word' id='word_1_858' title='bbox 3321 4352 3468 4409; x_wconf 91' lang='lat' dir='ltr'>alios</span> <span class='ocrx_word' id='word_1_859' title='bbox 3513 4351 3602 4408; x_wconf 90' lang='lat' dir='ltr'>vel</span> 
     </span>
    </p>
   </div>
   <div class='ocr_carea' id='block_1_103' title="bbox 1957 4441 3600 4514">
    <p class='ocr_par' dir='ltr' id='par_1_103' title="bbox 1957 4441 3600 4514">
     <span class='ocr_line' id='line_1_103' title="bbox 1957 4441 3600 4514; baseline -0.005 -10"><span class='ocrx_word' id='word_1_860' title='bbox 1957 4448 2125 4504; x_wconf 88' lang='lat' dir='ltr'>aliter</span> <span class='ocrx_word' id='word_1_861' title='bbox 2157 4447 2334 4502; x_wconf 84' lang='lat' dir='ltr'>Filius</span> <span class='ocrx_word' id='word_1_862' title='bbox 2358 4463 2371 4501; x_wconf 88' lang='lat'><strong>:</strong></span> <span class='ocrx_word' id='word_1_863' title='bbox 2397 4445 2497 4500; x_wconf 90' lang='lat' dir='ltr'>scd</span> <span class='ocrx_word' id='word_1_864' title='bbox 2530 4443 2764 4499; x_wconf 88' lang='lat' dir='ltr'>eosdem</span> <span class='ocrx_word' id='word_1_865' title='bbox 2788 4459 2936 4514; x_wconf 90' lang='lat' dir='ltr'>quos</span> <span class='ocrx_word' id='word_1_866' title='bbox 2961 4442 3130 4498; x_wconf 90' lang='lat' dir='ltr'>Pater</span> <span class='ocrx_word' id='word_1_867' title='bbox 3158 4441 3428 4510; x_wconf 84' lang='lat' dir='ltr'>viviticat,</span> <span class='ocrx_word' id='word_1_868' title='bbox 3459 4441 3600 4498; x_wconf 89' lang='lat' dir='ltr'>vivi-</span> 
     </span>
    </p>
   </div>
   <div class='ocr_carea' id='block_1_104' title="bbox 1956 4530 3686 4612">
    <p class='ocr_par' dir='ltr' id='par_1_104' title="bbox 1956 4530 3686 4612">
     <span class='ocr_line' id='line_1_104' title="bbox 1956 4530 3686 4612; baseline -0.002 -20"><span class='ocrx_word' id='word_1_869' title='bbox 1956 4539 2091 4592; x_wconf 84' lang='lat' dir='ltr'>ﬁcat</span> <span class='ocrx_word' id='word_1_870' title='bbox 2111 4542 2168 4592; x_wconf 90' lang='lat' dir='ltr'>et</span> <span class='ocrx_word' id='word_1_871' title='bbox 2192 4535 2388 4591; x_wconf 83' lang='lat' dir='ltr'>Filius.</span> <span class='ocrx_word' id='word_1_872' title='bbox 2415 4533 2694 4588; x_wconf 88' lang='lat' dir='ltr'>Similiter</span> <span class='ocrx_word' id='word_1_873' title='bbox 2716 4549 2818 4587; x_wconf 90' lang='lat' dir='ltr'>nec</span> <span class='ocrx_word' id='word_1_874' title='bbox 2839 4530 3092 4604; x_wconf 90' lang='lat' dir='ltr'>Spiritus</span> <span class='ocrx_word' id='word_1_875' title='bbox 3120 4535 3360 4588; x_wconf 91' lang='lat' dir='ltr'>sanctus</span> <span class='ocrx_word' id='word_1_876' title='bbox 3389 4532 3462 4588; x_wconf 91' lang='lat' dir='ltr'>ab</span> <span class='ocrx_word' id='word_1_877' title='bbox 3492 4531 3602 4588; x_wconf 89' lang='lat' dir='ltr'>hac</span> <span class='ocrx_word' id='word_1_878' title='bbox 3673 4600 3686 4612; x_wconf 39' lang='lat'>.</span> 
     </span>
    </p>
   </div>
   <div class='ocr_carea' id='block_1_105' title="bbox 1957 4619 3602 4693">
    <p class='ocr_par' dir='ltr' id='par_1_105' title="bbox 1957 4619 3602 4693">
     <span class='ocr_line' id='line_1_105' title="bbox 1957 4619 3602 4693; baseline -0.004 -13"><span class='ocrx_word' id='word_1_879' title='bbox 1957 4624 2338 4680; x_wconf 83' lang='lat' dir='ltr'>viviﬁcatione</span> <span class='ocrx_word' id='word_1_880' title='bbox 2370 4621 2760 4679; x_wconf 89' lang='lat' dir='ltr'>secernendus</span> <span class='ocrx_word' id='word_1_881' title='bbox 2791 4624 2916 4676; x_wconf 90' lang='lat' dir='ltr'>est:</span> <span class='ocrx_word' id='word_1_882' title='bbox 2943 4619 3082 4692; x_wconf 89' lang='lat' dir='ltr'>quia</span> <span class='ocrx_word' id='word_1_883' title='bbox 3118 4637 3302 4676; x_wconf 92' lang='lat' dir='ltr'>unum</span> <span class='ocrx_word' id='word_1_884' title='bbox 3333 4637 3482 4693; x_wconf 87' lang='lat' dir='ltr'>opus</span> <span class='ocrx_word' id='word_1_885' title='bbox 3511 4623 3602 4676; x_wconf 90' lang='lat' dir='ltr'>est</span> 
     </span>
    </p>
   </div>
   <div class='ocr_carea' id='block_1_106' title="bbox 1958 4707 3598 4783">
    <p class='ocr_par' dir='ltr' id='par_1_106' title="bbox 1958 4707 3598 4783">
     <span class='ocr_line' id='line_1_106' title="bbox 1958 4707 3598 4783; baseline -0.005 -12"><span class='ocrx_word' id='word_1_886' title='bbox 1958 4713 2143 4771; x_wconf 87' lang='lat' dir='ltr'>Patris</span> <span class='ocrx_word' id='word_1_887' title='bbox 2172 4717 2230 4770; x_wconf 89' lang='lat' dir='ltr'>et</span> <span class='ocrx_word' id='word_1_888' title='bbox 2261 4711 2384 4767; x_wconf 82' lang='lat' dir='ltr'>Filii</span> <span class='ocrx_word' id='word_1_889' title='bbox 2417 4716 2474 4766; x_wconf 91' lang='lat' dir='ltr'>et</span> <span class='ocrx_word' id='word_1_890' title='bbox 2497 4709 2751 4783; x_wconf 84' lang='lat' dir='ltr'>Spiritus</span> <span class='ocrx_word' id='word_1_891' title='bbox 2780 4707 3158 4779; x_wconf 86' lang='lat' dir='ltr'>sancti,sicut</span> <span class='ocrx_word' id='word_1_892' title='bbox 3177 4725 3294 4763; x_wconf 89' lang='lat' dir='ltr'>una</span> <span class='ocrx_word' id='word_1_893' title='bbox 3322 4708 3598 4764; x_wconf 86' lang='lat' dir='ltr'>substan-</span> 
     </span>
    </p>
   </div>
   <div class='ocr_carea' id='block_1_107' title="bbox 1951 4788 3599 4875">
    <p class='ocr_par' dir='ltr' id='par_1_107' title="bbox 1951 4788 3599 4875">
     <span class='ocr_line' id='line_1_107' title="bbox 1951 4788 3599 4875; baseline -0.005 -16"><span class='ocrx_word' id='word_1_894' title='bbox 1951 4805 2035 4860; x_wconf 87' lang='lat' dir='ltr'>tia</span> <span class='ocrx_word' id='word_1_895' title='bbox 2053 4808 2230 4875; x_wconf 90' lang='lat' dir='ltr'>atque</span> <span class='ocrx_word' id='word_1_896' title='bbox 2259 4801 2515 4857; x_wconf 83' lang='lat' dir='ltr'>essentia</span> <span class='ocrx_word' id='word_1_897' title='bbox 2535 4803 2644 4855; x_wconf 90' lang='lat' dir='ltr'>est.</span> <span class='ocrx_word' id='word_1_898' title='bbox 2669 4799 2816 4871; x_wconf 84' lang='lat' dir='ltr'>Ergo</span> <span class='ocrx_word' id='word_1_899' title='bbox 2851 4799 3016 4854; x_wconf 89' lang='lat' dir='ltr'>Pater</span> <span class='ocrx_word' id='word_1_900' title='bbox 3037 4797 3232 4853; x_wconf 89' lang='lat' dir='ltr'>vivens</span> <span class='ocrx_word' id='word_1_901' title='bbox 3255 4797 3390 4864; x_wconf 87' lang='lat' dir='ltr'>vita,</span> <span class='ocrx_word' id='word_1_902' title='bbox 3421 4788 3599 4851; x_wconf 78' lang='lat' dir='ltr'>Filius</span> 
     </span>
    </p>
   </div>
   <div class='ocr_carea' id='block_1_108' title="bbox 1951 4883 3598 4960">
    <p class='ocr_par' dir='ltr' id='par_1_108' title="bbox 1951 4883 3598 4960">
     <span class='ocr_line' id='line_1_108' title="bbox 1951 4883 3598 4960; baseline -0.007 -12"><span class='ocrx_word' id='word_1_903' title='bbox 1951 4893 2069 4949; x_wconf 88' lang='lat' dir='ltr'>vita</span> <span class='ocrx_word' id='word_1_904' title='bbox 2100 4893 2298 4948; x_wconf 90' lang='lat' dir='ltr'>vivens</span> <span class='ocrx_word' id='word_1_905' title='bbox 2321 4889 2614 4957; x_wconf 88' lang='lat' dir='ltr'>avivcnte,</span> <span class='ocrx_word' id='word_1_906' title='bbox 2639 4887 2890 4960; x_wconf 88' lang='lat' dir='ltr'>Spiritus</span> <span class='ocrx_word' id='word_1_907' title='bbox 2921 4890 3160 4942; x_wconf 89' lang='lat' dir='ltr'>sanctus</span> <span class='ocrx_word' id='word_1_908' title='bbox 3188 4885 3306 4940; x_wconf 89' lang='lat' dir='ltr'>vita</span> <span class='ocrx_word' id='word_1_909' title='bbox 3339 4889 3396 4940; x_wconf 88' lang='lat' dir='ltr'>et</span> <span class='ocrx_word' id='word_1_910' title='bbox 3425 4883 3598 4938; x_wconf 84' lang='lat' dir='ltr'>vivifi-</span> 
     </span>
    </p>
   </div>
   <div class='ocr_carea' id='block_1_109' title="bbox 1955 4971 3592 5047">
    <p class='ocr_par' dir='ltr' id='par_1_109' title="bbox 1955 4971 3592 5047">
     <span class='ocr_line' id='line_1_109' title="bbox 1955 4971 3592 5047; baseline -0.006 -10"><span class='ocrx_word' id='word_1_911' title='bbox 1955 4986 2114 5037; x_wconf 87' lang='lat' dir='ltr'>cator</span> <span class='ocrx_word' id='word_1_912' title='bbox 2141 4979 2480 5047; x_wconf 89' lang='lat' dir='ltr'>viventium,</span> <span class='ocrx_word' id='word_1_913' title='bbox 2505 4983 2562 5034; x_wconf 91' lang='lat' dir='ltr'>ct</span> <span class='ocrx_word' id='word_1_914' title='bbox 2593 4994 2708 5032; x_wconf 91' lang='lat' dir='ltr'>non</span> <span class='ocrx_word' id='word_1_915' title='bbox 2739 4979 2858 5031; x_wconf 90' lang='lat' dir='ltr'>tres</span> <span class='ocrx_word' id='word_1_916' title='bbox 2887 4975 3036 5043; x_wconf 66' lang='lat' dir='ltr'>vitaz,</span> <span class='ocrx_word' id='word_1_917' title='bbox 3056 4974 3156 5029; x_wconf 91' lang='lat' dir='ltr'>sed</span> <span class='ocrx_word' id='word_1_918' title='bbox 3190 4989 3306 5028; x_wconf 90' lang='lat' dir='ltr'>una</span> <span class='ocrx_word' id='word_1_919' title='bbox 3324 4971 3442 5027; x_wconf 88' lang='lat' dir='ltr'>vita</span> <span class='ocrx_word' id='word_1_920' title='bbox 3467 4977 3592 5027; x_wconf 88' lang='lat' dir='ltr'>est:</span> 
     </span>
    </p>
   </div>
   <div class='ocr_carea' id='block_1_110' title="bbox 1955 5061 3599 5137">
    <p class='ocr_par' dir='ltr' id='par_1_110' title="bbox 1955 5061 3599 5137">
     <span class='ocr_line' id='line_1_110' title="bbox 1955 5061 3599 5137; baseline -0.006 -12"><span class='ocrx_word' id='word_1_921' title='bbox 1955 5074 2011 5126; x_wconf 92' lang='lat' dir='ltr'>et</span> <span class='ocrx_word' id='word_1_922' title='bbox 2042 5070 2210 5125; x_wconf 87' lang='lat' dir='ltr'>Pater</span> <span class='ocrx_word' id='word_1_923' title='bbox 2237 5067 2422 5124; x_wconf 85' lang='lat' dir='ltr'>virtus</span> <span class='ocrx_word' id='word_1_924' title='bbox 2459 5071 2515 5122; x_wconf 90' lang='lat' dir='ltr'>et</span> <span class='ocrx_word' id='word_1_925' title='bbox 2564 5063 2869 5137; x_wconf 90' lang='lat' dir='ltr'>sapientia,</span> <span class='ocrx_word' id='word_1_926' title='bbox 2894 5067 2950 5118; x_wconf 92' lang='lat' dir='ltr'>et</span> <span class='ocrx_word' id='word_1_927' title='bbox 2985 5061 3179 5129; x_wconf 80' lang='lat' dir='ltr'>Filius,</span> <span class='ocrx_word' id='word_1_928' title='bbox 3210 5077 3384 5133; x_wconf 90' lang='lat' dir='ltr'>quem</span> <span class='ocrx_word' id='word_1_929' title='bbox 3433 5065 3599 5115; x_wconf 86' lang='lat' dir='ltr'>vocat</span> 
     </span>
    </p>
   </div>
   <div class='ocr_carea' id='block_1_111' title="bbox 1953 5150 3600 5230">
    <p class='ocr_par' dir='ltr' id='par_1_111' title="bbox 1953 5150 3600 5230">
     <span class='ocr_line' id='line_1_111' title="bbox 1953 5150 3600 5230; baseline -0.007 -16"><span class='ocrx_word' id='word_1_930' title='bbox 1953 5157 2268 5230; x_wconf 89' lang='lat' dir='ltr'>Apostolus</span> <span class='ocrx_word' id='word_1_931' title='bbox 2298 5157 2573 5212; x_wconf 83' lang='lat' dir='ltr'>Christum</span> <span class='ocrx_word' id='word_1_932' title='bbox 2613 5155 2711 5209; x_wconf 88' lang='lat' dir='ltr'>Dei</span> <span class='ocrx_word' id='word_1_933' title='bbox 2737 5155 3008 5220; x_wconf 85' lang='lat' dir='ltr'>virtutem,</span> <span class='ocrx_word' id='word_1_934' title='bbox 3031 5158 3083 5207; x_wconf 89' lang='lat' dir='ltr'>et</span> <span class='ocrx_word' id='word_1_935' title='bbox 3130 5152 3226 5205; x_wconf 87' lang='lat' dir='ltr'>Dei</span> <span class='ocrx_word' id='word_1_936' title='bbox 3271 5150 3600 5221; x_wconf 89' lang='lat' dir='ltr'>sapientiam</span> 
     </span>
    </p>
   </div>
   <div class='ocr_carea' id='block_1_112' title="bbox 1957 5238 3594 5320">
    <p class='ocr_par' dir='ltr' id='par_1_112' title="bbox 1957 5238 3594 5320">
     <span class='ocr_line' id='line_1_112' title="bbox 1957 5238 3594 5320; baseline -0.005 -18"><span class='ocrx_word' id='word_1_937' title='bbox 1957 5247 2004 5320; x_wconf 87' lang='grc' dir='ltr'>(Ι</span> <span class='ocrx_word' id='word_1_938' title='bbox 2023 5248 2144 5302; x_wconf 80' lang='lat' dir='ltr'>Cor.</span> <span class='ocrx_word' id='word_1_939' title='bbox 2172 5264 2207 5316; x_wconf 80' lang='grc' dir='ltr'>ι,</span> <span class='ocrx_word' id='word_1_940' title='bbox 2231 5247 2342 5313; x_wconf 79' lang='grc'>24),</span> <span class='ocrx_word' id='word_1_941' title='bbox 2369 5243 2637 5300; x_wconf 88' lang='lat' dir='ltr'>similiter</span> <span class='ocrx_word' id='word_1_942' title='bbox 2677 5241 2862 5296; x_wconf 87' lang='lat' dir='ltr'>virtus</span> <span class='ocrx_word' id='word_1_943' title='bbox 2907 5244 2963 5295; x_wconf 90' lang='lat' dir='ltr'>et</span> <span class='ocrx_word' id='word_1_944' title='bbox 3011 5238 3474 5311; x_wconf 79' lang='lat' dir='ltr'>sapientiaznon</span> <span class='ocrx_word' id='word_1_945' title='bbox 3507 5241 3594 5294; x_wconf 89' lang='lat' dir='ltr'>ta-</span> 
     </span>
    </p>
   </div>
   <div class='ocr_carea' id='block_1_113' title="bbox 1956 5325 3598 5401">
    <p class='ocr_par' dir='ltr' id='par_1_113' title="bbox 1956 5325 3598 5401">
     <span class='ocr_line' id='line_1_113' title="bbox 1956 5325 3598 5401; baseline -0.005 -9"><span class='ocrx_word' id='word_1_946' title='bbox 1956 5353 2090 5391; x_wconf 90' lang='lat' dir='ltr'>men</span> <span class='ocrx_word' id='word_1_947' title='bbox 2111 5340 2230 5391; x_wconf 90' lang='lat' dir='ltr'>tres</span> <span class='ocrx_word' id='word_1_948' title='bbox 2248 5333 2513 5399; x_wconf 88' lang='lat' dir='ltr'>virtutes,</span> <span class='ocrx_word' id='word_1_949' title='bbox 2533 5349 2636 5387; x_wconf 90' lang='lat' dir='ltr'>nec</span> <span class='ocrx_word' id='word_1_950' title='bbox 2663 5335 2779 5386; x_wconf 89' lang='lat' dir='ltr'>tres</span> <span class='ocrx_word' id='word_1_951' title='bbox 2809 5327 3126 5401; x_wconf 67' lang='lat' dir='ltr'>sapientiae,</span> <span class='ocrx_word' id='word_1_952' title='bbox 3151 5327 3252 5382; x_wconf 91' lang='lat' dir='ltr'>sed</span> <span class='ocrx_word' id='word_1_953' title='bbox 3275 5343 3392 5381; x_wconf 89' lang='lat' dir='ltr'>una</span> <span class='ocrx_word' id='word_1_954' title='bbox 3410 5325 3598 5384; x_wconf 85' lang='lat' dir='ltr'>virtus</span> 
     </span>
    </p>
   </div>
   <div class='ocr_carea' id='block_1_114' title="bbox 1955 5416 3594 5496">
    <p class='ocr_par' dir='ltr' id='par_1_114' title="bbox 1955 5416 3594 5496">
     <span class='ocr_line' id='line_1_114' title="bbox 1955 5416 3594 5496; baseline -0.005 -15"><span class='ocrx_word' id='word_1_955' title='bbox 1955 5429 2013 5482; x_wconf 88' lang='lat' dir='ltr'>et</span> <span class='ocrx_word' id='word_1_956' title='bbox 2031 5443 2149 5480; x_wconf 90' lang='lat' dir='ltr'>una</span> <span class='ocrx_word' id='word_1_957' title='bbox 2170 5423 2474 5496; x_wconf 85' lang='lat' dir='ltr'>sapientia,</span> <span class='ocrx_word' id='word_1_958' title='bbox 2498 5421 2664 5474; x_wconf 87' lang='lat' dir='ltr'>Pater</span> <span class='ocrx_word' id='word_1_959' title='bbox 2691 5423 2748 5474; x_wconf 87' lang='lat' dir='ltr'>et</span> <span class='ocrx_word' id='word_1_960' title='bbox 2771 5417 2946 5472; x_wconf 81' lang='lat' dir='ltr'>Filius</span> <span class='ocrx_word' id='word_1_961' title='bbox 2967 5421 3024 5472; x_wconf 90' lang='lat' dir='ltr'>et</span> <span class='ocrx_word' id='word_1_962' title='bbox 3048 5416 3301 5488; x_wconf 85' lang='lat' dir='ltr'>Spiritus</span> <span class='ocrx_word' id='word_1_963' title='bbox 3323 5420 3594 5488; x_wconf 75' lang='lat' dir='ltr'>sanctus;</span> 
     </span>
    </p>
   </div>
   <div class='ocr_carea' id='block_1_115' title="bbox 1954 5503 3593 5587">
    <p class='ocr_par' dir='ltr' id='par_1_115' title="bbox 1954 5503 3593 5587">
     <span class='ocr_line' id='line_1_115' title="bbox 1954 5503 3593 5587; baseline -0.006 -17"><span class='ocrx_word' id='word_1_964' title='bbox 1954 5514 2092 5587; x_wconf 89' lang='lat' dir='ltr'>quia</span> <span class='ocrx_word' id='word_1_965' title='bbox 2112 5513 2233 5568; x_wconf 79' lang='lat' dir='ltr'>hec</span> <span class='ocrx_word' id='word_1_966' title='bbox 2257 5509 2494 5566; x_wconf 89' lang='lat' dir='ltr'>nomina</span> <span class='ocrx_word' id='word_1_967' title='bbox 2514 5505 2931 5563; x_wconf 88' lang='lat' dir='ltr'>substantialia</span> <span class='ocrx_word' id='word_1_968' title='bbox 2951 5511 3090 5561; x_wconf 88' lang='lat' dir='ltr'>sunt</span> <span class='ocrx_word' id='word_1_969' title='bbox 3113 5510 3170 5561; x_wconf 90' lang='lat' dir='ltr'>et</span> <span class='ocrx_word' id='word_1_970' title='bbox 3195 5523 3309 5562; x_wconf 90' lang='lat' dir='ltr'>non</span> <span class='ocrx_word' id='word_1_971' title='bbox 3337 5503 3593 5574; x_wconf 87' lang='lat' dir='ltr'>relativa,</span> 
     </span>
    </p>
   </div>
   <div class='ocr_carea' id='block_1_116' title="bbox 1953 5594 3598 5668">
    <p class='ocr_par' dir='ltr' id='par_1_116' title="bbox 1953 5594 3598 5668">
     <span class='ocr_line' id='line_1_116' title="bbox 1953 5594 3598 5668; baseline -0.005 -9"><span class='ocrx_word' id='word_1_972' title='bbox 1953 5603 2106 5660; x_wconf 86' lang='lat' dir='ltr'>sicut</span> <span class='ocrx_word' id='word_1_973' title='bbox 2139 5618 2252 5656; x_wconf 74' lang='lat' dir='ltr'>una</span> <span class='ocrx_word' id='word_1_974' title='bbox 2283 5596 2631 5664; x_wconf 87' lang='lat' dir='ltr'>substantia,</span> <span class='ocrx_word' id='word_1_975' title='bbox 2665 5601 2722 5651; x_wconf 90' lang='lat' dir='ltr'>et</span> <span class='ocrx_word' id='word_1_976' title='bbox 2767 5612 2884 5650; x_wconf 90' lang='lat' dir='ltr'>una</span> <span class='ocrx_word' id='word_1_977' title='bbox 2921 5595 3363 5668; x_wconf 89' lang='lat' dir='ltr'>omnipotentia,</span> <span class='ocrx_word' id='word_1_978' title='bbox 3394 5599 3452 5651; x_wconf 90' lang='lat' dir='ltr'>et</span> <span class='ocrx_word' id='word_1_979' title='bbox 3481 5594 3598 5650; x_wconf 89' lang='lat' dir='ltr'>alia</span> 
     </span>
    </p>
   </div>
   <div class='ocr_carea' id='block_1_117' title="bbox 1953 5683 3598 5765">
    <p class='ocr_par' dir='ltr' id='par_1_117' title="bbox 1953 5683 3598 5765">
     <span class='ocr_line' id='line_1_117' title="bbox 1953 5683 3598 5765; baseline -0.007 -16"><span class='ocrx_word' id='word_1_980' title='bbox 1953 5711 2080 5765; x_wconf 68' lang='lat' dir='ltr'>quae</span> <span class='ocrx_word' id='word_1_981' title='bbox 2101 5693 2172 5747; x_wconf 88' lang='lat' dir='ltr'>de</span> <span class='ocrx_word' id='word_1_982' title='bbox 2199 5686 2531 5746; x_wconf 88' lang='lat' dir='ltr'>substantia</span> <span class='ocrx_word' id='word_1_983' title='bbox 2550 5683 2872 5741; x_wconf 86' lang='lat' dir='ltr'>divinitatis</span> <span class='ocrx_word' id='word_1_984' title='bbox 2902 5683 3213 5742; x_wconf 88' lang='lat' dir='ltr'>dicuntur:</span> <span class='ocrx_word' id='word_1_985' title='bbox 3237 5689 3294 5742; x_wconf 89' lang='lat' dir='ltr'>et</span> <span class='ocrx_word' id='word_1_986' title='bbox 3313 5689 3402 5741; x_wconf 89' lang='lat' dir='ltr'>est</span> <span class='ocrx_word' id='word_1_987' title='bbox 3430 5684 3598 5740; x_wconf 89' lang='lat' dir='ltr'>Pater</span> 
     </span>
    </p>
   </div>
  </div>
