4148 6452
513 419 630 484 60⁸1

1459 421 1845 486 HINCMABI
1888 419 2340 484 RHEMENSIS
2384 421 2978 488 ARCHIEPISCOPI

3796 417 3926 486 608

511 573 710 616 verum
741 555 964 623 lumen,
996 559 1053 612 et
1091 553 1270 611 Filius
1301 571 1500 610 verum
1549 553 1747 610 lumen
1796 573 1864 611 ex
1910 553 2151 621 lumine,
2184 553 2240 620 Α
2266 558 2382 624 tus,
2407 555 2561 612 sicut
2579 557 2755 613 etiam
2772 557 2843 614 de
2865 554 3008 614 Filio
3030 557 3247 613 tradita
3265 556 3338 614 ab
3359 556 3642 630 apostolis
3659 554 3922 630 Symboli

512 643 766 720 Spiritus
787 649 1028 703 sanctus
1049 661 1250 700 verum
1277 643 1474 700 lumen
1499 648 1556 700 et
1575 661 1710 700 vera
1728 643 2168 712 illuminatio,et

511 745 626 793 non
659 737 772 792 tria
803 734 1174 800 lumina,-sed
1211 751 1396 788 unum
1429 733 1649 788 lumen.
1685 734 1846 789 Unde
1878 733 2166 805 scriptum

510 829 622 893 est,
653 826 710 880 In
763 825 972 879 lumine
1017 830 1107 878 tuo
1157 821 1459 878 videbimus
1507 824 1691 878 tamen.
1723 824 1895 891 (Psal.
1930 837 2163 888 xxxvm,

513 911 621 984 10),
646 912 799 968 sicut
829 915 887 967 et
931 928 1049 966 una
1072 911 1280 978 virtus,
1313 915 1370 966 et
1410 928 1527 966 una
1567 911 1853 983 sapientia
1889 927 1900 966 :
1937 911 2076 982 quia
2105 909 2164 965 in

509 999 611 1057 illa
631 999 1009 1073 simplicitate
1031 999 1238 1054 divinae
1269 1003 1489 1054 naturae
1523 1017 1634 1054 non
1661 1005 1749 1055 est
1774 999 1932 1054 aliud
1961 1016 2164 1072 sapere

509 1104 690 1163 quam
737 1105 886 1159 esse,
919 1106 1034 1144 non
1065 1091 1156 1144 est
1185 1088 1338 1144 544
1369 1088 1528 1143 aliud
1580 1106 1709 1144 esse
1740 1106 1916 1160 quam
1970 1106 2160 1161 posse,

509 1194 616 1236 nec
647 1177 804 1234 aliud
849 1194 1019 1250 posse
1053 1193 1230 1249 quam
1262 1177 1470 1232 vivere.
1506 1178 1722 1232 Eadem
1757 1178 1831 1232 ibi
1877 1178 2164 1250 sapientia

507 1281 635 1341 qum
667 1267 944 1334 essentia,
967 1267 1168 1322 eadem
1213 1266 1332 1320 vita
1380 1281 1506 1338 qua:
1540 1269 1596 1320 et
1623 1266 1899 1332 essentia,
1935 1272 1993 1322 et
2041 1267 2162 1323 hinc

507 1357 708 1414 omnia
736 1371 920 1412 unum
943 1360 1000 1411 et
1030 1370 1186 1411 unus
1217 1355 1428 1410 Deus.»
1452 1355 1520 1410 Et
1549 1354 1687 1409 item
1713 1360 1952 1411 sanctus
1972 1358 2164 1428 Augu-

507 1445 700 1502 stinus
721 1445 780 1501 in
803 1445 1076 1500 Tractatu
1106 1441 1683 1515 psalmioctogesimi
1718 1444 1905 1515 quinti
1943 1461 1992 1498 :«
2018 1444 2159 1499 Nul-

507 1530 630 1591 lum
651 1534 847 1606 majus
864 1533 1083 1587 donum
1107 1535 1382 1604 praestare
1406 1536 1603 1603 posset
1620 1531 1774 1588 Deus
1798 1531 2157 1599 hominibus,

506 1637 686 1698 quam
717 1626 782 1677 ut
808 1621 1064 1677 Verbum
1097 1637 1292 1687 suum,
1317 1635 1420 1692 per
1449 1620 1604 1692 quod
1645 1620 1902 1675 condidit
1935 1621 2154 1690 omnia,

507 1705 720 1768 faceret
747 1707 868 1766 illis
887 1714 1081 1782 caput,
1105 1713 1163 1764 et
1200 1708 1332 1764 illos
1361 1709 1409 1763 ei
1444 1712 1727 1781 tanquam
1761 1710 2026 1766 membra
2056 1727 2158 1765 co-

505 1803 751 1876 aptaret,
780 1803 848 1856 ut
896 1803 1051 1855 esset
1099 1797 1282 1854 Filius
1327 1797 1446 1862 Dei,
1479 1801 1536 1852 et
1581 1797 1738 1852 ﬁlius
1787 1799 2066 1865 hominis,
2099 1803 2158 1855 et

2275 645 2562 701 confessio
2595 650 2754 702 tenet
2776 645 3042 712 dicentis,
3062 647 3236 701 Sedet
3265 647 3336 701 ad
3368 646 3668 702 dexteram
3712 643 3924 710 Patris,

2276 734 2410 789 inde
2429 740 2710 790 venturus
2734 735 3001 805 judicare
3022 735 3180 790 vivos
3200 738 3258 790 et
3278 739 3561 790 mortuos.
3589 733 3770 790 Vides
3789 749 3930 806 ergo

2276 826 2568 895 quomodo
2600 842 2703 897 per
2731 825 2881 879 hanc
2911 824 3232 879 orationem
3264 839 3326 879 se
3359 827 3416 879 et
3454 823 3682 879 Patrem
3718 823 3779 878 in
3811 839 3930 878 una

2275 913 2624 980 substantia,
2659 917 2715 968 et
2759 913 2816 968 in
2849 930 2967 968 una
3013 912 3227 967 deitate
3275 913 3602 985 conjungit.
3636 913 3784 967 Ecce
3833 910 3930 966 ille

2275 1002 2456 1057 futuri
2487 1001 2698 1074 judieii
2729 1002 2874 1067 dies,
2908 1001 3008 1074 qui
3037 1001 3234 1058 venire
3281 1017 3383 1073 per
3431 1000 3555 1055 Filii
3607 1001 3926 1056 adventum

2273 1091 2654 1162 promittitur,
2690 1091 2761 1146 de
2811 1089 2998 1146 Patris
3046 1090 3357 1161 praesentia
3403 1088 3798 1161 praestolatus,
3849 1089 3930 1144 sit

2274 1180 2423 1236 545
2448 1179 2573 1250 jam
2615 1179 2956 1235 indubitatae
3005 1177 3247 1233 unitatis
3287 1177 3720 1241 testimonium,
3744 1177 3830 1232 sic
3859 1182 3928 1232 ut

2271 1269 2342 1322 de
2377 1267 2500 1322 Filii
2533 1269 2784 1323 adventu
2811 1267 3068 1339 loquitur
3094 1266 3442 1338 promissus,
3465 1266 3538 1322 de
3567 1264 3758 1321 Patris
3787 1283 3928 1338 pras-

2271 1356 2462 1412 sentia
2493 1357 2769 1412 doceatur
2795 1354 3093 1426 impletus.
3113 1375 3140 1403 »
3165 1355 3235 1410 Et
3261 1353 3563 1424 aliquanto
3593 1353 3874 1426 superius
3907 1371 3924 1409 :

2271 1467 2299 1494 ‹‹
2324 1443 2384 1500 Si
2403 1461 2540 1517 ergo
2572 1445 2853 1515 majorem
2877 1444 3102 1499 Patrem
3125 1447 3183 1498 et
3201 1441 3488 1498 minorem
3513 1442 3730 1499 Filium
3751 1443 3924 1510 dicis,

2267 1534 2516 1604 gradum
2550 1533 2714 1600 facis,
2745 1537 2804 1588 et
2854 1531 3142 1588 unitatem
3192 1530 3369 1598 tollis,
3392 1535 3452 1587 et
3487 1547 3624 1587 cum
3655 1531 3836 1587 offers
3863 1532 3924 1586 in

2268 1620 2578 1689 oblatione,
2604 1639 2718 1677 non
2765 1625 2928 1693 potes
2977 1619 3188 1688 dicere,
3211 1618 3398 1675 Otfero
3429 1619 3556 1687 tibi,
3581 1620 3764 1686 Deus,
3795 1619 3922 1688 sed,

2267 1710 2457 1766 Oil-‘ero
2477 1709 2662 1777 vobis,
2687 1709 2798 1776 dii;
2824 1710 2979 1782 quod
3005 1712 3095 1764 est
3115 1707 3435 1764 absurdum
3458 1713 3519 1764 et
3543 1709 3883 1764 inauditum
3907 1723 3922 1764 :

2267 1804 2370 1855 aut
2400 1803 2574 1865 certe,
2598 1799 2646 1853 si
2679 1798 2904 1854 vicibus
2936 1802 2994 1853 et
3022 1796 3365 1868 singillatim
3395 1797 3628 1863 offeras,
3649 1802 3708 1852 et
3739 1796 3924 1853 semel

506 1905 660 1946 unus
692 1889 846 1945 Deus
875 1905 1010 1944 cum
1035 1887 1219 1955 Patre,
1245 1905 1400 1942 unus
1430 1887 1606 1942 homo
1628 1903 1760 1942 cum
1783 1886 2152 1955 hominibus;
2189 1919 2238 1985 Β
2265 1889 2474 1944 otferas
2507 1887 2684 1954 Patri,
2709 1884 2890 1941 semel
2928 1887 3137 1942 offeras
3179 1884 3339 1952 Filio,
3363 1899 3498 1940 cum
3533 1885 3690 1941 Patri
3723 1886 3922 1952 offers,

505 1984 570 2035 ut
599 1983 657 2035 et
687 1978 920 2051 quando
951 1975 1251 2050 loquimur
1279 1977 1350 2031 ad
1388 1977 1571 2032 Deum
1605 1976 2002 2048 deprecantes,
2038 1995 2154 2032 non

503 2065 640 2124 inde
671 2067 881 2124 Filium
905 2081 1244 2138 separemus
1269 2082 1283 2120 :
1307 2068 1364 2122 et
1385 2065 1620 2136 quando
1652 2069 1924 2138 precatur
1941 2083 2154 2138 corpus

505 2154 708 2223 Filius,
739 2171 853 2210 non
887 2171 921 2211 a
951 2171 1013 2210 se
1044 2157 1272 2226 separet
1321 2157 1498 2225 caput
1548 2171 1744 2219 suum,
1775 2153 1967 2226 sitque
1999 2173 2154 2212 unus

505 2245 630 2318 ipse
675 2243 938 2300 Salvator
965 2243 1225 2316 corporis
1269 2242 1362 2298 sui
1413 2242 1698 2298 Dominus
1739 2247 1938 2298 noster
1981 2245 2154 2302 Jesus

503 2333 773 2390 Christus
805 2331 984 2388 Filius
1013 2331 1136 2398 Dei,
1159 2331 1258 2404 qui
1289 2335 1346 2387 et
1371 2335 1493 2387 oret
1522 2349 1626 2404 pro
1657 2331 1846 2399 nobis,
1871 2337 1928 2388 et
1947 2338 2071 2388 oret
2095 2334 2150 2398 in

503 2419 693 2486 nobis,
717 2423 774 2476 et
803 2423 1001 2476 oretur
1029 2436 1064 2474 a
1094 2419 1264 2475 nobis
1295 2436 1309 2474 :
1345 2423 1472 2475 orat
1516 2437 1620 2491 pro
1651 2421 1820 2476 nobis
1849 2425 1913 2476 ut
1960 2439 2150 2478 sacer-

500 2512 609 2567 dos
628 2513 842 2575 noster,
866 2511 992 2565 orat
1021 2509 1081 2564 in
1109 2509 1277 2565 nobis
1297 2512 1363 2563 ut
1383 2513 1560 2580 caput
1581 2513 1872 2577 nostrum,
1894 2514 2095 2566 oratur
2116 2529 2152 2568 a

502 2599 694 2670 nobis,
715 2602 781 2654 ut
809 2597 965 2654 Deus
1014 2602 1270 2654 noster.»
1292 2597 1361 2653 Et
1407 2597 1468 2652 in
1519 2615 1786 2653 sermone
1817 2599 1886 2654 de
1917 2599 2149 2656 Unitate

502 2685 688 2742 Patris
707 2690 766 2742 et
797 2683 920 2740 Filii
948 2689 1006 2740 et
1035 2685 1290 2758 Spiritus
1319 2685 1505 2742 sancti
1546 2689 1746 2742 contra
1783 2686 2028 2743 Arianos
2059 2688 2146 2744 di-

2267 1977 2474 2032 Filium
2518 1975 2939 2049 praetermittis,
2960 1979 3018 2029 et
3045 1989 3182 2030 cum
3217 1973 3355 2029 Filio
3405 1975 3599 2042 offers,
3622 1973 3858 2030 Patrem
3889 1989 3922 2031 a

2263 2082 2506 2120 munere
2527 2063 2824 2120 offerentis
2845 2061 3190 2119 excludis.Si
3213 2066 3408 2117 autem
3440 2061 3578 2118 Filio
3599 2063 3732 2118 sine
3757 2063 3924 2119 Patre

2263 2154 2456 2220 otl'ers,
2482 2155 2608 2225 jam
2641 2171 2756 2208 non
2804 2152 3024 2225 poteris
3063 2168 3166 2224 per
3194 2150 3514 2206 orationem
3546 2151 3924 2208 Dominicam

2264 2241 2524 2316 mysterii
2559 2245 2926 2298 sacramenta
2954 2239 3265 2312 complere,
3289 2244 3354 2294 ut
3373 2239 3534 2295 dicas
3564 2240 3638 2295 ad
3671 2239 3928 2311 plenitu-

2261 2331 2458 2387 dinem
2487 2331 2724 2404 perfecti
2752 2328 3073 2385 bolocausti
3097 2328 3420 2384 orationem
3443 2327 3842 2394 Dominicam,
3861 2329 3922 2386 id

2259 2425 2370 2486 est,
2403 2420 2569 2475 Pater
2596 2423 2798 2475 noster
2827 2418 2926 2490 qui
2967 2433 3031 2474 es
3082 2417 3140 2472 in
3169 2415 3350 2483 oculis,
3374 2415 3514 2488 quia
3543 2417 3804 2486 Patrem,
3825 2417 3919 2474 cui

2259 2525 2373 2564 non
2407 2509 2598 2574 oﬁ'ers,
2629 2524 2733 2563 nec
2763 2506 2978 2562 orabis.
3012 2505 3069 2562 Si
3104 2505 3316 2565 iterum
3364 2505 3517 2561 Patri
3567 2504 3922 2579 incorporeo

2259 2598 2451 2664 offers,
2475 2602 2532 2652 et
2563 2596 2770 2652 Filium
2813 2594 3227 2668 praetermittis,
3259 2594 3440 2650 oblati
3487 2595 3660 2666 panis
3692 2602 3920 2669 myste-

2257 2685 2409 2741 rium
2441 2703 2556 2742 non
2606 2685 2818 2757 poterit
2847 2685 2906 2739 in
2939 2683 3200 2755 corporis
3229 2687 3597 2740 sacramenta
3637 2685 3918 2754 transire,

500 2773 581 2831 cit
609 2791 665 2830 :«
685 2772 832 2841 Quia
860 2772 1229 2829 ministrante
1259 2773 1507 2830 Domino
1538 2774 1718 2831 habes
1748 2775 2145 2832 abundantem
2255 2791 2444 2846 neque
2475 2774 2531 2828 in
2565 2773 2998 2830 consecratione
3039 2771 3364 2828 holocausti
3393 2774 3918 2831 commemoratio-

442 2867 448 2873 ’
495 2857 782 2919 Dominici
812 2861 968 2918 verbi
1002 2879 1234 2934 panem,
1267 2878 1417 2935 pone
1447 2863 1640 2918 adhuc
1672 2879 1851 2936 super
1878 2881 2144 2922 mensam
2254 2881 2388 2920 nem
2411 2863 2726 2920 Dominica:
2739 2880 2914 2919 omnis
2937 2863 3125 2918 facere
3145 2861 3530 2935 poteris,quia
3545 2863 3704 2936 quod
3731 2863 3920 2921 Filius

493 2951 687 3008 cordis
717 2949 876 3007 illius
907 2967 1116 3023 panem
1149 2967 1382 3024 quoque
1413 2951 1726 3007 Dominica:
1757 2953 2059 3020 orationis,
2087 2958 2145 3010 et
2252 2969 2564 3025 corporeus
2609 2969 2716 3009 suo
2765 2951 2989 3024 corpori
3035 2951 3356 3023 deputavit,
3380 2954 3439 3006 et
3485 2951 3558 3006 ad
3611 2950 3916 3024 passionis

493 3055 888 3097 commemora
918 3038 1107 3106 illum,
1131 3039 1409 3112 quoniam
1443 3040 1728 3096 Dominus
1748 3041 1806 3095 in
1831 3041 2141 3114 Evangelio
2251 3059 2369 3098 suae
2387 3040 2728 3097 memoriam
2762 3039 3049 3112 pertinere
3069 3039 3271 3110 jussit,
3296 3038 3450 3094 Patri
3479 3037 3828 3113 incorpomo
3845 3044 3916 3098 et

493 3125 952 3202 dixit,Quidquid
980 3130 1041 3185 in
1067 3131 1290 3185 nomine
1315 3145 1435 3185 meo
1457 3147 1491 3185 a
1523 3135 1684 3186 Patre
1725 3131 2012 3201 petieritis,
2044 3147 2141 3200 ego
2250 3149 2285 3188 a
2311 3131 2583 3202 passione
2621 3129 2830 3197 alieno,
2859 3129 2908 3184 si
2939 3145 2974 3184 a
3007 3127 3146 3182 Filio
3194 3132 3504 3200 separatus
3551 3128 3752 3196 fuerit,
3785 3145 3907 3186 non

491 3229 526 3272 α
553 3217 718 3272 Patre
743 3223 861 3288 peto
908 3223 960 3272 et
1003 3216 1227 3272 dabitur
1270 3217 1420 3273 vobis
1451 3217 1633 3289 (Mare.
1655 3219 1865 3289 311,24).
1894 3219 1964 3274 Et
1993 3236 2137 3290 quo-
2174 3285 2209 3294 _
2246 3218 2458 3294 poterit
2486 3217 2773 3292 deputari.
2807 3217 2865 3274 Si
2913 3233 3049 3290 ergo
3099 3217 3271 3272 offers
3320 3215 3474 3271 Patri
3523 3221 3585 3272 et
3638 3216 3807 3286 Filio,
3845 3219 3908 3275 in

493 3301 666 3360 modo
705 3285 764 3359 in
796 3305 1198 3360 demonstrata
1225 3322 1259 3360 a
1289 3323 1350 3362 se
1391 3285 1671 3372 oratione,
1704 3285 1872 3378 quasi
1918 3285 2135 3364 oblitus
2167 3285 2210 3352 C
2249 3285 2473 3365 unitate
2505 3285 2746 3363 Deitatis
2775 3307 2949 3362 otl'ers
2971 3285 3043 3362 ei.
3069 3307 3236 3361 Tunc
3255 3305 3602 3378 mysterium
3635 3285 3914 3380 corporis

492 3387 595 3447 illa
614 3407 741 3464 quae
765 3391 1004 3457 dixerat,
1031 3408 1094 3448 se
1138 3393 1550 3464 praetermisso,
1575 3394 1804 3450 Patrem
1832 3394 2024 3451 solum
2055 3414 2142 3453 ro-

493 3495 634 3554 gare
675 3479 846 3551 jubet
874 3478 1073 3537 dicens
1106 3497 1120 3535 :
1153 3481 1232 3537 Ita
1267 3482 1512 3549 ambitis,
1548 3483 1710 3539 Pater
1753 3493 1935 3540 noster
1963 3487 2058 3558 qui
2085 3503 2140 3543 es

493 3571 552 3626 in
581 3569 776 3625 etatis?
803 3569 948 3637 (Mat.
979 3586 1058 3636 vr,
1088 3569 1168 3640 9.)
1189 3571 1258 3624 Et
1291 3570 1388 3626 ubi
1421 3575 1509 3627 est
1537 3573 1690 3644 quod
1727 3573 1873 3628 dixit
1903 3591 1917 3628 :
1953 3575 2014 3630 1η
2041 3591 2139 3631 ηο-

489 3659 642 3714 mine
659 3673 775 3714 meo
793 3675 827 3713 a
848 3662 1010 3714 Patre
1025 3659 1209 3730 petite,
1231 3665 1282 3714 et
1299 3674 1401 3732 ego
1423 3677 1456 3715 a
1475 3661 1636 3716 Patre
1651 3669 1768 3732 peto
1785 3665 1808 3716 Ξ)
1825 3663 1998 3727 (Joun.
2022 3681 2138 3731 xvx,

487 3747 604 3819 27.)
627 3747 927 3814 Quomodo
952 3764 1164 3803 nomen
1197 3764 1394 3817 suum,
1421 3765 1523 3820 per
1543 3750 1695 3821 quod
1723 3749 1836 3822 peti
1863 3749 1987 3823 ipse
2008 3752 2139 3824 jus-

488 3833 584 3903 sit,
610 3835 669 3892 in
704 3835 967 3893 oratione
998 3855 1031 3893 a
1061 3853 1124 3894 se
1154 3838 1555 3892 demonstrata
1586 3840 1994 3909 praetermisit?
2028 3841 2140 3896 Sed

487 3923 628 3997 quia
657 3925 812 3981 idem
843 3925 968 3999 ipse
994 3924 1234 3993 dixerat,
1261 3926 1368 3994 Qui
1385 3942 1474 3981 me
1498 3926 1660 3992 videt,
1682 3927 1827 3984 videt
1846 3936 1897 3984 et
1922 3930 2142 3984 Patrem

487 4015 666 4082 (Jama.
697 4031 812 4080 xtv,
832 4015 914 4082 9),
942 4013 1126 4069 voluit
1165 4014 1275 4069 hoc
1315 4014 1662 4086 mysterium
1703 4033 1737 4071 a
1777 4016 2049 4073 fidelibus
2079 4017 2139 4072 in

483 4099 792 4162 Dominica
819 4102 1079 4156 oratione
1110 4101 1365 4172 impleri,
1397 4106 1462 4157 ut
1493 4119 1595 4172 per
1637 4103 1788 4158 hanc
1819 4107 2138 4161 orationem

487 4191 545 4245 in
570 4191 734 4245 Patre
756 4189 930 4246 etiam
958 4188 1137 4245 Filius
1165 4195 1471 4261 rogaretur
1494 4208 1507 4245 ε
1533 4195 1588 4246 et
1613 4191 1749 4262 quia
1782 4193 1840 4246 in
1864 4194 2138 4264 Symbolo
2168 4210 2178 4218 '

485 4278 698 4333 iterum
719 4282 775 4333 et
795 4283 1101 4350 separatus
1118 4296 1152 4334 a
1171 4279 1336 4334 Patre
1363 4278 1861 4347 nominatur,cum
1885 4282 1997 4336 dici
2007 4287 2101 4337 tur
2123 4303 2138 4342 :

485 4366 668 4422 Credo
699 4365 758 4420 in
793 4367 976 4422 Deum
1013 4367 1261 4434 Patrem,
1286 4372 1343 4422 et
1380 4367 1440 4422 in
1482 4367 1684 4424 Jesum
1717 4368 2017 4426 Christum
2054 4373 2138 4426 Fi-

486 4453 631 4509 lium
663 4454 819 4525 ejus;
851 4457 918 4508 ut
947 4459 1183 4526 prepter
1225 4455 1508 4510 unitatem
1541 4456 1778 4512 deitatis
1809 4457 1893 4513 sic
1923 4463 2078 4514 esset
2106 4477 2142 4515 a

487 4546 654 4598 Patre
683 4540 742 4596 in
765 4541 1038 4615 Symbolo
1061 4548 1387 4616 separatus,
1409 4549 1472 4599 ut
1496 4549 1649 4600 esset
1676 4545 1886 4601 iterum
1919 4547 1978 4602 in
2009 4565 2138 4604 ora-

2248 3397 2426 3455 etiam
2458 3396 2644 3452 Patris
2674 3399 3041 3453 sacramenta
3071 3394 3414 3466 suscipient,
3427 3393 3518 3450 vel
3541 3398 3688 3450 tunc
3715 3396 3914 3452 oratio

2249 3485 2555 3542 Dominica
2582 3488 2736 3540 recte
2766 3484 2823 3538 in
2854 3482 2955 3538 ﬁlii
2989 3482 3280 3538 oblatione
3309 3483 3547 3540 dicitur.
3581 3484 3914 3557 Separatus

2249 3579 2448 3630 autem
2480 3573 2647 3628 Pater
2675 3589 2710 3627 a
2741 3571 2882 3627 Filio
2909 3569 3289 3643 offerentibus
3317 3570 3428 3626 sibi
3461 3577 3912 3626 sacramentum

2249 3660 2508 3734 corporis
2539 3677 2656 3716 non
2691 3659 2900 3734 poterit
2929 3659 3200 3714 exhibere
3229 3659 3384 3730 quod
3430 3676 3546 3714 non
3585 3658 3770 3715 habet
3803 3676 3817 3714 :
3849 3665 3918 3715 et

2249 3751 2472 3808 divisus
2501 3768 2537 3806 a
2567 3750 2734 3805 Patre
2768 3748 2945 3804 Filius
2985 3749 3043 3802 in
3076 3747 3367 3803 oblatione
3406 3763 3516 3804 sua
3555 3764 3660 3821 per
3688 3750 3911 3805 oratio-

2249 3857 2382 3896 nem
2430 3837 2815 3904 Dominicam,
2841 3837 2994 3908 quod
3028 3836 3088 3891 in
3119 3837 3247 3908 ipso
3279 3853 3395 3893 non
3444 3841 3536 3893 est
3581 3837 3914 3912 incongrue

2251 3929 2437 3985 Patris
2468 3943 2681 3983 nomen
2705 3926 2968 3998 accipiet.
2993 3926 3390 3982 Conﬁteamur
3417 3941 3554 3999 ergo
3583 3926 3820 3984 Patrem
3850 3932 3914 3986 et

2254 4017 2460 4075 Filium
2493 4033 2678 4072 unum
2709 4033 2838 4071 esse
2867 4015 3146 4084 Deum,et
3173 4015 3347 4070 unius
3373 4032 3504 4071 esse
3531 4016 3910 4086 substantiis,

2249 4113 2307 4164 et
2337 4106 2521 4162 Patris
2553 4103 2874 4178 paternitas
2902 4121 3038 4160 cum
3075 4103 3196 4159 Filii
3228 4103 3444 4159 deitate
3475 4119 3537 4160 se
3573 4105 3816 4177 jungat,
3847 4109 3914 4162 et

2250 4199 2589 4252 consecrata
2623 4193 2746 4248 Filii
2779 4210 2912 4250 caro
2942 4210 3076 4249 cum
3116 4193 3302 4249 Patris
3341 4209 3574 4265 semper
3593 4192 3816 4250 deitatc
3845 4209 3912 4251 se

2251 4285 2580 4352 misceat,et
2597 4287 2739 4338 tunc
2751 4284 2876 4354 jam
2895 4283 2995 4355 qui
3019 4287 3210 4354 potest
3225 4282 3308 4336 sic
3331 4282 3388 4336 in
3407 4299 3592 4337 unum
3609 4299 3912 4339 connexus

2250 4373 2526 4448 mysticas
2549 4373 2768 4428 formas
2788 4389 2822 4426 a
2841 4371 3075 4427 deitatis
3112 4369 3336 4425 unitate
3351 4369 3656 4438 dissolvat,
3681 4387 3822 4427 cum
3843 4372 3908 4427 in

2251 4480 2367 4520 uno
2399 4461 2706 4527 sacrificio,
2733 4464 2791 4516 et
2836 4460 3003 4515 Pater
3032 4460 3090 4515 in
3135 4475 3200 4515 se
3246 4462 3429 4515 totam
3484 4457 3610 4514 Filii
3661 4475 3910 4516 carnem

2249 4551 2530 4624 suscepit,
2555 4555 2611 4606 et
2645 4549 2822 4606 Filius
2851 4549 2911 4603 in
2951 4566 3014 4604 se
3043 4552 3234 4604 totum
3268 4547 3455 4603 Patris
3492 4561 3712 4604 nomen
3741 4566 3912 4606 888n-

483 4629 640 4686 tione
671 4631 1041 4702 conjunctus,
1074 4637 1366 4703 quatenus
1409 4632 1529 4688 haec
1581 4637 1827 4706 utraque
1858 4637 2134 4708 mysteria
2165 4655 2210 4720 Ι)
2241 4642 2406 4698 mit.»
2430 4642 2499 4696 Et
2545 4639 2684 4695 item
2723 4636 2806 4694 ibi
2831 4653 2880 4694 :«
2915 4637 3078 4693 Unus
3109 4636 3344 4709 quidem
3396 4652 3632 4693 carnem
3685 4643 3906 4710 portat,

485 4721 744 4794 Symboli
766 4725 823 4776 et
843 4720 1214 4789 orationis,et
1236 4721 1579 4778 Trinitatem
1605 4724 1660 4778 in
1693 4723 1915 4780 unitate
1935 4731 2130 4782 osten-

483 4809 771 4876 derent,et
791 4808 1003 4864 iterum
1025 4809 1310 4866 unitatem
1334 4810 1394 4865 in
1411 4811 1697 4867 Trinitate
1715 4817 2127 4869 monstrarent.

485 4900 608 4956 Non
639 4915 776 4972 ergo
807 4915 869 4954 se
899 4899 956 4953 in
991 4899 1250 4954 oratione
1289 4901 1682 4972 prmtermisit,
1719 4902 1818 4957 scd
1851 4901 1908 4956 in
1944 4902 2132 4958 Patris

483 4991 708 5044 unitate
739 4988 1060 5060 conjunxit.
1095 4987 1260 5044 Sicut
1297 5007 1610 5061 ergo,cum
1662 4991 1812 5045 Patri
1845 4992 2036 5058 offers,
2070 4991 2128 5046 in

482 5077 772 5134 oblatione
809 5075 930 5132 Filii
965 5093 1178 5149 corpus
1223 5078 1502 5144 associas,
1535 5078 1618 5134 sic
1649 5083 1705 5133 et
1735 5078 1792 5132 in
1825 5079 2134 5134 Dominica

484 5166 764 5232 oratione,
783 5170 1055 5222 mutuata
1083 5165 1344 5238 mystcrii
1368 5165 1508 5230 vice,
1532 5181 1664 5220 cum
1690 5167 1914 5222 Patrem
1939 5185 2129 5238 rogas,

488 5255 611 5309 Filii
633 5272 865 5328 quoque
895 5271 1107 5310 nomen
1135 5255 1436 5327 imploras.
1461 5254 1530 5309 Et
1560 5258 1624 5309 ut
1649 5255 1839 5309 adhuc
1872 5255 2132 5327 apertius

483 5342 800 5415 intelligas,
823 5345 963 5416 quia
990 5343 1051 5399 in
1096 5344 1260 5399 Patre
1292 5349 1349 5399 et
1379 5362 1439 5400 se
1473 5348 1611 5399 tunc
1643 5343 1795 5399 orari
1817 5344 2018 5413 jussit,
2043 5343 2130 5399 di-

487 5427 733 5500 ligenter
762 5433 1065 5504 sequentia
1091 5438 1478 5504 perscrutare.
1514 5433 1576 5487 In
1610 5431 1796 5504 ipsius
1825 5431 1979 5486 enim
2009 5450 2132 5488 ora-

484 5518 664 5573 tionis
692 5519 977 5592 principio
1010 5522 1234 5576 Patrem
1277 5527 1508 5577 tantum
1551 5521 1802 5576 invocari
1838 5522 2130 5594 prmcepit,

483 5610 544 5660 et
569 5605 810 5661 inferius
841 5608 999 5676 dicit,
1037 5610 1300 5666 Adveniet
1329 5627 1556 5681 regnum
1583 5617 1738 5664 tuum
1768 5609 1916 5679 (Luc.
1952 5629 2028 5678 x1,
2051 5613 2130 5681 2),

483 5707 620 5750 cum
649 5695 854 5766 utique
875 5713 988 5753 non
1023 5697 1209 5756 Patris
1240 5700 1340 5755 sed
1377 5698 1500 5754 Filii
1531 5702 1898 5769 exspectetur
1921 5701 2130 5757 adven-

2241 4731 2342 4786 sed
2365 4746 2497 4784 caro
2528 4725 2789 4782 indivisze
2827 4724 3062 4780 deitatis
3103 4724 3380 4797 mysterio
3409 4728 3810 4780 censeantur.
3829 4726 3910 4782 Et

2238 4817 2370 4872 ideo
2393 4832 2525 4871 caro
2565 4814 2625 4868 in
2649 4813 2836 4869 Patris
2869 4818 2928 4869 et
2956 4813 3078 4868 Filii
3102 4817 3468 4870 sacramento
3489 4813 3904 4886 transmigrat,

2240 4911 2299 4962 et
2329 4902 2686 4960 consecratio
2708 4901 2795 4958 vel
2826 4901 3281 4958 communicatio
3311 4901 3571 4974 corporis
3601 4901 3764 4958 hunc
3797 4903 3904 4958 ho—

2241 5009 2442 5049 norem
2476 4991 2629 5046 Patri
2653 4992 2876 5047 confert
2897 5009 3072 5064 quem
3107 4996 3343 5064 praastat
3369 4998 3428 5046 et
3459 4990 3598 5047 Filio
3623 5007 3638 5045 :
3665 4997 3726 5046 et
3743 4991 3908 5048 sicut

2240 5083 2483 5138 otl'ertur
2530 5081 2688 5151 Filio,
2712 5081 2796 5136 sic
2827 5083 3068 5137 offertur
3111 5086 3169 5136 et
3221 5079 3395 5147 Patri,
3415 5085 3474 5136 et
3511 5080 3782 5136 offerenti
3811 5080 3904 5137 vel

2241 5169 2698 5226 communicanti
2744 5171 2815 5226 ad
2869 5170 3071 5238 altare,
3105 5170 3162 5224 in
3197 5187 3315 5226 una
3361 5169 3687 5240 eademque
3733 5169 3904 5226 obla-

2242 5259 2416 5326 tione,
2451 5261 2605 5330 quod
2657 5265 2894 5332 praestat
2933 5259 3135 5328 Filius,
3169 5259 3280 5315 hoc
3311 5262 3545 5331 prestat
3595 5263 3656 5316 et
3704 5259 3902 5316 Pater.

2242 5349 2388 5404 Nam
2419 5347 2467 5402 si
2495 5347 2704 5403 Filium
2737 5365 2771 5403 a
2802 5349 2969 5404 Patre
3017 5365 3276 5420 separes,
3327 5365 3466 5420 ergo
3513 5347 3670 5403 Patri
3703 5347 3902 5405 incor-

2243 5453 2415 5510 poreo
2445 5453 2635 5509 neque
2663 5439 2857 5504 offers,
2881 5453 3070 5509 neque
3089 5437 3510 5504 communicas,
3533 5435 3678 5507 quia
3702 5435 3904 5493 omnia

2241 5525 2456 5581 oblatio
2489 5526 2547 5580 in
2581 5525 2841 5596 corporis
2891 5530 3261 5581 sacramenta
3305 5524 3709 5596 transmigrat.
3744 5525 3900 5582 Cum

2241 5614 2397 5670 enim
2430 5614 2667 5682 dicitur,
2700 5615 2807 5669 Hoc
2833 5623 2913 5670 est
2939 5631 3132 5686 corpus
3159 5630 3361 5680 meum,
3385 5615 3555 5669 Pater
3583 5611 3684 5684 qui
3709 5611 3898 5669 incor.

2240 5719 2451 5774 porcus
2479 5706 2570 5758 est
2611 5702 2661 5758 si
2709 5707 3010 5773 separetur
3048 5721 3083 5759 a
3123 5703 3286 5772 Filio,
3314 5706 3476 5758 extra
3521 5705 3904 5760 act-amenta
