4148 6460
219 432 340 492 609

1248 435 1352 500 DE
1399 441 1556 502 UNA
1598 441 1698 502 ET
1741 440 1899 503 NON
1945 437 2186 502 TBINA
2230 441 2594 504 DEITATE.

3503 451 3624 514 619

221 565 412 622 Patris
450 566 643 624 omnis
695 573 1001 642 separatur
1021 570 1258 628 oblatio.
1277 573 1423 628 Nam
1471 575 1764 644 quomodo
1785 575 1872 629 di-
1900 574 1956 642 Α
1985 575 2212 632 ostendi
2243 575 2368 644 tibi,
2396 593 2498 648 per
2529 575 2752 632 Patrem
2777 580 2833 632 et
2864 577 3072 633 Filium
3097 583 3153 634 et
3173 579 3456 652 Spiritum
3487 599 3622 639 san-

217 655 328 720 cis,
355 672 491 710 cum
529 657 680 712 Patri
713 659 908 726 offers,
931 659 1038 714 Hoc
1064 669 1142 715 est
1167 677 1358 734 corpus
1387 661 1653 728 τηουγηβί
1687 662 1872 718 Patris

215 743 410 799 deitas
441 743 784 816 incorporea
814 763 930 802 non
972 748 1148 804 habet
1177 750 1236 804 in
1273 751 1396 805 Filii
1425 767 1664 823 corpore
1687 751 1870 807 socie-

214 832 444 888 tatem?
473 833 538 888 Si
568 838 763 889 autem
798 835 981 891 Patris
1011 836 1352 910 incorporea
1371 839 1560 894 deitas
1585 856 1720 896 cum
1747 838 1871 894 Filii

211 935 498 993 corporea
517 920 730 978 deitate
756 923 1058 993 miscetur,
1075 925 1228 982 sicut
1247 930 1335 982 est
1353 927 1564 983 veritas
1585 927 1867 1002 mysterii,

213 1009 448 1066 Patrem
465 1014 523 1066 et
544 1010 753 1066 Filium
775 1012 886 1068 sub
909 1013 1226 1070 indiscreta
1245 1015 1460 1072 deitate
1478 1033 1664 1072 unum
1687 1017 1871 1072 Deum

211 1111 345 1154 esse
368 1099 787 1172 testaris,quia
807 1117 943 1156 cum
973 1103 1146 1158 offers
1171 1103 1526 1160 oblationem
1555 1121 1670 1160 non
1701 1103 1870 1176 dicis,

209 1187 406 1243 Oil'ero
441 1187 596 1248 540
613 1189 812 1258 .vobis,
834 1192 931 1246 sed
957 1191 1134 1248 oll‘ero
1162 1193 1291 1262 tibi,
1315 1197 1371 1248 et
1392 1193 1473 1250 sic
1495 1194 1690 1250 omnis
1718 1193 1874 1250 obla-

211 1274 298 1330 tio
331 1275 490 1332 Patri
523 1277 762 1350 quidem
793 1283 854 1335 et
885 1279 1026 1336 Filio
1057 1282 1317 1350 offertur,
1342 1283 1445 1338 sed
1493 1283 1602 1338 sub
1653 1283 1871 1338 utrius-

207 1380 329 1436 que
361 1366 603 1422 nomine
633 1366 736 1422 uni
768 1368 884 1424 Deo
915 1374 1281 1426 monstratur
1308 1366 1521 1427 oblata.
1547 1373 1616 1426 Et
1643 1371 1781 1426 item
1810 1371 1870 1426 in

209 1454 420 1508 eodem
454 1455 770 1511 Sermone:
813 1457 980 1512 Pater
1008 1462 1180 1525 Deus,
1207 1459 1387 1514 Filius
1427 1459 1602 1527 Deus,
1627 1464 1874 1532 uterque

207 1547 414 1598 tamen
437 1543 566 1598 sine
585 1543 840 1600 duorum
863 1546 1106 1604 deorum
1131 1565 1375 1603 numero
1397 1565 1552 1604 unus
1573 1549 1872 1605 Deus.Hoc

207 1634 266 1686 et
309 1630 497 1687 David
545 1633 880 1704 patriarcha
910 1635 1221 1691 conﬁtetur
1250 1637 1451 1692 dicens
1496 1654 1509 1691 :
1549 1639 1690 1693 Deus
1734 1639 1874 1694 Deus

205 1735 384 1788 meus,
417 1721 625 1792 respice
666 1723 728 1778 in
753 1739 842 1778 me
869 1724 1039 1795 (Psal.
1067 1741 1182 1792 xm,
1206 1728 1296 1794 2);
1332 1729 1391 1780 et
1429 1742 1542 1781 non
1587 1725 1748 1792 dicit,
1783 1743 1873 1783 re-

205 1808 424 1880 spicite
455 1808 516 1864 in
549 1826 645 1866 me
677 1827 690 1867 :
723 1815 782 1866 et
821 1811 1036 1867 iterum
1067 1813 1242 1869 dicit:
1267 1815 1405 1870 Deus
1436 1815 1572 1870 Deus
1599 1831 1772 1886 meus,
1803 1815 1874 1872 ad

205 1905 258 1954 te
287 1897 360 1953 de
387 1897 512 1954 luce
557 1900 727 1971 vigilo
758 1899 926 1973 (Psal.
956 1918 1087 1970 LXII,
1108 1902 1196 1973 2);
1225 1906 1282 1957 et
1311 1919 1426 1958 non
1459 1903 1618 1972 dicit,
1652 1905 1724 1959 ad
1771 1921 1872 1960 vos

203 1985 279 2042 de
307 1984 450 2042 luce
476 1986 676 2060 vigilo.
699 1990 834 2054 Quae
857 1989 1145 2045 confessio
1175 1990 1354 2046 David
1379 1991 1609 2046 Domini
1633 2007 1868 2064 quoque

203 2073 598 2146 responsione
627 2075 916 2146 ﬁrmatur,
945 2094 1078 2133 cum
1100 2079 1400 2150 respondit
1417 2080 1607 2136 oranti
1628 2085 1686 2136 et
1703 2079 1864 2150 dicit,

205 2161 354 2219 Deus
386 2163 531 2218 Deus
568 2171 693 2219 tuus
733 2181 828 2236 ego
855 2181 978 2220 sum
1007 2167 1178 2234 (Psal.
1209 2185 1358 2235 xux,
1379 2171 1456 2237 7),
1481 2171 1538 2223 et
1579 2186 1694 2224 non
1727 2169 1870 2224 dicit

206 2267 424 2308 mmsis.
454 2252 526 2308 Et
571 2252 784 2308 iterum
833 2255 1014 2310 David
1062 2255 1204 2310 dicit
1239 2273 1251 2311 :
1291 2257 1365 2311 Tu
1409 2273 1466 2312 es
1511 2259 1652 2313 Deus
1697 2260 1865 2326 solus,

209 2343 308 2414 qui
366 2343 509 2413 facis
563 2343 852 2398 mirabilia
891 2344 1057 2416 (Psal.
1095 2361 1291 2412 Lxxxv,
1336 2347 1444 2418 10).
1491 2347 1674 2402 Deum
1733 2365 1868 2421 ergo

207 2433 266 2486 et
308 2431 510 2486 Deum
557 2431 841 2504 prOpheta
896 2433 1210 2488 nominans
1262 2435 1488 2490 Patrem
1547 2441 1604 2491 et
1659 2436 1867 2492 Filium

207 2519 552 2588 conﬁtetur,
587 2536 721 2575 cum
778 2519 991 2576 iterum
1048 2520 1240 2578 dicit:
1279 2525 1353 2578 Tu
1395 2540 1448 2578 es
1507 2530 1650 2580 Deus
1701 2526 1867 2592 solus,

207 2613 504 2680 utrosque
541 2607 604 2664 in
647 2625 767 2665 una
810 2609 1024 2666 dei'tate
1055 2611 1483 2682 complectitur,
1518 2613 1672 2668 sicut
1717 2613 1870 2670 Deus

205 2701 266 2753 et
321 2697 526 2764 Deus,
583 2697 711 2753 sine
767 2697 1018 2754 duorum
1075 2700 1319 2754 deorum
1392 2719 1636 2756 numero
1693 2719 1868 2770 nunc,

207 2790 472 2858 uterque
525 2785 590 2840 in
648 2785 872 2842 unitate
929 2789 1326 2862 coniungitur.
1356 2791 1520 2846 Sicut
1567 2808 1704 2864 ergo
1760 2797 1872 2848 Da-

203 2875 302 2931 vid
336 2875 403 2930 in
432 2875 698 2931 oratione
725 2893 836 2932 sua
861 2881 1142 2949 utrosque
1173 2878 1455 2947 nominat,
1491 2884 1548 2935 et
1579 2898 1761 2936 unum
1793 2885 1874 2936 ta-

209 2981 349 3020 men
385 2967 536 3032 orat,
561 2964 647 3020 sic
675 2968 734 3020 et
761 2969 826 3021 tu
859 2981 995 3021 cum
1022 2967 1245 3022 Patrem
1268 2971 1324 3024 et
1346 2967 1555 3024 Filium
1579 2971 1870 3040 nominas,

207 3053 272 3110 in
298 3053 582 3125 utrisque
611 3069 798 3108 unum
843 3053 1030 3110 Deum
1076 3059 1135 3110 et
1180 3073 1364 3112 unum
1397 3057 1712 3114 Dominum
1743 3076 1875 3115 con-

206 3143 401 3199 ﬁtere.
428 3163 460 3192 »
486 3141 560 3198 Et
587 3143 727 3198 item
764 3142 826 3197 in
859 3143 1062 3199 eodem
1111 3160 1398 3201 sermone.
1425 3168 1453 3196 «
1481 3147 1697 3220 Legisti
1736 3164 1872 3221 ergo

209 3231 444 3288 Patrem
487 3229 696 3298 Deum,
732 3229 943 3287 Filium
1003 3232 1209 3302 Deum,
1263 3233 1544 3306 Spiritum
1603 3240 1872 3292 sanctum

1979 667 2160 727 ctum,
2193 663 2251 718 in
2286 664 2501 720 deitate
2551 665 2856 720 Trinitatis
2903 683 3086 720 unum
3130 667 3330 736 Deum,
3368 674 3433 725 ut
3471 670 3624 728 sicut

1979 767 2084 824 per
2111 751 2474 825 designatam
2527 753 2820 826 Evangelii
2852 755 3098 810 formam
3149 755 3208 810 in
3257 773 3376 812 una
3401 757 3492 814 via
3523 775 3626 831 per

1979 839 2227 912 mqualia
2254 841 2431 896 trium
2465 841 2718 897 millium
2750 842 2958 914 spatia,
2985 859 3100 898 non
3129 843 3244 898 tria
3271 843 3502 912 itinera,
3523 847 3623 905 sed

1979 945 2166 983 unum
2197 929 2308 984 iter
2334 931 2584 998 ostendi,
2610 929 2694 986 sic
2725 935 2784 987 et
2819 935 2883 986 tu
2913 935 3152 989 secutus
3181 932 3338 988 hunc
3368 935 3624 1008 Evange-

1979 1015 2231 1089 gelicum
2262 1019 2578 1088 tramitem,
2604 1037 2719 1075 non
2739 1024 2858 1076 tres
2883 1021 3043 1088 deos,
3069 1021 3168 1076 sed
3191 1038 3376 1077 unum
3396 1038 3628 1094 semper

1979 1102 2164 1158 Deum
2193 1103 2249 1158 in
2285 1104 2568 1161 Trinitate
2597 1105 2834 1162 deitatis
2875 1105 3192 1181 intelligas,
3216 1113 3281 1164 ut
3309 1125 3444 1166 cum
3476 1109 3630 1170 obla-

1977 1189 2198 1247 tionem
2238 1193 2514 1265 mysterio
2545 1193 2850 1250 Trinitatis
2887 1195 3080 1262 oii'ers,
3116 1213 3231 1252 non
3269 1196 3460 1254 tribus
3491 1197 3624 1266 diis,

1981 1280 2083 1334 sed
2138 1281 2239 1335 uni
2299 1281 2416 1338 Deo
2475 1283 2682 1338 olferas
2726 1283 2912 1356 :quia
2940 1284 3300 1356 ubicumque
3353 1285 3416 1342 in
3474 1286 3628 1342 Scri-

1981 1367 2168 1439 pturis
2198 1369 2410 1426 divinis
2449 1371 2618 1427 audis
2662 1375 2896 1427 Patrem
2933 1373 3140 1440 Deum,
3176 1372 3385 1430 Filium
3419 1374 3626 1444 Deum,

1983 1455 2127 1512 547
2167 1457 2448 1528 Spiritum
2481 1464 2756 1516 sanctum
2788 1461 2994 1528 Deum,
3020 1465 3076 1516 et
3107 1465 3302 1518 tamen
3333 1475 3628 1535 nusquam

1979 1547 2098 1598 tres
2130 1545 2287 1614 deos,
2311 1546 2412 1602 sed
2444 1563 2678 1620 semper
2699 1564 2883 1602 unum
2913 1549 3092 1606 Deum
3123 1548 3288 1622 legis,
3311 1553 3368 1605 et
3396 1565 3632 1623 semper

1978 1631 2086 1687 tibi
2106 1650 2260 1689 unus
2278 1634 2866 1700 Deus,annuntiatur.
2882 1635 3088 1692 Retine
3109 1653 3246 1708 ergo
3261 1653 3497 1710 semper
3507 1637 3630 1694 haec

1981 1720 2150 1792 signa
2180 1738 2306 1792 quae
2338 1723 2445 1778 tibi
2485 1725 2897 1791 demonstravi,
2922 1724 3062 1796 quia
3103 1741 3209 1780 nec
3257 1726 3406 1787 Patri
3437 1725 3628 1798 possis

1980 1809 2185 1865 offerre
2214 1810 2340 1866 sine
2389 1811 2550 1879 Filio,
2574 1829 2762 1884 neque
2805 1812 2944 1868 Filio
2991 1813 3120 1870 sine
3168 1813 3334 1870 Patre
3367 1829 3380 1870 :
3413 1813 3552 1886 quia
3576 1813 3628 1874 si

1980 1901 2210 1954 tantum
2235 1899 2387 1954 Patri
2409 1900 2747 1974 incorporeo
2769 1901 3122 1957 oblationem
3153 1903 3346 1971 oﬂ‘ers,
3380 1901 3626 1960 oblatio.-

1979 2003 2112 2042 nem
2143 1987 2204 2042 in
2231 1989 2490 2060 corporis
2511 1993 2879 2046 sacramenta
2909 2007 3024 2046 non
3053 1989 3294 2063 redigis,
3319 2007 3435 2047 non
3461 1995 3630 2062 potes

1975 2076 2188 2146 dicere,
2217 2077 2410 2132 Pridie
2439 2094 2602 2150 quam
2635 2085 2912 2150 pateretur
2951 2079 3202 2134 formam
3231 2077 3503 2136 sacriﬁcii
3535 2078 3627 2136 in»

1977 2163 2189 2232 stituit,
2218 2183 2324 2220 nec
2348 2171 2510 2238 potes
2531 2166 2720 2222 dicere
2745 2183 2758 2221 :
2783 2168 2890 2222 Hoc
2915 2174 2994 2222 est
3019 2183 3213 2239 corpus
3239 2182 3423 2222 mum
3443 2184 3462 2221 :
3490 2167 3630 2238 quia

1979 2253 2148 2308 Pater
2178 2270 2363 2326 neque
2401 2271 2613 2326 corpus
2661 2254 2892 2322 habuit,
2924 2271 3112 2327 neque
3161 2270 3374 2326 passus
3403 2258 3492 2309 est
3523 2271 3538 2310 :
3569 2259 3630 2309 et

1977 2342 2213 2403 iterum.
2237 2342 2284 2398 si
2323 2341 2459 2396 Filio
2491 2343 2618 2397 sine
2640 2343 2805 2398 Patre
2829 2343 3058 2408 offeras,
3082 2341 3406 2398 orationem
3437 2342 3630 2398 Domi—

1978 2430 2168 2485 nicam
2193 2432 2265 2486 ad
2287 2431 2782 2502 complementum
2815 2429 3054 2502 perfecti
3083 2429 3405 2486 holecausti
3437 2431 3630 2489 dicere

1979 2536 2094 2574 non
2143 2523 2326 2590 potes,
2360 2519 2499 2591 quia
2539 2519 2598 2574 in
2629 2520 2891 2575 oratione
2942 2518 3068 2574 Filii
3113 2519 3368 2591 separati
3399 2535 3434 2575 a
3465 2521 3631 2580 Patre

1980 2607 2166 2662 Patris
2197 2623 2406 2663 nomen
2438 2625 2554 2662 non
2598 2611 2764 2678 potes
2795 2607 3085 2663 invocare.
3108 2607 3254 2663 Vide
3283 2623 3420 2680 ergo
3451 2623 3628 2679 quam

1979 2695 2124 2750 adeo
2155 2695 2630 2768 inexpugnabilia
2655 2700 2812 2763 sunt,
2838 2699 2895 2751 et
2924 2694 3339 2768 derelinquens
3369 2700 3492 2752 tam
3519 2695 3632 2752 hie-

1979 2784 2226 2839 reticum
2275 2801 2550 2852 errorem,
2604 2783 2952 2840 catholicam
3010 2800 3252 2856 sequere
3299 2785 3625 2842 veritatem.

1977 2871 2247 2944 Alioquin
2269 2873 2370 2945 qui
2389 2873 2492 2928 tibi
2517 2872 2676 2928 aliud
2695 2889 2872 2944 quam
2892 2889 2928 2928 a
2943 2888 3036 2928 me
3057 2873 3496 2928 demonstratur
3514 2871 3629 2930 iter

1979 2961 2254 3028 ostendit,
2278 2963 2433 3017 dicat
2474 2961 2579 3018 tibi
2611 2961 2902 3034 quomodo
2930 2959 3342 3032 praetermissis
3389 2959 3484 3015 his
3531 2977 3625 3017 so-

1979 3049 2273 3106 lemnibus
2302 3049 2454 3106 inter
2477 3049 2759 3122 mysteria
2785 3049 3066 3121 loquaris.
3090 3047 3192 3104 Sin
3219 3051 3413 3104 autem
3441 3047 3628 3104 inde-

1979 3138 2210 3211 signata
2231 3155 2265 3193 a
2284 3155 2377 3195 me
2401 3138 2664 3194 claritate
2693 3137 2933 3193 luminis
2953 3136 3140 3210 caligo
3161 3136 3372 3194 defecit
3389 3136 3624 3208 erroris,

1981 3227 2302 3300 pertinacia
2344 3227 2520 3284 simul
2569 3227 2822 3296 deﬁciat,
2855 3243 2928 3283 ne
2957 3227 3097 3283 dum
3145 3224 3206 3282 in
3251 3241 3446 3282 errore
3473 3225 3627 3282 vinci

209 3325 402 3376 Deum
427 3335 446 3374 :
465 3317 531 3374 in
559 3318 669 3374 hac
698 3323 895 3376 tamen
925 3321 1161 3379 deitatis
1183 3305 1464 3379 Trinitate
1484 3341 1774 3397 nusquam
1797 3325 1877 3381 le-
1904 3305 1945 3370 (ἶ
1985 3316 2350 3384 erubescitis,
2381 3315 2832 3389 promissionem
2873 3319 3099 3371 merum
3137 3313 3266 3372 νίῐω
3304 3315 3376 3370 d8
3411 3313 3627 3380 οὴῆειῑ

207 3409 349 3483 gisti
375 3409 532 3465 ducs
548 3407 637 3465 vel
669 3411 788 3464 tres
807 3409 967 3478 deos,
993 3411 1094 3466 sed
1121 3410 1436 3468 multifarie
1458 3415 1872 3476 unumDeum.

195 3498 388 3564 «Quod
403 3495 608 3570 legisti
629 3497 798 3554 crede
820 3503 876 3553 et
897 3499 1200 3555 conﬁtere:
1217 3499 1316 3556 illa
1329 3518 1463 3557 vero
1485 3501 1600 3558 noli
1621 3519 1876 3575 quaerere

195 3592 265 3644 .et
294 3603 596 3658 usurpare
643 3603 771 3660 quae
810 3604 928 3642 non
975 3587 1142 3661 legis.
1169 3611 1198 3638 »
1220 3589 1289 3644 Et
1318 3589 1458 3646 item
1483 3607 1533 3646 :«
1564 3591 1740 3648 Visus
1787 3597 1876 3650 est

205 3675 468 3734 Abrahae
486 3677 650 3733 Deus
677 3676 748 3732 ad
777 3675 993 3732 illicem
1027 3675 1455 3746 Mambre,cum
1489 3681 1714 3737 sederet
1741 3686 1876 3739 ante

211 3765 441 3822 ostium
470 3765 837 3821 tabernaculi
867 3767 959 3822 sui
997 3767 1058 3821 in
1089 3767 1282 3824 medio
1321 3767 1435 3837 die,
1461 3773 1518 3824 et
1558 3769 1876 3842 respiciens

209 3855 406 3912 oculis
437 3854 608 3922 vidit,
629 3859 687 3910 et
729 3871 862 3912 ecce
909 3859 1027 3910 tres
1063 3855 1172 3910 viri
1217 3857 1454 3912 stabant
1503 3874 1679 3930 super
1707 3875 1873 3928 eum;

211 3949 270 4000 et
286 3961 435 4002 cum
455 3943 702 4000 vidisset
719 3959 840 4012 eos,
863 3945 1116 4000 occurrit
1136 3944 1364 4001 obviam
1387 3945 1526 4018 illis,
1541 3951 1598 4002 et
1617 3948 1878 4018 adoravit

213 4039 272 4090 at
299 4032 456 4090 dixit
483 4049 496 4088 :
527 4033 775 4100 Domine,
804 4034 858 4088 .ςί
885 4035 1076 4088 inveni
1101 4034 1336 4104 gratiam
1364 4036 1423 4089 in
1449 4017 1732 4106 conspectu
1761 4017 1880 4105 tuo,

213 4124 331 4180 nali
391 4123 637 4178 trmzsire
688 4137 925 4194 puerum
975 4129 1132 4178 tuum
1167 4122 1320 4191 (Gen.
1352 4141 1514 4194 XVIII,
1547 4124 1620 4197 1).
1654 4124 1879 4181 Dicitur

212 4228 380 4286 ergo,
413 4210 692 4284 apparuit
719 4209 803 4265 illi
835 4210 1010 4279 Deus,
1043 4215 1102 4266 et
1142 4210 1202 4266 in
1246 4211 1356 4268 hoc
1385 4229 1502 4268 uno
1533 4213 1874 4286 respiciens,

209 4301 358 4357 vidit
393 4305 526 4356 tres
547 4300 723 4367 viros,
753 4303 810 4356 et
851 4316 983 4356 cum
1021 4301 1374 4356 occurrisset
1401 4302 1612 4370 tribus,
1633 4307 1691 4358 et
1739 4305 1878 4360 ado-

213 4395 412 4448 rasset
443 4405 635 4445 unum
665 4389 874 4457 Deum,
917 4389 1142 4462 rogavit
1177 4389 1398 4458 dicens,
1431 4392 1679 4458 Domine,
1709 4395 1763 4448 si
1791 4395 1878 4450 in-

210 4482 339 4536 ueni
353 4480 604 4552 gratiam
623 4479 685 4534 in
703 4485 986 4551 conspectu
1011 4486 1120 4534 tuo.
1145 4479 1328 4535 Nemo
1355 4478 1524 4534 illum
1557 4481 1880 4538 calumnia-

213 4572 428 4625 tusest
447 4567 608 4641 quod
631 4567 692 4622 in
711 4567 903 4623 tribus
923 4567 1066 4624 viris
1084 4584 1269 4622 unum
1289 4568 1472 4623 Deum
1494 4573 1552 4624 et
1570 4587 1754 4625 unum
1775 4571 1882 4626 Do-

1985 3406 2224 3463 veritate
2271 3406 2549 3478 perdatis.
2573 3405 2632 3464 Si
2675 3405 2807 3478 quis
2853 3403 2960 3460 tibi
3019 3420 3156 3476 ergo
3199 3402 3428 3472 dixerit,
3463 3402 3634 3458 Pater

1984 3497 2173 3568 major
2201 3496 2378 3564 Deus,
2415 3494 2592 3551 Filius
2637 3493 2830 3550 minor
2883 3495 3052 3560 Deus,
3087 3491 3341 3565 Spiritus
3389 3496 3632 3548 sanctus

1981 3585 2191 3641 tertius
2241 3585 2417 3652 Deus,
2449 3588 2507 3640 et
2534 3583 2595 3638 in
2634 3580 2737 3640 his
2777 3581 2968 3638 tribus
3024 3598 3141 3638 non
3183 3585 3274 3637 est
3321 3597 3441 3636 una
3484 3580 3630 3636 sub-

1985 3673 2220 3740 stantia,
2253 3673 2356 3729 sed
2396 3671 2712 3745 separatim
2755 3671 2816 3726 in
2865 3671 3044 3726 trium
3095 3671 3336 3727 deorum
3385 3685 3630 3726 numero

1983 3763 2110 3820 sine
2163 3761 2397 3818 deitatis
2451 3762 2676 3816 unitate
2727 3760 3104 3816 consistunt:
3145 3757 3430 3830 responde
3489 3757 3626 3822 illis,

1985 3852 2172 3925 primo
2204 3851 2365 3906 illam
2399 3851 2684 3906 rationem
2715 3867 2842 3921 qua:
2891 3847 2997 3904 tibi
3045 3845 3307 3918 exposita
3351 3849 3460 3917 est,
3491 3845 3630 3918 quia

1985 3943 2262 4014 separatae
2283 3957 2318 3994 a
2339 3955 2401 3994 se
2421 3937 2691 3994 Trinitati
2713 3937 2905 3994 offerri
2927 3954 3044 3992 non
3065 3935 3423 4008 potest,quia
3441 3949 3634 4006 neque

1987 4033 2152 4088 Pater
2181 4045 2494 4101 corporeus
2539 4031 2648 4094 est,
2673 4043 2860 4098 neque
2899 4043 3110 4099 passus
3149 4029 3256 4092 est,
3287 4027 3346 4080 et
3381 4022 3627 4082 oblatio-

1985 4136 2118 4175 nem
2142 4119 2202 4175 in
2224 4117 2481 4190 corporis
2501 4117 2594 4172 sui
2616 4119 2984 4173 sacramenta
3001 4115 3262 4187 redigere
3278 4130 3393 4170 non
3415 4115 3626 4185 potest,

1985 4225 2174 4282 neque
2204 4211 2414 4264 testem
2459 4205 2751 4279 passionis
2799 4223 2938 4270 suae,
2963 4203 3064 4276 qui
3095 4219 3211 4258 non
3256 4205 3347 4258 est
3392 4217 3626 4274 passus,

1986 4297 2148 4353 illam
2179 4296 2542 4353 Dominicam
2581 4311 2805 4350 coenam
2857 4295 3042 4350 facere
3088 4296 3301 4365 potest,
3333 4306 3522 4363 neque
3567 4290 3629 4345 in

1987 4386 2422 4442 consecratione
2468 4383 2728 4458 mysterii
2757 4383 2950 4439 dicere
2992 4385 3201 4456 potest,
3234 4379 3342 4447 Qui
3380 4380 3629 4436 formam

1989 4475 2259 4534 sacriﬁcii
2303 4473 2574 4546 perennis
2616 4471 2892 4534 instituit,
2917 4471 3077 4538 Quod
3109 4469 3267 4526 enim
3317 4470 3484 4526 Pater
3512 4484 3629 4524 non

1988 4565 2266 4631 instituit,
2288 4564 2389 4619 sed
2419 4561 2616 4634 Filius,
2631 4561 2732 4634 qui
2763 4565 2821 4617 et
2850 4577 3062 4634 corpus
3100 4557 3306 4616 habuit
3333 4563 3390 4615 et
3419 4575 3630 4631 passus

213 4658 452 4715 minam
473 4657 777 4714 adnrasset
802 4674 816 4712 :
839 4661 898 4712 et
925 4655 1160 4724 iterum,
1185 4657 1338 4730 quod
1371 4656 1428 4712 in
1453 4675 1568 4712 uno
1589 4658 1726 4730 Deo,
1740 4663 1800 4716 et
1817 4659 1876 4714 in
1908 4675 1955 4739 D
1989 4659 2169 4727 est,et
2191 4654 2436 4709 formam
2467 4651 2722 4708 instituit
2741 4648 3096 4716 sacriﬁcii,si
3127 4650 3199 4705 de
3228 4649 3395 4739 Patre
3423 4665 3458 4704 a
3491 4642 3630 4702 Filio

215 4763 333 4804 uno
364 4745 622 4803 Domino
662 4749 782 4802 tres
808 4745 964 4802 viros
991 4745 1207 4801 vidisse
1251 4761 1315 4802 se
1361 4745 1597 4802 diceret.
1631 4748 1741 4802 Sed
1776 4749 1875 4820 qui

215 4836 326 4893 hoc
355 4835 712 4910 mysterium
761 4835 847 4892 sic
896 4851 1010 4892 non
1061 4833 1355 4906 intelligit,
1387 4835 1586 4892 oculos
1631 4837 1876 4893 Abrahae

219 4943 336 4982 non
369 4925 574 4982 habet.
597 4927 828 4991 Quaerat
874 4941 1011 4998 ergo
1061 4923 1293 4980 caeleste
1340 4924 1668 4998 collyrium,
1701 4931 1758 4982 et
1785 4944 1878 4984 su-

220 5015 582 5088 perinungat
610 5013 812 5071 oculos
859 5031 1018 5082 suos,
1054 5018 1120 5068 ut
1159 5019 1384 5070 remota
1427 5013 1676 5090 caligine
1719 5017 1878 5090 igno-

223 5105 452 5173 rantiae,
499 5103 564 5159 in
614 5102 838 5160 unitate
883 5103 1121 5160 deitatis
1177 5103 1523 5176 mysterium
1571 5103 1877 5164 Trinitatis

223 5196 530 5267 agnoscat,
552 5196 613 5248 et
640 5191 701 5250 in
733 5209 850 5249 uno
881 5193 1018 5266 Deo,
1045 5193 1199 5249 sicut
1239 5193 1557 5262 Abraham,
1577 5197 1695 5252 tres
1723 5195 1878 5252 viros

225 5281 356 5339 sine
385 5282 743 5339 discretione
765 5281 1233 5350 meritorum,vel
1264 5281 1390 5338 sine
1417 5281 1614 5355 aliqua
1633 5284 1883 5340 diminu-

224 5371 384 5428 tione
414 5372 726 5444 potestatis
746 5372 958 5440 videat,
979 5376 1036 5428 et
1065 5375 1446 5444 posteaquam
1476 5373 1668 5430 tribus
1687 5391 1882 5430 occur-

226 5461 390 5528 rerit,
414 5478 533 5518 non
558 5470 696 5534 tres,
719 5463 818 5518 sed
851 5477 1036 5518 unum
1064 5462 1241 5516 Deum
1264 5465 1322 5516 et
1352 5478 1532 5516 unum
1564 5462 1878 5519 Dominum

225 5554 596 5624 mget,etper
611 5551 792 5623 hujus
807 5549 1112 5608 divisionis
1127 5549 1587 5606 demonstratam
1607 5551 1876 5623 formam,

227 5638 580 5698 Trinitatem
613 5657 846 5715 semper
872 5639 1051 5696 unius
1091 5655 1221 5698 esse
1251 5638 1485 5695 deitatis
1516 5637 1824 5713 intelligat.
1849 5663 1879 5692 ››

226 5727 470 5790 Εὺὶιθω)
484 5730 568 5790 ibi
588 5747 638 5790 τα
653 5730 878 5808 'A’djnro
895 5733 956 5792 te
974 5745 1078 5807 per
1093 5729 1215 5789 haec
1244 5728 1374 5806 ipsa
1393 5743 1522 5805 quis
1543 5727 1879 5807 angariatus

1987 4747 2254 4816 separato
2275 4741 2525 4812 dicatur,
2549 4739 2921 4796 mendacium
2943 4743 3052 4806 est,
3067 4741 3132 4793 ut
3150 4737 3304 4810 quod
3331 4738 3494 4794 Pater
3513 4753 3628 4792 non

1989 4834 2134 4890 dixit
2182 4834 2406 4889 Patrem
2456 4829 2672 4886 dixisse
2719 4830 3075 4902 conﬁngant.
3101 4828 3208 4893 Qui
3251 4842 3387 4898 ergo
3419 4823 3631 4880 Patria

1987 4923 2131 4980 Filio
2153 4925 2416 4994 separato
2439 4921 2644 4974 offerre
2665 4919 2808 4986 vult,
2835 4917 3094 4973 relictam
3111 4917 3238 4986 jam
3259 4914 3428 4969 nobis
3449 4911 3627 4968 sacri-

1986 5013 2102 5068 ﬁcii
2126 5013 2395 5076 formam,
2419 5007 2678 5064 relictam
2701 5007 2876 5064 etiam
2905 5005 3224 5061 Ecclesiam
3247 5019 3280 5058 a
3299 5002 3548 5067 Christo,
3571 5005 3630 5061 et

1986 5101 2058 5157 ab
2082 5099 2362 5173 apostolis
2384 5097 2710 5164 fundatam,
2734 5095 2806 5151 ad
2833 5097 3200 5168 Synagogam
3223 5096 3279 5148 et
3307 5091 3377 5146 ad
3410 5087 3631 5161 templa

1986 5191 2059 5246 ad
2075 5187 2292 5245 vitulos
2311 5191 2366 5242 et
2385 5186 2457 5242 ad
2481 5185 2718 5240 arietem
2733 5183 2998 5240 victimas
3015 5179 3379 5252 scdeat,quia
3398 5182 3630 5250 separat

1992 5297 2026 5334 a
2069 5278 2210 5334 Filio
2259 5278 2483 5332 Patrem
2515 5275 2574 5330 in
2605 5274 2789 5330 Patris
2819 5271 3109 5328 oblatione
3146 5267 3564 5327 sacriﬁciorum
3589 5284 3630 5324 a

1991 5367 2130 5424 Filio
2173 5366 2458 5433 instituta,
2482 5380 2598 5418 non
2637 5361 2857 5436 jungit.
2883 5361 2940 5416 Si
2973 5363 3169 5416 autem
3203 5357 3353 5414 Patri
3381 5361 3438 5413 et
3486 5353 3628 5412 Filio

1989 5456 2166 5514 simul
2210 5457 2394 5522 oﬂ'ert,
2443 5453 2670 5508 Patrem
2717 5455 2776 5507 et
2828 5449 3032 5504 I-‘ilium
3064 5465 3099 5504 a
3127 5445 3358 5504 deitatis
3408 5445 3630 5510 unitate

1987 5565 2104 5604 non
2137 5547 2386 5618 separet.
2402 5541 2462 5598 Si
2485 5539 2690 5597 dixerit
2712 5555 2847 5612 ergo
2868 5539 3016 5594 duos
3034 5539 3194 5610 deos,
3217 5537 3358 5594 licet
3375 5539 3448 5594 ad
3477 5553 3632 5593 vere-

1987 5635 2262 5694 cundiam
2285 5632 2471 5706 ipsius
2495 5630 2762 5684 sufﬁcere
2781 5629 2989 5684 debeat
3007 5628 3236 5684 reddita
3253 5626 3524 5684 sacriﬁcii
3543 5641 3632 5682 na-

1989 5727 2068 5786 tio
2091 5744 2106 5784 :
2127 5730 2324 5784 tamen
2344 5735 2739 5781 commemora
2760 5717 2928 5778 illum
2950 5717 3090 5798 quia
3111 5715 3426 5794 Apostolus
3445 5715 3625 5779 dixit:
