  <div class='ocr_page' id='page_1' title='image "/cluster/home/n/w/nwhite01/storage/ocr_20150623/125/umn.31951002477418t/335.png"; bbox 0 0 4148 6456; ppageno 0'>
   <div class='ocr_carea' id='block_1_1' title="bbox 535 431 645 489">
    <p class='ocr_par' dir='ltr' id='par_1_1' title="bbox 535 431 645 489">
     <span class='ocr_line' id='line_1_1' title="bbox 535 431 645 489; baseline 0.009 -1"><span class='ocrx_word' id='word_1_1' title='bbox 535 431 645 489; x_wconf 79' lang='grc'>611</span> 
     </span>
    </p>
   </div>
   <div class='ocr_carea' id='block_1_2' title="bbox 1473 408 3055 478">
    <p class='ocr_par' dir='ltr' id='par_1_2' title="bbox 1473 408 3055 478">
     <span class='ocr_line' id='line_1_2' title="bbox 1473 408 3055 478; baseline -0.006 0"><span class='ocrx_word' id='word_1_2' title='bbox 1473 414 1850 478; x_wconf 80' lang='lat' dir='ltr'>HINCMARI</span> <span class='ocrx_word' id='word_1_3' title='bbox 1900 411 2348 474; x_wconf 82' lang='lat' dir='ltr'>RHEMENSIS</span> <span class='ocrx_word' id='word_1_4' title='bbox 2391 408 2984 472; x_wconf 83' lang='lat' dir='ltr'>ARGHIEPISCOPI</span> <span class='ocrx_word' id='word_1_5' title='bbox 3051 450 3055 454; x_wconf 92' lang='lat'><strong><em>-</em></strong></span> 
     </span>
    </p>
   </div>
   <div class='ocr_carea' id='block_1_3' title="bbox 3815 407 3931 466">
    <p class='ocr_par' dir='ltr' id='par_1_3' title="bbox 3815 407 3931 466">
     <span class='ocr_line' id='line_1_3' title="bbox 3815 407 3931 466; baseline 0 0"><span class='ocrx_word' id='word_1_6' title='bbox 3815 407 3931 466; x_wconf 75' lang='lat' dir='ltr'>6l2</span> 
     </span>
    </p>
   </div>
   <div class='ocr_carea' id='block_1_4' title="bbox 533 538 3937 629">
    <p class='ocr_par' dir='ltr' id='par_1_4' title="bbox 533 538 3937 629">
     <span class='ocr_line' id='line_1_4' title="bbox 533 538 3937 629; baseline -0.007 -12"><span class='ocrx_word' id='word_1_7' title='bbox 533 577 676 618; x_wconf 81' lang='lat' dir='ltr'>unus</span> <span class='ocrx_word' id='word_1_8' title='bbox 706 559 846 615; x_wconf 82' lang='lat' dir='ltr'>Deus</span> <span class='ocrx_word' id='word_1_9' title='bbox 867 555 1006 629; x_wconf 84' lang='lat' dir='ltr'>(Gal.</span> <span class='ocrx_word' id='word_1_10' title='bbox 1031 571 1116 620; x_wconf 87' lang='grc' dir='ltr'>ιιι,</span> <span class='ocrx_word' id='word_1_11' title='bbox 1139 551 1250 624; x_wconf 89' lang='grc'>30),</span> <span class='ocrx_word' id='word_1_12' title='bbox 1275 555 1333 607; x_wconf 91' lang='lat' dir='ltr'>et</span> <span class='ocrx_word' id='word_1_13' title='bbox 1363 549 1454 606; x_wconf 84' lang='lat' dir='ltr'>lex</span> <span class='ocrx_word' id='word_1_14' title='bbox 1483 551 1554 605; x_wconf 90' lang='lat' dir='ltr'>ad</span> <span class='ocrx_word' id='word_1_15' title='bbox 1588 550 1824 620; x_wconf 80' lang='lat' dir='ltr'>Moysen</span> <span class='ocrx_word' id='word_1_16' title='bbox 1858 548 1995 603; x_wconf 90' lang='lat' dir='ltr'>data</span> <span class='ocrx_word' id='word_1_17' title='bbox 2013 545 2174 612; x_wconf 80' lang='lat' dir='ltr'>dicit,</span> <span class='ocrx_word' id='word_1_18' title='bbox 2205 545 2259 612; x_wconf 82' lang='grc' dir='ltr'><strong>Α</strong></span> <span class='ocrx_word' id='word_1_19' title='bbox 2289 547 2467 600; x_wconf 97' lang='lat' dir='ltr'>tatem</span> <span class='ocrx_word' id='word_1_20' title='bbox 2500 539 2860 598; x_wconf 97' lang='lat' dir='ltr'>sufﬁcienter</span> <span class='ocrx_word' id='word_1_21' title='bbox 2904 541 3220 629; x_wconf 86' lang='lat' dir='ltr'>aliquando</span> <span class='ocrx_word' id='word_1_22' title='bbox 3247 539 3608 629; x_wconf 79' lang='lat' dir='ltr'>nominatur,</span> <span class='ocrx_word' id='word_1_23' title='bbox 3626 538 3724 629; x_wconf 81' lang='lat' dir='ltr'>vel</span> <span class='ocrx_word' id='word_1_24' title='bbox 3771 538 3937 595; x_wconf 86' lang='lat' dir='ltr'>Pater</span> 
     </span>
    </p>
   </div>
   <div class='ocr_carea' id='block_1_5' title="bbox 530 637 2180 710">
    <p class='ocr_par' dir='ltr' id='par_1_5' title="bbox 530 637 2180 710">
     <span class='ocr_line' id='line_1_5' title="bbox 530 637 2180 710; baseline -0.012 -3"><span class='ocrx_word' id='word_1_25' title='bbox 530 651 795 706; x_wconf 75' lang='lat' dir='ltr'>Dominus</span> <span class='ocrx_word' id='word_1_26' title='bbox 843 647 980 701; x_wconf 78' lang='lat' dir='ltr'>Deus</span> <span class='ocrx_word' id='word_1_27' title='bbox 1027 651 1153 699; x_wconf 84' lang='lat' dir='ltr'>tuus</span> <span class='ocrx_word' id='word_1_28' title='bbox 1199 642 1339 696; x_wconf 80' lang='lat' dir='ltr'>Deus</span> <span class='ocrx_word' id='word_1_29' title='bbox 1392 655 1536 694; x_wconf 81' lang='lat' dir='ltr'>unus</span> <span class='ocrx_word' id='word_1_30' title='bbox 1583 646 1660 694; x_wconf 83' lang='lat' dir='ltr'>est</span> <span class='ocrx_word' id='word_1_31' title='bbox 1689 639 1861 710; x_wconf 84' lang='lat' dir='ltr'>(Deut.</span> <span class='ocrx_word' id='word_1_32' title='bbox 1894 653 1972 703; x_wconf 73' lang='lat' dir='ltr'>vr,</span> <span class='ocrx_word' id='word_1_33' title='bbox 2005 637 2058 705; x_wconf 78' lang='grc'>4)</span> <span class='ocrx_word' id='word_1_34' title='bbox 2084 651 2098 688; x_wconf 91' lang='lat'>:</span> <span class='ocrx_word' id='word_1_35' title='bbox 2123 639 2180 690; x_wconf 90' lang='lat' dir='ltr'>et</span> 
     </span>
    </p>
   </div>
   <div class='ocr_carea' id='block_1_6' title="bbox 530 721 2176 808">
    <p class='ocr_par' dir='ltr' id='par_1_6' title="bbox 530 721 2176 808">
     <span class='ocr_line' id='line_1_6' title="bbox 530 721 2176 808; baseline -0.012 -12"><span class='ocrx_word' id='word_1_36' title='bbox 530 739 629 796; x_wconf 92' lang='lat' dir='ltr'>ille</span> <span class='ocrx_word' id='word_1_37' title='bbox 659 735 1078 808; x_wconf 87' lang='lat' dir='ltr'>blasphemans</span> <span class='ocrx_word' id='word_1_38' title='bbox 1103 728 1244 786; x_wconf 80' lang='lat' dir='ltr'>dicit</span> <span class='ocrx_word' id='word_1_39' title='bbox 1270 729 1420 784; x_wconf 90' lang='lat' dir='ltr'>duos</span> <span class='ocrx_word' id='word_1_40' title='bbox 1448 725 1536 782; x_wconf 89' lang='lat' dir='ltr'>vel</span> <span class='ocrx_word' id='word_1_41' title='bbox 1567 732 1683 782; x_wconf 89' lang='lat' dir='ltr'>tres</span> <span class='ocrx_word' id='word_1_42' title='bbox 1715 725 1863 780; x_wconf 91' lang='lat' dir='ltr'>duos</span> <span class='ocrx_word' id='word_1_43' title='bbox 1893 723 2017 779; x_wconf 87' lang='lat' dir='ltr'>sine</span> <span class='ocrx_word' id='word_1_44' title='bbox 2049 721 2176 778; x_wconf 91' lang='lat' dir='ltr'>uni-</span> 
     </span>
    </p>
   </div>
   <div class='ocr_carea' id='block_1_7' title="bbox 530 811 2175 886">
    <p class='ocr_par' dir='ltr' id='par_1_7' title="bbox 530 811 2175 886">
     <span class='ocr_line' id='line_1_7' title="bbox 530 811 2175 886; baseline -0.013 -1"><span class='ocrx_word' id='word_1_45' title='bbox 530 833 650 884; x_wconf 87' lang='lat' dir='ltr'>tate</span> <span class='ocrx_word' id='word_1_46' title='bbox 681 822 935 880; x_wconf 89' lang='lat' dir='ltr'>deitatis.</span> <span class='ocrx_word' id='word_1_47' title='bbox 964 819 1124 886; x_wconf 88' lang='lat' dir='ltr'>Quod</span> <span class='ocrx_word' id='word_1_48' title='bbox 1157 817 1206 874; x_wconf 89' lang='lat' dir='ltr'>si</span> <span class='ocrx_word' id='word_1_49' title='bbox 1237 817 1428 873; x_wconf 90' lang='lat' dir='ltr'>adhuc</span> <span class='ocrx_word' id='word_1_50' title='bbox 1459 815 1542 871; x_wconf 89' lang='lat' dir='ltr'>sic</span> <span class='ocrx_word' id='word_1_51' title='bbox 1572 813 1778 870; x_wconf 87' lang='lat' dir='ltr'>dividit</span> <span class='ocrx_word' id='word_1_52' title='bbox 1809 811 2175 878; x_wconf 81' lang='lat' dir='ltr'>Trinitatem,</span> 
     </span>
    </p>
   </div>
   <div class='ocr_carea' id='block_1_8' title="bbox 533 898 2181 977">
    <p class='ocr_par' dir='ltr' id='par_1_8' title="bbox 533 898 2181 977">
     <span class='ocr_line' id='line_1_8' title="bbox 533 898 2181 977; baseline -0.012 -4"><span class='ocrx_word' id='word_1_53' title='bbox 533 921 600 973; x_wconf 94' lang='lat' dir='ltr'>ut</span> <span class='ocrx_word' id='word_1_54' title='bbox 627 915 688 971; x_wconf 92' lang='lat' dir='ltr'>in</span> <span class='ocrx_word' id='word_1_55' title='bbox 721 928 905 968; x_wconf 89' lang='lat' dir='ltr'>unum</span> <span class='ocrx_word' id='word_1_56' title='bbox 935 926 1052 964; x_wconf 91' lang='lat' dir='ltr'>non</span> <span class='ocrx_word' id='word_1_57' title='bbox 1081 907 1325 963; x_wconf 90' lang='lat' dir='ltr'>resociet</span> <span class='ocrx_word' id='word_1_58' title='bbox 1351 903 1692 977; x_wconf 82' lang='lat' dir='ltr'>mysterium</span> <span class='ocrx_word' id='word_1_59' title='bbox 1723 900 2044 967; x_wconf 82' lang='lat' dir='ltr'>Trinitatis,</span> <span class='ocrx_word' id='word_1_60' title='bbox 2069 898 2181 955; x_wconf 88' lang='lat' dir='ltr'>sal-</span> 
     </span>
    </p>
   </div>
   <div class='ocr_carea' id='block_1_9' title="bbox 531 989 2177 1072">
    <p class='ocr_par' dir='ltr' id='par_1_9' title="bbox 531 989 2177 1072">
     <span class='ocr_line' id='line_1_9' title="bbox 531 989 2177 1072; baseline -0.012 -11"><span class='ocrx_word' id='word_1_61' title='bbox 531 1010 650 1061; x_wconf 90' lang='lat' dir='ltr'>tem</span> <span class='ocrx_word' id='word_1_62' title='bbox 672 1003 744 1058; x_wconf 90' lang='lat' dir='ltr'>ad</span> <span class='ocrx_word' id='word_1_63' title='bbox 757 997 1017 1072; x_wconf 82' lang='lat' dir='ltr'>Symboli</span> <span class='ocrx_word' id='word_1_64' title='bbox 1041 995 1325 1051; x_wconf 89' lang='lat' dir='ltr'>rationem</span> <span class='ocrx_word' id='word_1_65' title='bbox 1349 994 1544 1048; x_wconf 90' lang='lat' dir='ltr'>redeat</span> <span class='ocrx_word' id='word_1_66' title='bbox 1563 991 1662 1047; x_wconf 92' lang='lat' dir='ltr'>ubi</span> <span class='ocrx_word' id='word_1_67' title='bbox 1681 989 2100 1056; x_wconf 84' lang='lat' dir='ltr'>dicitur,Credo</span> <span class='ocrx_word' id='word_1_68' title='bbox 2117 989 2177 1042; x_wconf 91' lang='lat' dir='ltr'>in</span> 
     </span>
    </p>
   </div>
   <div class='ocr_carea' id='block_1_10' title="bbox 534 1078 2178 1157">
    <p class='ocr_par' dir='ltr' id='par_1_10' title="bbox 534 1078 2178 1157">
     <span class='ocr_line' id='line_1_10' title="bbox 534 1078 2178 1157; baseline -0.011 -7"><span class='ocrx_word' id='word_1_69' title='bbox 534 1098 715 1149; x_wconf 89' lang='lat' dir='ltr'>Deum</span> <span class='ocrx_word' id='word_1_70' title='bbox 736 1092 964 1146; x_wconf 88' lang='lat' dir='ltr'>Patrem</span> <span class='ocrx_word' id='word_1_71' title='bbox 986 1085 1470 1157; x_wconf 86' lang='lat' dir='ltr'>omnipotentem,</span> <span class='ocrx_word' id='word_1_72' title='bbox 1495 1085 1552 1137; x_wconf 89' lang='lat' dir='ltr'>et</span> <span class='ocrx_word' id='word_1_73' title='bbox 1575 1080 1634 1136; x_wconf 90' lang='lat' dir='ltr'>in</span> <span class='ocrx_word' id='word_1_74' title='bbox 1657 1080 1954 1136; x_wconf 87' lang='lat' dir='ltr'>Christum</span> <span class='ocrx_word' id='word_1_75' title='bbox 1975 1078 2178 1134; x_wconf 88' lang='lat' dir='ltr'>Jesum</span> 
     </span>
    </p>
   </div>
   <div class='ocr_carea' id='block_1_11' title="bbox 533 1165 2178 1250">
    <p class='ocr_par' dir='ltr' id='par_1_11' title="bbox 533 1165 2178 1250">
     <span class='ocr_line' id='line_1_11' title="bbox 533 1165 2178 1250; baseline -0.011 -12"><span class='ocrx_word' id='word_1_76' title='bbox 533 1181 744 1238; x_wconf 86' lang='lat' dir='ltr'>Filium</span> <span class='ocrx_word' id='word_1_77' title='bbox 774 1179 924 1250; x_wconf 85' lang='lat' dir='ltr'>ejus,</span> <span class='ocrx_word' id='word_1_78' title='bbox 949 1173 1051 1248; x_wconf 87' lang='lat' dir='ltr'>qui</span> <span class='ocrx_word' id='word_1_79' title='bbox 1074 1177 1249 1228; x_wconf 89' lang='lat' dir='ltr'>natus</span> <span class='ocrx_word' id='word_1_80' title='bbox 1277 1175 1367 1227; x_wconf 87' lang='lat' dir='ltr'>est</span> <span class='ocrx_word' id='word_1_81' title='bbox 1393 1172 1465 1226; x_wconf 92' lang='lat' dir='ltr'>de</span> <span class='ocrx_word' id='word_1_82' title='bbox 1495 1169 1718 1241; x_wconf 85' lang='lat' dir='ltr'>Spiritu</span> <span class='ocrx_word' id='word_1_83' title='bbox 1740 1173 1960 1224; x_wconf 87' lang='lat' dir='ltr'>sancto.</span> <span class='ocrx_word' id='word_1_84' title='bbox 1986 1165 2178 1221; x_wconf 86' lang='lat' dir='ltr'>Primo</span> 
     </span>
    </p>
   </div>
   <div class='ocr_carea' id='block_1_12' title="bbox 531 1253 2176 1332">
    <p class='ocr_par' dir='ltr' id='par_1_12' title="bbox 531 1253 2176 1332">
     <span class='ocr_line' id='line_1_12' title="bbox 531 1253 2176 1332; baseline -0.01 -5"><span class='ocrx_word' id='word_1_85' title='bbox 531 1268 746 1327; x_wconf 86' lang='lat' dir='ltr'>Christi</span> <span class='ocrx_word' id='word_1_86' title='bbox 778 1267 1004 1322; x_wconf 85' lang='lat' dir='ltr'>Patrem</span> <span class='ocrx_word' id='word_1_87' title='bbox 1044 1263 1228 1319; x_wconf 91' lang='lat' dir='ltr'>Deum</span> <span class='ocrx_word' id='word_1_88' title='bbox 1259 1260 1718 1332; x_wconf 83' lang='lat' dir='ltr'>omnipotentem</span> <span class='ocrx_word' id='word_1_89' title='bbox 1749 1273 1877 1312; x_wconf 89' lang='lat' dir='ltr'>esse</span> <span class='ocrx_word' id='word_1_90' title='bbox 1909 1253 2176 1322; x_wconf 88' lang='lat' dir='ltr'>testaris;</span> 
     </span>
    </p>
   </div>
   <div class='ocr_carea' id='block_1_13' title="bbox 531 1342 2174 1418">
    <p class='ocr_par' dir='ltr' id='par_1_13' title="bbox 531 1342 2174 1418">
     <span class='ocr_line' id='line_1_13' title="bbox 531 1342 2174 1418; baseline -0.011 -4"><span class='ocrx_word' id='word_1_91' title='bbox 531 1359 743 1415; x_wconf 90' lang='lat' dir='ltr'>deinde</span> <span class='ocrx_word' id='word_1_92' title='bbox 791 1361 995 1411; x_wconf 89' lang='lat' dir='ltr'>natum</span> <span class='ocrx_word' id='word_1_93' title='bbox 1026 1351 1325 1407; x_wconf 88' lang='lat' dir='ltr'>Christum</span> <span class='ocrx_word' id='word_1_94' title='bbox 1367 1349 1439 1404; x_wconf 90' lang='lat' dir='ltr'>de</span> <span class='ocrx_word' id='word_1_95' title='bbox 1486 1347 1707 1418; x_wconf 85' lang='lat' dir='ltr'>Spiritu</span> <span class='ocrx_word' id='word_1_96' title='bbox 1757 1348 1958 1401; x_wconf 88' lang='lat' dir='ltr'>sancto</span> <span class='ocrx_word' id='word_1_97' title='bbox 2008 1342 2174 1398; x_wconf 89' lang='lat' dir='ltr'>dicis.</span> 
     </span>
    </p>
   </div>
   <div class='ocr_carea' id='block_1_14' title="bbox 535 1433 2176 1515">
    <p class='ocr_par' dir='ltr' id='par_1_14' title="bbox 535 1433 2176 1515">
     <span class='ocr_line' id='line_1_14' title="bbox 535 1433 2176 1515; baseline -0.011 -12"><span class='ocrx_word' id='word_1_98' title='bbox 535 1446 686 1504; x_wconf 74' lang='lat'>548</span> <span class='ocrx_word' id='word_1_99' title='bbox 713 1443 772 1500; x_wconf 89' lang='lat' dir='ltr'>Si</span> <span class='ocrx_word' id='word_1_100' title='bbox 803 1457 938 1515; x_wconf 90' lang='lat' dir='ltr'>ergo</span> <span class='ocrx_word' id='word_1_101' title='bbox 961 1455 1198 1513; x_wconf 77' lang='lat' dir='ltr'>separes</span> <span class='ocrx_word' id='word_1_102' title='bbox 1215 1436 1582 1500; x_wconf 85' lang='lat' dir='ltr'>Trinitatem,</span> <span class='ocrx_word' id='word_1_103' title='bbox 1605 1433 1903 1490; x_wconf 88' lang='lat' dir='ltr'>Christum</span> <span class='ocrx_word' id='word_1_104' title='bbox 1925 1433 2176 1488; x_wconf 90' lang='lat' dir='ltr'>duorum</span> 
     </span>
    </p>
   </div>
   <div class='ocr_carea' id='block_1_15' title="bbox 532 1519 2179 1608">
    <p class='ocr_par' dir='ltr' id='par_1_15' title="bbox 532 1519 2179 1608">
     <span class='ocr_line' id='line_1_15' title="bbox 532 1519 2179 1608; baseline -0.01 -17"><span class='ocrx_word' id='word_1_105' title='bbox 532 1540 765 1608; x_wconf 82' lang='lat' dir='ltr'>patrum</span> <span class='ocrx_word' id='word_1_106' title='bbox 791 1530 978 1586; x_wconf 89' lang='lat' dir='ltr'>ﬁlium</span> <span class='ocrx_word' id='word_1_107' title='bbox 1001 1527 1217 1591; x_wconf 85' lang='lat' dir='ltr'>reddis,</span> <span class='ocrx_word' id='word_1_108' title='bbox 1241 1530 1304 1580; x_wconf 91' lang='lat' dir='ltr'>ut</span> <span class='ocrx_word' id='word_1_109' title='bbox 1333 1526 1404 1580; x_wconf 92' lang='lat' dir='ltr'>dc</span> <span class='ocrx_word' id='word_1_110' title='bbox 1427 1525 1590 1578; x_wconf 88' lang='lat' dir='ltr'>Patre</span> <span class='ocrx_word' id='word_1_111' title='bbox 1611 1523 2007 1594; x_wconf 87' lang='lat' dir='ltr'>omnipotente</span> <span class='ocrx_word' id='word_1_112' title='bbox 2028 1525 2084 1576; x_wconf 89' lang='lat' dir='ltr'>et</span> <span class='ocrx_word' id='word_1_113' title='bbox 2107 1519 2179 1574; x_wconf 89' lang='lat' dir='ltr'>de</span> 
     </span>
    </p>
   </div>
   <div class='ocr_carea' id='block_1_16' title="bbox 533 1612 2176 1696">
    <p class='ocr_par' dir='ltr' id='par_1_16' title="bbox 533 1612 2176 1696">
     <span class='ocr_line' id='line_1_16' title="bbox 533 1612 2176 1696; baseline -0.01 -16"><span class='ocrx_word' id='word_1_114' title='bbox 533 1623 748 1696; x_wconf 87' lang='lat' dir='ltr'>Spiritu</span> <span class='ocrx_word' id='word_1_115' title='bbox 783 1627 985 1676; x_wconf 89' lang='lat' dir='ltr'>sancto</span> <span class='ocrx_word' id='word_1_116' title='bbox 1014 1623 1188 1673; x_wconf 80' lang='lat' dir='ltr'>natus</span> <span class='ocrx_word' id='word_1_117' title='bbox 1220 1631 1345 1670; x_wconf 85' lang='lat' dir='ltr'>esse</span> <span class='ocrx_word' id='word_1_118' title='bbox 1376 1613 1623 1669; x_wconf 88' lang='lat' dir='ltr'>dicatur.</span> <span class='ocrx_word' id='word_1_119' title='bbox 1649 1612 1842 1684; x_wconf 90' lang='lat' dir='ltr'>Junge</span> <span class='ocrx_word' id='word_1_120' title='bbox 1871 1627 2007 1682; x_wconf 86' lang='lat' dir='ltr'>ergo</span> <span class='ocrx_word' id='word_1_121' title='bbox 2043 1625 2176 1665; x_wconf 91' lang='lat' dir='ltr'>cum</span> 
     </span>
    </p>
   </div>
   <div class='ocr_carea' id='block_1_17' title="bbox 534 1699 2176 1782">
    <p class='ocr_par' dir='ltr' id='par_1_17' title="bbox 534 1699 2176 1782">
     <span class='ocr_line' id='line_1_17' title="bbox 534 1699 2176 1782; baseline -0.01 -13"><span class='ocrx_word' id='word_1_122' title='bbox 534 1714 698 1768; x_wconf 86' lang='lat' dir='ltr'>Patre</span> <span class='ocrx_word' id='word_1_123' title='bbox 737 1708 1016 1782; x_wconf 90' lang='lat' dir='ltr'>Spirilum</span> <span class='ocrx_word' id='word_1_124' title='bbox 1052 1709 1342 1773; x_wconf 84' lang='lat' dir='ltr'>sanctum,</span> <span class='ocrx_word' id='word_1_125' title='bbox 1373 1707 1438 1758; x_wconf 91' lang='lat' dir='ltr'>ut</span> <span class='ocrx_word' id='word_1_126' title='bbox 1477 1707 1627 1758; x_wconf 89' lang='lat' dir='ltr'>recte</span> <span class='ocrx_word' id='word_1_127' title='bbox 1659 1701 1850 1774; x_wconf 88' lang='lat' dir='ltr'>possis</span> <span class='ocrx_word' id='word_1_128' title='bbox 1879 1699 2176 1756; x_wconf 86' lang='lat' dir='ltr'>Christum</span> 
     </span>
    </p>
   </div>
   <div class='ocr_carea' id='block_1_18' title="bbox 532 1789 2178 1862">
    <p class='ocr_par' dir='ltr' id='par_1_18' title="bbox 532 1789 2178 1862">
     <span class='ocr_line' id='line_1_18' title="bbox 532 1789 2178 1862; baseline -0.009 -6"><span class='ocrx_word' id='word_1_129' title='bbox 532 1800 708 1855; x_wconf 91' lang='lat' dir='ltr'>unius</span> <span class='ocrx_word' id='word_1_130' title='bbox 729 1795 917 1854; x_wconf 88' lang='lat' dir='ltr'>Patris</span> <span class='ocrx_word' id='word_1_131' title='bbox 939 1795 1144 1851; x_wconf 82' lang='lat' dir='ltr'>Filium</span> <span class='ocrx_word' id='word_1_132' title='bbox 1168 1790 1430 1848; x_wconf 79' lang='lat' dir='ltr'>confiteri</span> <span class='ocrx_word' id='word_1_133' title='bbox 1455 1807 1468 1845; x_wconf 90' lang='lat'><strong>:</strong></span> <span class='ocrx_word' id='word_1_134' title='bbox 1493 1795 1704 1847; x_wconf 89' lang='lat' dir='ltr'>etcum</span> <span class='ocrx_word' id='word_1_135' title='bbox 1725 1807 1827 1862; x_wconf 90' lang='lat' dir='ltr'>per</span> <span class='ocrx_word' id='word_1_136' title='bbox 1846 1789 1997 1844; x_wconf 89' lang='lat' dir='ltr'>hanc</span> <span class='ocrx_word' id='word_1_137' title='bbox 2017 1789 2178 1861; x_wconf 75' lang='lat' dir='ltr'>Sym-</span> 
     </span>
    </p>
   </div>
   <div class='ocr_carea' id='block_1_19' title="bbox 518 1878 2252 1983">
    <p class='ocr_par' dir='ltr' id='par_1_19' title="bbox 518 1878 2252 1983">
     <span class='ocr_line' id='line_1_19' title="bbox 518 1878 2252 1983; baseline -0.009 -38"><span class='ocrx_word' id='word_1_138' title='bbox 518 1887 646 1946; x_wconf 36' lang='lat' dir='ltr'>‘boli</span> <span class='ocrx_word' id='word_1_139' title='bbox 675 1886 994 1944; x_wconf 88' lang='lat' dir='ltr'>orationem</span> <span class='ocrx_word' id='word_1_140' title='bbox 1036 1883 1096 1938; x_wconf 90' lang='lat' dir='ltr'>in</span> <span class='ocrx_word' id='word_1_141' title='bbox 1140 1899 1326 1983; x_wconf 63' lang='lat' dir='ltr'>unum</span> <span class='ocrx_word' id='word_1_142' title='bbox 1377 1880 1607 1935; x_wconf 88' lang='lat' dir='ltr'>Patrem</span> <span class='ocrx_word' id='word_1_143' title='bbox 1638 1883 1695 1933; x_wconf 88' lang='lat' dir='ltr'>et</span> <span class='ocrx_word' id='word_1_144' title='bbox 1723 1878 2006 1950; x_wconf 88' lang='lat' dir='ltr'>Spiritum</span> <span class='ocrx_word' id='word_1_145' title='bbox 2039 1893 2173 1976; x_wconf 81' lang='lat' dir='ltr'>san-</span> <span class='ocrx_word' id='word_1_146' title='bbox 2203 1918 2252 1983; x_wconf 80' lang='grc' dir='ltr'><strong>Β</strong></span> 
     </span>
    </p>
   </div>
   <div class='ocr_carea' id='block_1_20' title="bbox 529 1965 2172 2042">
    <p class='ocr_par' dir='ltr' id='par_1_20' title="bbox 529 1965 2172 2042">
     <span class='ocr_line' id='line_1_20' title="bbox 529 1965 2172 2042; baseline -0.009 -9"><span class='ocrx_word' id='word_1_147' title='bbox 529 1982 690 2034; x_wconf 90' lang='lat' dir='ltr'>ctum</span> <span class='ocrx_word' id='word_1_148' title='bbox 718 1971 1050 2038; x_wconf 86' lang='lat' dir='ltr'>sociaveris,</span> <span class='ocrx_word' id='word_1_149' title='bbox 1078 1969 1286 2026; x_wconf 86' lang='lat' dir='ltr'>Filium</span> <span class='ocrx_word' id='word_1_150' title='bbox 1317 1985 1759 2042; x_wconf 88' lang='lat' dir='ltr'>quoque,quem</span> <span class='ocrx_word' id='word_1_151' title='bbox 1785 1983 1899 2022; x_wconf 91' lang='lat' dir='ltr'>non</span> <span class='ocrx_word' id='word_1_152' title='bbox 1933 1965 2172 2021; x_wconf 91' lang='lat' dir='ltr'>tertium</span> 
     </span>
    </p>
   </div>
   <div class='ocr_carea' id='block_1_21' title="bbox 529 2053 2172 2129">
    <p class='ocr_par' dir='ltr' id='par_1_21' title="bbox 529 2053 2172 2129">
     <span class='ocr_line' id='line_1_21' title="bbox 529 2053 2172 2129; baseline -0.009 -7"><span class='ocrx_word' id='word_1_153' title='bbox 529 2067 630 2123; x_wconf 85' lang='lat' dir='ltr'>sed</span> <span class='ocrx_word' id='word_1_154' title='bbox 653 2064 916 2120; x_wconf 89' lang='lat' dir='ltr'>medium</span> <span class='ocrx_word' id='word_1_155' title='bbox 939 2061 998 2116; x_wconf 92' lang='lat' dir='ltr'>in</span> <span class='ocrx_word' id='word_1_156' title='bbox 1018 2059 1303 2115; x_wconf 88' lang='lat' dir='ltr'>Trinitate</span> <span class='ocrx_word' id='word_1_157' title='bbox 1329 2057 1495 2124; x_wconf 87' lang='lat' dir='ltr'>facis,</span> <span class='ocrx_word' id='word_1_158' title='bbox 1518 2057 1706 2129; x_wconf 88' lang='lat' dir='ltr'>magis</span> <span class='ocrx_word' id='word_1_159' title='bbox 1729 2073 1762 2111; x_wconf 88' lang='lat' dir='ltr'>a</span> <span class='ocrx_word' id='word_1_160' title='bbox 1781 2053 2015 2111; x_wconf 87' lang='lat' dir='ltr'>dcitatis</span> <span class='ocrx_word' id='word_1_161' title='bbox 2043 2053 2172 2108; x_wconf 90' lang='lat' dir='ltr'>uni-</span> 
     </span>
    </p>
   </div>
   <div class='ocr_carea' id='block_1_22' title="bbox 528 2143 2171 2222">
    <p class='ocr_par' dir='ltr' id='par_1_22' title="bbox 528 2143 2171 2222">
     <span class='ocr_line' id='line_1_22' title="bbox 528 2143 2171 2222; baseline -0.007 -13"><span class='ocrx_word' id='word_1_162' title='bbox 528 2158 648 2210; x_wconf 84' lang='lat' dir='ltr'>tate</span> <span class='ocrx_word' id='word_1_163' title='bbox 678 2169 792 2208; x_wconf 89' lang='lat' dir='ltr'>non</span> <span class='ocrx_word' id='word_1_164' title='bbox 825 2166 1081 2222; x_wconf 86' lang='lat' dir='ltr'>separes.</span> <span class='ocrx_word' id='word_1_165' title='bbox 1111 2170 1138 2197; x_wconf 83' lang='lat'>»</span> <span class='ocrx_word' id='word_1_166' title='bbox 1161 2149 1230 2202; x_wconf 89' lang='lat' dir='ltr'>Et</span> <span class='ocrx_word' id='word_1_167' title='bbox 1259 2147 1317 2200; x_wconf 92' lang='lat' dir='ltr'>in</span> <span class='ocrx_word' id='word_1_168' title='bbox 1360 2145 1508 2202; x_wconf 91' lang='lat' dir='ltr'>libro</span> <span class='ocrx_word' id='word_1_169' title='bbox 1539 2145 1708 2202; x_wconf 90' lang='lat' dir='ltr'>tertio</span> <span class='ocrx_word' id='word_1_170' title='bbox 1737 2146 1808 2199; x_wconf 90' lang='lat' dir='ltr'>de</span> <span class='ocrx_word' id='word_1_171' title='bbox 1838 2143 2123 2198; x_wconf 89' lang='lat' dir='ltr'>Trinitate</span> <span class='ocrx_word' id='word_1_172' title='bbox 2157 2158 2171 2198; x_wconf 88' lang='lat'>:</span> 
     </span>
    </p>
   </div>
   <div class='ocr_carea' id='block_1_23' title="bbox 530 2231 2174 2312">
    <p class='ocr_par' dir='ltr' id='par_1_23' title="bbox 530 2231 2174 2312">
     <span class='ocr_line' id='line_1_23' title="bbox 530 2231 2174 2312; baseline -0.004 -20"><span class='ocrx_word' id='word_1_173' title='bbox 530 2266 556 2292; x_wconf 79' lang='grc' dir='ltr'>α</span> <span class='ocrx_word' id='word_1_174' title='bbox 596 2242 658 2297; x_wconf 92' lang='lat' dir='ltr'>In</span> <span class='ocrx_word' id='word_1_175' title='bbox 691 2240 906 2312; x_wconf 81' lang='lat' dir='ltr'>quibus</span> <span class='ocrx_word' id='word_1_176' title='bbox 936 2235 1159 2309; x_wconf 83' lang='lat' dir='ltr'>angelis</span> <span class='ocrx_word' id='word_1_177' title='bbox 1205 2239 1329 2290; x_wconf 89' lang='lat' dir='ltr'>erat</span> <span class='ocrx_word' id='word_1_178' title='bbox 1359 2236 1562 2306; x_wconf 90' lang='lat' dir='ltr'>utique</span> <span class='ocrx_word' id='word_1_179' title='bbox 1607 2238 1665 2289; x_wconf 91' lang='lat' dir='ltr'>ct</span> <span class='ocrx_word' id='word_1_180' title='bbox 1712 2233 1878 2288; x_wconf 91' lang='lat' dir='ltr'>Pater</span> <span class='ocrx_word' id='word_1_181' title='bbox 1905 2238 1964 2288; x_wconf 87' lang='lat' dir='ltr'>et</span> <span class='ocrx_word' id='word_1_182' title='bbox 1996 2231 2174 2287; x_wconf 83' lang='lat' dir='ltr'>Filius</span> 
     </span>
    </p>
   </div>
   <div class='ocr_carea' id='block_1_24' title="bbox 528 2320 2174 2402">
    <p class='ocr_par' dir='ltr' id='par_1_24' title="bbox 528 2320 2174 2402">
     <span class='ocr_line' id='line_1_24' title="bbox 528 2320 2174 2402; baseline -0.007 -16"><span class='ocrx_word' id='word_1_183' title='bbox 528 2334 586 2386; x_wconf 87' lang='lat' dir='ltr'>et</span> <span class='ocrx_word' id='word_1_184' title='bbox 616 2329 870 2402; x_wconf 87' lang='lat' dir='ltr'>Spiritus</span> <span class='ocrx_word' id='word_1_185' title='bbox 901 2331 1162 2393; x_wconf 89' lang='lat' dir='ltr'>sanctus,</span> <span class='ocrx_word' id='word_1_186' title='bbox 1189 2329 1247 2379; x_wconf 92' lang='lat' dir='ltr'>et</span> <span class='ocrx_word' id='word_1_187' title='bbox 1290 2323 1604 2396; x_wconf 84' lang='lat' dir='ltr'>aliquando</span> <span class='ocrx_word' id='word_1_188' title='bbox 1645 2321 1832 2392; x_wconf 86' lang='lat' dir='ltr'>Pater,</span> <span class='ocrx_word' id='word_1_189' title='bbox 1861 2320 2174 2393; x_wconf 89' lang='lat' dir='ltr'>aliquando</span> 
     </span>
    </p>
   </div>
   <div class='ocr_carea' id='block_1_25' title="bbox 533 2409 2174 2488">
    <p class='ocr_par' dir='ltr' id='par_1_25' title="bbox 533 2409 2174 2488">
     <span class='ocr_line' id='line_1_25' title="bbox 533 2409 2174 2488; baseline -0.007 -14"><span class='ocrx_word' id='word_1_190' title='bbox 533 2419 732 2486; x_wconf 84' lang='lat' dir='ltr'>Filius,</span> <span class='ocrx_word' id='word_1_191' title='bbox 767 2414 1082 2488; x_wconf 88' lang='lat' dir='ltr'>aliquando</span> <span class='ocrx_word' id='word_1_192' title='bbox 1115 2411 1366 2485; x_wconf 90' lang='lat' dir='ltr'>Spiritus</span> <span class='ocrx_word' id='word_1_193' title='bbox 1413 2415 1675 2476; x_wconf 72' lang='lat' dir='ltr'>sanctus,</span> <span class='ocrx_word' id='word_1_194' title='bbox 1705 2409 2018 2481; x_wconf 88' lang='lat' dir='ltr'>aliquando</span> <span class='ocrx_word' id='word_1_195' title='bbox 2047 2409 2174 2464; x_wconf 88' lang='lat' dir='ltr'>sine</span> 
     </span>
    </p>
   </div>
   <div class='ocr_carea' id='block_1_26' title="bbox 530 2499 2173 2575">
    <p class='ocr_par' dir='ltr' id='par_1_26' title="bbox 530 2499 2173 2575">
     <span class='ocr_line' id='line_1_26' title="bbox 530 2499 2173 2575; baseline -0.006 -12"><span class='ocrx_word' id='word_1_196' title='bbox 530 2508 650 2564; x_wconf 88' lang='lat' dir='ltr'>ulla</span> <span class='ocrx_word' id='word_1_197' title='bbox 671 2505 1048 2562; x_wconf 76' lang='lat' dir='ltr'>distinctione</span> <span class='ocrx_word' id='word_1_198' title='bbox 1069 2519 1328 2575; x_wconf 73' lang='lat' dir='ltr'>persona:</span> <span class='ocrx_word' id='word_1_199' title='bbox 1347 2502 1499 2556; x_wconf 88' lang='lat' dir='ltr'>Deus</span> <span class='ocrx_word' id='word_1_200' title='bbox 1523 2517 1623 2572; x_wconf 91' lang='lat' dir='ltr'>per</span> <span class='ocrx_word' id='word_1_201' title='bbox 1643 2500 1773 2554; x_wconf 89' lang='lat' dir='ltr'>illos</span> <span class='ocrx_word' id='word_1_202' title='bbox 1794 2499 2173 2572; x_wconf 87' lang='lat' dir='ltr'>ﬁgurabatur,</span> 
     </span>
    </p>
   </div>
   <div class='ocr_carea' id='block_1_27' title="bbox 528 2589 2174 2666">
    <p class='ocr_par' dir='ltr' id='par_1_27' title="bbox 528 2589 2174 2666">
     <span class='ocr_line' id='line_1_27' title="bbox 528 2589 2174 2666; baseline -0.005 -14"><span class='ocrx_word' id='word_1_203' title='bbox 528 2597 586 2652; x_wconf 89' lang='lat' dir='ltr'>et</span> <span class='ocrx_word' id='word_1_204' title='bbox 606 2601 810 2651; x_wconf 60' lang='lat' dir='ltr'>caetera</span> <span class='ocrx_word' id='word_1_205' title='bbox 825 2612 953 2666; x_wconf 68' lang='lat' dir='ltr'>quae</span> <span class='ocrx_word' id='word_1_206' title='bbox 975 2593 1052 2648; x_wconf 92' lang='lat' dir='ltr'>ibi</span> <span class='ocrx_word' id='word_1_207' title='bbox 1077 2591 1508 2664; x_wconf 82' lang='lat' dir='ltr'>prosequitur.»</span> <span class='ocrx_word' id='word_1_208' title='bbox 1522 2591 1591 2644; x_wconf 89' lang='lat' dir='ltr'>Et</span> <span class='ocrx_word' id='word_1_209' title='bbox 1607 2591 1814 2644; x_wconf 88' lang='lat' dir='ltr'>beatus</span> <span class='ocrx_word' id='word_1_210' title='bbox 1832 2589 2174 2644; x_wconf 82' lang='lat' dir='ltr'>Ambrosius</span> 
     </span>
    </p>
   </div>
   <div class='ocr_carea' id='block_1_28' title="bbox 525 2677 2172 2758">
    <p class='ocr_par' dir='ltr' id='par_1_28' title="bbox 525 2677 2172 2758">
     <span class='ocr_line' id='line_1_28' title="bbox 525 2677 2172 2758; baseline -0.007 -16"><span class='ocrx_word' id='word_1_211' title='bbox 525 2685 590 2742; x_wconf 92' lang='lat' dir='ltr'>in</span> <span class='ocrx_word' id='word_1_212' title='bbox 650 2683 910 2758; x_wconf 81' lang='lat' dir='ltr'>Hymnis,</span> <span class='ocrx_word' id='word_1_213' title='bbox 965 2698 1112 2754; x_wconf 91' lang='lat' dir='ltr'>quos</span> <span class='ocrx_word' id='word_1_214' title='bbox 1167 2679 1452 2736; x_wconf 87' lang='lat' dir='ltr'>catholica</span> <span class='ocrx_word' id='word_1_215' title='bbox 1511 2680 1840 2750; x_wconf 78' lang='lat' dir='ltr'>frequentat</span> <span class='ocrx_word' id='word_1_216' title='bbox 1897 2677 2172 2745; x_wconf 88' lang='lat' dir='ltr'>Ecclesia,</span> 
     </span>
    </p>
   </div>
   <div class='ocr_carea' id='block_1_29' title="bbox 528 2765 2174 2838">
    <p class='ocr_par' dir='ltr' id='par_1_29' title="bbox 528 2765 2174 2838">
     <span class='ocr_line' id='line_1_29' title="bbox 528 2765 2174 2838; baseline -0.007 -7"><span class='ocrx_word' id='word_1_217' title='bbox 528 2791 684 2831; x_wconf 87' lang='lat' dir='ltr'>nunc</span> <span class='ocrx_word' id='word_1_218' title='bbox 707 2773 779 2829; x_wconf 88' lang='lat' dir='ltr'>ad</span> <span class='ocrx_word' id='word_1_219' title='bbox 804 2773 1054 2838; x_wconf 89' lang='lat' dir='ltr'>Patrem,</span> <span class='ocrx_word' id='word_1_220' title='bbox 1078 2787 1234 2826; x_wconf 91' lang='lat' dir='ltr'>nunc</span> <span class='ocrx_word' id='word_1_221' title='bbox 1261 2769 1334 2824; x_wconf 89' lang='lat' dir='ltr'>ad</span> <span class='ocrx_word' id='word_1_222' title='bbox 1367 2767 1594 2833; x_wconf 79' lang='lat' dir='ltr'>Filium,</span> <span class='ocrx_word' id='word_1_223' title='bbox 1619 2784 1776 2822; x_wconf 90' lang='lat' dir='ltr'>nunc</span> <span class='ocrx_word' id='word_1_224' title='bbox 1796 2768 1865 2823; x_wconf 87' lang='lat' dir='ltr'>ad</span> <span class='ocrx_word' id='word_1_225' title='bbox 1891 2765 2174 2838; x_wconf 88' lang='lat' dir='ltr'>Spiritum</span> 
     </span>
    </p>
   </div>
   <div class='ocr_carea' id='block_1_30' title="bbox 528 2853 2174 2932">
    <p class='ocr_par' dir='ltr' id='par_1_30' title="bbox 528 2853 2174 2932">
     <span class='ocr_line' id='line_1_30' title="bbox 528 2853 2174 2932; baseline -0.007 -12"><span class='ocrx_word' id='word_1_226' title='bbox 528 2866 798 2920; x_wconf 86' lang='lat' dir='ltr'>sanctum</span> <span class='ocrx_word' id='word_1_227' title='bbox 829 2859 1097 2932; x_wconf 87' lang='lat' dir='ltr'>loquens,</span> <span class='ocrx_word' id='word_1_228' title='bbox 1130 2875 1246 2914; x_wconf 87' lang='lat' dir='ltr'>nen</span> <span class='ocrx_word' id='word_1_229' title='bbox 1296 2856 1554 2912; x_wconf 81' lang='lat' dir='ltr'>solitaria</span> <span class='ocrx_word' id='word_1_230' title='bbox 1580 2856 1771 2912; x_wconf 90' lang='lat' dir='ltr'>eidem</span> <span class='ocrx_word' id='word_1_231' title='bbox 1823 2872 2082 2928; x_wconf 71' lang='lat' dir='ltr'>personre</span> <span class='ocrx_word' id='word_1_232' title='bbox 2112 2853 2174 2910; x_wconf 90' lang='lat' dir='ltr'>in</span> 
     </span>
    </p>
   </div>
   <div class='ocr_carea' id='block_1_31' title="bbox 527 2943 2176 3018">
    <p class='ocr_par' dir='ltr' id='par_1_31' title="bbox 527 2943 2176 3018">
     <span class='ocr_line' id='line_1_31' title="bbox 527 2943 2176 3018; baseline -0.007 -8"><span class='ocrx_word' id='word_1_233' title='bbox 527 2957 732 3010; x_wconf 87' lang='lat' dir='ltr'>sancta</span> <span class='ocrx_word' id='word_1_234' title='bbox 761 2949 1068 3016; x_wconf 87' lang='lat' dir='ltr'>Trinitate,</span> <span class='ocrx_word' id='word_1_235' title='bbox 1092 2947 1164 3003; x_wconf 90' lang='lat' dir='ltr'>ad</span> <span class='ocrx_word' id='word_1_236' title='bbox 1186 2963 1364 3018; x_wconf 90' lang='lat' dir='ltr'>quam</span> <span class='ocrx_word' id='word_1_237' title='bbox 1395 2943 1678 3018; x_wconf 89' lang='lat' dir='ltr'>loquitur,</span> <span class='ocrx_word' id='word_1_238' title='bbox 1701 2943 1948 3017; x_wconf 86' lang='lat' dir='ltr'>gloriam</span> <span class='ocrx_word' id='word_1_239' title='bbox 1980 2943 2176 3018; x_wconf 84' lang='lat' dir='ltr'>singu-</span> 
     </span>
    </p>
   </div>
   <div class='ocr_carea' id='block_1_32' title="bbox 527 3031 2178 3106">
    <p class='ocr_par' dir='ltr' id='par_1_32' title="bbox 527 3031 2178 3106">
     <span class='ocr_line' id='line_1_32' title="bbox 527 3031 2178 3106; baseline -0.007 -8"><span class='ocrx_word' id='word_1_240' title='bbox 527 3041 634 3098; x_wconf 86' lang='lat' dir='ltr'>lari</span> <span class='ocrx_word' id='word_1_241' title='bbox 666 3055 908 3096; x_wconf 89' lang='lat' dir='ltr'>numero</span> <span class='ocrx_word' id='word_1_242' title='bbox 939 3037 1134 3102; x_wconf 83' lang='lat' dir='ltr'>refert,</span> <span class='ocrx_word' id='word_1_243' title='bbox 1167 3040 1226 3090; x_wconf 90' lang='lat' dir='ltr'>et</span> <span class='ocrx_word' id='word_1_244' title='bbox 1267 3038 1469 3106; x_wconf 90' lang='lat' dir='ltr'>postea</span> <span class='ocrx_word' id='word_1_245' title='bbox 1507 3031 1719 3106; x_wconf 86' lang='lat' dir='ltr'>plurali</span> <span class='ocrx_word' id='word_1_246' title='bbox 1759 3049 2004 3089; x_wconf 89' lang='lat' dir='ltr'>numero</span> <span class='ocrx_word' id='word_1_247' title='bbox 2031 3032 2178 3089; x_wconf 83' lang='lat' dir='ltr'>alias</span> 
     </span>
    </p>
   </div>
   <div class='ocr_carea' id='block_1_33' title="bbox 527 3121 2172 3203">
    <p class='ocr_par' dir='ltr' id='par_1_33' title="bbox 527 3121 2172 3203">
     <span class='ocr_line' id='line_1_33' title="bbox 527 3121 2172 3203; baseline -0.004 -19"><span class='ocrx_word' id='word_1_248' title='bbox 527 3145 827 3203; x_wconf 84' lang='lat' dir='ltr'>personas,</span> <span class='ocrx_word' id='word_1_249' title='bbox 859 3131 926 3182; x_wconf 91' lang='lat' dir='ltr'>ut</span> <span class='ocrx_word' id='word_1_250' title='bbox 955 3124 1326 3198; x_wconf 83' lang='lat' dir='ltr'>blasphemat</span> <span class='ocrx_word' id='word_1_251' title='bbox 1353 3121 1790 3187; x_wconf 87' lang='lat' dir='ltr'>Gothescalcus,</span> <span class='ocrx_word' id='word_1_252' title='bbox 1819 3121 2172 3194; x_wconf 87' lang='lat' dir='ltr'>alloquitur:</span> 
     </span>
    </p>
   </div>
   <div class='ocr_carea' id='block_1_34' title="bbox 2287 627 3934 700">
    <p class='ocr_par' dir='ltr' id='par_1_34' title="bbox 2287 627 3934 700">
     <span class='ocr_line' id='line_1_34' title="bbox 2287 627 3934 700; baseline -0.002 -14"><span class='ocrx_word' id='word_1_253' title='bbox 2287 631 2558 696; x_wconf 90' lang='lat' dir='ltr'>solus,vcl</span> <span class='ocrx_word' id='word_1_254' title='bbox 2584 629 2762 687; x_wconf 79' lang='lat' dir='ltr'>Filius</span> <span class='ocrx_word' id='word_1_255' title='bbox 2785 627 3406 700; x_wconf 76' lang='lat' dir='ltr'>solus,adiznpleturus</span> <span class='ocrx_word' id='word_1_256' title='bbox 3429 645 3534 683; x_wconf 92' lang='lat' dir='ltr'>nos</span> <span class='ocrx_word' id='word_1_257' title='bbox 3563 627 3774 683; x_wconf 73' lang='lat' dir='ltr'>laetitia</span> <span class='ocrx_word' id='word_1_258' title='bbox 3799 645 3934 683; x_wconf 85' lang='lat' dir='ltr'>cum</span> 
     </span>
    </p>
   </div>
   <div class='ocr_carea' id='block_1_35' title="bbox 2285 716 3934 789">
    <p class='ocr_par' dir='ltr' id='par_1_35' title="bbox 2285 716 3934 789">
     <span class='ocr_line' id='line_1_35' title="bbox 2285 716 3934 789; baseline -0.001 -15"><span class='ocrx_word' id='word_1_259' title='bbox 2285 719 2448 775; x_wconf 90' lang='lat' dir='ltr'>vultu</span> <span class='ocrx_word' id='word_1_260' title='bbox 2472 737 2598 787; x_wconf 88' lang='lat' dir='ltr'>suo,</span> <span class='ocrx_word' id='word_1_261' title='bbox 2625 737 2731 775; x_wconf 92' lang='lat' dir='ltr'>nec</span> <span class='ocrx_word' id='word_1_262' title='bbox 2759 719 2896 774; x_wconf 90' lang='lat' dir='ltr'>inde</span> <span class='ocrx_word' id='word_1_263' title='bbox 2916 723 3220 789; x_wconf 87' lang='lat' dir='ltr'>separatur</span> <span class='ocrx_word' id='word_1_264' title='bbox 3246 716 3552 788; x_wconf 89' lang='lat' dir='ltr'>utriusque</span> <span class='ocrx_word' id='word_1_265' title='bbox 3571 716 3857 788; x_wconf 79' lang='lat' dir='ltr'>Spiritus,</span> <span class='ocrx_word' id='word_1_266' title='bbox 3879 716 3934 772; x_wconf 91' lang='lat' dir='ltr'>id</span> 
     </span>
    </p>
   </div>
   <div class='ocr_carea' id='block_1_36' title="bbox 2285 804 3937 878">
    <p class='ocr_par' dir='ltr' id='par_1_36' title="bbox 2285 804 3937 878">
     <span class='ocr_line' id='line_1_36' title="bbox 2285 804 3937 878; baseline -0.002 -14"><span class='ocrx_word' id='word_1_267' title='bbox 2285 812 2376 864; x_wconf 88' lang='lat' dir='ltr'>est</span> <span class='ocrx_word' id='word_1_268' title='bbox 2405 809 2592 876; x_wconf 81' lang='lat' dir='ltr'>Patris</span> <span class='ocrx_word' id='word_1_269' title='bbox 2622 811 2680 864; x_wconf 86' lang='lat' dir='ltr'>et</span> <span class='ocrx_word' id='word_1_270' title='bbox 2711 807 2838 863; x_wconf 87' lang='lat' dir='ltr'>Filii</span> <span class='ocrx_word' id='word_1_271' title='bbox 2871 805 3142 878; x_wconf 86' lang='lat' dir='ltr'>Spiritus.</span> <span class='ocrx_word' id='word_1_272' title='bbox 3166 805 3272 872; x_wconf 88' lang='lat' dir='ltr'>Qui</span> <span class='ocrx_word' id='word_1_273' title='bbox 3301 804 3552 877; x_wconf 84' lang='lat' dir='ltr'>Spiritus</span> <span class='ocrx_word' id='word_1_274' title='bbox 3583 805 3824 878; x_wconf 85' lang='lat' dir='ltr'>proprie</span> <span class='ocrx_word' id='word_1_275' title='bbox 3851 805 3937 860; x_wconf 85' lang='lat' dir='ltr'>di-</span> 
     </span>
    </p>
   </div>
   <div class='ocr_carea' id='block_1_37' title="bbox 2286 894 3940 970">
    <p class='ocr_par' dir='ltr' id='par_1_37' title="bbox 2286 894 3940 970">
     <span class='ocr_line' id='line_1_37' title="bbox 2286 894 3940 970; baseline -0.001 -18"><span class='ocrx_word' id='word_1_276' title='bbox 2286 897 2438 952; x_wconf 84' lang='lat' dir='ltr'>citur</span> <span class='ocrx_word' id='word_1_277' title='bbox 2457 897 2712 970; x_wconf 87' lang='lat' dir='ltr'>Spiritus</span> <span class='ocrx_word' id='word_1_278' title='bbox 2741 895 3020 967; x_wconf 85' lang='lat' dir='ltr'>veritatis,</span> <span class='ocrx_word' id='word_1_279' title='bbox 3039 911 3212 966; x_wconf 89' lang='lat' dir='ltr'>quem</span> <span class='ocrx_word' id='word_1_280' title='bbox 3236 894 3334 950; x_wconf 91' lang='lat' dir='ltr'>hic</span> <span class='ocrx_word' id='word_1_281' title='bbox 3362 894 3514 952; x_wconf 77' lang='lat'>549</span> <span class='ocrx_word' id='word_1_282' title='bbox 3546 895 3816 950; x_wconf 88' lang='lat' dir='ltr'>mundus</span> <span class='ocrx_word' id='word_1_283' title='bbox 3843 911 3940 950; x_wconf 74' lang='lat' dir='ltr'>ac-</span> 
     </span>
    </p>
   </div>
   <div class='ocr_carea' id='block_1_38' title="bbox 2286 983 3935 1058">
    <p class='ocr_par' dir='ltr' id='par_1_38' title="bbox 2286 983 3935 1058">
     <span class='ocr_line' id='line_1_38' title="bbox 2286 983 3935 1058; baseline -0.002 -16"><span class='ocrx_word' id='word_1_284' title='bbox 2286 985 2476 1058; x_wconf 91' lang='lat' dir='ltr'>cipere</span> <span class='ocrx_word' id='word_1_285' title='bbox 2511 1003 2625 1041; x_wconf 92' lang='lat' dir='ltr'>non</span> <span class='ocrx_word' id='word_1_286' title='bbox 2655 989 2864 1058; x_wconf 89' lang='lat' dir='ltr'>potest.</span> <span class='ocrx_word' id='word_1_287' title='bbox 2889 985 3006 1040; x_wconf 84' lang='lat' dir='ltr'>Hoc</span> <span class='ocrx_word' id='word_1_288' title='bbox 3037 988 3126 1040; x_wconf 89' lang='lat' dir='ltr'>est</span> <span class='ocrx_word' id='word_1_289' title='bbox 3153 983 3310 1038; x_wconf 88' lang='lat' dir='ltr'>enim</span> <span class='ocrx_word' id='word_1_290' title='bbox 3359 983 3600 1055; x_wconf 89' lang='lat' dir='ltr'>plenum</span> <span class='ocrx_word' id='word_1_291' title='bbox 3647 983 3935 1056; x_wconf 84' lang='lat' dir='ltr'>gaudium</span> 
     </span>
    </p>
   </div>
   <div class='ocr_carea' id='block_1_39' title="bbox 2286 1071 3936 1147">
    <p class='ocr_par' dir='ltr' id='par_1_39' title="bbox 2286 1071 3936 1147">
     <span class='ocr_line' id='line_1_39' title="bbox 2286 1071 3936 1147; baseline -0.001 -17"><span class='ocrx_word' id='word_1_292' title='bbox 2286 1079 2574 1143; x_wconf 88' lang='lat' dir='ltr'>nostrum,</span> <span class='ocrx_word' id='word_1_293' title='bbox 2589 1091 2704 1147; x_wconf 90' lang='lat' dir='ltr'>quo</span> <span class='ocrx_word' id='word_1_294' title='bbox 2727 1073 2982 1142; x_wconf 87' lang='lat' dir='ltr'>amplius</span> <span class='ocrx_word' id='word_1_295' title='bbox 3003 1089 3120 1129; x_wconf 89' lang='lat' dir='ltr'>non</span> <span class='ocrx_word' id='word_1_296' title='bbox 3141 1077 3248 1140; x_wconf 89' lang='lat' dir='ltr'>est,</span> <span class='ocrx_word' id='word_1_297' title='bbox 3270 1071 3382 1128; x_wconf 87' lang='lat' dir='ltr'>frui</span> <span class='ocrx_word' id='word_1_298' title='bbox 3404 1071 3629 1129; x_wconf 85' lang='lat' dir='ltr'>scilicet</span> <span class='ocrx_word' id='word_1_299' title='bbox 3648 1072 3936 1128; x_wconf 85' lang='lat' dir='ltr'>Trinitate</span> 
     </span>
    </p>
   </div>
   <div class='ocr_carea' id='block_1_40' title="bbox 2286 1159 3938 1235">
    <p class='ocr_par' dir='ltr' id='par_1_40' title="bbox 2286 1159 3938 1235">
     <span class='ocr_line' id='line_1_40' title="bbox 2286 1159 3938 1235; baseline 0 -17"><span class='ocrx_word' id='word_1_300' title='bbox 2286 1165 2420 1231; x_wconf 90' lang='lat' dir='ltr'>Deo,</span> <span class='ocrx_word' id='word_1_301' title='bbox 2446 1165 2519 1219; x_wconf 88' lang='lat' dir='ltr'>ad</span> <span class='ocrx_word' id='word_1_302' title='bbox 2551 1163 2722 1235; x_wconf 90' lang='lat' dir='ltr'>cujus</span> <span class='ocrx_word' id='word_1_303' title='bbox 2751 1160 3070 1234; x_wconf 86' lang='lat' dir='ltr'>imaginem</span> <span class='ocrx_word' id='word_1_304' title='bbox 3119 1159 3254 1216; x_wconf 88' lang='lat' dir='ltr'>facti</span> <span class='ocrx_word' id='word_1_305' title='bbox 3303 1177 3530 1217; x_wconf 90' lang='lat' dir='ltr'>sumus.</span> <span class='ocrx_word' id='word_1_306' title='bbox 3555 1161 3806 1234; x_wconf 89' lang='lat' dir='ltr'>Propter</span> <span class='ocrx_word' id='word_1_307' title='bbox 3829 1161 3938 1218; x_wconf 87' lang='lat' dir='ltr'>hoc</span> 
     </span>
    </p>
   </div>
   <div class='ocr_carea' id='block_1_41' title="bbox 2285 1249 3936 1325">
    <p class='ocr_par' dir='ltr' id='par_1_41' title="bbox 2285 1249 3936 1325">
     <span class='ocr_line' id='line_1_41' title="bbox 2285 1249 3936 1325; baseline 0 -17"><span class='ocrx_word' id='word_1_308' title='bbox 2285 1251 2600 1325; x_wconf 89' lang='lat' dir='ltr'>aliquando</span> <span class='ocrx_word' id='word_1_309' title='bbox 2631 1253 2715 1307; x_wconf 88' lang='lat' dir='ltr'>ita</span> <span class='ocrx_word' id='word_1_310' title='bbox 2741 1250 3002 1324; x_wconf 88' lang='lat' dir='ltr'>loquitur</span> <span class='ocrx_word' id='word_1_311' title='bbox 3028 1251 3100 1306; x_wconf 92' lang='lat' dir='ltr'>de</span> <span class='ocrx_word' id='word_1_312' title='bbox 3137 1249 3358 1322; x_wconf 88' lang='lat' dir='ltr'>Spiritu</span> <span class='ocrx_word' id='word_1_313' title='bbox 3389 1254 3613 1320; x_wconf 88' lang='lat' dir='ltr'>sancto,</span> <span class='ocrx_word' id='word_1_314' title='bbox 3647 1255 3936 1324; x_wconf 85' lang='lat' dir='ltr'>tanquam</span> 
     </span>
    </p>
   </div>
   <div class='ocr_carea' id='block_1_42' title="bbox 2285 1339 3936 1414">
    <p class='ocr_par' dir='ltr' id='par_1_42' title="bbox 2285 1339 3936 1414">
     <span class='ocr_line' id='line_1_42' title="bbox 2285 1339 3936 1414; baseline 0 -17"><span class='ocrx_word' id='word_1_315' title='bbox 2285 1340 2446 1398; x_wconf 88' lang='lat' dir='ltr'>solus</span> <span class='ocrx_word' id='word_1_316' title='bbox 2469 1340 2482 1395; x_wconf 93' lang='lat' dir='ltr'>i</span> <span class='ocrx_word' id='word_1_317' title='bbox 2491 1358 2592 1414; x_wconf 89' lang='lat' dir='ltr'>pse</span> <span class='ocrx_word' id='word_1_318' title='bbox 2613 1339 2868 1396; x_wconf 80' lang='lat' dir='ltr'>sufficiat</span> <span class='ocrx_word' id='word_1_319' title='bbox 2887 1341 2960 1395; x_wconf 90' lang='lat' dir='ltr'>ad</span> <span class='ocrx_word' id='word_1_320' title='bbox 2983 1339 3403 1394; x_wconf 88' lang='lat' dir='ltr'>beatitudinem</span> <span class='ocrx_word' id='word_1_321' title='bbox 3429 1343 3715 1407; x_wconf 89' lang='lat' dir='ltr'>nostram,</span> <span class='ocrx_word' id='word_1_322' title='bbox 3729 1345 3790 1396; x_wconf 90' lang='lat' dir='ltr'>et</span> <span class='ocrx_word' id='word_1_323' title='bbox 3809 1339 3936 1397; x_wconf 88' lang='lat' dir='ltr'>ideo</span> 
     </span>
    </p>
   </div>
   <div class='ocr_carea' id='block_1_43' title="bbox 2285 1427 3933 1502">
    <p class='ocr_par' dir='ltr' id='par_1_43' title="bbox 2285 1427 3933 1502">
     <span class='ocr_line' id='line_1_43' title="bbox 2285 1427 3933 1502; baseline 0.002 -17"><span class='ocrx_word' id='word_1_324' title='bbox 2285 1429 2522 1500; x_wconf 89' lang='lat' dir='ltr'>sufﬁcit,</span> <span class='ocrx_word' id='word_1_325' title='bbox 2541 1429 2678 1502; x_wconf 91' lang='lat' dir='ltr'>quia</span> <span class='ocrx_word' id='word_1_326' title='bbox 2707 1428 2963 1500; x_wconf 86' lang='lat' dir='ltr'>separari</span> <span class='ocrx_word' id='word_1_327' title='bbox 2993 1445 3028 1484; x_wconf 89' lang='lat' dir='ltr'>a</span> <span class='ocrx_word' id='word_1_328' title='bbox 3058 1428 3224 1484; x_wconf 89' lang='lat' dir='ltr'>Patre</span> <span class='ocrx_word' id='word_1_329' title='bbox 3271 1432 3329 1483; x_wconf 91' lang='lat' dir='ltr'>et</span> <span class='ocrx_word' id='word_1_330' title='bbox 3375 1427 3514 1483; x_wconf 84' lang='lat' dir='ltr'>Filio</span> <span class='ocrx_word' id='word_1_331' title='bbox 3544 1445 3662 1484; x_wconf 91' lang='lat' dir='ltr'>non</span> <span class='ocrx_word' id='word_1_332' title='bbox 3697 1433 3890 1502; x_wconf 84' lang='lat' dir='ltr'>potest</span> <span class='ocrx_word' id='word_1_333' title='bbox 3919 1449 3933 1488; x_wconf 94' lang='lat'>:</span> 
     </span>
    </p>
   </div>
   <div class='ocr_carea' id='block_1_44' title="bbox 2285 1516 3936 1590">
    <p class='ocr_par' dir='ltr' id='par_1_44' title="bbox 2285 1516 3936 1590">
     <span class='ocr_line' id='line_1_44' title="bbox 2285 1516 3936 1590; baseline 0.001 -16"><span class='ocrx_word' id='word_1_334' title='bbox 2285 1518 2439 1574; x_wconf 89' lang='lat' dir='ltr'>sicut</span> <span class='ocrx_word' id='word_1_335' title='bbox 2469 1518 2638 1574; x_wconf 88' lang='lat' dir='ltr'>Pater</span> <span class='ocrx_word' id='word_1_336' title='bbox 2679 1517 2841 1574; x_wconf 88' lang='lat' dir='ltr'>solus</span> <span class='ocrx_word' id='word_1_337' title='bbox 2890 1516 3126 1588; x_wconf 88' lang='lat' dir='ltr'>sufﬁcit,</span> <span class='ocrx_word' id='word_1_338' title='bbox 3160 1517 3300 1590; x_wconf 85' lang='lat' dir='ltr'>quia</span> <span class='ocrx_word' id='word_1_339' title='bbox 3345 1517 3606 1590; x_wconf 87' lang='lat' dir='ltr'>separari</span> <span class='ocrx_word' id='word_1_340' title='bbox 3635 1535 3672 1573; x_wconf 89' lang='lat' dir='ltr'>a</span> <span class='ocrx_word' id='word_1_341' title='bbox 3707 1518 3852 1575; x_wconf 80' lang='lat' dir='ltr'>Filio</span> <span class='ocrx_word' id='word_1_342' title='bbox 3879 1525 3936 1576; x_wconf 87' lang='lat' dir='ltr'>et</span> 
     </span>
    </p>
   </div>
   <div class='ocr_carea' id='block_1_45' title="bbox 2287 1605 3936 1680">
    <p class='ocr_par' dir='ltr' id='par_1_45' title="bbox 2287 1605 3936 1680">
     <span class='ocr_line' id='line_1_45' title="bbox 2287 1605 3936 1680; baseline 0.001 -16"><span class='ocrx_word' id='word_1_343' title='bbox 2287 1607 2506 1680; x_wconf 89' lang='lat' dir='ltr'>Spiritu</span> <span class='ocrx_word' id='word_1_344' title='bbox 2538 1612 2738 1664; x_wconf 91' lang='lat' dir='ltr'>sancto</span> <span class='ocrx_word' id='word_1_345' title='bbox 2770 1624 2886 1662; x_wconf 91' lang='lat' dir='ltr'>non</span> <span class='ocrx_word' id='word_1_346' title='bbox 2932 1610 3163 1679; x_wconf 87' lang='lat' dir='ltr'>potest:</span> <span class='ocrx_word' id='word_1_347' title='bbox 3197 1611 3254 1662; x_wconf 89' lang='lat' dir='ltr'>et</span> <span class='ocrx_word' id='word_1_348' title='bbox 3309 1605 3486 1662; x_wconf 86' lang='lat' dir='ltr'>Filius</span> <span class='ocrx_word' id='word_1_349' title='bbox 3533 1607 3666 1664; x_wconf 91' lang='lat' dir='ltr'>ideo</span> <span class='ocrx_word' id='word_1_350' title='bbox 3715 1609 3936 1666; x_wconf 85' lang='lat' dir='ltr'>sufﬁcit</span> 
     </span>
    </p>
   </div>
   <div class='ocr_carea' id='block_1_46' title="bbox 2285 1695 3932 1769">
    <p class='ocr_par' dir='ltr' id='par_1_46' title="bbox 2285 1695 3932 1769">
     <span class='ocr_line' id='line_1_46' title="bbox 2285 1695 3932 1769; baseline 0.001 -16"><span class='ocrx_word' id='word_1_351' title='bbox 2285 1696 2468 1766; x_wconf 90' lang='lat' dir='ltr'>solus,</span> <span class='ocrx_word' id='word_1_352' title='bbox 2493 1696 2633 1769; x_wconf 87' lang='lat' dir='ltr'>quia</span> <span class='ocrx_word' id='word_1_353' title='bbox 2679 1695 2938 1769; x_wconf 88' lang='lat' dir='ltr'>separari</span> <span class='ocrx_word' id='word_1_354' title='bbox 2969 1711 3003 1750; x_wconf 90' lang='lat' dir='ltr'>a</span> <span class='ocrx_word' id='word_1_355' title='bbox 3033 1695 3196 1750; x_wconf 88' lang='lat' dir='ltr'>Patre</span> <span class='ocrx_word' id='word_1_356' title='bbox 3223 1700 3281 1751; x_wconf 91' lang='lat' dir='ltr'>et</span> <span class='ocrx_word' id='word_1_357' title='bbox 3309 1695 3529 1766; x_wconf 90' lang='lat' dir='ltr'>Spiritu</span> <span class='ocrx_word' id='word_1_358' title='bbox 3579 1701 3789 1753; x_wconf 85' lang='lat' dir='ltr'>sancto</span> <span class='ocrx_word' id='word_1_359' title='bbox 3820 1715 3932 1754; x_wconf 91' lang='lat' dir='ltr'>non</span> 
     </span>
    </p>
   </div>
   <div class='ocr_carea' id='block_1_47' title="bbox 2285 1783 3932 1858">
    <p class='ocr_par' dir='ltr' id='par_1_47' title="bbox 2285 1783 3932 1858">
     <span class='ocr_line' id='line_1_47' title="bbox 2285 1783 3932 1858; baseline 0.002 -17"><span class='ocrx_word' id='word_1_360' title='bbox 2285 1791 2492 1858; x_wconf 86' lang='lat' dir='ltr'>potest.</span> <span class='ocrx_word' id='word_1_361' title='bbox 2518 1807 2545 1836; x_wconf 85' lang='lat'>»</span> <span class='ocrx_word' id='word_1_362' title='bbox 2571 1785 2640 1840; x_wconf 91' lang='lat' dir='ltr'>Et</span> <span class='ocrx_word' id='word_1_363' title='bbox 2677 1785 2815 1840; x_wconf 91' lang='lat' dir='ltr'>item</span> <span class='ocrx_word' id='word_1_364' title='bbox 2846 1787 2984 1856; x_wconf 72' lang='lat' dir='ltr'>(cap.</span> <span class='ocrx_word' id='word_1_365' title='bbox 3008 1783 3101 1856; x_wconf 85' lang='lat'>9):</span> <span class='ocrx_word' id='word_1_366' title='bbox 3129 1807 3154 1834; x_wconf 85' lang='lat'><strong>«</strong></span> <span class='ocrx_word' id='word_1_367' title='bbox 3183 1784 3422 1855; x_wconf 85' lang='lat' dir='ltr'>Propter</span> <span class='ocrx_word' id='word_1_368' title='bbox 3465 1783 3932 1844; x_wconf 83' lang='lat' dir='ltr'>insinuationem</span> 
     </span>
    </p>
   </div>
   <div class='ocr_carea' id='block_1_48' title="bbox 2284 1871 3934 1946">
    <p class='ocr_par' dir='ltr' id='par_1_48' title="bbox 2284 1871 3934 1946">
     <span class='ocr_line' id='line_1_48' title="bbox 2284 1871 3934 1946; baseline 0.001 -16"><span class='ocrx_word' id='word_1_369' title='bbox 2284 1875 2606 1944; x_wconf 89' lang='lat' dir='ltr'>Trinitatis,</span> <span class='ocrx_word' id='word_1_370' title='bbox 2623 1873 2888 1946; x_wconf 89' lang='lat' dir='ltr'>personis</span> <span class='ocrx_word' id='word_1_371' title='bbox 2909 1872 3084 1928; x_wconf 89' lang='lat' dir='ltr'>etiam</span> <span class='ocrx_word' id='word_1_372' title='bbox 3103 1872 3353 1945; x_wconf 81' lang='lat' dir='ltr'>singulis</span> <span class='ocrx_word' id='word_1_373' title='bbox 3375 1871 3719 1942; x_wconf 82' lang='lat' dir='ltr'>nominatis,</span> <span class='ocrx_word' id='word_1_374' title='bbox 3733 1875 3934 1932; x_wconf 86' lang='lat' dir='ltr'>dicun-</span> 
     </span>
    </p>
   </div>
   <div class='ocr_carea' id='block_1_49' title="bbox 2283 1961 3936 2036">
    <p class='ocr_par' dir='ltr' id='par_1_49' title="bbox 2283 1961 3936 2036">
     <span class='ocr_line' id='line_1_49' title="bbox 2283 1961 3936 2036; baseline 0.001 -17"><span class='ocrx_word' id='word_1_375' title='bbox 2283 1969 2382 2019; x_wconf 91' lang='lat' dir='ltr'>tur</span> <span class='ocrx_word' id='word_1_376' title='bbox 2411 1963 2678 2036; x_wconf 67' lang='lat' dir='ltr'>quaedam</span> <span class='ocrx_word' id='word_1_377' title='bbox 2710 1961 3044 2033; x_wconf 88' lang='lat' dir='ltr'>separatim,</span> <span class='ocrx_word' id='word_1_378' title='bbox 3080 1977 3197 2017; x_wconf 92' lang='lat' dir='ltr'>non</span> <span class='ocrx_word' id='word_1_379' title='bbox 3229 1961 3606 2036; x_wconf 53' lang='lat' dir='ltr'>tamenaliis</span> <span class='ocrx_word' id='word_1_380' title='bbox 3645 1965 3936 2036; x_wconf 84' lang='lat' dir='ltr'>separatis</span> 
     </span>
    </p>
   </div>
   <div class='ocr_carea' id='block_1_50' title="bbox 2281 2049 3937 2124">
    <p class='ocr_par' dir='ltr' id='par_1_50' title="bbox 2281 2049 3937 2124">
     <span class='ocr_line' id='line_1_50' title="bbox 2281 2049 3937 2124; baseline 0.002 -18"><span class='ocrx_word' id='word_1_381' title='bbox 2281 2050 2714 2124; x_wconf 88' lang='lat' dir='ltr'>intelliguntur,</span> <span class='ocrx_word' id='word_1_382' title='bbox 2738 2054 2974 2122; x_wconf 89' lang='lat' dir='ltr'>propter</span> <span class='ocrx_word' id='word_1_383' title='bbox 2993 2050 3258 2121; x_wconf 90' lang='lat' dir='ltr'>ejusdem</span> <span class='ocrx_word' id='word_1_384' title='bbox 3287 2049 3591 2106; x_wconf 89' lang='lat' dir='ltr'>Trinitatis</span> <span class='ocrx_word' id='word_1_385' title='bbox 3622 2053 3937 2122; x_wconf 86' lang='lat' dir='ltr'>unitatem,</span> 
     </span>
    </p>
   </div>
   <div class='ocr_carea' id='block_1_51' title="bbox 2283 2137 3939 2213">
    <p class='ocr_par' dir='ltr' id='par_1_51' title="bbox 2283 2137 3939 2213">
     <span class='ocr_line' id='line_1_51' title="bbox 2283 2137 3939 2213; baseline 0.003 -19"><span class='ocrx_word' id='word_1_386' title='bbox 2283 2157 2580 2213; x_wconf 87' lang='lat' dir='ltr'>unamque</span> <span class='ocrx_word' id='word_1_387' title='bbox 2600 2137 3016 2206; x_wconf 87' lang='lat' dir='ltr'>substantiam,</span> <span class='ocrx_word' id='word_1_388' title='bbox 3032 2142 3206 2211; x_wconf 90' lang='lat' dir='ltr'>atque</span> <span class='ocrx_word' id='word_1_389' title='bbox 3226 2137 3504 2194; x_wconf 89' lang='lat' dir='ltr'>deitatem</span> <span class='ocrx_word' id='word_1_390' title='bbox 3525 2139 3716 2196; x_wconf 87' lang='lat' dir='ltr'>Patris</span> <span class='ocrx_word' id='word_1_391' title='bbox 3735 2148 3796 2198; x_wconf 90' lang='lat' dir='ltr'>et</span> <span class='ocrx_word' id='word_1_392' title='bbox 3816 2141 3939 2199; x_wconf 85' lang='lat' dir='ltr'>Filii</span> 
     </span>
    </p>
   </div>
   <div class='ocr_carea' id='block_1_52' title="bbox 2283 2225 3944 2303">
    <p class='ocr_par' dir='ltr' id='par_1_52' title="bbox 2283 2225 3944 2303">
     <span class='ocr_line' id='line_1_52' title="bbox 2283 2225 3944 2303; baseline 0.002 -18"><span class='ocrx_word' id='word_1_393' title='bbox 2283 2234 2340 2285; x_wconf 90' lang='lat' dir='ltr'>et</span> <span class='ocrx_word' id='word_1_394' title='bbox 2371 2225 2624 2300; x_wconf 87' lang='lat' dir='ltr'>Spiritus</span> <span class='ocrx_word' id='word_1_395' title='bbox 2657 2227 2866 2284; x_wconf 89' lang='lat' dir='ltr'>sancti.</span> <span class='ocrx_word' id='word_1_396' title='bbox 2895 2249 2924 2277; x_wconf 86' lang='lat'>»</span> <span class='ocrx_word' id='word_1_397' title='bbox 2947 2249 2974 2277; x_wconf 87' lang='grc'><strong>‹‹</strong></span> <span class='ocrx_word' id='word_1_398' title='bbox 3009 2231 3074 2282; x_wconf 88' lang='lat' dir='ltr'>In</span> <span class='ocrx_word' id='word_1_399' title='bbox 3107 2227 3376 2282; x_wconf 89' lang='lat' dir='ltr'>sacriﬁcii</span> <span class='ocrx_word' id='word_1_400' title='bbox 3408 2227 3586 2284; x_wconf 90' lang='lat' dir='ltr'>etiam</span> <span class='ocrx_word' id='word_1_401' title='bbox 3618 2228 3944 2303; x_wconf 85' lang='lat' dir='ltr'>singularis</span> 
     </span>
    </p>
   </div>
   <div class='ocr_carea' id='block_1_53' title="bbox 2284 2316 3946 2388">
    <p class='ocr_par' dir='ltr' id='par_1_53' title="bbox 2284 2316 3946 2388">
     <span class='ocr_line' id='line_1_53' title="bbox 2284 2316 3946 2388; baseline 0.003 -17"><span class='ocrx_word' id='word_1_402' title='bbox 2284 2316 2692 2386; x_wconf 88' lang='lat' dir='ltr'>celebratione,</span> <span class='ocrx_word' id='word_1_403' title='bbox 2727 2316 2880 2371; x_wconf 88' lang='lat' dir='ltr'>sicut</span> <span class='ocrx_word' id='word_1_404' title='bbox 2909 2320 2968 2372; x_wconf 90' lang='lat' dir='ltr'>et</span> <span class='ocrx_word' id='word_1_405' title='bbox 3012 2316 3218 2371; x_wconf 87' lang='lat' dir='ltr'>beatus</span> <span class='ocrx_word' id='word_1_406' title='bbox 3249 2316 3616 2388; x_wconf 81' lang='lat' dir='ltr'>Augustinus</span> <span class='ocrx_word' id='word_1_407' title='bbox 3664 2317 3728 2372; x_wconf 90' lang='lat' dir='ltr'>in</span> <span class='ocrx_word' id='word_1_408' title='bbox 3780 2319 3946 2376; x_wconf 88' lang='lat' dir='ltr'>libris</span> 
     </span>
    </p>
   </div>
   <div class='ocr_carea' id='block_1_54' title="bbox 2284 2403 3943 2482">
    <p class='ocr_par' dir='ltr' id='par_1_54' title="bbox 2284 2403 3943 2482">
     <span class='ocr_line' id='line_1_54' title="bbox 2284 2403 3943 2482; baseline 0.002 -21"><span class='ocrx_word' id='word_1_409' title='bbox 2284 2405 2411 2461; x_wconf 89' lang='lat' dir='ltr'>suis</span> <span class='ocrx_word' id='word_1_410' title='bbox 2433 2409 2868 2472; x_wconf 90' lang='lat' dir='ltr'>commemorat,</span> <span class='ocrx_word' id='word_1_411' title='bbox 2893 2404 3112 2476; x_wconf 85' lang='lat' dir='ltr'>gratias</span> <span class='ocrx_word' id='word_1_412' title='bbox 3139 2403 3383 2460; x_wconf 88' lang='lat' dir='ltr'>Domino</span> <span class='ocrx_word' id='word_1_413' title='bbox 3407 2405 3522 2462; x_wconf 92' lang='lat' dir='ltr'>Deo</span> <span class='ocrx_word' id='word_1_414' title='bbox 3545 2411 3752 2464; x_wconf 90' lang='lat' dir='ltr'>nostro</span> <span class='ocrx_word' id='word_1_415' title='bbox 3775 2425 3943 2482; x_wconf 85' lang='lat' dir='ltr'>agere</span> 
     </span>
    </p>
   </div>
   <div class='ocr_carea' id='block_1_55' title="bbox 2247 2492 3945 2570">
    <p class='ocr_par' dir='ltr' id='par_1_55' title="bbox 2247 2492 3945 2570">
     <span class='ocr_line' id='line_1_55' title="bbox 2247 2492 3945 2570; baseline 0.002 -21"><span class='ocrx_word' id='word_1_416' title='bbox 2247 2499 2253 2505; x_wconf 91' lang='lat'>&#39;</span> <span class='ocrx_word' id='word_1_417' title='bbox 2285 2509 2746 2561; x_wconf 88' lang='lat' dir='ltr'>commonemur,</span> <span class='ocrx_word' id='word_1_418' title='bbox 2771 2493 2912 2564; x_wconf 90' lang='lat' dir='ltr'>quia</span> <span class='ocrx_word' id='word_1_419' title='bbox 2935 2498 2992 2548; x_wconf 91' lang='lat' dir='ltr'>et</span> <span class='ocrx_word' id='word_1_420' title='bbox 3022 2492 3131 2548; x_wconf 92' lang='lat' dir='ltr'>hoc</span> <span class='ocrx_word' id='word_1_421' title='bbox 3161 2493 3318 2565; x_wconf 91' lang='lat' dir='ltr'>quod</span> <span class='ocrx_word' id='word_1_422' title='bbox 3350 2493 3500 2549; x_wconf 90' lang='lat' dir='ltr'>inter</span> <span class='ocrx_word' id='word_1_423' title='bbox 3529 2511 3700 2551; x_wconf 87' lang='lat' dir='ltr'>sacra</span> <span class='ocrx_word' id='word_1_424' title='bbox 3735 2503 3945 2570; x_wconf 75' lang='lat' dir='ltr'>myste-</span> 
     </span>
    </p>
   </div>
   <div class='ocr_carea' id='block_1_56' title="bbox 2287 2581 3940 2656">
    <p class='ocr_par' dir='ltr' id='par_1_56' title="bbox 2287 2581 3940 2656">
     <span class='ocr_line' id='line_1_56' title="bbox 2287 2581 3940 2656; baseline 0.003 -19"><span class='ocrx_word' id='word_1_425' title='bbox 2287 2582 2372 2638; x_wconf 89' lang='lat' dir='ltr'>ria</span> <span class='ocrx_word' id='word_1_426' title='bbox 2401 2599 2501 2636; x_wconf 90' lang='lat' dir='ltr'>cor</span> <span class='ocrx_word' id='word_1_427' title='bbox 2531 2581 2744 2637; x_wconf 87' lang='lat' dir='ltr'>habere</span> <span class='ocrx_word' id='word_1_428' title='bbox 2778 2598 3014 2638; x_wconf 92' lang='lat' dir='ltr'>sursum</span> <span class='ocrx_word' id='word_1_429' title='bbox 3037 2581 3338 2652; x_wconf 87' lang='lat' dir='ltr'>jubcmur,</span> <span class='ocrx_word' id='word_1_430' title='bbox 3371 2583 3498 2656; x_wconf 89' lang='lat' dir='ltr'>ipso</span> <span class='ocrx_word' id='word_1_431' title='bbox 3532 2584 3856 2656; x_wconf 87' lang='lat' dir='ltr'>adjuvante</span> <span class='ocrx_word' id='word_1_432' title='bbox 3882 2587 3940 2642; x_wconf 90' lang='lat' dir='ltr'>id</span> 
     </span>
    </p>
   </div>
   <div class='ocr_carea' id='block_1_57' title="bbox 2283 2671 3941 2746">
    <p class='ocr_par' dir='ltr' id='par_1_57' title="bbox 2283 2671 3941 2746">
     <span class='ocr_line' id='line_1_57' title="bbox 2283 2671 3941 2746; baseline 0.002 -20"><span class='ocrx_word' id='word_1_433' title='bbox 2283 2671 2546 2726; x_wconf 86' lang='lat' dir='ltr'>valemus</span> <span class='ocrx_word' id='word_1_434' title='bbox 2579 2687 2694 2742; x_wconf 90' lang='lat' dir='ltr'>quo</span> <span class='ocrx_word' id='word_1_435' title='bbox 2727 2671 2972 2742; x_wconf 90' lang='lat' dir='ltr'>jubente</span> <span class='ocrx_word' id='word_1_436' title='bbox 3021 2671 3524 2726; x_wconf 89' lang='lat' dir='ltr'>admonemur:et</span> <span class='ocrx_word' id='word_1_437' title='bbox 3552 2671 3684 2728; x_wconf 91' lang='lat' dir='ltr'>ideo</span> <span class='ocrx_word' id='word_1_438' title='bbox 3735 2674 3941 2746; x_wconf 69' lang='lat' dir='ltr'>praeci-</span> 
     </span>
    </p>
   </div>
   <div class='ocr_carea' id='block_1_58' title="bbox 2285 2759 3943 2834">
    <p class='ocr_par' dir='ltr' id='par_1_58' title="bbox 2285 2759 3943 2834">
     <span class='ocr_line' id='line_1_58' title="bbox 2285 2759 3943 2834; baseline 0.003 -18"><span class='ocrx_word' id='word_1_439' title='bbox 2285 2777 2396 2834; x_wconf 87' lang='lat' dir='ltr'>pue</span> <span class='ocrx_word' id='word_1_440' title='bbox 2428 2759 2487 2815; x_wconf 92' lang='lat' dir='ltr'>in</span> <span class='ocrx_word' id='word_1_441' title='bbox 2519 2759 2644 2832; x_wconf 90' lang='lat' dir='ltr'>ipso</span> <span class='ocrx_word' id='word_1_442' title='bbox 2691 2759 2978 2816; x_wconf 85' lang='lat' dir='ltr'>sacriﬁcio</span> <span class='ocrx_word' id='word_1_443' title='bbox 2999 2759 3258 2831; x_wconf 89' lang='lat' dir='ltr'>corporis</span> <span class='ocrx_word' id='word_1_444' title='bbox 3279 2759 3489 2816; x_wconf 87' lang='lat' dir='ltr'>Christi</span> <span class='ocrx_word' id='word_1_445' title='bbox 3532 2777 3567 2816; x_wconf 91' lang='lat' dir='ltr'>a</span> <span class='ocrx_word' id='word_1_446' title='bbox 3614 2763 3943 2834; x_wconf 83' lang='lat' dir='ltr'>gratiarum</span> 
     </span>
    </p>
   </div>
   <div class='ocr_carea' id='block_1_59' title="bbox 2283 2847 3944 2921">
    <p class='ocr_par' dir='ltr' id='par_1_59' title="bbox 2283 2847 3944 2921">
     <span class='ocr_line' id='line_1_59' title="bbox 2283 2847 3944 2921; baseline 0.002 -16"><span class='ocrx_word' id='word_1_447' title='bbox 2283 2849 2513 2906; x_wconf 90' lang='lat' dir='ltr'>actione</span> <span class='ocrx_word' id='word_1_448' title='bbox 2562 2847 2900 2921; x_wconf 89' lang='lat' dir='ltr'>incipimus,</span> <span class='ocrx_word' id='word_1_449' title='bbox 2931 2847 3240 2903; x_wconf 90' lang='lat' dir='ltr'>rcddentes</span> <span class='ocrx_word' id='word_1_450' title='bbox 3291 2847 3520 2904; x_wconf 87' lang='lat' dir='ltr'>debitas</span> <span class='ocrx_word' id='word_1_451' title='bbox 3567 2848 3780 2908; x_wconf 87' lang='lat' dir='ltr'>laudes</span> <span class='ocrx_word' id='word_1_452' title='bbox 3826 2851 3944 2909; x_wconf 86' lang='lat' dir='ltr'>Deo</span> 
     </span>
    </p>
   </div>
   <div class='ocr_carea' id='block_1_60' title="bbox 2287 2935 3941 3010">
    <p class='ocr_par' dir='ltr' id='par_1_60' title="bbox 2287 2935 3941 3010">
     <span class='ocr_line' id='line_1_60' title="bbox 2287 2935 3941 3010; baseline 0.002 -17"><span class='ocrx_word' id='word_1_453' title='bbox 2287 2937 2460 3009; x_wconf 86' lang='lat' dir='ltr'>Patri,</span> <span class='ocrx_word' id='word_1_454' title='bbox 2485 2936 2587 3010; x_wconf 92' lang='lat' dir='ltr'>qui</span> <span class='ocrx_word' id='word_1_455' title='bbox 2615 2936 2676 2992; x_wconf 93' lang='lat' dir='ltr'>in</span> <span class='ocrx_word' id='word_1_456' title='bbox 2725 2935 3089 3009; x_wconf 89' lang='lat' dir='ltr'>plenitudine</span> <span class='ocrx_word' id='word_1_457' title='bbox 3129 2941 3462 3010; x_wconf 90' lang='lat' dir='ltr'>temporum</span> <span class='ocrx_word' id='word_1_458' title='bbox 3509 2937 3675 2995; x_wconf 85' lang='lat' dir='ltr'>misit</span> <span class='ocrx_word' id='word_1_459' title='bbox 3729 2939 3941 2996; x_wconf 83' lang='lat' dir='ltr'>Filium</span> 
     </span>
    </p>
   </div>
   <div class='ocr_carea' id='block_1_61' title="bbox 2285 3025 3944 3102">
    <p class='ocr_par' dir='ltr' id='par_1_61' title="bbox 2285 3025 3944 3102">
     <span class='ocr_line' id='line_1_61' title="bbox 2285 3025 3944 3102; baseline 0.002 -19"><span class='ocrx_word' id='word_1_460' title='bbox 2285 3044 2484 3093; x_wconf 86' lang='lat' dir='ltr'>suum,</span> <span class='ocrx_word' id='word_1_461' title='bbox 2529 3027 2750 3081; x_wconf 85' lang='lat' dir='ltr'>factum</span> <span class='ocrx_word' id='word_1_462' title='bbox 2807 3041 2876 3080; x_wconf 85' lang='lat' dir='ltr'>ex</span> <span class='ocrx_word' id='word_1_463' title='bbox 2929 3025 3193 3096; x_wconf 89' lang='lat' dir='ltr'>muliere,</span> <span class='ocrx_word' id='word_1_464' title='bbox 3242 3027 3465 3082; x_wconf 87' lang='lat' dir='ltr'>factum</span> <span class='ocrx_word' id='word_1_465' title='bbox 3519 3028 3630 3084; x_wconf 88' lang='lat' dir='ltr'>sub</span> <span class='ocrx_word' id='word_1_466' title='bbox 3693 3027 3847 3102; x_wconf 86' lang='lat' dir='ltr'>lege,</span> <span class='ocrx_word' id='word_1_467' title='bbox 3877 3034 3944 3086; x_wconf 87' lang='lat' dir='ltr'>ut</span> 
     </span>
    </p>
   </div>
   <div class='ocr_carea' id='block_1_62' title="bbox 2286 3113 3942 3190">
    <p class='ocr_par' dir='ltr' id='par_1_62' title="bbox 2286 3113 3942 3190">
     <span class='ocr_line' id='line_1_62' title="bbox 2286 3113 3942 3190; baseline 0.003 -19"><span class='ocrx_word' id='word_1_468' title='bbox 2286 3133 2385 3172; x_wconf 91' lang='lat' dir='ltr'>eos</span> <span class='ocrx_word' id='word_1_469' title='bbox 2414 3115 2516 3188; x_wconf 92' lang='lat' dir='ltr'>qui</span> <span class='ocrx_word' id='word_1_470' title='bbox 2545 3115 2654 3171; x_wconf 89' lang='lat' dir='ltr'>sub</span> <span class='ocrx_word' id='word_1_471' title='bbox 2701 3113 2827 3187; x_wconf 89' lang='lat' dir='ltr'>lege</span> <span class='ocrx_word' id='word_1_472' title='bbox 2871 3119 3038 3170; x_wconf 90' lang='lat' dir='ltr'>erant</span> <span class='ocrx_word' id='word_1_473' title='bbox 3080 3114 3412 3184; x_wconf 89' lang='lat' dir='ltr'>redimeret,</span> <span class='ocrx_word' id='word_1_474' title='bbox 3445 3120 3512 3171; x_wconf 90' lang='lat' dir='ltr'>ut</span> <span class='ocrx_word' id='word_1_475' title='bbox 3557 3116 3942 3190; x_wconf 86' lang='lat' dir='ltr'>adeptionem</span> 
     </span>
    </p>
   </div>
   <div class='ocr_carea' id='block_1_63' title="bbox 528 3203 3942 3290">
    <p class='ocr_par' dir='ltr' id='par_1_63' title="bbox 528 3203 3942 3290">
     <span class='ocr_line' id='line_1_63' title="bbox 528 3203 3942 3290; baseline -0.002 -16"><span class='ocrx_word' id='word_1_476' title='bbox 528 3217 630 3274; x_wconf 89' lang='lat' dir='ltr'>sed</span> <span class='ocrx_word' id='word_1_477' title='bbox 653 3215 939 3290; x_wconf 89' lang='lat' dir='ltr'>quidquid</span> <span class='ocrx_word' id='word_1_478' title='bbox 963 3210 1427 3270; x_wconf 88' lang='lat' dir='ltr'>substantialiter</span> <span class='ocrx_word' id='word_1_479' title='bbox 1446 3211 1516 3266; x_wconf 91' lang='lat' dir='ltr'>de</span> <span class='ocrx_word' id='word_1_480' title='bbox 1537 3209 1954 3277; x_wconf 88' lang='lat' dir='ltr'>Deo,videlicet</span> <span class='ocrx_word' id='word_1_481' title='bbox 1975 3214 2178 3266; x_wconf 88' lang='lat' dir='ltr'>sancta</span> <span class='ocrx_word' id='word_1_482' title='bbox 2217 3282 2249 3290; x_wconf 77' lang='lat'>_</span> <span class='ocrx_word' id='word_1_483' title='bbox 2287 3205 2542 3260; x_wconf 89' lang='lat' dir='ltr'>ﬁliorum</span> <span class='ocrx_word' id='word_1_484' title='bbox 2600 3203 3013 3276; x_wconf 89' lang='lat' dir='ltr'>reciperemus,</span> <span class='ocrx_word' id='word_1_485' title='bbox 3075 3205 3402 3260; x_wconf 89' lang='lat' dir='ltr'>secundum</span> <span class='ocrx_word' id='word_1_486' title='bbox 3465 3205 3942 3278; x_wconf 65' lang='lat' dir='ltr'>praedicationem</span> 
     </span>
    </p>
   </div>
   <div class='ocr_carea' id='block_1_64' title="bbox 530 3299 2068 3373">
    <p class='ocr_par' dir='ltr' id='par_1_64' title="bbox 530 3299 2068 3373">
     <span class='ocr_line' id='line_1_64' title="bbox 530 3299 2068 3373; baseline -0.006 -12"><span class='ocrx_word' id='word_1_487' title='bbox 530 3305 816 3361; x_wconf 86' lang='lat' dir='ltr'>Trinitatc</span> <span class='ocrx_word' id='word_1_488' title='bbox 836 3303 998 3369; x_wconf 89' lang='lat' dir='ltr'>dicit,</span> <span class='ocrx_word' id='word_1_489' title='bbox 1025 3299 1311 3373; x_wconf 86' lang='lat' dir='ltr'>singulari</span> <span class='ocrx_word' id='word_1_490' title='bbox 1343 3316 1589 3355; x_wconf 90' lang='lat' dir='ltr'>numero</span> <span class='ocrx_word' id='word_1_491' title='bbox 1611 3299 1805 3366; x_wconf 81' lang='lat' dir='ltr'>effert;</span> <span class='ocrx_word' id='word_1_492' title='bbox 1839 3303 1905 3354; x_wconf 91' lang='lat' dir='ltr'>ut</span> <span class='ocrx_word' id='word_1_493' title='bbox 1934 3303 2022 3353; x_wconf 85' lang='lat' dir='ltr'>est</span> <span class='ocrx_word' id='word_1_494' title='bbox 2055 3315 2068 3352; x_wconf 93' lang='lat'>:</span> 
     </span>
    </p>
   </div>
   <div class='ocr_carea' id='block_1_65' title="bbox 594 3404 1982 3468">
    <p class='ocr_par' dir='ltr' id='par_1_65' title="bbox 594 3404 1982 3468">
     <span class='ocr_line' id='line_1_65' title="bbox 594 3404 1982 3468; baseline -0.004 -10"><span class='ocrx_word' id='word_1_495' title='bbox 594 3409 792 3458; x_wconf 89' lang='lat' dir='ltr'>Somno</span> <span class='ocrx_word' id='word_1_496' title='bbox 820 3407 1029 3457; x_wconf 87' lang='lat' dir='ltr'>refectis</span> <span class='ocrx_word' id='word_1_497' title='bbox 1047 3405 1287 3468; x_wconf 84' lang='lat' dir='ltr'>artubus,</span> <span class='ocrx_word' id='word_1_498' title='bbox 1308 3408 1490 3468; x_wconf 89' lang='lat' dir='ltr'>spreto</span> <span class='ocrx_word' id='word_1_499' title='bbox 1511 3405 1675 3468; x_wconf 78' lang='lat' dir='ltr'>cubili</span> <span class='ocrx_word' id='word_1_500' title='bbox 1698 3404 1982 3468; x_wconf 85' lang='lat' dir='ltr'>surgimus,</span> 
     </span>
    </p>
   </div>
   <div class='ocr_carea' id='block_1_66' title="bbox 593 3466 2004 3530">
    <p class='ocr_par' dir='ltr' id='par_1_66' title="bbox 593 3466 2004 3530">
     <span class='ocr_line' id='line_1_66' title="bbox 593 3466 2004 3530; baseline -0.005 -8"><span class='ocrx_word' id='word_1_501' title='bbox 593 3471 775 3530; x_wconf 84' lang='lat' dir='ltr'>Nobis,</span> <span class='ocrx_word' id='word_1_502' title='bbox 797 3472 964 3530; x_wconf 87' lang='lat' dir='ltr'>Pater,</span> <span class='ocrx_word' id='word_1_503' title='bbox 988 3467 1325 3527; x_wconf 88' lang='lat' dir='ltr'>canentibus,</span> <span class='ocrx_word' id='word_1_504' title='bbox 1338 3466 1534 3517; x_wconf 74' lang='lat' dir='ltr'>adesse</span> <span class='ocrx_word' id='word_1_505' title='bbox 1565 3472 1615 3516; x_wconf 88' lang='lat' dir='ltr'>te</span> <span class='ocrx_word' id='word_1_506' title='bbox 1646 3466 2004 3530; x_wconf 82' lang='lat' dir='ltr'>deposcimus.</span> 
     </span>
    </p>
   </div>
   <div class='ocr_carea' id='block_1_67' title="bbox 533 3551 652 3606">
    <p class='ocr_par' dir='ltr' id='par_1_67' title="bbox 533 3551 652 3606">
     <span class='ocr_line' id='line_1_67' title="bbox 533 3551 652 3606; baseline 0 0"><span class='ocrx_word' id='word_1_507' title='bbox 533 3551 652 3606; x_wconf 88' lang='lat' dir='ltr'>Et:</span> 
     </span>
    </p>
   </div>
   <div class='ocr_carea' id='block_1_68' title="bbox 597 3633 2077 3701">
    <p class='ocr_par' dir='ltr' id='par_1_68' title="bbox 597 3633 2077 3701">
     <span class='ocr_line' id='line_1_68' title="bbox 597 3633 2077 3701; baseline -0.003 -13"><span class='ocrx_word' id='word_1_508' title='bbox 597 3636 862 3701; x_wconf 88' lang='lat' dir='ltr'>Splendor</span> <span class='ocrx_word' id='word_1_509' title='bbox 880 3635 1340 3701; x_wconf 62' lang='lat' dir='ltr'>paternm_glorim,</span> <span class='ocrx_word' id='word_1_510' title='bbox 1365 3633 1430 3701; x_wconf 76' lang='lat' dir='ltr'>de</span> <span class='ocrx_word' id='word_1_511' title='bbox 1450 3634 1761 3701; x_wconf 69' lang='lat' dir='ltr'>luceluce-ni</span> <span class='ocrx_word' id='word_1_512' title='bbox 1784 3635 2077 3701; x_wconf 85' lang='lat' dir='ltr'>proferens,</span> 
     </span>
    </p>
   </div>
   <div class='ocr_carea' id='block_1_69' title="bbox 596 3697 2014 3758">
    <p class='ocr_par' dir='ltr' id='par_1_69' title="bbox 596 3697 2014 3758">
     <span class='ocr_line' id='line_1_69' title="bbox 596 3697 2014 3758; baseline -0.004 -6"><span class='ocrx_word' id='word_1_513' title='bbox 596 3697 708 3752; x_wconf 78' lang='lat' dir='ltr'>Lux</span> <span class='ocrx_word' id='word_1_514' title='bbox 736 3697 947 3750; x_wconf 47' lang='lat' dir='ltr'>lucis—et</span> <span class='ocrx_word' id='word_1_515' title='bbox 975 3698 1097 3748; x_wconf 87' lang='lat' dir='ltr'>fons</span> <span class='ocrx_word' id='word_1_516' title='bbox 1127 3697 1360 3758; x_wconf 82' lang='lat' dir='ltr'>luminis,</span> <span class='ocrx_word' id='word_1_517' title='bbox 1383 3697 1520 3746; x_wconf 86' lang='lat' dir='ltr'>diem</span> <span class='ocrx_word' id='word_1_518' title='bbox 1551 3697 1664 3747; x_wconf 84' lang='lat' dir='ltr'>dies</span> <span class='ocrx_word' id='word_1_519' title='bbox 1690 3697 2014 3748; x_wconf 85' lang='lat' dir='ltr'>illuininans.</span> 
     </span>
    </p>
   </div>
   <div class='ocr_carea' id='block_1_70' title="bbox 534 3783 1497 3844">
    <p class='ocr_par' dir='ltr' id='par_1_70' title="bbox 534 3783 1497 3844">
     <span class='ocr_line' id='line_1_70' title="bbox 534 3783 1497 3844; baseline 0.007 -7"><span class='ocrx_word' id='word_1_520' title='bbox 534 3783 650 3838; x_wconf 89' lang='lat' dir='ltr'>Et:</span> <span class='ocrx_word' id='word_1_521' title='bbox 1488 3832 1497 3844; x_wconf 92' lang='lat'>.</span> 
     </span>
    </p>
   </div>
   <div class='ocr_carea' id='block_1_71' title="bbox 597 3867 2066 3931">
    <p class='ocr_par' dir='ltr' id='par_1_71' title="bbox 597 3867 2066 3931">
     <span class='ocr_line' id='line_1_71' title="bbox 597 3867 2066 3931; baseline -0.001 -11"><span class='ocrx_word' id='word_1_522' title='bbox 597 3872 749 3920; x_wconf 89' lang='lat' dir='ltr'>Nunc</span> <span class='ocrx_word' id='word_1_523' title='bbox 771 3873 950 3918; x_wconf 84' lang='lat' dir='ltr'>sancte</span> <span class='ocrx_word' id='word_1_524' title='bbox 980 3868 1134 3917; x_wconf 88' lang='lat' dir='ltr'>nobis</span> <span class='ocrx_word' id='word_1_525' title='bbox 1155 3867 1400 3931; x_wconf 76' lang='lat' dir='ltr'>Spiritus.</span> <span class='ocrx_word' id='word_1_526' title='bbox 1422 3881 1565 3916; x_wconf 89' lang='lat' dir='ltr'>unus</span> <span class='ocrx_word' id='word_1_527' title='bbox 1584 3868 1753 3916; x_wconf 86' lang='lat' dir='ltr'>Patris</span> <span class='ocrx_word' id='word_1_528' title='bbox 1774 3882 1892 3917; x_wconf 88' lang='lat' dir='ltr'>cum</span> <span class='ocrx_word' id='word_1_529' title='bbox 1918 3869 2066 3928; x_wconf 84' lang='lat' dir='ltr'>Filio,</span> 
     </span>
    </p>
   </div>
   <div class='ocr_carea' id='block_1_72' title="bbox 596 3931 2010 3997">
    <p class='ocr_par' dir='ltr' id='par_1_72' title="bbox 596 3931 2010 3997">
     <span class='ocr_line' id='line_1_72' title="bbox 596 3931 2010 3997; baseline -0.001 -15"><span class='ocrx_word' id='word_1_530' title='bbox 596 3934 826 3997; x_wconf 87' lang='lat' dir='ltr'>Dignare</span> <span class='ocrx_word' id='word_1_531' title='bbox 855 3935 1136 3996; x_wconf 88' lang='lat' dir='ltr'>promptus</span> <span class='ocrx_word' id='word_1_532' title='bbox 1151 3931 1339 3994; x_wconf 83' lang='lat' dir='ltr'>ingeri,</span> <span class='ocrx_word' id='word_1_533' title='bbox 1365 3935 1548 3980; x_wconf 86' lang='lat' dir='ltr'>nostro</span> <span class='ocrx_word' id='word_1_534' title='bbox 1570 3932 1775 3980; x_wconf 82' lang='lat' dir='ltr'>refusus</span> <span class='ocrx_word' id='word_1_535' title='bbox 1793 3932 2010 3994; x_wconf 87' lang='lat' dir='ltr'>pectori.</span> 
     </span>
    </p>
   </div>
   <div class='ocr_carea' id='block_1_73' title="bbox 533 4018 2181 4094">
    <p class='ocr_par' dir='ltr' id='par_1_73' title="bbox 533 4018 2181 4094">
     <span class='ocr_line' id='line_1_73' title="bbox 533 4018 2181 4094; baseline -0.001 -16"><span class='ocrx_word' id='word_1_536' title='bbox 533 4023 596 4078; x_wconf 91' lang='lat' dir='ltr'>in</span> <span class='ocrx_word' id='word_1_537' title='bbox 629 4038 877 4094; x_wconf 90' lang='lat' dir='ltr'>quorum</span> <span class='ocrx_word' id='word_1_538' title='bbox 906 4020 1256 4092; x_wconf 76' lang='lat' dir='ltr'>hymnorum</span> <span class='ocrx_word' id='word_1_539' title='bbox 1283 4018 1658 4074; x_wconf 89' lang='lat' dir='ltr'>conclusione</span> <span class='ocrx_word' id='word_1_540' title='bbox 1679 4025 1890 4076; x_wconf 62' lang='lat' dir='ltr'>sancta:</span> <span class='ocrx_word' id='word_1_541' title='bbox 1913 4020 2181 4076; x_wconf 87' lang='lat' dir='ltr'>Trinitati</span> 
     </span>
    </p>
   </div>
   <div class='ocr_carea' id='block_1_74' title="bbox 535 4106 2124 4180">
    <p class='ocr_par' dir='ltr' id='par_1_74' title="bbox 535 4106 2124 4180">
     <span class='ocr_line' id='line_1_74' title="bbox 535 4106 2124 4180; baseline -0.001 -14"><span class='ocrx_word' id='word_1_542' title='bbox 535 4125 768 4180; x_wconf 88' lang='lat' dir='ltr'>semper</span> <span class='ocrx_word' id='word_1_543' title='bbox 798 4125 976 4162; x_wconf 90' lang='lat' dir='ltr'>unam</span> <span class='ocrx_word' id='word_1_544' title='bbox 1007 4112 1063 4162; x_wconf 90' lang='lat' dir='ltr'>ct</span> <span class='ocrx_word' id='word_1_545' title='bbox 1091 4106 1374 4178; x_wconf 72' lang='lat' dir='ltr'>azqualem</span> <span class='ocrx_word' id='word_1_546' title='bbox 1399 4106 1643 4180; x_wconf 86' lang='lat' dir='ltr'>gloriam</span> <span class='ocrx_word' id='word_1_547' title='bbox 1676 4109 1850 4164; x_wconf 84' lang='lat' dir='ltr'>refert</span> <span class='ocrx_word' id='word_1_548' title='bbox 1879 4109 2078 4165; x_wconf 89' lang='lat' dir='ltr'>dicens</span> <span class='ocrx_word' id='word_1_549' title='bbox 2111 4127 2124 4165; x_wconf 90' lang='lat'><strong>:</strong></span> 
     </span>
    </p>
   </div>
   <div class='ocr_carea' id='block_1_75' title="bbox 597 4204 2000 4268">
    <p class='ocr_par' dir='ltr' id='par_1_75' title="bbox 597 4204 2000 4268">
     <span class='ocr_line' id='line_1_75' title="bbox 597 4204 2000 4268; baseline -0.001 -12"><span class='ocrx_word' id='word_1_550' title='bbox 597 4207 813 4268; x_wconf 63' lang='lat' dir='ltr'>Praesta,</span> <span class='ocrx_word' id='word_1_551' title='bbox 833 4205 999 4268; x_wconf 78' lang='lat' dir='ltr'>Pater</span> <span class='ocrx_word' id='word_1_552' title='bbox 1025 4204 1278 4268; x_wconf 79' lang='lat' dir='ltr'>piissime,</span> <span class='ocrx_word' id='word_1_553' title='bbox 1302 4204 1547 4266; x_wconf 88' lang='lat' dir='ltr'>Patrique</span> <span class='ocrx_word' id='word_1_554' title='bbox 1577 4218 1796 4268; x_wconf 88' lang='lat' dir='ltr'>compar</span> <span class='ocrx_word' id='word_1_555' title='bbox 1825 4207 2000 4264; x_wconf 87' lang='lat' dir='ltr'>unice,</span> 
     </span>
    </p>
   </div>
   <div class='ocr_carea' id='block_1_76' title="bbox 597 4265 2117 4345">
    <p class='ocr_par' dir='ltr' id='par_1_76' title="bbox 597 4265 2117 4345">
     <span class='ocr_line' id='line_1_76' title="bbox 597 4265 2117 4345; baseline 0.001 -27"><span class='ocrx_word' id='word_1_556' title='bbox 597 4268 728 4318; x_wconf 90' lang='lat' dir='ltr'>Cum</span> <span class='ocrx_word' id='word_1_557' title='bbox 757 4265 954 4330; x_wconf 87' lang='lat' dir='ltr'>Spiritu</span> <span class='ocrx_word' id='word_1_558' title='bbox 984 4265 1254 4345; x_wconf 77' lang='lat' dir='ltr'>paraclito,</span> <span class='ocrx_word' id='word_1_559' title='bbox 1276 4265 1510 4329; x_wconf 82' lang='lat' dir='ltr'>regnans</span> <span class='ocrx_word' id='word_1_560' title='bbox 1538 4279 1633 4330; x_wconf 88' lang='lat' dir='ltr'>per</span> <span class='ocrx_word' id='word_1_561' title='bbox 1661 4265 1819 4317; x_wconf 81' lang='lat' dir='ltr'>omne</span> <span class='ocrx_word' id='word_1_562' title='bbox 1844 4271 2117 4319; x_wconf 67' lang='lat' dir='ltr'>saeculum.</span> 
     </span>
    </p>
   </div>
   <div class='ocr_carea' id='block_1_77' title="bbox 535 4345 684 4403">
    <p class='ocr_par' dir='ltr' id='par_1_77' title="bbox 535 4345 684 4403">
     <span class='ocr_line' id='line_1_77' title="bbox 535 4345 684 4403; baseline -0.007 0"><span class='ocrx_word' id='word_1_563' title='bbox 535 4345 639 4403; x_wconf 89' lang='lat' dir='ltr'>Vel</span> <span class='ocrx_word' id='word_1_564' title='bbox 669 4363 684 4402; x_wconf 87' lang='lat'>:</span> 
     </span>
    </p>
   </div>
   <div class='ocr_carea' id='block_1_78' title="bbox 599 4431 1746 4497">
    <p class='ocr_par' dir='ltr' id='par_1_78' title="bbox 599 4431 1746 4497">
     <span class='ocr_line' id='line_1_78' title="bbox 599 4431 1746 4497; baseline -0.003 -11"><span class='ocrx_word' id='word_1_565' title='bbox 599 4437 708 4486; x_wconf 90' lang='lat' dir='ltr'>Deo</span> <span class='ocrx_word' id='word_1_566' title='bbox 737 4433 888 4497; x_wconf 8' lang='lat' dir='ltr'>Patri,</span> <span class='ocrx_word' id='word_1_567' title='bbox 907 4433 976 4482; x_wconf 90' lang='lat' dir='ltr'>sit</span> <span class='ocrx_word' id='word_1_568' title='bbox 1002 4431 1186 4497; x_wconf 83' lang='lat' dir='ltr'>gloria,</span> <span class='ocrx_word' id='word_1_569' title='bbox 1218 4432 1442 4497; x_wconf 86' lang='lat' dir='ltr'>ejusque</span> <span class='ocrx_word' id='word_1_570' title='bbox 1471 4433 1566 4483; x_wconf 88' lang='lat' dir='ltr'>soli</span> <span class='ocrx_word' id='word_1_571' title='bbox 1599 4433 1746 4493; x_wconf 92' lang='lat' dir='ltr'>Filio,</span> 
     </span>
    </p>
   </div>
   <div class='ocr_carea' id='block_1_79' title="bbox 599 4496 2038 4562">
    <p class='ocr_par' dir='ltr' id='par_1_79' title="bbox 599 4496 2038 4562">
     <span class='ocr_line' id='line_1_79' title="bbox 599 4496 2038 4562; baseline 0.001 -14"><span class='ocrx_word' id='word_1_572' title='bbox 599 4498 729 4548; x_wconf 90' lang='lat' dir='ltr'>Cum</span> <span class='ocrx_word' id='word_1_573' title='bbox 759 4496 957 4560; x_wconf 90' lang='lat' dir='ltr'>Spiritu</span> <span class='ocrx_word' id='word_1_574' title='bbox 985 4496 1262 4559; x_wconf 87' lang='lat' dir='ltr'>paraclito,</span> <span class='ocrx_word' id='word_1_575' title='bbox 1283 4501 1336 4546; x_wconf 89' lang='lat' dir='ltr'>et</span> <span class='ocrx_word' id='word_1_576' title='bbox 1359 4496 1505 4546; x_wconf 88' lang='lat' dir='ltr'>nunc</span> <span class='ocrx_word' id='word_1_577' title='bbox 1535 4501 1588 4546; x_wconf 90' lang='lat' dir='ltr'>et</span> <span class='ocrx_word' id='word_1_578' title='bbox 1615 4497 1670 4546; x_wconf 93' lang='lat' dir='ltr'>in</span> <span class='ocrx_word' id='word_1_579' title='bbox 1699 4503 2038 4562; x_wconf 87' lang='lat' dir='ltr'>perpetuum.</span> 
     </span>
    </p>
   </div>
   <div class='ocr_carea' id='block_1_80' title="bbox 536 4577 690 4636">
    <p class='ocr_par' dir='ltr' id='par_1_80' title="bbox 536 4577 690 4636">
     <span class='ocr_line' id='line_1_80' title="bbox 536 4577 690 4636; baseline -0.006 -2"><span class='ocrx_word' id='word_1_580' title='bbox 536 4577 641 4636; x_wconf 85' lang='lat' dir='ltr'>Vel</span> <span class='ocrx_word' id='word_1_581' title='bbox 676 4595 690 4633; x_wconf 91' lang='lat'><strong>:</strong></span> 
     </span>
    </p>
   </div>
   <div class='ocr_carea' id='block_1_81' title="bbox 601 4663 1935 4728">
    <p class='ocr_par' dir='ltr' id='par_1_81' title="bbox 601 4663 1935 4728">
     <span class='ocr_line' id='line_1_81' title="bbox 601 4663 1935 4728; baseline 0.001 -13"><span class='ocrx_word' id='word_1_582' title='bbox 601 4668 756 4725; x_wconf 87' lang='lat' dir='ltr'>Laus,</span> <span class='ocrx_word' id='word_1_583' title='bbox 778 4665 970 4724; x_wconf 88' lang='lat' dir='ltr'>honor,</span> <span class='ocrx_word' id='word_1_584' title='bbox 991 4664 1178 4722; x_wconf 81' lang='lat' dir='ltr'>virtus,</span> <span class='ocrx_word' id='word_1_585' title='bbox 1200 4663 1386 4728; x_wconf 81' lang='lat' dir='ltr'>gloria,</span> <span class='ocrx_word' id='word_1_586' title='bbox 1409 4665 1514 4713; x_wconf 92' lang='lat' dir='ltr'>Deo</span> <span class='ocrx_word' id='word_1_587' title='bbox 1538 4665 1674 4728; x_wconf 82' lang='lat' dir='ltr'>Patri</span> <span class='ocrx_word' id='word_1_588' title='bbox 1704 4669 1756 4716; x_wconf 89' lang='lat' dir='ltr'>et</span> <span class='ocrx_word' id='word_1_589' title='bbox 1783 4666 1935 4726; x_wconf 89' lang='lat' dir='ltr'>Filio,</span> 
     </span>
    </p>
   </div>
   <div class='ocr_carea' id='block_1_82' title="bbox 601 4727 1992 4791">
    <p class='ocr_par' dir='ltr' id='par_1_82' title="bbox 601 4727 1992 4791">
     <span class='ocr_line' id='line_1_82' title="bbox 601 4727 1992 4791; baseline 0.001 -12"><span class='ocrx_word' id='word_1_590' title='bbox 601 4730 718 4780; x_wconf 87' lang='lat' dir='ltr'>Una</span> <span class='ocrx_word' id='word_1_591' title='bbox 744 4741 867 4778; x_wconf 91' lang='lat' dir='ltr'>cum</span> <span class='ocrx_word' id='word_1_592' title='bbox 897 4731 1080 4776; x_wconf 85' lang='lat' dir='ltr'>sancto</span> <span class='ocrx_word' id='word_1_593' title='bbox 1108 4727 1322 4791; x_wconf 85' lang='lat' dir='ltr'>Spiritu,</span> <span class='ocrx_word' id='word_1_594' title='bbox 1346 4727 1400 4776; x_wconf 90' lang='lat' dir='ltr'>in</span> <span class='ocrx_word' id='word_1_595' title='bbox 1431 4727 1753 4791; x_wconf 86' lang='lat' dir='ltr'>sempiterna</span> <span class='ocrx_word' id='word_1_596' title='bbox 1781 4731 1992 4780; x_wconf 66' lang='lat' dir='ltr'>saecula.</span> 
     </span>
    </p>
   </div>
   <div class='ocr_carea' id='block_1_83' title="bbox 537 4807 692 4866">
    <p class='ocr_par' dir='ltr' id='par_1_83' title="bbox 537 4807 692 4866">
     <span class='ocr_line' id='line_1_83' title="bbox 537 4807 692 4866; baseline 0 0"><span class='ocrx_word' id='word_1_597' title='bbox 537 4807 644 4866; x_wconf 87' lang='lat' dir='ltr'>Vel</span> <span class='ocrx_word' id='word_1_598' title='bbox 679 4825 692 4866; x_wconf 92' lang='lat'>:</span> 
     </span>
    </p>
   </div>
   <div class='ocr_carea' id='block_1_84' title="bbox 600 4895 1935 4959">
    <p class='ocr_par' dir='ltr' id='par_1_84' title="bbox 600 4895 1935 4959">
     <span class='ocr_line' id='line_1_84' title="bbox 600 4895 1935 4959; baseline -0.001 -11"><span class='ocrx_word' id='word_1_599' title='bbox 600 4898 780 4949; x_wconf 68' lang='lat' dir='ltr'>Gloria</span> <span class='ocrx_word' id='word_1_600' title='bbox 808 4897 920 4959; x_wconf 86' lang='lat' dir='ltr'>tibi,</span> <span class='ocrx_word' id='word_1_601' title='bbox 943 4896 1182 4954; x_wconf 88' lang='lat' dir='ltr'>Domine,</span> <span class='ocrx_word' id='word_1_602' title='bbox 1204 4895 1296 4959; x_wconf 89' lang='lat' dir='ltr'>qui</span> <span class='ocrx_word' id='word_1_603' title='bbox 1329 4896 1601 4944; x_wconf 77' lang='lat' dir='ltr'>surrexiin</span> <span class='ocrx_word' id='word_1_604' title='bbox 1634 4910 1665 4945; x_wconf 89' lang='lat' dir='ltr'>a</span> <span class='ocrx_word' id='word_1_605' title='bbox 1693 4898 1935 4956; x_wconf 89' lang='lat' dir='ltr'>mortuis,</span> 
     </span>
    </p>
   </div>
   <div class='ocr_carea' id='block_1_85' title="bbox 599 4959 2100 5022">
    <p class='ocr_par' dir='ltr' id='par_1_85' title="bbox 599 4959 2100 5022">
     <span class='ocr_line' id='line_1_85' title="bbox 599 4959 2100 5022; baseline -0.001 -10"><span class='ocrx_word' id='word_1_606' title='bbox 599 4963 730 5012; x_wconf 92' lang='lat' dir='ltr'>Cum</span> <span class='ocrx_word' id='word_1_607' title='bbox 751 4963 900 5011; x_wconf 84' lang='lat' dir='ltr'>Putre</span> <span class='ocrx_word' id='word_1_608' title='bbox 930 4963 984 5009; x_wconf 92' lang='lat' dir='ltr'>et</span> <span class='ocrx_word' id='word_1_609' title='bbox 1011 4963 1196 5009; x_wconf 87' lang='lat' dir='ltr'>sancto</span> <span class='ocrx_word' id='word_1_610' title='bbox 1217 4959 1436 5021; x_wconf 88' lang='lat' dir='ltr'>Spiritu,</span> <span class='ocrx_word' id='word_1_611' title='bbox 1460 4959 1512 5007; x_wconf 86' lang='lat' dir='ltr'>in</span> <span class='ocrx_word' id='word_1_612' title='bbox 1533 4960 1861 5022; x_wconf 86' lang='lat' dir='ltr'>sempiterna</span> <span class='ocrx_word' id='word_1_613' title='bbox 1890 4962 2100 5012; x_wconf 69' lang='lat' dir='ltr'>szecula.</span> 
     </span>
    </p>
   </div>
   <div class='ocr_carea' id='block_1_86' title="bbox 539 5041 685 5098">
    <p class='ocr_par' dir='ltr' id='par_1_86' title="bbox 539 5041 685 5098">
     <span class='ocr_line' id='line_1_86' title="bbox 539 5041 685 5098; baseline -0.007 0"><span class='ocrx_word' id='word_1_614' title='bbox 539 5041 640 5098; x_wconf 91' lang='lat' dir='ltr'>Vcl</span> <span class='ocrx_word' id='word_1_615' title='bbox 671 5059 685 5097; x_wconf 89' lang='lat'>:</span> 
     </span>
    </p>
   </div>
   <div class='ocr_carea' id='block_1_87' title="bbox 601 5126 2182 5194">
    <p class='ocr_par' dir='ltr' id='par_1_87' title="bbox 601 5126 2182 5194">
     <span class='ocr_line' id='line_1_87' title="bbox 601 5126 2182 5194; baseline 0.001 -14"><span class='ocrx_word' id='word_1_616' title='bbox 601 5131 866 5180; x_wconf 81' lang='lat' dir='ltr'>Christum</span> <span class='ocrx_word' id='word_1_617' title='bbox 879 5141 1130 5193; x_wconf 83' lang='lat' dir='ltr'>rogemus</span> <span class='ocrx_word' id='word_1_618' title='bbox 1142 5129 1195 5176; x_wconf 91' lang='lat' dir='ltr'>et</span> <span class='ocrx_word' id='word_1_619' title='bbox 1211 5127 1416 5194; x_wconf 77' lang='lat' dir='ltr'>Patrem</span> <span class='ocrx_word' id='word_1_620' title='bbox 1426 5126 1632 5185; x_wconf 81' lang='lat' dir='ltr'>,Cliristi</span> <span class='ocrx_word' id='word_1_621' title='bbox 1647 5128 1917 5194; x_wconf 65' lang='lat' dir='ltr'>Patrisque</span> <span class='ocrx_word' id='word_1_622' title='bbox 1931 5131 2182 5194; x_wconf 89' lang='lat' dir='ltr'>Spiritum</span> 
     </span>
    </p>
   </div>
   <div class='ocr_carea' id='block_1_88' title="bbox 603 5191 2028 5256">
    <p class='ocr_par' dir='ltr' id='par_1_88' title="bbox 603 5191 2028 5256">
     <span class='ocr_line' id='line_1_88' title="bbox 603 5191 2028 5256; baseline -0.001 -13"><span class='ocrx_word' id='word_1_623' title='bbox 603 5195 775 5244; x_wconf 86' lang='lat' dir='ltr'>Unum</span> <span class='ocrx_word' id='word_1_624' title='bbox 798 5191 990 5256; x_wconf 75' lang='lat' dir='ltr'>potens</span> <span class='ocrx_word' id='word_1_625' title='bbox 1013 5205 1106 5254; x_wconf 90' lang='lat' dir='ltr'>per</span> <span class='ocrx_word' id='word_1_626' title='bbox 1127 5191 1324 5246; x_wconf 86' lang='lat' dir='ltr'>omnia,</span> <span class='ocrx_word' id='word_1_627' title='bbox 1347 5191 1467 5239; x_wconf 87' lang='lat' dir='ltr'>fove</span> <span class='ocrx_word' id='word_1_628' title='bbox 1484 5194 1763 5253; x_wconf 85' lang='lat' dir='ltr'>precantes</span> <span class='ocrx_word' id='word_1_629' title='bbox 1781 5191 2028 5242; x_wconf 77' lang='lat' dir='ltr'>Trinitas.</span> 
     </span>
    </p>
   </div>
   <div class='ocr_carea' id='block_1_89' title="bbox 540 5278 2188 5352">
    <p class='ocr_par' dir='ltr' id='par_1_89' title="bbox 540 5278 2188 5352">
     <span class='ocr_line' id='line_1_89' title="bbox 540 5278 2188 5352; baseline 0.001 -15"><span class='ocrx_word' id='word_1_630' title='bbox 540 5283 610 5337; x_wconf 90' lang='lat' dir='ltr'>Et</span> <span class='ocrx_word' id='word_1_631' title='bbox 639 5281 816 5338; x_wconf 90' lang='lat' dir='ltr'>simul</span> <span class='ocrx_word' id='word_1_632' title='bbox 859 5287 1122 5337; x_wconf 89' lang='lat' dir='ltr'>sanctam</span> <span class='ocrx_word' id='word_1_633' title='bbox 1163 5279 1506 5334; x_wconf 87' lang='lat' dir='ltr'>Trinitatem</span> <span class='ocrx_word' id='word_1_634' title='bbox 1547 5278 1872 5352; x_wconf 90' lang='lat' dir='ltr'>alloquens,</span> <span class='ocrx_word' id='word_1_635' title='bbox 1915 5281 2188 5339; x_wconf 88' lang='lat' dir='ltr'>similiter</span> 
     </span>
    </p>
   </div>
   <div class='ocr_carea' id='block_1_90' title="bbox 543 5367 1546 5442">
    <p class='ocr_par' dir='ltr' id='par_1_90' title="bbox 543 5367 1546 5442">
     <span class='ocr_line' id='line_1_90' title="bbox 543 5367 1546 5442; baseline -0.004 -17"><span class='ocrx_word' id='word_1_636' title='bbox 543 5369 827 5442; x_wconf 89' lang='lat' dir='ltr'>singulari</span> <span class='ocrx_word' id='word_1_637' title='bbox 859 5386 1101 5426; x_wconf 91' lang='lat' dir='ltr'>numero</span> <span class='ocrx_word' id='word_1_638' title='bbox 1132 5367 1272 5440; x_wconf 90' lang='lat' dir='ltr'>petit</span> <span class='ocrx_word' id='word_1_639' title='bbox 1302 5367 1501 5423; x_wconf 90' lang='lat' dir='ltr'>dicens</span> <span class='ocrx_word' id='word_1_640' title='bbox 1533 5383 1546 5421; x_wconf 91' lang='lat'><strong>:</strong></span> 
     </span>
    </p>
   </div>
   <div class='ocr_carea' id='block_1_91' title="bbox 604 5455 1818 5520">
    <p class='ocr_par' dir='ltr' id='par_1_91' title="bbox 604 5455 1818 5520">
     <span class='ocr_line' id='line_1_91' title="bbox 604 5455 1818 5520; baseline -0.001 -13"><span class='ocrx_word' id='word_1_641' title='bbox 604 5459 644 5507; x_wconf 94' lang='grc' dir='ltr'><strong>Ο</strong></span> <span class='ocrx_word' id='word_1_642' title='bbox 671 5458 762 5507; x_wconf 85' lang='lat' dir='ltr'>lux</span> <span class='ocrx_word' id='word_1_643' title='bbox 793 5459 946 5508; x_wconf 86' lang='lat' dir='ltr'>beata</span> <span class='ocrx_word' id='word_1_644' title='bbox 973 5459 1216 5516; x_wconf 87' lang='lat' dir='ltr'>Trinitas,</span> <span class='ocrx_word' id='word_1_645' title='bbox 1248 5460 1304 5506; x_wconf 90' lang='lat' dir='ltr'>et</span> <span class='ocrx_word' id='word_1_646' title='bbox 1330 5455 1596 5520; x_wconf 84' lang='lat' dir='ltr'>pricipalis</span> <span class='ocrx_word' id='word_1_647' title='bbox 1623 5457 1818 5516; x_wconf 87' lang='lat' dir='ltr'>unitas,</span> 
     </span>
    </p>
   </div>
   <div class='ocr_carea' id='block_1_92' title="bbox 603 5519 2047 5584">
    <p class='ocr_par' dir='ltr' id='par_1_92' title="bbox 603 5519 2047 5584">
     <span class='ocr_line' id='line_1_92' title="bbox 603 5519 2047 5584; baseline 0 -14"><span class='ocrx_word' id='word_1_648' title='bbox 603 5520 719 5570; x_wconf 85' lang='lat' dir='ltr'>Jam</span> <span class='ocrx_word' id='word_1_649' title='bbox 751 5521 829 5570; x_wconf 84' lang='lat' dir='ltr'>sol</span> <span class='ocrx_word' id='word_1_650' title='bbox 859 5521 1058 5570; x_wconf 77' lang='lat' dir='ltr'>recedit</span> <span class='ocrx_word' id='word_1_651' title='bbox 1085 5521 1295 5584; x_wconf 85' lang='lat' dir='ltr'>igneus,</span> <span class='ocrx_word' id='word_1_652' title='bbox 1314 5519 1538 5570; x_wconf 79' lang='lat' dir='ltr'>infunde</span> <span class='ocrx_word' id='word_1_653' title='bbox 1568 5519 1749 5568; x_wconf 89' lang='lat' dir='ltr'>lumen</span> <span class='ocrx_word' id='word_1_654' title='bbox 1779 5520 2047 5570; x_wconf 87' lang='lat' dir='ltr'>cordibus.</span> 
     </span>
    </p>
   </div>
   <div class='ocr_carea' id='block_1_93' title="bbox 543 5605 2186 5682">
    <p class='ocr_par' dir='ltr' id='par_1_93' title="bbox 543 5605 2186 5682">
     <span class='ocr_line' id='line_1_93' title="bbox 543 5605 2186 5682; baseline 0.002 -17"><span class='ocrx_word' id='word_1_655' title='bbox 543 5609 614 5666; x_wconf 84' lang='lat' dir='ltr'>Et</span> <span class='ocrx_word' id='word_1_656' title='bbox 643 5612 881 5664; x_wconf 89' lang='lat' dir='ltr'>sanctus</span> <span class='ocrx_word' id='word_1_657' title='bbox 909 5607 1274 5682; x_wconf 87' lang='lat' dir='ltr'>Augustinus</span> <span class='ocrx_word' id='word_1_658' title='bbox 1304 5608 1362 5662; x_wconf 92' lang='lat' dir='ltr'>in</span> <span class='ocrx_word' id='word_1_659' title='bbox 1395 5607 1544 5661; x_wconf 91' lang='lat' dir='ltr'>libro</span> <span class='ocrx_word' id='word_1_660' title='bbox 1585 5605 1772 5676; x_wconf 86' lang='lat' dir='ltr'>primo</span> <span class='ocrx_word' id='word_1_661' title='bbox 1803 5607 1875 5662; x_wconf 89' lang='lat' dir='ltr'>de</span> <span class='ocrx_word' id='word_1_662' title='bbox 1905 5609 2186 5668; x_wconf 88' lang='lat' dir='ltr'>Trinitate</span> 
     </span>
    </p>
   </div>
   <div class='ocr_carea' id='block_1_94' title="bbox 546 5695 2186 5776">
    <p class='ocr_par' dir='ltr' id='par_1_94' title="bbox 546 5695 2186 5776">
     <span class='ocr_line' id='line_1_94' title="bbox 546 5695 2186 5776; baseline 0.005 -22"><span class='ocrx_word' id='word_1_663' title='bbox 546 5701 684 5776; x_wconf 83' lang='lat' dir='ltr'>(cap.</span> <span class='ocrx_word' id='word_1_664' title='bbox 710 5700 766 5772; x_wconf 82' lang='lat'>8)</span> <span class='ocrx_word' id='word_1_665' title='bbox 786 5695 946 5770; x_wconf 87' lang='lat' dir='ltr'>dicit,</span> <span class='ocrx_word' id='word_1_666' title='bbox 961 5721 990 5750; x_wconf 85' lang='lat'><strong>«</strong></span> <span class='ocrx_word' id='word_1_667' title='bbox 1009 5697 1269 5772; x_wconf 88' lang='lat' dir='ltr'>Denique</span> <span class='ocrx_word' id='word_1_668' title='bbox 1289 5699 1526 5772; x_wconf 91' lang='lat' dir='ltr'>propter</span> <span class='ocrx_word' id='word_1_669' title='bbox 1555 5695 1744 5770; x_wconf 89' lang='lat' dir='ltr'>ipsam</span> <span class='ocrx_word' id='word_1_670' title='bbox 1775 5695 2186 5773; x_wconf 85' lang='lat' dir='ltr'>inseparabili-</span> 
     </span>
    </p>
   </div>
   <div class='ocr_carea' id='block_1_95' title="bbox 2209 3282 3944 3366">
    <p class='ocr_par' dir='ltr' id='par_1_95' title="bbox 2209 3282 3944 3366">
     <span class='ocr_line' id='line_1_95' title="bbox 2209 3282 3944 3366; baseline 0.002 -16"><span class='ocrx_word' id='word_1_671' title='bbox 2209 3282 2252 3349; x_wconf 87' lang='lat' dir='ltr'>C</span> <span class='ocrx_word' id='word_1_672' title='bbox 2287 3293 2437 3350; x_wconf 86' lang='lat' dir='ltr'>beati</span> <span class='ocrx_word' id='word_1_673' title='bbox 2491 3293 2637 3349; x_wconf 87' lang='lat' dir='ltr'>Petri</span> <span class='ocrx_word' id='word_1_674' title='bbox 2670 3293 2954 3348; x_wconf 84' lang='lat' dir='ltr'>dicentis:</span> <span class='ocrx_word' id='word_1_675' title='bbox 2983 3292 3118 3361; x_wconf 84' lang='lat' dir='ltr'>Quia</span> <span class='ocrx_word' id='word_1_676' title='bbox 3165 3310 3277 3350; x_wconf 83' lang='lat' dir='ltr'>non</span> <span class='ocrx_word' id='word_1_677' title='bbox 3305 3295 3757 3366; x_wconf 67' lang='lat' dir='ltr'>corruptibitibus</span> <span class='ocrx_word' id='word_1_678' title='bbox 3805 3314 3944 3356; x_wconf 78' lang='lat' dir='ltr'>auro</span> 
     </span>
    </p>
   </div>
   <div class='ocr_carea' id='block_1_96' title="bbox 2287 3381 3946 3454">
    <p class='ocr_par' dir='ltr' id='par_1_96' title="bbox 2287 3381 3946 3454">
     <span class='ocr_line' id='line_1_96' title="bbox 2287 3381 3946 3454; baseline 0.002 -15"><span class='ocrx_word' id='word_1_679' title='bbox 2287 3385 2370 3440; x_wconf 83' lang='lat' dir='ltr'>vel</span> <span class='ocrx_word' id='word_1_680' title='bbox 2399 3392 2622 3454; x_wconf 66' lang='lat' dir='ltr'>argento</span> <span class='ocrx_word' id='word_1_681' title='bbox 2652 3381 2917 3454; x_wconf 81' lang='lat' dir='ltr'>redempti</span> <span class='ocrx_word' id='word_1_682' title='bbox 2943 3399 3134 3438; x_wconf 80' lang='lat' dir='ltr'>sumus</span> <span class='ocrx_word' id='word_1_683' title='bbox 3153 3382 3226 3438; x_wconf 84' lang='lat' dir='ltr'>de</span> <span class='ocrx_word' id='word_1_684' title='bbox 3265 3400 3407 3439; x_wconf 85' lang='lat' dir='ltr'>vana</span> <span class='ocrx_word' id='word_1_685' title='bbox 3433 3393 3624 3440; x_wconf 78' lang='lat' dir='ltr'>nostra</span> <span class='ocrx_word' id='word_1_686' title='bbox 3651 3401 3946 3442; x_wconf 78' lang='lat' dir='ltr'>conversa-</span> 
     </span>
    </p>
   </div>
   <div class='ocr_carea' id='block_1_97' title="bbox 2287 3471 3951 3549">
    <p class='ocr_par' dir='ltr' id='par_1_97' title="bbox 2287 3471 3951 3549">
     <span class='ocr_line' id='line_1_97' title="bbox 2287 3471 3951 3549; baseline 0.003 -21"><span class='ocrx_word' id='word_1_687' title='bbox 2287 3474 2432 3528; x_wconf 87' lang='lat' dir='ltr'>tione</span> <span class='ocrx_word' id='word_1_688' title='bbox 2457 3481 2706 3544; x_wconf 50' lang='lat' dir='ltr'>paterna</span> <span class='ocrx_word' id='word_1_689' title='bbox 2741 3471 3074 3538; x_wconf 75' lang='lat' dir='ltr'>traditionis,</span> <span class='ocrx_word' id='word_1_690' title='bbox 3095 3472 3187 3528; x_wconf 85' lang='lat' dir='ltr'>sed</span> <span class='ocrx_word' id='word_1_691' title='bbox 3225 3475 3461 3544; x_wconf 79' lang='lat' dir='ltr'>pretioso</span> <span class='ocrx_word' id='word_1_692' title='bbox 3488 3476 3763 3547; x_wconf 76' lang='lat' dir='ltr'>sanguine</span> <span class='ocrx_word' id='word_1_693' title='bbox 3789 3477 3951 3549; x_wconf 76' lang='lat' dir='ltr'>quasi</span> 
     </span>
    </p>
   </div>
   <div class='ocr_carea' id='block_1_98' title="bbox 2287 3563 3946 3637">
    <p class='ocr_par' dir='ltr' id='par_1_98' title="bbox 2287 3563 3946 3637">
     <span class='ocr_line' id='line_1_98' title="bbox 2287 3563 3946 3637; baseline 0.004 -21"><span class='ocrx_word' id='word_1_694' title='bbox 2287 3563 2420 3634; x_wconf 83' lang='lat' dir='ltr'>agni</span> <span class='ocrx_word' id='word_1_695' title='bbox 2449 3563 2872 3618; x_wconf 83' lang='lat' dir='ltr'>incontaminati</span> <span class='ocrx_word' id='word_1_696' title='bbox 2899 3569 2950 3617; x_wconf 86' lang='lat' dir='ltr'>et</span> <span class='ocrx_word' id='word_1_697' title='bbox 2980 3563 3322 3618; x_wconf 81' lang='lat' dir='ltr'>immaculati</span> <span class='ocrx_word' id='word_1_698' title='bbox 3342 3563 3468 3620; x_wconf 78' lang='lat' dir='ltr'>Iesu</span> <span class='ocrx_word' id='word_1_699' title='bbox 3490 3563 3698 3620; x_wconf 65' lang='lat' dir='ltr'>Christi</span> <span class='ocrx_word' id='word_1_700' title='bbox 3721 3565 3772 3637; x_wconf 88' lang='grc'>(1</span> <span class='ocrx_word' id='word_1_701' title='bbox 3785 3571 3946 3622; x_wconf 68' lang='lat' dir='ltr'>Patr.</span> 
     </span>
    </p>
   </div>
   <div class='ocr_carea' id='block_1_99' title="bbox 2288 3650 3946 3728">
    <p class='ocr_par' dir='ltr' id='par_1_99' title="bbox 2288 3650 3946 3728">
     <span class='ocr_line' id='line_1_99' title="bbox 2288 3650 3946 3728; baseline 0.003 -21"><span class='ocrx_word' id='word_1_702' title='bbox 2288 3669 2328 3720; x_wconf 89' lang='grc' dir='ltr'>ι,</span> <span class='ocrx_word' id='word_1_703' title='bbox 2365 3652 2474 3721; x_wconf 87' lang='grc'>18),</span> <span class='ocrx_word' id='word_1_704' title='bbox 2503 3668 2606 3724; x_wconf 89' lang='lat' dir='ltr'>per</span> <span class='ocrx_word' id='word_1_705' title='bbox 2649 3667 2823 3722; x_wconf 90' lang='lat' dir='ltr'>quem</span> <span class='ocrx_word' id='word_1_706' title='bbox 2855 3654 2912 3706; x_wconf 89' lang='lat' dir='ltr'>et</span> <span class='ocrx_word' id='word_1_707' title='bbox 2942 3651 3248 3722; x_wconf 88' lang='lat' dir='ltr'>majestem</span> <span class='ocrx_word' id='word_1_708' title='bbox 3281 3653 3408 3724; x_wconf 88' lang='lat' dir='ltr'>ejus</span> <span class='ocrx_word' id='word_1_709' title='bbox 3448 3650 3696 3710; x_wconf 88' lang='lat' dir='ltr'>laudant</span> <span class='ocrx_word' id='word_1_710' title='bbox 3725 3654 3946 3728; x_wconf 83' lang='lat' dir='ltr'>angeli,</span> 
     </span>
    </p>
   </div>
   <div class='ocr_carea' id='block_1_100' title="bbox 2288 3739 3948 3812">
    <p class='ocr_par' dir='ltr' id='par_1_100' title="bbox 2288 3739 3948 3812">
     <span class='ocr_line' id='line_1_100' title="bbox 2288 3739 3948 3812; baseline 0.002 -16"><span class='ocrx_word' id='word_1_711' title='bbox 2288 3744 2346 3796; x_wconf 89' lang='lat' dir='ltr'>ct</span> <span class='ocrx_word' id='word_1_712' title='bbox 2376 3757 2481 3796; x_wconf 89' lang='lat' dir='ltr'>nos</span> <span class='ocrx_word' id='word_1_713' title='bbox 2512 3741 2639 3796; x_wconf 89' lang='lat' dir='ltr'>sine</span> <span class='ocrx_word' id='word_1_714' title='bbox 2660 3739 2897 3812; x_wconf 87' lang='lat' dir='ltr'>speciali</span> <span class='ocrx_word' id='word_1_715' title='bbox 2929 3739 3164 3796; x_wconf 90' lang='lat' dir='ltr'>nomine</span> <span class='ocrx_word' id='word_1_716' title='bbox 3195 3745 3367 3798; x_wconf 90' lang='lat' dir='ltr'>tenus</span> <span class='ocrx_word' id='word_1_717' title='bbox 3388 3743 3948 3800; x_wconf 86' lang='lat' dir='ltr'>commemoratione</span> 
     </span>
    </p>
   </div>
   <div class='ocr_carea' id='block_1_101' title="bbox 2290 3827 3949 3904">
    <p class='ocr_par' dir='ltr' id='par_1_101' title="bbox 2290 3827 3949 3904">
     <span class='ocr_line' id='line_1_101' title="bbox 2290 3827 3949 3904; baseline 0.003 -19"><span class='ocrx_word' id='word_1_718' title='bbox 2290 3829 2478 3886; x_wconf 86' lang='lat' dir='ltr'>sancti</span> <span class='ocrx_word' id='word_1_719' title='bbox 2501 3827 2751 3901; x_wconf 89' lang='lat' dir='ltr'>Spiritus</span> <span class='ocrx_word' id='word_1_720' title='bbox 2783 3829 2832 3883; x_wconf 91' lang='lat' dir='ltr'>ei</span> <span class='ocrx_word' id='word_1_721' title='bbox 2866 3829 3086 3900; x_wconf 87' lang='lat' dir='ltr'>gratias</span> <span class='ocrx_word' id='word_1_722' title='bbox 3115 3829 3367 3902; x_wconf 89' lang='lat' dir='ltr'>agimus,</span> <span class='ocrx_word' id='word_1_723' title='bbox 3393 3835 3747 3904; x_wconf 84' lang='lat' dir='ltr'>nostrasque</span> <span class='ocrx_word' id='word_1_724' title='bbox 3773 3846 3949 3891; x_wconf 77' lang='lat' dir='ltr'>Voces</span> 
     </span>
    </p>
   </div>
   <div class='ocr_carea' id='block_1_102' title="bbox 2289 3915 3949 3992">
    <p class='ocr_par' dir='ltr' id='par_1_102' title="bbox 2289 3915 3949 3992">
     <span class='ocr_line' id='line_1_102' title="bbox 2289 3915 3949 3992; baseline 0.002 -17"><span class='ocrx_word' id='word_1_725' title='bbox 2289 3917 2633 3991; x_wconf 82' lang='lat' dir='ltr'>angelorum</span> <span class='ocrx_word' id='word_1_726' title='bbox 2663 3915 2902 3974; x_wconf 90' lang='lat' dir='ltr'>vocibus</span> <span class='ocrx_word' id='word_1_727' title='bbox 2941 3916 3228 3974; x_wconf 87' lang='lat' dir='ltr'>catholica</span> <span class='ocrx_word' id='word_1_728' title='bbox 3265 3923 3323 3974; x_wconf 86' lang='lat' dir='ltr'>et</span> <span class='ocrx_word' id='word_1_729' title='bbox 3361 3919 3685 3992; x_wconf 87' lang='lat' dir='ltr'>apostolica</span> <span class='ocrx_word' id='word_1_730' title='bbox 3712 3921 3949 3980; x_wconf 83' lang='lat' dir='ltr'>institu-</span> 
     </span>
    </p>
   </div>
   <div class='ocr_carea' id='block_1_103' title="bbox 2289 4005 3946 4082">
    <p class='ocr_par' dir='ltr' id='par_1_103' title="bbox 2289 4005 3946 4082">
     <span class='ocr_line' id='line_1_103' title="bbox 2289 4005 3946 4082; baseline 0.003 -19"><span class='ocrx_word' id='word_1_731' title='bbox 2289 4009 2448 4063; x_wconf 90' lang='lat' dir='ltr'>tione</span> <span class='ocrx_word' id='word_1_732' title='bbox 2479 4006 2709 4062; x_wconf 89' lang='lat' dir='ltr'>formati</span> <span class='ocrx_word' id='word_1_733' title='bbox 2744 4005 2975 4062; x_wconf 90' lang='lat' dir='ltr'>admitti</span> <span class='ocrx_word' id='word_1_734' title='bbox 3007 4007 3400 4079; x_wconf 88' lang='lat' dir='ltr'>deposcimus.</span> <span class='ocrx_word' id='word_1_735' title='bbox 3424 4009 3638 4082; x_wconf 87' lang='lat' dir='ltr'>Sicque</span> <span class='ocrx_word' id='word_1_736' title='bbox 3683 4015 3776 4068; x_wconf 88' lang='lat' dir='ltr'>tcr</span> <span class='ocrx_word' id='word_1_737' title='bbox 3803 4029 3946 4068; x_wconf 85' lang='lat' dir='ltr'>san-</span> 
     </span>
    </p>
   </div>
   <div class='ocr_carea' id='block_1_104' title="bbox 2291 4095 3946 4168">
    <p class='ocr_par' dir='ltr' id='par_1_104' title="bbox 2291 4095 3946 4168">
     <span class='ocr_line' id='line_1_104' title="bbox 2291 4095 3946 4168; baseline 0.003 -15"><span class='ocrx_word' id='word_1_738' title='bbox 2291 4101 2450 4153; x_wconf 91' lang='lat' dir='ltr'>ctum</span> <span class='ocrx_word' id='word_1_739' title='bbox 2473 4095 2758 4168; x_wconf 82' lang='lat' dir='ltr'>hymnum</span> <span class='ocrx_word' id='word_1_740' title='bbox 2778 4111 2876 4151; x_wconf 91' lang='lat' dir='ltr'>ore</span> <span class='ocrx_word' id='word_1_741' title='bbox 2892 4097 3235 4152; x_wconf 89' lang='lat' dir='ltr'>conﬁtentes</span> <span class='ocrx_word' id='word_1_742' title='bbox 3255 4097 3946 4163; x_wconf 85' lang='lat' dir='ltr'>oll‘erimus,etviviﬁcam</span> 
     </span>
    </p>
   </div>
   <div class='ocr_carea' id='block_1_105' title="bbox 2184 4183 3950 4259">
    <p class='ocr_par' dir='ltr' id='par_1_105' title="bbox 2184 4183 3950 4259">
     <span class='ocr_line' id='line_1_105' title="bbox 2184 4183 3950 4259; baseline 0.003 -18"><span class='ocrx_word' id='word_1_743' title='bbox 2184 4217 2188 4225; x_wconf 73' lang='grc' dir='ltr'>ι</span> <span class='ocrx_word' id='word_1_744' title='bbox 2291 4184 2636 4241; x_wconf 87' lang='lat' dir='ltr'>Trinitatem</span> <span class='ocrx_word' id='word_1_745' title='bbox 2687 4184 2800 4240; x_wconf 89' lang='lat' dir='ltr'>ﬁde</span> <span class='ocrx_word' id='word_1_746' title='bbox 2831 4201 2898 4240; x_wconf 91' lang='lat' dir='ltr'>ac</span> <span class='ocrx_word' id='word_1_747' title='bbox 2927 4183 3143 4240; x_wconf 89' lang='lat' dir='ltr'>mentis</span> <span class='ocrx_word' id='word_1_748' title='bbox 3172 4185 3558 4259; x_wconf 89' lang='lat' dir='ltr'>intelligentia</span> <span class='ocrx_word' id='word_1_749' title='bbox 3588 4187 3770 4245; x_wconf 90' lang='lat' dir='ltr'>unius</span> <span class='ocrx_word' id='word_1_750' title='bbox 3817 4207 3950 4246; x_wconf 89' lang='lat' dir='ltr'>esse</span> 
     </span>
    </p>
   </div>
   <div class='ocr_carea' id='block_1_106' title="bbox 2291 4273 3950 4351">
    <p class='ocr_par' dir='ltr' id='par_1_106' title="bbox 2291 4273 3950 4351">
     <span class='ocr_line' id='line_1_106' title="bbox 2291 4273 3950 4351; baseline 0.004 -21"><span class='ocrx_word' id='word_1_751' title='bbox 2291 4273 2638 4341; x_wconf 90' lang='lat' dir='ltr'>divinitatis,</span> <span class='ocrx_word' id='word_1_752' title='bbox 2679 4273 2921 4345; x_wconf 65' lang='lat' dir='ltr'>aequalis</span> <span class='ocrx_word' id='word_1_753' title='bbox 2983 4273 3199 4348; x_wconf 65' lang='lat' dir='ltr'>gloriae,</span> <span class='ocrx_word' id='word_1_754' title='bbox 3260 4280 3556 4333; x_wconf 71' lang='lat' dir='ltr'>coaeternze</span> <span class='ocrx_word' id='word_1_755' title='bbox 3615 4279 3950 4351; x_wconf 85' lang='lat' dir='ltr'>majestatis</span> 
     </span>
    </p>
   </div>
   <div class='ocr_carea' id='block_1_107' title="bbox 2293 4362 3951 4437">
    <p class='ocr_par' dir='ltr' id='par_1_107' title="bbox 2293 4362 3951 4437">
     <span class='ocr_line' id='line_1_107' title="bbox 2293 4362 3951 4437; baseline 0.005 -19"><span class='ocrx_word' id='word_1_756' title='bbox 2293 4363 2696 4437; x_wconf 64' lang='lat' dir='ltr'>praedicantes,</span> <span class='ocrx_word' id='word_1_757' title='bbox 2747 4362 3037 4420; x_wconf 89' lang='lat' dir='ltr'>catholica</span> <span class='ocrx_word' id='word_1_758' title='bbox 3084 4369 3142 4421; x_wconf 88' lang='lat' dir='ltr'>et</span> <span class='ocrx_word' id='word_1_759' title='bbox 3201 4365 3518 4437; x_wconf 86' lang='lat' dir='ltr'>apostolica</span> <span class='ocrx_word' id='word_1_760' title='bbox 3575 4367 3951 4426; x_wconf 83' lang='lat' dir='ltr'>institutione</span> 
     </span>
    </p>
   </div>
   <div class='ocr_carea' id='block_1_108' title="bbox 2291 4451 3948 4527">
    <p class='ocr_par' dir='ltr' id='par_1_108' title="bbox 2291 4451 3948 4527">
     <span class='ocr_line' id='line_1_108' title="bbox 2291 4451 3948 4527; baseline 0.004 -18"><span class='ocrx_word' id='word_1_761' title='bbox 2291 4451 2547 4519; x_wconf 87' lang='lat' dir='ltr'>formati,</span> <span class='ocrx_word' id='word_1_762' title='bbox 2567 4468 2687 4508; x_wconf 89' lang='lat' dir='ltr'>una</span> <span class='ocrx_word' id='word_1_763' title='bbox 2715 4451 2899 4525; x_wconf 87' lang='lat' dir='ltr'>gloria</span> <span class='ocrx_word' id='word_1_764' title='bbox 2931 4452 3336 4510; x_wconf 90' lang='lat' dir='ltr'>collaudamus</span> <span class='ocrx_word' id='word_1_765' title='bbox 3365 4455 3649 4524; x_wconf 88' lang='lat' dir='ltr'>dicentes,</span> <span class='ocrx_word' id='word_1_766' title='bbox 3671 4457 3948 4527; x_wconf 87' lang='lat' dir='ltr'>Sanctus,</span> 
     </span>
    </p>
   </div>
   <div class='ocr_carea' id='block_1_109' title="bbox 2290 4541 3956 4618">
    <p class='ocr_par' dir='ltr' id='par_1_109' title="bbox 2290 4541 3956 4618">
     <span class='ocr_line' id='line_1_109' title="bbox 2290 4541 3956 4618; baseline 0.004 -19"><span class='ocrx_word' id='word_1_767' title='bbox 2290 4545 2562 4610; x_wconf 89' lang='lat' dir='ltr'>Sanctus,</span> <span class='ocrx_word' id='word_1_768' title='bbox 2582 4542 2835 4598; x_wconf 88' lang='lat' dir='ltr'>Sanctus</span> <span class='ocrx_word' id='word_1_769' title='bbox 2857 4541 3141 4598; x_wconf 91' lang='lat' dir='ltr'>Dominus</span> <span class='ocrx_word' id='word_1_770' title='bbox 3165 4547 3315 4600; x_wconf 89' lang='lat' dir='ltr'>Deus</span> <span class='ocrx_word' id='word_1_771' title='bbox 3335 4545 3601 4616; x_wconf 87' lang='lat' dir='ltr'>sabaoth,</span> <span class='ocrx_word' id='word_1_772' title='bbox 3624 4545 3786 4618; x_wconf 89' lang='lat' dir='ltr'>pleni</span> <span class='ocrx_word' id='word_1_773' title='bbox 3809 4553 3956 4605; x_wconf 84' lang='lat' dir='ltr'>sunt</span> 
     </span>
    </p>
   </div>
   <div class='ocr_carea' id='block_1_110' title="bbox 2290 4630 3952 4710">
    <p class='ocr_par' dir='ltr' id='par_1_110' title="bbox 2290 4630 3952 4710">
     <span class='ocr_line' id='line_1_110' title="bbox 2290 4630 3952 4710; baseline 0.005 -22"><span class='ocrx_word' id='word_1_774' title='bbox 2290 4632 2418 4688; x_wconf 83' lang='lat' dir='ltr'>coeli</span> <span class='ocrx_word' id='word_1_775' title='bbox 2450 4636 2508 4687; x_wconf 90' lang='lat' dir='ltr'>et</span> <span class='ocrx_word' id='word_1_776' title='bbox 2537 4635 2692 4687; x_wconf 88' lang='lat' dir='ltr'>terra</span> <span class='ocrx_word' id='word_1_777' title='bbox 2719 4630 2905 4703; x_wconf 89' lang='lat' dir='ltr'>gloria</span> <span class='ocrx_word' id='word_1_778' title='bbox 2932 4637 3070 4688; x_wconf 87' lang='lat' dir='ltr'>tua:</span> <span class='ocrx_word' id='word_1_779' title='bbox 3104 4637 3163 4689; x_wconf 90' lang='lat' dir='ltr'>et</span> <span class='ocrx_word' id='word_1_780' title='bbox 3205 4651 3340 4690; x_wconf 92' lang='lat' dir='ltr'>cum</span> <span class='ocrx_word' id='word_1_781' title='bbox 3373 4635 3600 4693; x_wconf 84' lang='lat' dir='ltr'>Patrem</span> <span class='ocrx_word' id='word_1_782' title='bbox 3632 4653 3738 4710; x_wconf 89' lang='lat' dir='ltr'>per</span> <span class='ocrx_word' id='word_1_783' title='bbox 3763 4642 3952 4696; x_wconf 84' lang='lat' dir='ltr'>totam</span> 
     </span>
    </p>
   </div>
   <div class='ocr_carea' id='block_1_111' title="bbox 2292 4720 3952 4794">
    <p class='ocr_par' dir='ltr' id='par_1_111' title="bbox 2292 4720 3952 4794">
     <span class='ocr_line' id='line_1_111' title="bbox 2292 4720 3952 4794; baseline 0.006 -19"><span class='ocrx_word' id='word_1_784' title='bbox 2292 4721 2690 4794; x_wconf 81' lang='lat' dir='ltr'>praefationem</span> <span class='ocrx_word' id='word_1_785' title='bbox 2747 4720 3136 4793; x_wconf 88' lang='lat' dir='ltr'>alloquamur,</span> <span class='ocrx_word' id='word_1_786' title='bbox 3186 4741 3303 4779; x_wconf 92' lang='lat' dir='ltr'>non</span> <span class='ocrx_word' id='word_1_787' title='bbox 3360 4727 3560 4782; x_wconf 90' lang='lat' dir='ltr'>tamen</span> <span class='ocrx_word' id='word_1_788' title='bbox 3617 4728 3952 4785; x_wconf 88' lang='lat' dir='ltr'>secundum</span> 
     </span>
    </p>
   </div>
   <div class='ocr_carea' id='block_1_112' title="bbox 2290 4809 3954 4890">
    <p class='ocr_par' dir='ltr' id='par_1_112' title="bbox 2290 4809 3954 4890">
     <span class='ocr_line' id='line_1_112' title="bbox 2290 4809 3954 4890; baseline 0.005 -24"><span class='ocrx_word' id='word_1_789' title='bbox 2290 4809 2736 4866; x_wconf 91' lang='lat' dir='ltr'>Goteschalcum</span> <span class='ocrx_word' id='word_1_790' title='bbox 2770 4809 3200 4882; x_wconf 86' lang='lat' dir='ltr'>adjicimus,vel</span> <span class='ocrx_word' id='word_1_791' title='bbox 3232 4813 3606 4885; x_wconf 90' lang='lat' dir='ltr'>subjicimus,</span> <span class='ocrx_word' id='word_1_792' title='bbox 3631 4832 3704 4872; x_wconf 91' lang='lat' dir='ltr'>ne</span> <span class='ocrx_word' id='word_1_793' title='bbox 3730 4816 3954 4890; x_wconf 82' lang='lat' dir='ltr'>ingrati</span> 
     </span>
    </p>
   </div>
   <div class='ocr_carea' id='block_1_113' title="bbox 2294 4897 3956 4980">
    <p class='ocr_par' dir='ltr' id='par_1_113' title="bbox 2294 4897 3956 4980">
     <span class='ocr_line' id='line_1_113' title="bbox 2294 4897 3956 4980; baseline 0.005 -26"><span class='ocrx_word' id='word_1_794' title='bbox 2294 4898 2434 4954; x_wconf 83' lang='lat' dir='ltr'>Filio</span> <span class='ocrx_word' id='word_1_795' title='bbox 2463 4903 2522 4954; x_wconf 91' lang='lat' dir='ltr'>et</span> <span class='ocrx_word' id='word_1_796' title='bbox 2563 4897 2804 4970; x_wconf 88' lang='lat' dir='ltr'>Spiritui</span> <span class='ocrx_word' id='word_1_797' title='bbox 2864 4903 3066 4956; x_wconf 90' lang='lat' dir='ltr'>sancto</span> <span class='ocrx_word' id='word_1_798' title='bbox 3124 4901 3312 4958; x_wconf 90' lang='lat' dir='ltr'>simus</span> <span class='ocrx_word' id='word_1_799' title='bbox 3345 4919 3358 4958; x_wconf 90' lang='lat'>:</span> <span class='ocrx_word' id='word_1_800' title='bbox 3391 4903 3463 4959; x_wconf 90' lang='lat' dir='ltr'>Et</span> <span class='ocrx_word' id='word_1_801' title='bbox 3506 4904 3673 4962; x_wconf 89' lang='lat' dir='ltr'>vobis</span> <span class='ocrx_word' id='word_1_802' title='bbox 3725 4907 3956 4980; x_wconf 79' lang='lat' dir='ltr'>gratias</span> 
     </span>
    </p>
   </div>
   <div class='ocr_carea' id='block_1_114' title="bbox 2292 4987 3953 5066">
    <p class='ocr_par' dir='ltr' id='par_1_114' title="bbox 2292 4987 3953 5066">
     <span class='ocr_line' id='line_1_114' title="bbox 2292 4987 3953 5066; baseline 0.005 -22"><span class='ocrx_word' id='word_1_803' title='bbox 2292 4988 2554 5059; x_wconf 87' lang='lat' dir='ltr'>agimus;</span> <span class='ocrx_word' id='word_1_804' title='bbox 2579 4991 2654 5056; x_wconf 90' lang='lat' dir='ltr'>et,</span> <span class='ocrx_word' id='word_1_805' title='bbox 2683 4987 2838 5044; x_wconf 91' lang='lat' dir='ltr'>Pleni</span> <span class='ocrx_word' id='word_1_806' title='bbox 2875 4993 3016 5044; x_wconf 90' lang='lat' dir='ltr'>sunt</span> <span class='ocrx_word' id='word_1_807' title='bbox 3053 4989 3181 5045; x_wconf 84' lang='lat' dir='ltr'>coeli</span> <span class='ocrx_word' id='word_1_808' title='bbox 3212 4996 3270 5047; x_wconf 91' lang='lat' dir='ltr'>et</span> <span class='ocrx_word' id='word_1_809' title='bbox 3300 4995 3457 5048; x_wconf 89' lang='lat' dir='ltr'>terra</span> <span class='ocrx_word' id='word_1_810' title='bbox 3479 4991 3668 5066; x_wconf 88' lang='lat' dir='ltr'>gloria</span> <span class='ocrx_word' id='word_1_811' title='bbox 3697 4999 3903 5052; x_wconf 86' lang='lat' dir='ltr'>vestra</span> <span class='ocrx_word' id='word_1_812' title='bbox 3936 5013 3953 5052; x_wconf 89' lang='lat'><strong>:</strong></span> 
     </span>
    </p>
   </div>
   <div class='ocr_carea' id='block_1_115' title="bbox 2290 5077 3958 5150">
    <p class='ocr_par' dir='ltr' id='par_1_115' title="bbox 2290 5077 3958 5150">
     <span class='ocr_line' id='line_1_115' title="bbox 2290 5077 3958 5150; baseline 0.006 -20"><span class='ocrx_word' id='word_1_813' title='bbox 2290 5077 2431 5148; x_wconf 89' lang='lat' dir='ltr'>quia</span> <span class='ocrx_word' id='word_1_814' title='bbox 2479 5093 2584 5131; x_wconf 88' lang='lat' dir='ltr'>nec</span> <span class='ocrx_word' id='word_1_815' title='bbox 2631 5077 2946 5148; x_wconf 86' lang='lat' dir='ltr'>Abraham,</span> <span class='ocrx_word' id='word_1_816' title='bbox 2971 5080 3207 5150; x_wconf 91' lang='lat' dir='ltr'>quando</span> <span class='ocrx_word' id='word_1_817' title='bbox 3253 5079 3565 5138; x_wconf 84' lang='lat' dir='ltr'>exsultavit</span> <span class='ocrx_word' id='word_1_818' title='bbox 3612 5088 3678 5139; x_wconf 91' lang='lat' dir='ltr'>ut</span> <span class='ocrx_word' id='word_1_819' title='bbox 3723 5083 3958 5141; x_wconf 87' lang='lat' dir='ltr'>videret</span> 
     </span>
    </p>
   </div>
   <div class='ocr_carea' id='block_1_116' title="bbox 2295 5163 3957 5239">
    <p class='ocr_par' dir='ltr' id='par_1_116' title="bbox 2295 5163 3957 5239">
     <span class='ocr_line' id='line_1_116' title="bbox 2295 5163 3957 5239; baseline 0.006 -21"><span class='ocrx_word' id='word_1_820' title='bbox 2295 5164 2449 5218; x_wconf 90' lang='lat' dir='ltr'>diem</span> <span class='ocrx_word' id='word_1_821' title='bbox 2477 5163 2801 5231; x_wconf 91' lang='lat' dir='ltr'>Domini,et</span> <span class='ocrx_word' id='word_1_822' title='bbox 2820 5165 2968 5221; x_wconf 90' lang='lat' dir='ltr'>vidit</span> <span class='ocrx_word' id='word_1_823' title='bbox 2995 5171 3053 5222; x_wconf 87' lang='lat' dir='ltr'>et</span> <span class='ocrx_word' id='word_1_824' title='bbox 3083 5168 3319 5239; x_wconf 87' lang='lat' dir='ltr'>gavisus</span> <span class='ocrx_word' id='word_1_825' title='bbox 3347 5173 3455 5238; x_wconf 88' lang='lat' dir='ltr'>est,</span> <span class='ocrx_word' id='word_1_826' title='bbox 3470 5173 3591 5226; x_wconf 88' lang='lat' dir='ltr'>tres</span> <span class='ocrx_word' id='word_1_827' title='bbox 3613 5170 3772 5227; x_wconf 87' lang='lat' dir='ltr'>viros</span> <span class='ocrx_word' id='word_1_828' title='bbox 3797 5176 3860 5227; x_wconf 90' lang='lat' dir='ltr'>et</span> <span class='ocrx_word' id='word_1_829' title='bbox 3888 5172 3957 5229; x_wconf 89' lang='lat' dir='ltr'>in</span> 
     </span>
    </p>
   </div>
   <div class='ocr_carea' id='block_1_117' title="bbox 2295 5253 3956 5329">
    <p class='ocr_par' dir='ltr' id='par_1_117' title="bbox 2295 5253 3956 5329">
     <span class='ocr_line' id='line_1_117' title="bbox 2295 5253 3956 5329; baseline 0.006 -21"><span class='ocrx_word' id='word_1_830' title='bbox 2295 5255 2465 5309; x_wconf 90' lang='lat' dir='ltr'>corde</span> <span class='ocrx_word' id='word_1_831' title='bbox 2495 5258 2552 5309; x_wconf 91' lang='lat' dir='ltr'>et</span> <span class='ocrx_word' id='word_1_832' title='bbox 2581 5253 2640 5308; x_wconf 90' lang='lat' dir='ltr'>in</span> <span class='ocrx_word' id='word_1_833' title='bbox 2671 5255 2843 5310; x_wconf 92' lang='lat' dir='ltr'>domo</span> <span class='ocrx_word' id='word_1_834' title='bbox 2867 5255 2982 5310; x_wconf 89' lang='lat' dir='ltr'>ﬁde</span> <span class='ocrx_word' id='word_1_835' title='bbox 3011 5260 3068 5312; x_wconf 88' lang='lat' dir='ltr'>et</span> <span class='ocrx_word' id='word_1_836' title='bbox 3093 5272 3265 5329; x_wconf 83' lang='lat' dir='ltr'>Opere</span> <span class='ocrx_word' id='word_1_837' title='bbox 3299 5256 3546 5314; x_wconf 88' lang='lat' dir='ltr'>ﬁdeliter</span> <span class='ocrx_word' id='word_1_838' title='bbox 3567 5259 3727 5316; x_wconf 84' lang='lat' dir='ltr'>ﬁdeli</span> <span class='ocrx_word' id='word_1_839' title='bbox 3755 5262 3956 5318; x_wconf 79' lang='lat' dir='ltr'>susci-</span> 
     </span>
    </p>
   </div>
   <div class='ocr_carea' id='block_1_118' title="bbox 2295 5343 3961 5416">
    <p class='ocr_par' dir='ltr' id='par_1_118' title="bbox 2295 5343 3961 5416">
     <span class='ocr_line' id='line_1_118' title="bbox 2295 5343 3961 5416; baseline 0.007 -19"><span class='ocrx_word' id='word_1_840' title='bbox 2295 5343 2460 5416; x_wconf 89' lang='lat' dir='ltr'>piens</span> <span class='ocrx_word' id='word_1_841' title='bbox 2483 5343 2756 5416; x_wconf 90' lang='lat' dir='ltr'>hospitio,</span> <span class='ocrx_word' id='word_1_842' title='bbox 2782 5345 3062 5400; x_wconf 77' lang='lat' dir='ltr'>offensam</span> <span class='ocrx_word' id='word_1_843' title='bbox 3093 5344 3359 5412; x_wconf 90' lang='lat' dir='ltr'>incurrit,</span> <span class='ocrx_word' id='word_1_844' title='bbox 3383 5346 3484 5403; x_wconf 89' lang='lat' dir='ltr'>sed</span> <span class='ocrx_word' id='word_1_845' title='bbox 3516 5347 3798 5405; x_wconf 90' lang='lat' dir='ltr'>meritum</span> <span class='ocrx_word' id='word_1_846' title='bbox 3827 5365 3961 5408; x_wconf 78' lang='lat' dir='ltr'>ma-</span> 
     </span>
    </p>
   </div>
   <div class='ocr_carea' id='block_1_119' title="bbox 2294 5431 3959 5511">
    <p class='ocr_par' dir='ltr' id='par_1_119' title="bbox 2294 5431 3959 5511">
     <span class='ocr_line' id='line_1_119' title="bbox 2294 5431 3959 5511; baseline 0.005 -23"><span class='ocrx_word' id='word_1_847' title='bbox 2294 5450 2421 5506; x_wconf 75' lang='lat' dir='ltr'>gna:</span> <span class='ocrx_word' id='word_1_848' title='bbox 2471 5431 2602 5488; x_wconf 91' lang='lat' dir='ltr'>ﬁdei</span> <span class='ocrx_word' id='word_1_849' title='bbox 2654 5433 2982 5504; x_wconf 88' lang='lat' dir='ltr'>reportavit,</span> <span class='ocrx_word' id='word_1_850' title='bbox 3015 5436 3250 5507; x_wconf 88' lang='lat' dir='ltr'>quando</span> <span class='ocrx_word' id='word_1_851' title='bbox 3296 5440 3415 5502; x_wconf 82' lang='lat' dir='ltr'>tres</span> <span class='ocrx_word' id='word_1_852' title='bbox 3460 5435 3628 5510; x_wconf 88' lang='lat' dir='ltr'>vidit,</span> <span class='ocrx_word' id='word_1_853' title='bbox 3665 5443 3724 5494; x_wconf 89' lang='lat' dir='ltr'>et</span> <span class='ocrx_word' id='word_1_854' title='bbox 3773 5440 3959 5511; x_wconf 85' lang='lat' dir='ltr'>quasi</span> 
     </span>
    </p>
   </div>
   <div class='ocr_carea' id='block_1_120' title="bbox 2295 5521 3960 5594">
    <p class='ocr_par' dir='ltr' id='par_1_120' title="bbox 2295 5521 3960 5594">
     <span class='ocr_line' id='line_1_120' title="bbox 2295 5521 3960 5594; baseline 0.005 -16"><span class='ocrx_word' id='word_1_855' title='bbox 2295 5540 2479 5578; x_wconf 92' lang='lat' dir='ltr'>unum</span> <span class='ocrx_word' id='word_1_856' title='bbox 2525 5521 2849 5594; x_wconf 89' lang='lat' dir='ltr'>alloquens,</span> <span class='ocrx_word' id='word_1_857' title='bbox 2882 5540 3066 5578; x_wconf 91' lang='lat' dir='ltr'>unum</span> <span class='ocrx_word' id='word_1_858' title='bbox 3106 5525 3282 5581; x_wconf 90' lang='lat' dir='ltr'>etiam</span> <span class='ocrx_word' id='word_1_859' title='bbox 3315 5525 3593 5582; x_wconf 89' lang='lat' dir='ltr'>adoravit.</span> <span class='ocrx_word' id='word_1_860' title='bbox 3619 5527 3690 5582; x_wconf 85' lang='lat' dir='ltr'>Et</span> <span class='ocrx_word' id='word_1_861' title='bbox 3721 5526 3960 5586; x_wconf 67' lang='lat' dir='ltr'>collata</span> 
     </span>
    </p>
   </div>
   <div class='ocr_carea' id='block_1_121' title="bbox 2295 5611 3963 5689">
    <p class='ocr_par' dir='ltr' id='par_1_121' title="bbox 2295 5611 3963 5689">
     <span class='ocr_line' id='line_1_121' title="bbox 2295 5611 3963 5689; baseline 0.005 -21"><span class='ocrx_word' id='word_1_862' title='bbox 2295 5611 2640 5684; x_wconf 90' lang='lat' dir='ltr'>hujusmodi</span> <span class='ocrx_word' id='word_1_863' title='bbox 2671 5627 2872 5682; x_wconf 88' lang='lat' dir='ltr'>preces</span> <span class='ocrx_word' id='word_1_864' title='bbox 2903 5628 2968 5667; x_wconf 90' lang='lat' dir='ltr'>ac</span> <span class='ocrx_word' id='word_1_865' title='bbox 2995 5614 3363 5686; x_wconf 57' lang='lat' dir='ltr'>praefationes</span> <span class='ocrx_word' id='word_1_866' title='bbox 3383 5614 3752 5689; x_wconf 88' lang='lat' dir='ltr'>receptibiles</span> <span class='ocrx_word' id='word_1_867' title='bbox 3776 5620 3835 5673; x_wconf 86' lang='lat' dir='ltr'>et</span> <span class='ocrx_word' id='word_1_868' title='bbox 3861 5633 3963 5676; x_wconf 81' lang='lat' dir='ltr'>ca-</span> 
     </span>
    </p>
   </div>
   <div class='ocr_carea' id='block_1_122' title="bbox 2295 5700 3964 5784">
    <p class='ocr_par' dir='ltr' id='par_1_122' title="bbox 2295 5700 3964 5784">
     <span class='ocr_line' id='line_1_122' title="bbox 2295 5700 3964 5784; baseline 0.007 -24"><span class='ocrx_word' id='word_1_869' title='bbox 2295 5700 2544 5775; x_wconf 68' lang='lat' dir='ltr'>tholicte,</span> <span class='ocrx_word' id='word_1_870' title='bbox 2569 5700 2922 5760; x_wconf 75' lang='lat' dir='ltr'>conﬁrmatae</span> <span class='ocrx_word' id='word_1_871' title='bbox 2953 5719 2987 5762; x_wconf 86' lang='lat' dir='ltr'>a</span> <span class='ocrx_word' id='word_1_872' title='bbox 3015 5704 3152 5764; x_wconf 82' lang='lat' dir='ltr'>sede</span> <span class='ocrx_word' id='word_1_873' title='bbox 3181 5703 3502 5781; x_wconf 79' lang='lat' dir='ltr'>apostolica</span> <span class='ocrx_word' id='word_1_874' title='bbox 3519 5709 3698 5784; x_wconf 84' lang='lat' dir='ltr'>atque</span> <span class='ocrx_word' id='word_1_875' title='bbox 3719 5705 3794 5767; x_wconf 80' lang='lat' dir='ltr'>ab</span> <span class='ocrx_word' id='word_1_876' title='bbox 3821 5707 3964 5771; x_wconf 75' lang='lat' dir='ltr'>uni-</span> 
     </span>
    </p>
   </div>
  </div>
