  <div class='ocr_page' id='page_1' title='image "/cluster/home/n/w/nwhite01/storage/ocr_20150623/125/umn.31951002477418t/341.png"; bbox 0 0 4148 6470; ppageno 0'>
   <div class='ocr_carea' id='block_1_1' title="bbox 525 454 646 524">
    <p class='ocr_par' dir='ltr' id='par_1_1' title="bbox 525 454 646 524">
     <span class='ocr_line' id='line_1_1' title="bbox 525 454 646 524; baseline 0.008 -11"><span class='ocrx_word' id='word_1_1' title='bbox 525 454 646 524; x_wconf 69' lang='grc'>623</span> 
     </span>
    </p>
   </div>
   <div class='ocr_carea' id='block_1_2' title="bbox 1471 450 2988 514">
    <p class='ocr_par' dir='ltr' id='par_1_2' title="bbox 1471 450 2988 514">
     <span class='ocr_line' id='line_1_2' title="bbox 1471 450 2988 514; baseline -0.001 0"><span class='ocrx_word' id='word_1_2' title='bbox 1471 453 1717 514; x_wconf 85' lang='lat' dir='ltr'>HINCM</span> <span class='ocrx_word' id='word_1_3' title='bbox 1728 453 1858 512; x_wconf 75' lang='lat' dir='ltr'>Altl</span> <span class='ocrx_word' id='word_1_4' title='bbox 1905 450 2350 514; x_wconf 79' lang='lat' dir='ltr'>RHEMENSIS</span> <span class='ocrx_word' id='word_1_5' title='bbox 2395 451 2988 514; x_wconf 78' lang='lat' dir='ltr'>ARCHIEPISCOPI</span> 
     </span>
    </p>
   </div>
   <div class='ocr_carea' id='block_1_3' title="bbox 3809 451 3924 516">
    <p class='ocr_par' dir='ltr' id='par_1_3' title="bbox 3809 451 3924 516">
     <span class='ocr_line' id='line_1_3' title="bbox 3809 451 3924 516; baseline 0.035 -4"><span class='ocrx_word' id='word_1_6' title='bbox 3809 451 3924 516; x_wconf 70' lang='grc'>624</span> 
     </span>
    </p>
   </div>
   <div class='ocr_carea' id='block_1_4' title="bbox 1781 750 2673 845">
    <p class='ocr_par' dir='ltr' id='par_1_4' title="bbox 1781 750 2673 845">
     <span class='ocr_line' id='line_1_4' title="bbox 1781 750 2673 845; baseline -0.001 -5"><span class='ocrx_word' id='word_1_7' title='bbox 1781 750 1984 821; x_wconf 69' lang='grc'>⁵01</span> <span class='ocrx_word' id='word_1_8' title='bbox 2049 753 2673 845; x_wconf 58' lang='grc' dir='ltr'>ΡΒΧΕΕΑΤΙΟ.</span> 
     </span>
    </p>
   </div>
   <div class='ocr_carea' id='block_1_5' title="bbox 531 957 3930 1032">
    <p class='ocr_par' dir='ltr' id='par_1_5' title="bbox 531 957 3930 1032">
     <span class='ocr_line' id='line_1_5' title="bbox 531 957 3930 1032; baseline 0.002 -24"><span class='ocrx_word' id='word_1_9' title='bbox 531 957 752 1032; x_wconf 44' lang='lat' dir='ltr'>Ouruad</span> <span class='ocrx_word' id='word_1_10' title='bbox 794 971 970 1032; x_wconf 79' lang='lat' dir='ltr'>omnes</span> <span class='ocrx_word' id='word_1_11' title='bbox 1011 957 1326 1032; x_wconf 75' lang='lat' dir='ltr'>generaliter</span> <span class='ocrx_word' id='word_1_12' title='bbox 1367 957 1654 1032; x_wconf 74' lang='lat' dir='ltr'>scribat,_et</span> <span class='ocrx_word' id='word_1_13' title='bbox 1701 957 1766 1007; x_wconf 82' lang='lat' dir='ltr'>de</span> <span class='ocrx_word' id='word_1_14' title='bbox 1810 958 2174 1032; x_wconf 71' lang='lat' dir='ltr'>interroyatio-</span> <span class='ocrx_word' id='word_1_15' title='bbox 2202 959 2260 1026; x_wconf 77' lang='grc' dir='ltr'><strong>Α</strong></span> <span class='ocrx_word' id='word_1_16' title='bbox 2288 957 2500 1014; x_wconf 90' lang='lat' dir='ltr'>ctionis</span> <span class='ocrx_word' id='word_1_17' title='bbox 2523 958 2789 1014; x_wconf 91' lang='lat' dir='ltr'>studium</span> <span class='ocrx_word' id='word_1_18' title='bbox 2813 957 3930 1032; x_wconf 84' lang='lat' dir='ltr'>ergabonoremsuum;undescriptum</span> 
     </span>
    </p>
   </div>
   <div class='ocr_carea' id='block_1_6' title="bbox 589 1027 2174 1093">
    <p class='ocr_par' dir='ltr' id='par_1_6' title="bbox 589 1027 2174 1093">
     <span class='ocr_line' id='line_1_6' title="bbox 589 1027 2174 1093; baseline -0.001 -14"><span class='ocrx_word' id='word_1_19' title='bbox 589 1028 742 1080; x_wconf 80' lang='lat' dir='ltr'>nibus</span> <span class='ocrx_word' id='word_1_20' title='bbox 777 1027 852 1078; x_wconf 85' lang='lat' dir='ltr'>ad</span> <span class='ocrx_word' id='word_1_21' title='bbox 894 1043 947 1078; x_wconf 86' lang='lat' dir='ltr'>se</span> <span class='ocrx_word' id='word_1_22' title='bbox 994 1028 1161 1078; x_wconf 87' lang='lat' dir='ltr'>missis</span> <span class='ocrx_word' id='word_1_23' title='bbox 1205 1043 1318 1093; x_wconf 71' lang='lat' dir='ltr'>qua:</span> <span class='ocrx_word' id='word_1_24' title='bbox 1360 1028 1624 1079; x_wconf 75' lang='lat' dir='ltr'>scribendi</span> <span class='ocrx_word' id='word_1_25' title='bbox 1665 1031 1974 1078; x_wconf 80' lang='lat' dir='ltr'>occasionem</span> <span class='ocrx_word' id='word_1_26' title='bbox 2020 1029 2174 1078; x_wconf 83' lang='lat' dir='ltr'>dede-</span> 
     </span>
    </p>
   </div>
   <div class='ocr_carea' id='block_1_7' title="bbox 590 1101 736 1150">
    <p class='ocr_par' dir='ltr' id='par_1_7' title="bbox 590 1101 736 1150">
     <span class='ocr_line' id='line_1_7' title="bbox 590 1101 736 1150; baseline -0.014 1"><span class='ocrx_word' id='word_1_27' title='bbox 590 1101 736 1150; x_wconf 73' lang='lat' dir='ltr'>rum.</span> 
     </span>
    </p>
   </div>
   <div class='ocr_carea' id='block_1_8' title="bbox 600 1229 2172 1304">
    <p class='ocr_par' dir='ltr' id='par_1_8' title="bbox 600 1229 2172 1304">
     <span class='ocr_line' id='line_1_8' title="bbox 600 1229 2172 1304; baseline 0.001 -18"><span class='ocrx_word' id='word_1_28' title='bbox 600 1229 866 1286; x_wconf 84' lang='lat' dir='ltr'>Dominis</span> <span class='ocrx_word' id='word_1_29' title='bbox 906 1229 1142 1304; x_wconf 82' lang='lat' dir='ltr'>regibus</span> <span class='ocrx_word' id='word_1_30' title='bbox 1177 1229 1468 1304; x_wconf 84' lang='lat' dir='ltr'>gloriosis,</span> <span class='ocrx_word' id='word_1_31' title='bbox 1501 1234 1559 1286; x_wconf 91' lang='lat' dir='ltr'>et</span> <span class='ocrx_word' id='word_1_32' title='bbox 1587 1231 1931 1288; x_wconf 87' lang='lat' dir='ltr'>venerandis</span> <span class='ocrx_word' id='word_1_33' title='bbox 1967 1249 2172 1288; x_wconf 87' lang='lat' dir='ltr'>consa-</span> 
     </span>
    </p>
   </div>
   <div class='ocr_carea' id='block_1_9' title="bbox 527 1317 2171 1387">
    <p class='ocr_par' dir='ltr' id='par_1_9' title="bbox 527 1317 2171 1387">
     <span class='ocr_line' id='line_1_9' title="bbox 527 1317 2171 1387; baseline -0.001 -10"><span class='ocrx_word' id='word_1_34' title='bbox 527 1317 862 1377; x_wconf 85' lang='lat' dir='ltr'>cerdotibus</span> <span class='ocrx_word' id='word_1_35' title='bbox 891 1319 1125 1387; x_wconf 84' lang='lat' dir='ltr'>nostris,</span> <span class='ocrx_word' id='word_1_36' title='bbox 1158 1336 1224 1374; x_wconf 91' lang='lat' dir='ltr'>ac</span> <span class='ocrx_word' id='word_1_37' title='bbox 1255 1319 1482 1375; x_wconf 90' lang='lat' dir='ltr'>cunctis</span> <span class='ocrx_word' id='word_1_38' title='bbox 1513 1320 1573 1374; x_wconf 90' lang='lat' dir='ltr'>in</span> <span class='ocrx_word' id='word_1_39' title='bbox 1597 1319 1730 1376; x_wconf 88' lang='lat' dir='ltr'>sinu</span> <span class='ocrx_word' id='word_1_40' title='bbox 1753 1319 2050 1376; x_wconf 72' lang='lat' dir='ltr'>catholica:</span> <span class='ocrx_word' id='word_1_41' title='bbox 2069 1321 2171 1377; x_wconf 87' lang='lat' dir='ltr'>Ec-</span> 
     </span>
    </p>
   </div>
   <div class='ocr_carea' id='block_1_10' title="bbox 527 1407 2169 1477">
    <p class='ocr_par' dir='ltr' id='par_1_10' title="bbox 527 1407 2169 1477">
     <span class='ocr_line' id='line_1_10' title="bbox 527 1407 2169 1477; baseline 0 -13"><span class='ocrx_word' id='word_1_42' title='bbox 527 1407 716 1464; x_wconf 81' lang='lat' dir='ltr'>clesiae</span> <span class='ocrx_word' id='word_1_43' title='bbox 746 1407 1062 1476; x_wconf 83' lang='lat' dir='ltr'>collocatis,</span> <span class='ocrx_word' id='word_1_44' title='bbox 1095 1408 1465 1474; x_wconf 63' lang='lat' dir='ltr'>Hmcmsuus,</span> <span class='ocrx_word' id='word_1_45' title='bbox 1499 1409 1756 1474; x_wconf 88' lang='lat' dir='ltr'>nomine,</span> <span class='ocrx_word' id='word_1_46' title='bbox 1788 1425 1899 1464; x_wconf 90' lang='lat' dir='ltr'>non</span> <span class='ocrx_word' id='word_1_47' title='bbox 1943 1409 2169 1477; x_wconf 89' lang='lat' dir='ltr'>merito,</span> 
     </span>
    </p>
   </div>
   <div class='ocr_carea' id='block_1_11' title="bbox 530 1497 2175 1570">
    <p class='ocr_par' dir='ltr' id='par_1_11' title="bbox 530 1497 2175 1570">
     <span class='ocr_line' id='line_1_11' title="bbox 530 1497 2175 1570; baseline -0.001 -15"><span class='ocrx_word' id='word_1_48' title='bbox 530 1497 888 1556; x_wconf 79' lang='lat' dir='ltr'>Rhemorum</span> <span class='ocrx_word' id='word_1_49' title='bbox 919 1497 1248 1570; x_wconf 90' lang='lat' dir='ltr'>episcopus,</span> <span class='ocrx_word' id='word_1_50' title='bbox 1283 1515 1349 1552; x_wconf 92' lang='lat' dir='ltr'>ac</span> <span class='ocrx_word' id='word_1_51' title='bbox 1382 1497 1568 1569; x_wconf 84' lang='lat' dir='ltr'>plebis</span> <span class='ocrx_word' id='word_1_52' title='bbox 1599 1497 1698 1553; x_wconf 86' lang='lat' dir='ltr'>Dei</span> <span class='ocrx_word' id='word_1_53' title='bbox 1744 1497 2021 1566; x_wconf 89' lang='lat' dir='ltr'>famulus,</span> <span class='ocrx_word' id='word_1_54' title='bbox 2057 1516 2175 1554; x_wconf 89' lang='lat' dir='ltr'>una</span> 
     </span>
    </p>
   </div>
   <div class='ocr_carea' id='block_1_12' title="bbox 527 1585 2172 1658">
    <p class='ocr_par' dir='ltr' id='par_1_12' title="bbox 527 1585 2172 1658">
     <span class='ocr_line' id='line_1_12' title="bbox 527 1585 2172 1658; baseline -0.001 -15"><span class='ocrx_word' id='word_1_55' title='bbox 527 1602 666 1643; x_wconf 90' lang='lat' dir='ltr'>cum</span> <span class='ocrx_word' id='word_1_56' title='bbox 697 1585 934 1658; x_wconf 86' lang='lat' dir='ltr'>collegis</span> <span class='ocrx_word' id='word_1_57' title='bbox 966 1585 1220 1642; x_wconf 89' lang='lat' dir='ltr'>dominis</span> <span class='ocrx_word' id='word_1_58' title='bbox 1242 1591 1298 1641; x_wconf 92' lang='lat' dir='ltr'>et</span> <span class='ocrx_word' id='word_1_59' title='bbox 1329 1586 1606 1641; x_wconf 79' lang='lat' dir='ltr'>fratribus</span> <span class='ocrx_word' id='word_1_60' title='bbox 1637 1585 1784 1642; x_wconf 88' lang='lat' dir='ltr'>meis</span> <span class='ocrx_word' id='word_1_61' title='bbox 1815 1587 2172 1642; x_wconf 80' lang='lat' dir='ltr'>Rbemorum</span> 
     </span>
    </p>
   </div>
   <div class='ocr_carea' id='block_1_13' title="bbox 527 1675 1558 1748">
    <p class='ocr_par' dir='ltr' id='par_1_13' title="bbox 527 1675 1558 1748">
     <span class='ocr_line' id='line_1_13' title="bbox 527 1675 1558 1748; baseline -0.001 -16"><span class='ocrx_word' id='word_1_62' title='bbox 527 1675 844 1732; x_wconf 71' lang='lat' dir='ltr'>dimceseos</span> <span class='ocrx_word' id='word_1_63' title='bbox 867 1675 1217 1730; x_wconf 82' lang='lat' dir='ltr'>venerandis</span> <span class='ocrx_word' id='word_1_64' title='bbox 1247 1675 1558 1748; x_wconf 82' lang='lat' dir='ltr'>episcOpis.</span> 
     </span>
    </p>
   </div>
   <div class='ocr_carea' id='block_1_14' title="bbox 598 1762 2172 1834">
    <p class='ocr_par' dir='ltr' id='par_1_14' title="bbox 598 1762 2172 1834">
     <span class='ocr_line' id='line_1_14' title="bbox 598 1762 2172 1834; baseline -0.002 -13"><span class='ocrx_word' id='word_1_65' title='bbox 598 1764 680 1824; x_wconf 82' lang='lat' dir='ltr'>De</span> <span class='ocrx_word' id='word_1_66' title='bbox 709 1763 986 1822; x_wconf 86' lang='lat' dir='ltr'>omnibus</span> <span class='ocrx_word' id='word_1_67' title='bbox 1017 1763 1211 1820; x_wconf 90' lang='lat' dir='ltr'>dubiis</span> <span class='ocrx_word' id='word_1_68' title='bbox 1229 1762 1320 1819; x_wconf 87' lang='lat' dir='ltr'>vel</span> <span class='ocrx_word' id='word_1_69' title='bbox 1336 1763 1604 1820; x_wconf 88' lang='lat' dir='ltr'>obscuris</span> <span class='ocrx_word' id='word_1_70' title='bbox 1622 1779 1748 1834; x_wconf 76' lang='lat' dir='ltr'>quze</span> <span class='ocrx_word' id='word_1_71' title='bbox 1767 1763 1838 1820; x_wconf 88' lang='lat' dir='ltr'>ad</span> <span class='ocrx_word' id='word_1_72' title='bbox 1857 1767 2025 1819; x_wconf 79' lang='lat' dir='ltr'>rectae</span> <span class='ocrx_word' id='word_1_73' title='bbox 2041 1763 2172 1820; x_wconf 83' lang='lat' dir='ltr'>ﬁdei</span> 
     </span>
    </p>
   </div>
   <div class='ocr_carea' id='block_1_15' title="bbox 525 1851 2174 1926">
    <p class='ocr_par' dir='ltr' id='par_1_15' title="bbox 525 1851 2174 1926">
     <span class='ocr_line' id='line_1_15' title="bbox 525 1851 2174 1926; baseline -0.001 -16"><span class='ocrx_word' id='word_1_74' title='bbox 525 1857 787 1910; x_wconf 87' lang='lat' dir='ltr'>tenorem</span> <span class='ocrx_word' id='word_1_75' title='bbox 817 1851 906 1908; x_wconf 88' lang='lat' dir='ltr'>vel</span> <span class='ocrx_word' id='word_1_76' title='bbox 937 1853 1171 1926; x_wconf 88' lang='lat' dir='ltr'>pietatis</span> <span class='ocrx_word' id='word_1_77' title='bbox 1202 1853 1480 1924; x_wconf 86' lang='lat' dir='ltr'>dogmata</span> <span class='ocrx_word' id='word_1_78' title='bbox 1510 1853 1822 1925; x_wconf 86' lang='lat' dir='ltr'>pertinent,</span> <span class='ocrx_word' id='word_1_79' title='bbox 1843 1858 2048 1909; x_wconf 87' lang='lat' dir='ltr'>sancta</span> <span class='ocrx_word' id='word_1_80' title='bbox 2069 1853 2174 1908; x_wconf 79' lang='lat' dir='ltr'>Ro-</span> 
     </span>
    </p>
   </div>
   <div class='ocr_carea' id='block_1_16' title="bbox 527 1941 2175 2009">
    <p class='ocr_par' dir='ltr' id='par_1_16' title="bbox 527 1941 2175 2009">
     <span class='ocr_line' id='line_1_16' title="bbox 527 1941 2175 2009; baseline -0.001 -11"><span class='ocrx_word' id='word_1_81' title='bbox 527 1958 704 2000; x_wconf 82' lang='lat' dir='ltr'>mana</span> <span class='ocrx_word' id='word_1_82' title='bbox 728 1941 1004 2009; x_wconf 88' lang='lat' dir='ltr'>Ecclesia,</span> <span class='ocrx_word' id='word_1_83' title='bbox 1042 1945 1104 1996; x_wconf 89' lang='lat' dir='ltr'>ut</span> <span class='ocrx_word' id='word_1_84' title='bbox 1143 1941 1407 1998; x_wconf 89' lang='lat' dir='ltr'>omnium</span> <span class='ocrx_word' id='word_1_85' title='bbox 1454 1941 1847 1998; x_wconf 86' lang='lat' dir='ltr'>Ecclesiarum</span> <span class='ocrx_word' id='word_1_86' title='bbox 1898 1945 2088 1998; x_wconf 81' lang='lat' dir='ltr'>mater</span> <span class='ocrx_word' id='word_1_87' title='bbox 2115 1945 2175 1999; x_wconf 90' lang='lat' dir='ltr'>et</span> 
     </span>
    </p>
   </div>
   <div class='ocr_carea' id='block_1_17' title="bbox 527 2029 2172 2104">
    <p class='ocr_par' dir='ltr' id='par_1_17' title="bbox 527 2029 2172 2104">
     <span class='ocr_line' id='line_1_17' title="bbox 527 2029 2172 2104; baseline -0.001 -16"><span class='ocrx_word' id='word_1_88' title='bbox 527 2029 1037 2104; x_wconf 84' lang='lat' dir='ltr'>magistra,nutrix</span> <span class='ocrx_word' id='word_1_89' title='bbox 1067 2047 1134 2086; x_wconf 88' lang='lat' dir='ltr'>ac</span> <span class='ocrx_word' id='word_1_90' title='bbox 1164 2031 1408 2097; x_wconf 89' lang='lat' dir='ltr'>doctrix,</span> <span class='ocrx_word' id='word_1_91' title='bbox 1441 2035 1531 2086; x_wconf 90' lang='lat' dir='ltr'>est</span> <span class='ocrx_word' id='word_1_92' title='bbox 1557 2030 1934 2098; x_wconf 79' lang='lat' dir='ltr'>consulendo,</span> <span class='ocrx_word' id='word_1_93' title='bbox 1967 2031 2172 2102; x_wconf 87' lang='lat' dir='ltr'>etejus</span> 
     </span>
    </p>
   </div>
   <div class='ocr_carea' id='block_1_18' title="bbox 527 2119 2168 2190">
    <p class='ocr_par' dir='ltr' id='par_1_18' title="bbox 527 2119 2168 2190">
     <span class='ocr_line' id='line_1_18' title="bbox 527 2119 2168 2190; baseline -0.003 -13"><span class='ocrx_word' id='word_1_94' title='bbox 527 2119 788 2178; x_wconf 80' lang='lat' dir='ltr'>salubria</span> <span class='ocrx_word' id='word_1_95' title='bbox 818 2119 1042 2174; x_wconf 88' lang='lat' dir='ltr'>monita</span> <span class='ocrx_word' id='word_1_96' title='bbox 1072 2123 1212 2174; x_wconf 88' lang='lat' dir='ltr'>sunt</span> <span class='ocrx_word' id='word_1_97' title='bbox 1253 2119 1522 2186; x_wconf 83' lang='lat' dir='ltr'>tenenda,</span> <span class='ocrx_word' id='word_1_98' title='bbox 1559 2119 1808 2174; x_wconf 83' lang='lat' dir='ltr'>maxime</span> <span class='ocrx_word' id='word_1_99' title='bbox 1841 2120 1912 2174; x_wconf 83' lang='lat' dir='ltr'>ab</span> <span class='ocrx_word' id='word_1_100' title='bbox 1944 2119 2038 2174; x_wconf 87' lang='lat' dir='ltr'>his</span> <span class='ocrx_word' id='word_1_101' title='bbox 2070 2119 2168 2190; x_wconf 86' lang='lat' dir='ltr'>qui</span> 
     </span>
    </p>
   </div>
   <div class='ocr_carea' id='block_1_19' title="bbox 525 2206 2174 2280">
    <p class='ocr_par' dir='ltr' id='par_1_19' title="bbox 525 2206 2174 2280">
     <span class='ocr_line' id='line_1_19' title="bbox 525 2206 2174 2280; baseline -0.001 -16"><span class='ocrx_word' id='word_1_102' title='bbox 525 2208 586 2264; x_wconf 83' lang='lat' dir='ltr'>in</span> <span class='ocrx_word' id='word_1_103' title='bbox 619 2207 736 2264; x_wconf 84' lang='lat' dir='ltr'>illis</span> <span class='ocrx_word' id='word_1_104' title='bbox 766 2206 1102 2280; x_wconf 81' lang='lat' dir='ltr'>regionibus</span> <span class='ocrx_word' id='word_1_105' title='bbox 1134 2206 1401 2262; x_wconf 87' lang='lat' dir='ltr'>habitant</span> <span class='ocrx_word' id='word_1_106' title='bbox 1430 2206 1489 2261; x_wconf 91' lang='lat' dir='ltr'>in</span> <span class='ocrx_word' id='word_1_107' title='bbox 1521 2208 1738 2278; x_wconf 86' lang='lat' dir='ltr'>quibus</span> <span class='ocrx_word' id='word_1_108' title='bbox 1769 2207 1965 2262; x_wconf 89' lang='lat' dir='ltr'>divina</span> <span class='ocrx_word' id='word_1_109' title='bbox 1985 2209 2174 2278; x_wconf 80' lang='lat' dir='ltr'>gratia</span> 
     </span>
    </p>
   </div>
   <div class='ocr_carea' id='block_1_20' title="bbox 527 2294 2251 2397">
    <p class='ocr_par' dir='ltr' id='par_1_20' title="bbox 527 2294 2251 2397">
     <span class='ocr_line' id='line_1_20' title="bbox 527 2294 2251 2397; baseline 0 -46"><span class='ocrx_word' id='word_1_110' title='bbox 527 2313 630 2370; x_wconf 88' lang='lat' dir='ltr'>per</span> <span class='ocrx_word' id='word_1_111' title='bbox 659 2297 788 2368; x_wconf 86' lang='lat' dir='ltr'>ejus</span> <span class='ocrx_word' id='word_1_112' title='bbox 818 2294 1286 2369; x_wconf 64' lang='lat' dir='ltr'>praedicationem</span> <span class='ocrx_word' id='word_1_113' title='bbox 1319 2311 1522 2351; x_wconf 88' lang='lat' dir='ltr'>omnes</span> <span class='ocrx_word' id='word_1_114' title='bbox 1552 2295 1612 2350; x_wconf 90' lang='lat' dir='ltr'>in</span> <span class='ocrx_word' id='word_1_115' title='bbox 1639 2297 1749 2351; x_wconf 81' lang='lat' dir='ltr'>fide</span> <span class='ocrx_word' id='word_1_116' title='bbox 1770 2295 2055 2369; x_wconf 88' lang='lat' dir='ltr'>genuit,ct</span> <span class='ocrx_word' id='word_1_117' title='bbox 2081 2314 2172 2352; x_wconf 88' lang='lat' dir='ltr'>ca-</span> <span class='ocrx_word' id='word_1_118' title='bbox 2205 2333 2251 2397; x_wconf 79' lang='grc' dir='ltr'>Β</span> 
     </span>
    </p>
   </div>
   <div class='ocr_carea' id='block_1_21' title="bbox 525 2384 2172 2458">
    <p class='ocr_par' dir='ltr' id='par_1_21' title="bbox 525 2384 2172 2458">
     <span class='ocr_line' id='line_1_21' title="bbox 525 2384 2172 2458; baseline -0.001 -14"><span class='ocrx_word' id='word_1_119' title='bbox 525 2384 742 2444; x_wconf 82' lang='lat' dir='ltr'>tholico</span> <span class='ocrx_word' id='word_1_120' title='bbox 772 2385 921 2442; x_wconf 90' lang='lat' dir='ltr'>lacte</span> <span class='ocrx_word' id='word_1_121' title='bbox 945 2384 1188 2440; x_wconf 83' lang='lat' dir='ltr'>nutrivit</span> <span class='ocrx_word' id='word_1_122' title='bbox 1219 2401 1368 2456; x_wconf 92' lang='lat' dir='ltr'>quos</span> <span class='ocrx_word' id='word_1_123' title='bbox 1407 2385 1479 2440; x_wconf 91' lang='lat' dir='ltr'>ad</span> <span class='ocrx_word' id='word_1_124' title='bbox 1532 2385 1714 2442; x_wconf 87' lang='lat' dir='ltr'>vitam</span> <span class='ocrx_word' id='word_1_125' title='bbox 1763 2385 2172 2458; x_wconf 75' lang='lat' dir='ltr'>praeordinavit</span> 
     </span>
    </p>
   </div>
   <div class='ocr_carea' id='block_1_22' title="bbox 529 2473 2170 2546">
    <p class='ocr_par' dir='ltr' id='par_1_22' title="bbox 529 2473 2170 2546">
     <span class='ocr_line' id='line_1_22' title="bbox 529 2473 2170 2546; baseline -0.001 -15"><span class='ocrx_word' id='word_1_126' title='bbox 529 2479 830 2531; x_wconf 68' lang='lat' dir='ltr'>eternam.</span> <span class='ocrx_word' id='word_1_127' title='bbox 865 2473 1026 2530; x_wconf 90' lang='lat' dir='ltr'>Unde</span> <span class='ocrx_word' id='word_1_128' title='bbox 1055 2473 1354 2546; x_wconf 88' lang='lat' dir='ltr'>quoniam,</span> <span class='ocrx_word' id='word_1_129' title='bbox 1389 2473 1541 2530; x_wconf 84' lang='lat' dir='ltr'>sicut</span> <span class='ocrx_word' id='word_1_130' title='bbox 1570 2475 2170 2530; x_wconf 88' lang='lat' dir='ltr'>beatuslnnocentius</span> 
     </span>
    </p>
   </div>
   <div class='ocr_carea' id='block_1_23' title="bbox 523 2563 2168 2636">
    <p class='ocr_par' dir='ltr' id='par_1_23' title="bbox 523 2563 2168 2636">
     <span class='ocr_line' id='line_1_23' title="bbox 523 2563 2168 2636; baseline 0 -18"><span class='ocrx_word' id='word_1_131' title='bbox 523 2563 598 2630; x_wconf 79' lang='lat' dir='ltr'>ad</span> <span class='ocrx_word' id='word_1_132' title='bbox 627 2563 968 2620; x_wconf 87' lang='lat' dir='ltr'>Decentium</span> <span class='ocrx_word' id='word_1_133' title='bbox 997 2563 1373 2636; x_wconf 87' lang='lat' dir='ltr'>Eugubinum</span> <span class='ocrx_word' id='word_1_134' title='bbox 1405 2563 1608 2618; x_wconf 87' lang='lat' dir='ltr'>scribit</span> <span class='ocrx_word' id='word_1_135' title='bbox 1627 2563 1964 2636; x_wconf 87' lang='lat' dir='ltr'>episcopum</span> <span class='ocrx_word' id='word_1_136' title='bbox 1989 2565 2168 2636; x_wconf 81' lang='lat' dir='ltr'>(epist.</span> 
     </span>
    </p>
   </div>
   <div class='ocr_carea' id='block_1_24' title="bbox 521 2652 2166 2724">
    <p class='ocr_par' dir='ltr' id='par_1_24' title="bbox 521 2652 2166 2724">
     <span class='ocr_line' id='line_1_24' title="bbox 521 2652 2166 2724; baseline -0.001 -16"><span class='ocrx_word' id='word_1_137' title='bbox 521 2652 613 2720; x_wconf 84' lang='lat'>29,</span> <span class='ocrx_word' id='word_1_138' title='bbox 638 2653 700 2708; x_wconf 84' lang='lat' dir='ltr'>in</span> <span class='ocrx_word' id='word_1_139' title='bbox 713 2653 997 2724; x_wconf 85' lang='lat' dir='ltr'>princip.),</span> <span class='ocrx_word' id='word_1_140' title='bbox 1015 2676 1041 2702; x_wconf 87' lang='lat'><strong>«</strong></span> <span class='ocrx_word' id='word_1_141' title='bbox 1059 2652 1438 2706; x_wconf 78' lang='lat' dir='ltr'>manifestum</span> <span class='ocrx_word' id='word_1_142' title='bbox 1462 2656 1552 2707; x_wconf 89' lang='lat' dir='ltr'>est</span> <span class='ocrx_word' id='word_1_143' title='bbox 1573 2653 1631 2706; x_wconf 90' lang='lat' dir='ltr'>in</span> <span class='ocrx_word' id='word_1_144' title='bbox 1659 2669 1890 2708; x_wconf 89' lang='lat' dir='ltr'>omnem</span> <span class='ocrx_word' id='word_1_145' title='bbox 1916 2652 2166 2722; x_wconf 82' lang='lat' dir='ltr'>Italiam,</span> 
     </span>
    </p>
   </div>
   <div class='ocr_carea' id='block_1_25' title="bbox 523 2739 2172 2814">
    <p class='ocr_par' dir='ltr' id='par_1_25' title="bbox 523 2739 2172 2814">
     <span class='ocr_line' id='line_1_25' title="bbox 523 2739 2172 2814; baseline 0.001 -18"><span class='ocrx_word' id='word_1_146' title='bbox 523 2739 760 2810; x_wconf 83' lang='lat' dir='ltr'>Gallias,</span> <span class='ocrx_word' id='word_1_147' title='bbox 793 2739 1124 2814; x_wconf 82' lang='lat' dir='ltr'>Hispanias,</span> <span class='ocrx_word' id='word_1_148' title='bbox 1151 2741 1405 2796; x_wconf 76' lang='lat' dir='ltr'>Africam</span> <span class='ocrx_word' id='word_1_149' title='bbox 1430 2745 1605 2812; x_wconf 90' lang='lat' dir='ltr'>atque</span> <span class='ocrx_word' id='word_1_150' title='bbox 1626 2740 1906 2810; x_wconf 88' lang='lat' dir='ltr'>Siciliam,</span> <span class='ocrx_word' id='word_1_151' title='bbox 1924 2741 2172 2798; x_wconf 85' lang='lat' dir='ltr'>insulas-</span> 
     </span>
    </p>
   </div>
   <div class='ocr_carea' id='block_1_26' title="bbox 519 2829 2168 2901">
    <p class='ocr_par' dir='ltr' id='par_1_26' title="bbox 519 2829 2168 2901">
     <span class='ocr_line' id='line_1_26' title="bbox 519 2829 2168 2901; baseline 0.001 -16"><span class='ocrx_word' id='word_1_152' title='bbox 519 2845 637 2896; x_wconf 84' lang='lat' dir='ltr'>que</span> <span class='ocrx_word' id='word_1_153' title='bbox 664 2829 1098 2901; x_wconf 87' lang='lat' dir='ltr'>interjacentes,</span> <span class='ocrx_word' id='word_1_154' title='bbox 1123 2829 1354 2885; x_wconf 89' lang='lat' dir='ltr'>nullum</span> <span class='ocrx_word' id='word_1_155' title='bbox 1385 2829 1716 2886; x_wconf 86' lang='lat' dir='ltr'>instituisse</span> <span class='ocrx_word' id='word_1_156' title='bbox 1738 2829 2168 2896; x_wconf 87' lang='lat' dir='ltr'>Ecclesias,nisi</span> 
     </span>
    </p>
   </div>
   <div class='ocr_carea' id='block_1_27' title="bbox 520 2907 2168 2992">
    <p class='ocr_par' dir='ltr' id='par_1_27' title="bbox 520 2907 2168 2992">
     <span class='ocr_line' id='line_1_27' title="bbox 520 2907 2168 2992; baseline 0.001 -17"><span class='ocrx_word' id='word_1_157' title='bbox 520 2925 622 2975; x_wconf 85' lang='lat' dir='ltr'>eos</span> <span class='ocrx_word' id='word_1_158' title='bbox 650 2935 798 2992; x_wconf 89' lang='lat' dir='ltr'>quos</span> <span class='ocrx_word' id='word_1_159' title='bbox 825 2917 1174 2975; x_wconf 87' lang='lat' dir='ltr'>venerabilis</span> <span class='ocrx_word' id='word_1_160' title='bbox 1218 2918 1424 2974; x_wconf 87' lang='lat' dir='ltr'>Petrus</span> <span class='ocrx_word' id='word_1_161' title='bbox 1471 2907 1574 2974; x_wconf 81' lang='lat' dir='ltr'>aut</span> <span class='ocrx_word' id='word_1_162' title='bbox 1621 2920 1752 2990; x_wconf 87' lang='lat' dir='ltr'>ejus</span> <span class='ocrx_word' id='word_1_163' title='bbox 1798 2934 2168 2977; x_wconf 89' lang='lat' dir='ltr'>successores</span> 
     </span>
    </p>
   </div>
   <div class='ocr_carea' id='block_1_28' title="bbox 524 3005 2166 3080">
    <p class='ocr_par' dir='ltr' id='par_1_28' title="bbox 524 3005 2166 3080">
     <span class='ocr_line' id='line_1_28' title="bbox 524 3005 2166 3080; baseline 0.001 -16"><span class='ocrx_word' id='word_1_164' title='bbox 524 3005 934 3064; x_wconf 90' lang='lat' dir='ltr'>constituerint</span> <span class='ocrx_word' id='word_1_165' title='bbox 953 3007 1304 3074; x_wconf 85' lang='lat' dir='ltr'>sacerdotes,</span> <span class='ocrx_word' id='word_1_166' title='bbox 1329 3011 1555 3079; x_wconf 81' lang='lat' dir='ltr'>Oportet</span> <span class='ocrx_word' id='word_1_167' title='bbox 1572 3023 1672 3062; x_wconf 90' lang='lat' dir='ltr'>eos</span> <span class='ocrx_word' id='word_1_168' title='bbox 1691 3007 1801 3062; x_wconf 89' lang='lat' dir='ltr'>hoc</span> <span class='ocrx_word' id='word_1_169' title='bbox 1822 3007 1987 3079; x_wconf 90' lang='lat' dir='ltr'>sequi</span> <span class='ocrx_word' id='word_1_170' title='bbox 2009 3009 2166 3080; x_wconf 91' lang='lat' dir='ltr'>quod</span> 
     </span>
    </p>
   </div>
   <div class='ocr_carea' id='block_1_29' title="bbox 521 3095 2168 3169">
    <p class='ocr_par' dir='ltr' id='par_1_29' title="bbox 521 3095 2168 3169">
     <span class='ocr_line' id='line_1_29' title="bbox 521 3095 2168 3169; baseline 0.001 -17"><span class='ocrx_word' id='word_1_171' title='bbox 521 3095 785 3152; x_wconf 85' lang='lat' dir='ltr'>Ecclesia</span> <span class='ocrx_word' id='word_1_172' title='bbox 815 3096 1080 3152; x_wconf 87' lang='lat' dir='ltr'>Romana</span> <span class='ocrx_word' id='word_1_173' title='bbox 1108 3095 1426 3162; x_wconf 88' lang='lat' dir='ltr'>custodit,a</span> <span class='ocrx_word' id='word_1_174' title='bbox 1443 3112 1561 3166; x_wconf 88' lang='lat' dir='ltr'>qua</span> <span class='ocrx_word' id='word_1_175' title='bbox 1580 3111 1680 3150; x_wconf 91' lang='lat' dir='ltr'>eos</span> <span class='ocrx_word' id='word_1_176' title='bbox 1702 3095 2058 3169; x_wconf 88' lang='lat' dir='ltr'>principium</span> <span class='ocrx_word' id='word_1_177' title='bbox 2079 3113 2168 3153; x_wconf 86' lang='lat' dir='ltr'>ac-</span> 
     </span>
    </p>
   </div>
   <div class='ocr_carea' id='block_1_30' title="bbox 521 3183 2170 3258">
    <p class='ocr_par' dir='ltr' id='par_1_30' title="bbox 521 3183 2170 3258">
     <span class='ocr_line' id='line_1_30' title="bbox 521 3183 2170 3258; baseline 0 -16"><span class='ocrx_word' id='word_1_178' title='bbox 521 3185 746 3258; x_wconf 85' lang='lat' dir='ltr'>cepisse</span> <span class='ocrx_word' id='word_1_179' title='bbox 776 3202 891 3240; x_wconf 89' lang='lat' dir='ltr'>non</span> <span class='ocrx_word' id='word_1_180' title='bbox 916 3183 1164 3240; x_wconf 91' lang='lat' dir='ltr'>dubium</span> <span class='ocrx_word' id='word_1_181' title='bbox 1188 3186 1374 3248; x_wconf 87' lang='lat' dir='ltr'>est,ne</span> <span class='ocrx_word' id='word_1_182' title='bbox 1395 3183 1536 3238; x_wconf 90' lang='lat' dir='ltr'>dum</span> <span class='ocrx_word' id='word_1_183' title='bbox 1557 3183 1881 3256; x_wconf 89' lang='lat' dir='ltr'>peregrinis</span> <span class='ocrx_word' id='word_1_184' title='bbox 1902 3186 2170 3242; x_wconf 83' lang='lat' dir='ltr'>assertio-</span> 
     </span>
    </p>
   </div>
   <div class='ocr_carea' id='block_1_31' title="bbox 520 3271 2166 3344">
    <p class='ocr_par' dir='ltr' id='par_1_31' title="bbox 520 3271 2166 3344">
     <span class='ocr_line' id='line_1_31' title="bbox 520 3271 2166 3344; baseline 0.002 -16"><span class='ocrx_word' id='word_1_185' title='bbox 520 3272 696 3328; x_wconf 91' lang='lat' dir='ltr'>nibus</span> <span class='ocrx_word' id='word_1_186' title='bbox 727 3273 986 3340; x_wconf 91' lang='lat' dir='ltr'>student,</span> <span class='ocrx_word' id='word_1_187' title='bbox 1008 3275 1186 3344; x_wconf 88' lang='lat' dir='ltr'>caput</span> <span class='ocrx_word' id='word_1_188' title='bbox 1205 3271 1644 3327; x_wconf 89' lang='lat' dir='ltr'>institutionum</span> <span class='ocrx_word' id='word_1_189' title='bbox 1671 3271 1977 3329; x_wconf 88' lang='lat' dir='ltr'>videantur</span> <span class='ocrx_word' id='word_1_190' title='bbox 1995 3275 2166 3332; x_wconf 87' lang='lat' dir='ltr'>amit-</span> 
     </span>
    </p>
   </div>
   <div class='ocr_carea' id='block_1_32' title="bbox 518 3359 2164 3434">
    <p class='ocr_par' dir='ltr' id='par_1_32' title="bbox 518 3359 2164 3434">
     <span class='ocr_line' id='line_1_32' title="bbox 518 3359 2164 3434; baseline 0.001 -18"><span class='ocrx_word' id='word_1_191' title='bbox 518 3364 660 3418; x_wconf 87' lang='lat' dir='ltr'>tere.</span> <span class='ocrx_word' id='word_1_192' title='bbox 694 3382 723 3411; x_wconf 87' lang='lat'><strong>»</strong></span> <span class='ocrx_word' id='word_1_193' title='bbox 754 3360 866 3418; x_wconf 88' lang='lat' dir='ltr'>Sed</span> <span class='ocrx_word' id='word_1_194' title='bbox 897 3365 954 3417; x_wconf 91' lang='lat' dir='ltr'>et</span> <span class='ocrx_word' id='word_1_195' title='bbox 984 3359 1144 3432; x_wconf 87' lang='lat' dir='ltr'>quia,</span> <span class='ocrx_word' id='word_1_196' title='bbox 1177 3363 1242 3415; x_wconf 90' lang='lat' dir='ltr'>ut</span> <span class='ocrx_word' id='word_1_197' title='bbox 1269 3359 1475 3416; x_wconf 88' lang='lat' dir='ltr'>beatus</span> <span class='ocrx_word' id='word_1_198' title='bbox 1508 3359 1873 3432; x_wconf 85' lang='lat' dir='ltr'>Coelestinus,</span> <span class='ocrx_word' id='word_1_199' title='bbox 1899 3363 2164 3434; x_wconf 88' lang='lat' dir='ltr'>ejusdem</span> 
     </span>
    </p>
   </div>
   <div class='ocr_carea' id='block_1_33' title="bbox 518 3449 2163 3522">
    <p class='ocr_par' dir='ltr' id='par_1_33' title="bbox 518 3449 2163 3522">
     <span class='ocr_line' id='line_1_33' title="bbox 518 3449 2163 3522; baseline 0.004 -18"><span class='ocrx_word' id='word_1_200' title='bbox 518 3449 722 3522; x_wconf 67' lang='lat' dir='ltr'>primas</span> <span class='ocrx_word' id='word_1_201' title='bbox 747 3449 904 3506; x_wconf 89' lang='lat' dir='ltr'>sedis</span> <span class='ocrx_word' id='word_1_202' title='bbox 923 3449 1252 3522; x_wconf 89' lang='lat' dir='ltr'>episcopus,</span> <span class='ocrx_word' id='word_1_203' title='bbox 1269 3450 1339 3504; x_wconf 91' lang='lat' dir='ltr'>ad</span> <span class='ocrx_word' id='word_1_204' title='bbox 1360 3449 1672 3506; x_wconf 87' lang='lat' dir='ltr'>Venerium</span> <span class='ocrx_word' id='word_1_205' title='bbox 1695 3455 1752 3506; x_wconf 92' lang='lat' dir='ltr'>et</span> <span class='ocrx_word' id='word_1_206' title='bbox 1772 3455 2008 3510; x_wconf 66' lang='lat' dir='ltr'>caeteros</span> <span class='ocrx_word' id='word_1_207' title='bbox 2031 3452 2163 3510; x_wconf 85' lang='lat' dir='ltr'>Gal-</span> 
     </span>
    </p>
   </div>
   <div class='ocr_carea' id='block_1_34' title="bbox 518 3535 2162 3615">
    <p class='ocr_par' dir='ltr' id='par_1_34' title="bbox 518 3535 2162 3615">
     <span class='ocr_line' id='line_1_34' title="bbox 518 3535 2162 3615; baseline 0.004 -23"><span class='ocrx_word' id='word_1_208' title='bbox 518 3535 742 3594; x_wconf 86' lang='lat' dir='ltr'>licanos</span> <span class='ocrx_word' id='word_1_209' title='bbox 769 3537 910 3594; x_wconf 91' lang='lat' dir='ltr'>dicit</span> <span class='ocrx_word' id='word_1_210' title='bbox 939 3537 1243 3612; x_wconf 89' lang='lat' dir='ltr'>episcopos</span> <span class='ocrx_word' id='word_1_211' title='bbox 1271 3539 1448 3609; x_wconf 87' lang='lat' dir='ltr'>(epist.</span> <span class='ocrx_word' id='word_1_212' title='bbox 1483 3542 1538 3608; x_wconf 86' lang='lat'>8)</span> <span class='ocrx_word' id='word_1_213' title='bbox 1571 3554 1585 3595; x_wconf 88' lang='lat'>:</span> <span class='ocrx_word' id='word_1_214' title='bbox 1622 3561 1650 3590; x_wconf 79' lang='grc' dir='ltr'>ι(</span> <span class='ocrx_word' id='word_1_215' title='bbox 1679 3539 1803 3595; x_wconf 87' lang='lat' dir='ltr'>Non</span> <span class='ocrx_word' id='word_1_216' title='bbox 1851 3545 1942 3596; x_wconf 89' lang='lat' dir='ltr'>est</span> <span class='ocrx_word' id='word_1_217' title='bbox 1989 3557 2162 3615; x_wconf 86' lang='lat' dir='ltr'>agen-</span> 
     </span>
    </p>
   </div>
   <div class='ocr_carea' id='block_1_35' title="bbox 2283 1035 3930 1120">
    <p class='ocr_par' dir='ltr' id='par_1_35' title="bbox 2283 1035 3930 1120">
     <span class='ocr_line' id='line_1_35' title="bbox 2283 1035 3930 1120; baseline 0.002 -19"><span class='ocrx_word' id='word_1_218' title='bbox 2283 1050 2414 1103; x_wconf 88' lang='lat' dir='ltr'>est:</span> <span class='ocrx_word' id='word_1_219' title='bbox 2447 1047 2629 1104; x_wconf 86' lang='lat' dir='ltr'>Honor</span> <span class='ocrx_word' id='word_1_220' title='bbox 2674 1047 2819 1118; x_wconf 86' lang='lat' dir='ltr'>regis</span> <span class='ocrx_word' id='word_1_221' title='bbox 2857 1045 3137 1119; x_wconf 73' lang='lat' dir='ltr'>judicium</span> <span class='ocrx_word' id='word_1_222' title='bbox 3178 1035 3369 1118; x_wconf 79' lang='lat' dir='ltr'>diligit</span> <span class='ocrx_word' id='word_1_223' title='bbox 3407 1047 3582 1120; x_wconf 87' lang='lat' dir='ltr'>(Psal.</span> <span class='ocrx_word' id='word_1_224' title='bbox 3617 1063 3813 1116; x_wconf 82' lang='lat' dir='ltr'>xcvm,</span> <span class='ocrx_word' id='word_1_225' title='bbox 3846 1049 3930 1117; x_wconf 63' lang='lat'>4);</span> 
     </span>
    </p>
   </div>
   <div class='ocr_carea' id='block_1_36' title="bbox 2282 1123 3930 1210">
    <p class='ocr_par' dir='ltr' id='par_1_36' title="bbox 2282 1123 3930 1210">
     <span class='ocr_line' id='line_1_36' title="bbox 2282 1123 3930 1210; baseline 0.012 -19"><span class='ocrx_word' id='word_1_226' title='bbox 2282 1139 2340 1192; x_wconf 90' lang='lat' dir='ltr'>et</span> <span class='ocrx_word' id='word_1_227' title='bbox 2371 1152 2384 1190; x_wconf 89' lang='lat'>:</span> <span class='ocrx_word' id='word_1_228' title='bbox 2417 1137 2638 1192; x_wconf 82' lang='lat' dir='ltr'>Iustitia</span> <span class='ocrx_word' id='word_1_229' title='bbox 2685 1137 2940 1206; x_wconf 82' lang='lat' dir='ltr'>ﬁrmatur</span> <span class='ocrx_word' id='word_1_230' title='bbox 2995 1135 3226 1192; x_wconf 80' lang='lat' dir='ltr'>thronus</span> <span class='ocrx_word' id='word_1_231' title='bbox 3275 1138 3391 1210; x_wconf 83' lang='lat' dir='ltr'>ejus</span> <span class='ocrx_word' id='word_1_232' title='bbox 3441 1141 3629 1207; x_wconf 82' lang='lat' dir='ltr'>(Prov,</span> <span class='ocrx_word' id='word_1_233' title='bbox 3681 1123 3930 1210; x_wconf 51' lang='lat' dir='ltr'>unus);</span> 
     </span>
    </p>
   </div>
   <div class='ocr_carea' id='block_1_37' title="bbox 2283 1224 3935 1297">
    <p class='ocr_par' dir='ltr' id='par_1_37' title="bbox 2283 1224 3935 1297">
     <span class='ocr_line' id='line_1_37' title="bbox 2283 1224 3935 1297; baseline 0.001 -18"><span class='ocrx_word' id='word_1_234' title='bbox 2283 1228 2339 1280; x_wconf 83' lang='lat' dir='ltr'>et</span> <span class='ocrx_word' id='word_1_235' title='bbox 2371 1224 2508 1280; x_wconf 87' lang='lat' dir='ltr'>item</span> <span class='ocrx_word' id='word_1_236' title='bbox 2543 1239 2557 1278; x_wconf 89' lang='lat'><strong>:</strong></span> <span class='ocrx_word' id='word_1_237' title='bbox 2589 1224 2810 1280; x_wconf 75' lang='lat' dir='ltr'>Iustitia</span> <span class='ocrx_word' id='word_1_238' title='bbox 2837 1231 2890 1280; x_wconf 82' lang='lat' dir='ltr'>et</span> <span class='ocrx_word' id='word_1_239' title='bbox 2918 1225 3220 1297; x_wconf 75' lang='lat' dir='ltr'>judicium,</span> <span class='ocrx_word' id='word_1_240' title='bbox 3246 1227 3584 1297; x_wconf 68' lang='lat' dir='ltr'>praeparatio</span> <span class='ocrx_word' id='word_1_241' title='bbox 3637 1224 3788 1280; x_wconf 82' lang='lat' dir='ltr'>sedis</span> <span class='ocrx_word' id='word_1_242' title='bbox 3835 1234 3935 1281; x_wconf 74' lang='lat' dir='ltr'>tua:</span> 
     </span>
    </p>
   </div>
   <div class='ocr_carea' id='block_1_38' title="bbox 2284 1312 3934 1386">
    <p class='ocr_par' dir='ltr' id='par_1_38' title="bbox 2284 1312 3934 1386">
     <span class='ocr_line' id='line_1_38' title="bbox 2284 1312 3934 1386; baseline 0.001 -19"><span class='ocrx_word' id='word_1_243' title='bbox 2284 1313 2456 1382; x_wconf 88' lang='lat' dir='ltr'>(Psal.</span> <span class='ocrx_word' id='word_1_244' title='bbox 2492 1330 2754 1380; x_wconf 69' lang='lat' dir='ltr'>mxxvm,</span> <span class='ocrx_word' id='word_1_245' title='bbox 2791 1313 2898 1386; x_wconf 88' lang='grc'>13).</span> <span class='ocrx_word' id='word_1_246' title='bbox 2933 1313 3000 1368; x_wconf 89' lang='lat' dir='ltr'>Et</span> <span class='ocrx_word' id='word_1_247' title='bbox 3028 1312 3166 1369; x_wconf 90' lang='lat' dir='ltr'>licet</span> <span class='ocrx_word' id='word_1_248' title='bbox 3197 1313 3316 1369; x_wconf 89' lang='lat' dir='ltr'>sint</span> <span class='ocrx_word' id='word_1_249' title='bbox 3355 1313 3480 1369; x_wconf 65' lang='lat' dir='ltr'>alia:</span> <span class='ocrx_word' id='word_1_250' title='bbox 3529 1313 3783 1369; x_wconf 84' lang='lat' dir='ltr'>virtutes</span> <span class='ocrx_word' id='word_1_251' title='bbox 3814 1313 3934 1370; x_wconf 88' lang='lat' dir='ltr'>sine</span> 
     </span>
    </p>
   </div>
   <div class='ocr_carea' id='block_1_39' title="bbox 2285 1401 3934 1475">
    <p class='ocr_par' dir='ltr' id='par_1_39' title="bbox 2285 1401 3934 1475">
     <span class='ocr_line' id='line_1_39' title="bbox 2285 1401 3934 1475; baseline 0.003 -19"><span class='ocrx_word' id='word_1_252' title='bbox 2285 1401 2499 1475; x_wconf 90' lang='lat' dir='ltr'>quibus</span> <span class='ocrx_word' id='word_1_253' title='bbox 2519 1402 2590 1456; x_wconf 91' lang='lat' dir='ltr'>ad</span> <span class='ocrx_word' id='word_1_254' title='bbox 2623 1418 2866 1475; x_wconf 85' lang='lat' dir='ltr'>regnum</span> <span class='ocrx_word' id='word_1_255' title='bbox 2899 1419 3015 1457; x_wconf 91' lang='lat' dir='ltr'>non</span> <span class='ocrx_word' id='word_1_256' title='bbox 3047 1403 3383 1474; x_wconf 89' lang='lat' dir='ltr'>pervenitur</span> <span class='ocrx_word' id='word_1_257' title='bbox 3411 1406 3934 1470; x_wconf 68' lang='lat' dir='ltr'>aeternum,tamen</span> 
     </span>
    </p>
   </div>
   <div class='ocr_carea' id='block_1_40' title="bbox 2284 1489 3931 1564">
    <p class='ocr_par' dir='ltr' id='par_1_40' title="bbox 2284 1489 3931 1564">
     <span class='ocr_line' id='line_1_40' title="bbox 2284 1489 3931 1564; baseline 0 -18"><span class='ocrx_word' id='word_1_258' title='bbox 2284 1490 2411 1546; x_wconf 89' lang='lat' dir='ltr'>sine</span> <span class='ocrx_word' id='word_1_259' title='bbox 2441 1490 2534 1545; x_wconf 89' lang='lat' dir='ltr'>his</span> <span class='ocrx_word' id='word_1_260' title='bbox 2551 1489 2738 1546; x_wconf 89' lang='lat' dir='ltr'>tribus</span> <span class='ocrx_word' id='word_1_261' title='bbox 2763 1507 2908 1562; x_wconf 89' lang='lat' dir='ltr'>quas</span> <span class='ocrx_word' id='word_1_262' title='bbox 2929 1491 3550 1564; x_wconf 81' lang='lat' dir='ltr'>posuimus,tyrannus</span> <span class='ocrx_word' id='word_1_263' title='bbox 3573 1491 3700 1546; x_wconf 82' lang='lat' dir='ltr'>ﬁeri</span> <span class='ocrx_word' id='word_1_264' title='bbox 3723 1495 3931 1564; x_wconf 88' lang='lat' dir='ltr'>potest,</span> 
     </span>
    </p>
   </div>
   <div class='ocr_carea' id='block_1_41' title="bbox 2285 1579 3937 1653">
    <p class='ocr_par' dir='ltr' id='par_1_41' title="bbox 2285 1579 3937 1653">
     <span class='ocr_line' id='line_1_41' title="bbox 2285 1579 3937 1653; baseline 0.001 -18"><span class='ocrx_word' id='word_1_265' title='bbox 2285 1595 2533 1652; x_wconf 83' lang='lat' dir='ltr'>regnum</span> <span class='ocrx_word' id='word_1_266' title='bbox 2562 1583 2758 1634; x_wconf 88' lang='lat' dir='ltr'>autem</span> <span class='ocrx_word' id='word_1_267' title='bbox 2787 1579 3103 1635; x_wconf 85' lang='lat' dir='ltr'>salubriter</span> <span class='ocrx_word' id='word_1_268' title='bbox 3133 1596 3303 1637; x_wconf 89' lang='lat' dir='ltr'>nemo</span> <span class='ocrx_word' id='word_1_269' title='bbox 3333 1584 3524 1653; x_wconf 86' lang='lat' dir='ltr'>potest</span> <span class='ocrx_word' id='word_1_270' title='bbox 3545 1579 3810 1637; x_wconf 87' lang='lat' dir='ltr'>obtinere</span> <span class='ocrx_word' id='word_1_271' title='bbox 3833 1585 3937 1638; x_wconf 87' lang='lat' dir='ltr'>ter-</span> 
     </span>
    </p>
   </div>
   <div class='ocr_carea' id='block_1_42' title="bbox 2283 1668 3938 1742">
    <p class='ocr_par' dir='ltr' id='par_1_42' title="bbox 2283 1668 3938 1742">
     <span class='ocr_line' id='line_1_42' title="bbox 2283 1668 3938 1742; baseline 0.001 -18"><span class='ocrx_word' id='word_1_272' title='bbox 2283 1684 2510 1736; x_wconf 88' lang='lat' dir='ltr'>renum,</span> <span class='ocrx_word' id='word_1_273' title='bbox 2543 1668 2602 1723; x_wconf 90' lang='lat' dir='ltr'>id</span> <span class='ocrx_word' id='word_1_274' title='bbox 2653 1673 2743 1725; x_wconf 89' lang='lat' dir='ltr'>est</span> <span class='ocrx_word' id='word_1_275' title='bbox 2787 1669 2912 1724; x_wconf 89' lang='lat' dir='ltr'>sine</span> <span class='ocrx_word' id='word_1_276' title='bbox 2967 1669 3440 1737; x_wconf 88' lang='lat' dir='ltr'>mansuetudine,</span> <span class='ocrx_word' id='word_1_277' title='bbox 3481 1671 3617 1742; x_wconf 86' lang='lat' dir='ltr'>quia</span> <span class='ocrx_word' id='word_1_278' title='bbox 3658 1671 3938 1727; x_wconf 78' lang='lat' dir='ltr'>mansueti</span> 
     </span>
    </p>
   </div>
   <div class='ocr_carea' id='block_1_43' title="bbox 2284 1755 3938 1831">
    <p class='ocr_par' dir='ltr' id='par_1_43' title="bbox 2284 1755 3938 1831">
     <span class='ocr_line' id='line_1_43' title="bbox 2284 1755 3938 1831; baseline 0.003 -20"><span class='ocrx_word' id='word_1_279' title='bbox 2284 1755 2679 1814; x_wconf 73' lang='lat' dir='ltr'>litereditabunt</span> <span class='ocrx_word' id='word_1_280' title='bbox 2734 1764 2933 1813; x_wconf 87' lang='lat' dir='ltr'>terram</span> <span class='ocrx_word' id='word_1_281' title='bbox 2993 1756 3196 1829; x_wconf 76' lang='lat' dir='ltr'>(Matth.</span> <span class='ocrx_word' id='word_1_282' title='bbox 3236 1773 3292 1828; x_wconf 85' lang='grc' dir='ltr'>ν,</span> <span class='ocrx_word' id='word_1_283' title='bbox 3327 1758 3416 1830; x_wconf 60' lang='lat' dir='ltr'>l1);</span> <span class='ocrx_word' id='word_1_284' title='bbox 3449 1756 3576 1814; x_wconf 88' lang='lat' dir='ltr'>sine</span> <span class='ocrx_word' id='word_1_285' title='bbox 3633 1757 3938 1831; x_wconf 79' lang='lat' dir='ltr'>patientia,</span> 
     </span>
    </p>
   </div>
   <div class='ocr_carea' id='block_1_44' title="bbox 2283 1845 3943 1920">
    <p class='ocr_par' dir='ltr' id='par_1_44' title="bbox 2283 1845 3943 1920">
     <span class='ocr_line' id='line_1_44' title="bbox 2283 1845 3943 1920; baseline 0.003 -20"><span class='ocrx_word' id='word_1_286' title='bbox 2283 1849 2417 1918; x_wconf 83' lang='lat' dir='ltr'>quia</span> <span class='ocrx_word' id='word_1_287' title='bbox 2441 1847 2637 1903; x_wconf 83' lang='lat' dir='ltr'>melior</span> <span class='ocrx_word' id='word_1_288' title='bbox 2664 1853 2745 1902; x_wconf 88' lang='lat' dir='ltr'>est</span> <span class='ocrx_word' id='word_1_289' title='bbox 2764 1849 2978 1918; x_wconf 85' lang='lat' dir='ltr'>patiens</span> <span class='ocrx_word' id='word_1_290' title='bbox 3023 1848 3141 1902; x_wconf 87' lang='lat' dir='ltr'>viro</span> <span class='ocrx_word' id='word_1_291' title='bbox 3189 1848 3352 1918; x_wconf 80' lang='lat' dir='ltr'>forte,</span> <span class='ocrx_word' id='word_1_292' title='bbox 3382 1854 3434 1904; x_wconf 88' lang='lat' dir='ltr'>et</span> <span class='ocrx_word' id='word_1_293' title='bbox 3479 1849 3577 1920; x_wconf 92' lang='lat' dir='ltr'>qui</span> <span class='ocrx_word' id='word_1_294' title='bbox 3623 1845 3943 1905; x_wconf 76' lang='lat' dir='ltr'>dominatur</span> 
     </span>
    </p>
   </div>
   <div class='ocr_carea' id='block_1_45' title="bbox 2281 1935 3937 2008">
    <p class='ocr_par' dir='ltr' id='par_1_45' title="bbox 2281 1935 3937 2008">
     <span class='ocr_line' id='line_1_45' title="bbox 2281 1935 3937 2008; baseline 0.002 -18"><span class='ocrx_word' id='word_1_295' title='bbox 2281 1937 2468 1992; x_wconf 85' lang='lat' dir='ltr'>animo</span> <span class='ocrx_word' id='word_1_296' title='bbox 2497 1951 2596 1992; x_wconf 88' lang='lat' dir='ltr'>suo</span> <span class='ocrx_word' id='word_1_297' title='bbox 2623 1943 2992 2008; x_wconf 72' lang='lat' dir='ltr'>expugnatura</span> <span class='ocrx_word' id='word_1_298' title='bbox 3036 1935 3262 1990; x_wconf 85' lang='lat' dir='ltr'>urbium</span> <span class='ocrx_word' id='word_1_299' title='bbox 3300 1937 3484 2004; x_wconf 86' lang='lat' dir='ltr'>(Prov.</span> <span class='ocrx_word' id='word_1_300' title='bbox 3514 1952 3631 2003; x_wconf 70' lang='lat' dir='ltr'>xvr,</span> <span class='ocrx_word' id='word_1_301' title='bbox 3665 1936 3802 2006; x_wconf 83' lang='lat'>32);</span> <span class='ocrx_word' id='word_1_302' title='bbox 3837 1941 3893 1993; x_wconf 88' lang='lat' dir='ltr'>et</span> <span class='ocrx_word' id='word_1_303' title='bbox 3923 1954 3937 1994; x_wconf 91' lang='lat'>:</span> 
     </span>
    </p>
   </div>
   <div class='ocr_carea' id='block_1_46' title="bbox 2281 2023 3939 2096">
    <p class='ocr_par' dir='ltr' id='par_1_46' title="bbox 2281 2023 3939 2096">
     <span class='ocr_line' id='line_1_46' title="bbox 2281 2023 3939 2096; baseline 0.002 -16"><span class='ocrx_word' id='word_1_304' title='bbox 2281 2029 2349 2080; x_wconf 90' lang='lat' dir='ltr'>In</span> <span class='ocrx_word' id='word_1_305' title='bbox 2362 2026 2629 2095; x_wconf 83' lang='lat' dir='ltr'>patientia</span> <span class='ocrx_word' id='word_1_306' title='bbox 2642 2032 2816 2080; x_wconf 87' lang='lat' dir='ltr'>vestra</span> <span class='ocrx_word' id='word_1_307' title='bbox 2837 2023 3178 2096; x_wconf 84' lang='lat' dir='ltr'>possidebilis</span> <span class='ocrx_word' id='word_1_308' title='bbox 3197 2025 3414 2080; x_wconf 83' lang='lat' dir='ltr'>animus</span> <span class='ocrx_word' id='word_1_309' title='bbox 3436 2033 3638 2082; x_wconf 87' lang='lat' dir='ltr'>vestras</span> <span class='ocrx_word' id='word_1_310' title='bbox 3653 2025 3812 2094; x_wconf 86' lang='lat' dir='ltr'>(Luc.</span> <span class='ocrx_word' id='word_1_311' title='bbox 3826 2043 3939 2094; x_wconf 76' lang='lat' dir='ltr'>nt,</span> 
     </span>
    </p>
   </div>
   <div class='ocr_carea' id='block_1_47' title="bbox 2285 2111 3942 2186">
    <p class='ocr_par' dir='ltr' id='par_1_47' title="bbox 2285 2111 3942 2186">
     <span class='ocr_line' id='line_1_47' title="bbox 2285 2111 3942 2186; baseline 0.003 -20"><span class='ocrx_word' id='word_1_312' title='bbox 2285 2114 2406 2182; x_wconf 77' lang='lat'>19);</span> <span class='ocrx_word' id='word_1_313' title='bbox 2441 2113 2566 2169; x_wconf 90' lang='lat' dir='ltr'>sine</span> <span class='ocrx_word' id='word_1_314' title='bbox 2596 2129 2731 2168; x_wconf 89' lang='lat' dir='ltr'>vera</span> <span class='ocrx_word' id='word_1_315' title='bbox 2757 2113 3086 2181; x_wconf 83' lang='lat' dir='ltr'>dilectione,</span> <span class='ocrx_word' id='word_1_316' title='bbox 3118 2113 3191 2168; x_wconf 93' lang='lat' dir='ltr'>de</span> <span class='ocrx_word' id='word_1_317' title='bbox 3235 2130 3352 2186; x_wconf 86' lang='lat' dir='ltr'>qua</span> <span class='ocrx_word' id='word_1_318' title='bbox 3401 2111 3627 2169; x_wconf 89' lang='lat' dir='ltr'>dictum</span> <span class='ocrx_word' id='word_1_319' title='bbox 3660 2119 3755 2172; x_wconf 90' lang='lat' dir='ltr'>est</span> <span class='ocrx_word' id='word_1_320' title='bbox 3787 2133 3802 2170; x_wconf 93' lang='lat'><strong>:</strong></span> <span class='ocrx_word' id='word_1_321' title='bbox 3840 2115 3942 2183; x_wconf 82' lang='lat' dir='ltr'>Qui</span> 
     </span>
    </p>
   </div>
   <div class='ocr_carea' id='block_1_48' title="bbox 2281 2199 3938 2274">
    <p class='ocr_par' dir='ltr' id='par_1_48' title="bbox 2281 2199 3938 2274">
     <span class='ocr_line' id='line_1_48' title="bbox 2281 2199 3938 2274; baseline 0.001 -20"><span class='ocrx_word' id='word_1_322' title='bbox 2281 2199 2518 2269; x_wconf 81' lang='lat' dir='ltr'>diligitis</span> <span class='ocrx_word' id='word_1_323' title='bbox 2575 2201 2886 2267; x_wconf 85' lang='lat' dir='ltr'>Dominum,</span> <span class='ocrx_word' id='word_1_324' title='bbox 2937 2199 3078 2256; x_wconf 87' lang='lat' dir='ltr'>odite</span> <span class='ocrx_word' id='word_1_325' title='bbox 3124 2199 3336 2256; x_wconf 84' lang='lat' dir='ltr'>malum</span> <span class='ocrx_word' id='word_1_326' title='bbox 3385 2201 3572 2272; x_wconf 79' lang='lat' dir='ltr'>(t’sal.</span> <span class='ocrx_word' id='word_1_327' title='bbox 3615 2218 3769 2269; x_wconf 77' lang='lat' dir='ltr'>xcvx,</span> <span class='ocrx_word' id='word_1_328' title='bbox 3836 2203 3938 2274; x_wconf 85' lang='grc'>10),</span> 
     </span>
    </p>
   </div>
   <div class='ocr_carea' id='block_1_49' title="bbox 2282 2290 3940 2362">
    <p class='ocr_par' dir='ltr' id='par_1_49' title="bbox 2282 2290 3940 2362">
     <span class='ocr_line' id='line_1_49' title="bbox 2282 2290 3940 2362; baseline 0.003 -19"><span class='ocrx_word' id='word_1_329' title='bbox 2282 2291 2542 2360; x_wconf 85' lang='lat' dir='ltr'>quoniam</span> <span class='ocrx_word' id='word_1_330' title='bbox 2571 2291 2665 2362; x_wconf 86' lang='lat' dir='ltr'>qui</span> <span class='ocrx_word' id='word_1_331' title='bbox 2691 2290 2876 2361; x_wconf 76' lang='lat' dir='ltr'>diligit</span> <span class='ocrx_word' id='word_1_332' title='bbox 2925 2291 3291 2362; x_wconf 87' lang='lat' dir='ltr'>iniquitatem,</span> <span class='ocrx_word' id='word_1_333' title='bbox 3323 2290 3439 2347; x_wconf 85' lang='lat' dir='ltr'>odit</span> <span class='ocrx_word' id='word_1_334' title='bbox 3481 2293 3734 2346; x_wconf 81' lang='lat' dir='ltr'>animum</span> <span class='ocrx_word' id='word_1_335' title='bbox 3781 2309 3940 2348; x_wconf 83' lang='lat' dir='ltr'>suam</span> 
     </span>
    </p>
   </div>
   <div class='ocr_carea' id='block_1_50' title="bbox 2279 2377 3942 2452">
    <p class='ocr_par' dir='ltr' id='par_1_50' title="bbox 2279 2377 3942 2452">
     <span class='ocr_line' id='line_1_50' title="bbox 2279 2377 3942 2452; baseline 0.004 -20"><span class='ocrx_word' id='word_1_336' title='bbox 2279 2378 2455 2446; x_wconf 85' lang='lat' dir='ltr'>(Psal.</span> <span class='ocrx_word' id='word_1_337' title='bbox 2487 2395 2545 2440; x_wconf 82' lang='lat' dir='ltr'>x.</span> <span class='ocrx_word' id='word_1_338' title='bbox 2565 2379 2640 2446; x_wconf 90' lang='lat'>6).</span> <span class='ocrx_word' id='word_1_339' title='bbox 2663 2379 2734 2434; x_wconf 90' lang='lat' dir='ltr'>Et</span> <span class='ocrx_word' id='word_1_340' title='bbox 2765 2378 2904 2434; x_wconf 88' lang='lat' dir='ltr'>item</span> <span class='ocrx_word' id='word_1_341' title='bbox 2935 2378 2996 2434; x_wconf 86' lang='lat' dir='ltr'>in</span> <span class='ocrx_word' id='word_1_342' title='bbox 3026 2378 3254 2452; x_wconf 89' lang='lat' dir='ltr'>psalmo</span> <span class='ocrx_word' id='word_1_343' title='bbox 3285 2377 3572 2452; x_wconf 90' lang='lat' dir='ltr'>scriptum</span> <span class='ocrx_word' id='word_1_344' title='bbox 3605 2385 3698 2438; x_wconf 88' lang='lat' dir='ltr'>est</span> <span class='ocrx_word' id='word_1_345' title='bbox 3723 2397 3737 2437; x_wconf 93' lang='lat'>:</span> <span class='ocrx_word' id='word_1_346' title='bbox 3761 2381 3942 2438; x_wconf 82' lang='lat' dir='ltr'>Inten-</span> 
     </span>
    </p>
   </div>
   <div class='ocr_carea' id='block_1_51' title="bbox 2281 2465 3944 2542">
    <p class='ocr_par' dir='ltr' id='par_1_51' title="bbox 2281 2465 3944 2542">
     <span class='ocr_line' id='line_1_51' title="bbox 2281 2465 3944 2542; baseline 0.004 -20"><span class='ocrx_word' id='word_1_347' title='bbox 2281 2465 2364 2533; x_wconf 86' lang='lat' dir='ltr'>de,</span> <span class='ocrx_word' id='word_1_348' title='bbox 2394 2483 2648 2539; x_wconf 84' lang='lat' dir='ltr'>prospere</span> <span class='ocrx_word' id='word_1_349' title='bbox 2689 2466 2914 2539; x_wconf 79' lang='lat' dir='ltr'>procede</span> <span class='ocrx_word' id='word_1_350' title='bbox 2958 2475 3010 2524; x_wconf 89' lang='lat' dir='ltr'>et</span> <span class='ocrx_word' id='word_1_351' title='bbox 3035 2485 3204 2540; x_wconf 85' lang='lat' dir='ltr'>regna</span> <span class='ocrx_word' id='word_1_352' title='bbox 3234 2487 3253 2523; x_wconf 90' lang='lat'><strong><em>:</em></strong></span> <span class='ocrx_word' id='word_1_353' title='bbox 3280 2476 3501 2542; x_wconf 85' lang='lat' dir='ltr'>propter</span> <span class='ocrx_word' id='word_1_354' title='bbox 3547 2471 3862 2539; x_wconf 80' lang='lat' dir='ltr'>veritatem,</span> <span class='ocrx_word' id='word_1_355' title='bbox 3891 2477 3944 2528; x_wconf 80' lang='lat' dir='ltr'>et</span> 
     </span>
    </p>
   </div>
   <div class='ocr_carea' id='block_1_52' title="bbox 2279 2554 3938 2632">
    <p class='ocr_par' dir='ltr' id='par_1_52' title="bbox 2279 2554 3938 2632">
     <span class='ocr_line' id='line_1_52' title="bbox 2279 2554 3938 2632; baseline 0.005 -24"><span class='ocrx_word' id='word_1_356' title='bbox 2279 2554 2772 2622; x_wconf 80' lang='lat' dir='ltr'>mansuetudinem,</span> <span class='ocrx_word' id='word_1_357' title='bbox 2803 2563 2854 2612; x_wconf 88' lang='lat' dir='ltr'>et</span> <span class='ocrx_word' id='word_1_358' title='bbox 2870 2557 3148 2629; x_wconf 84' lang='lat' dir='ltr'>justitiam</span> <span class='ocrx_word' id='word_1_359' title='bbox 3176 2557 3350 2626; x_wconf 87' lang='lat' dir='ltr'>(Psal.</span> <span class='ocrx_word' id='word_1_360' title='bbox 3383 2574 3528 2627; x_wconf 61' lang='grc' dir='ltr'>πων,</span> <span class='ocrx_word' id='word_1_361' title='bbox 3559 2558 3640 2631; x_wconf 84' lang='lat'>5),</span> <span class='ocrx_word' id='word_1_362' title='bbox 3673 2558 3826 2632; x_wconf 88' lang='lat' dir='ltr'>quia</span> <span class='ocrx_word' id='word_1_363' title='bbox 3852 2575 3938 2616; x_wconf 85' lang='lat' dir='ltr'>ve-</span> 
     </span>
    </p>
   </div>
   <div class='ocr_carea' id='block_1_53' title="bbox 2281 2642 3940 2720">
    <p class='ocr_par' dir='ltr' id='par_1_53' title="bbox 2281 2642 3940 2720">
     <span class='ocr_line' id='line_1_53' title="bbox 2281 2642 3940 2720; baseline 0.005 -24"><span class='ocrx_word' id='word_1_364' title='bbox 2281 2642 2510 2700; x_wconf 86' lang='lat' dir='ltr'>ritatem</span> <span class='ocrx_word' id='word_1_365' title='bbox 2567 2660 2912 2717; x_wconf 80' lang='lat' dir='ltr'>exsequens,</span> <span class='ocrx_word' id='word_1_366' title='bbox 2953 2646 3466 2703; x_wconf 84' lang='lat' dir='ltr'>mansuetudinem</span> <span class='ocrx_word' id='word_1_367' title='bbox 3514 2663 3652 2702; x_wconf 90' lang='lat' dir='ltr'>cum</span> <span class='ocrx_word' id='word_1_368' title='bbox 3695 2645 3940 2720; x_wconf 83' lang='lat' dir='ltr'>justitia</span> 
     </span>
    </p>
   </div>
   <div class='ocr_carea' id='block_1_54' title="bbox 2281 2733 3944 2802">
    <p class='ocr_par' dir='ltr' id='par_1_54' title="bbox 2281 2733 3944 2802">
     <span class='ocr_line' id='line_1_54' title="bbox 2281 2733 3944 2802; baseline 0.003 -15"><span class='ocrx_word' id='word_1_369' title='bbox 2281 2734 2664 2802; x_wconf 88' lang='lat' dir='ltr'>conservabit,</span> <span class='ocrx_word' id='word_1_370' title='bbox 2683 2738 2872 2790; x_wconf 90' lang='lat' dir='ltr'>utnec</span> <span class='ocrx_word' id='word_1_371' title='bbox 2897 2734 3086 2791; x_wconf 88' lang='lat' dir='ltr'>zelum</span> <span class='ocrx_word' id='word_1_372' title='bbox 3117 2733 3486 2794; x_wconf 89' lang='lat' dir='ltr'>rectitudinis</span> <span class='ocrx_word' id='word_1_373' title='bbox 3508 2735 3568 2791; x_wconf 90' lang='lat' dir='ltr'>in</span> <span class='ocrx_word' id='word_1_374' title='bbox 3593 2741 3944 2795; x_wconf 74' lang='lat' dir='ltr'>mansuetu-</span> 
     </span>
    </p>
   </div>
   <div class='ocr_carea' id='block_1_55' title="bbox 2279 2820 3943 2899">
    <p class='ocr_par' dir='ltr' id='par_1_55' title="bbox 2279 2820 3943 2899">
     <span class='ocr_line' id='line_1_55' title="bbox 2279 2820 3943 2899; baseline 0.005 -23"><span class='ocrx_word' id='word_1_375' title='bbox 2279 2820 2436 2878; x_wconf 89' lang='lat' dir='ltr'>dinis</span> <span class='ocrx_word' id='word_1_376' title='bbox 2465 2823 2719 2895; x_wconf 90' lang='lat' dir='ltr'>pondere</span> <span class='ocrx_word' id='word_1_377' title='bbox 2739 2823 3240 2896; x_wconf 88' lang='lat' dir='ltr'>derelinquat,nec</span> <span class='ocrx_word' id='word_1_378' title='bbox 3253 2841 3490 2882; x_wconf 87' lang='lat' dir='ltr'>rursum</span> <span class='ocrx_word' id='word_1_379' title='bbox 3512 2825 3754 2899; x_wconf 84' lang='lat' dir='ltr'>pondus</span> <span class='ocrx_word' id='word_1_380' title='bbox 3775 2842 3943 2884; x_wconf 85' lang='lat' dir='ltr'>man-</span> 
     </span>
    </p>
   </div>
   <div class='ocr_carea' id='block_1_56' title="bbox 2279 2911 3942 2986">
    <p class='ocr_par' dir='ltr' id='par_1_56' title="bbox 2279 2911 3942 2986">
     <span class='ocr_line' id='line_1_56' title="bbox 2279 2911 3942 2986; baseline 0.002 -20"><span class='ocrx_word' id='word_1_381' title='bbox 2279 2911 2610 2967; x_wconf 88' lang='lat' dir='ltr'>suetudinis</span> <span class='ocrx_word' id='word_1_382' title='bbox 2640 2911 3012 2969; x_wconf 90' lang='lat' dir='ltr'>rectitudinis</span> <span class='ocrx_word' id='word_1_383' title='bbox 3042 2911 3164 2969; x_wconf 85' lang='lat' dir='ltr'>zelo</span> <span class='ocrx_word' id='word_1_384' title='bbox 3195 2913 3515 2986; x_wconf 88' lang='lat' dir='ltr'>perturbet,</span> <span class='ocrx_word' id='word_1_385' title='bbox 3547 2913 3942 2986; x_wconf 60' lang='lat' dir='ltr'>quoniamut</span> 
     </span>
    </p>
   </div>
   <div class='ocr_carea' id='block_1_57' title="bbox 2278 2999 3939 3076">
    <p class='ocr_par' dir='ltr' id='par_1_57' title="bbox 2278 2999 3939 3076">
     <span class='ocr_line' id='line_1_57' title="bbox 2278 2999 3939 3076; baseline 0.003 -21"><span class='ocrx_word' id='word_1_386' title='bbox 2278 2999 2574 3072; x_wconf 86' lang='lat' dir='ltr'>Sapientia</span> <span class='ocrx_word' id='word_1_387' title='bbox 2603 2999 2745 3056; x_wconf 89' lang='lat' dir='ltr'>dicit</span> <span class='ocrx_word' id='word_1_388' title='bbox 2775 3016 2788 3056; x_wconf 93' lang='lat'><strong>:</strong></span> <span class='ocrx_word' id='word_1_389' title='bbox 2820 3002 2930 3057; x_wconf 79' lang='lat' dir='ltr'>Rea:</span> <span class='ocrx_word' id='word_1_390' title='bbox 2959 3003 3056 3075; x_wconf 89' lang='lat' dir='ltr'>qui</span> <span class='ocrx_word' id='word_1_391' title='bbox 3081 3001 3226 3058; x_wconf 86' lang='lat' dir='ltr'>sedet</span> <span class='ocrx_word' id='word_1_392' title='bbox 3255 3003 3316 3058; x_wconf 88' lang='lat' dir='ltr'>in</span> <span class='ocrx_word' id='word_1_393' title='bbox 3343 3003 3480 3060; x_wconf 83' lang='lat' dir='ltr'>solio</span> <span class='ocrx_word' id='word_1_394' title='bbox 3510 3002 3725 3076; x_wconf 87' lang='lat' dir='ltr'>judicii</span> <span class='ocrx_word' id='word_1_395' title='bbox 3769 3003 3939 3061; x_wconf 83' lang='lat' dir='ltr'>dissi-</span> 
     </span>
    </p>
   </div>
   <div class='ocr_carea' id='block_1_58' title="bbox 2273 3091 3937 3164">
    <p class='ocr_par' dir='ltr' id='par_1_58' title="bbox 2273 3091 3937 3164">
     <span class='ocr_line' id='line_1_58' title="bbox 2273 3091 3937 3164; baseline 0.004 -21"><span class='ocrx_word' id='word_1_396' title='bbox 2273 3095 2369 3160; x_wconf 86' lang='lat' dir='ltr'>pat</span> <span class='ocrx_word' id='word_1_397' title='bbox 2395 3105 2552 3146; x_wconf 86' lang='lat' dir='ltr'>omne</span> <span class='ocrx_word' id='word_1_398' title='bbox 2578 3091 2788 3146; x_wconf 87' lang='lat' dir='ltr'>malum</span> <span class='ocrx_word' id='word_1_399' title='bbox 2819 3092 3026 3148; x_wconf 86' lang='lat' dir='ltr'>intuitu</span> <span class='ocrx_word' id='word_1_400' title='bbox 3053 3106 3152 3148; x_wconf 90' lang='lat' dir='ltr'>suo</span> <span class='ocrx_word' id='word_1_401' title='bbox 3181 3091 3365 3164; x_wconf 89' lang='lat' dir='ltr'>(Prov.</span> <span class='ocrx_word' id='word_1_402' title='bbox 3396 3109 3489 3161; x_wconf 86' lang='lat' dir='ltr'>xx,</span> <span class='ocrx_word' id='word_1_403' title='bbox 3521 3091 3575 3164; x_wconf 94' lang='lat'>8)</span> <span class='ocrx_word' id='word_1_404' title='bbox 3602 3110 3616 3161; x_wconf 91' lang='lat'><strong>;</strong></span> <span class='ocrx_word' id='word_1_405' title='bbox 3649 3096 3712 3150; x_wconf 88' lang='lat' dir='ltr'>et</span> <span class='ocrx_word' id='word_1_406' title='bbox 3739 3093 3890 3150; x_wconf 88' lang='lat' dir='ltr'>item</span> <span class='ocrx_word' id='word_1_407' title='bbox 3923 3109 3937 3150; x_wconf 90' lang='lat'><strong>:</strong></span> 
     </span>
    </p>
   </div>
   <div class='ocr_carea' id='block_1_59' title="bbox 2277 3178 3936 3254">
    <p class='ocr_par' dir='ltr' id='par_1_59' title="bbox 2277 3178 3936 3254">
     <span class='ocr_line' id='line_1_59' title="bbox 2277 3178 3936 3254; baseline 0.001 -20"><span class='ocrx_word' id='word_1_408' title='bbox 2277 3178 2391 3236; x_wconf 68' lang='lat' dir='ltr'>Res:</span> <span class='ocrx_word' id='word_1_409' title='bbox 2419 3180 2518 3251; x_wconf 88' lang='lat' dir='ltr'>qui</span> <span class='ocrx_word' id='word_1_410' title='bbox 2533 3178 2754 3249; x_wconf 87' lang='lat' dir='ltr'>judicat</span> <span class='ocrx_word' id='word_1_411' title='bbox 2781 3195 3042 3253; x_wconf 86' lang='lat' dir='ltr'>pauperes</span> <span class='ocrx_word' id='word_1_412' title='bbox 3083 3181 3143 3236; x_wconf 89' lang='lat' dir='ltr'>in</span> <span class='ocrx_word' id='word_1_413' title='bbox 3187 3181 3430 3246; x_wconf 83' lang='lat' dir='ltr'>veritate,</span> <span class='ocrx_word' id='word_1_414' title='bbox 3463 3181 3694 3238; x_wconf 82' lang='lat' dir='ltr'>thronus</span> <span class='ocrx_word' id='word_1_415' title='bbox 3724 3181 3850 3254; x_wconf 68' lang='lat' dir='ltr'>eius</span> <span class='ocrx_word' id='word_1_416' title='bbox 3881 3183 3936 3238; x_wconf 82' lang='lat' dir='ltr'>in</span> 
     </span>
    </p>
   </div>
   <div class='ocr_carea' id='block_1_60' title="bbox 2275 3268 3442 3342">
    <p class='ocr_par' dir='ltr' id='par_1_60' title="bbox 2275 3268 3442 3342">
     <span class='ocr_line' id='line_1_60' title="bbox 2275 3268 3442 3342; baseline 0.001 -18"><span class='ocrx_word' id='word_1_417' title='bbox 2275 3275 2540 3324; x_wconf 70' lang='lat' dir='ltr'>(sternam</span> <span class='ocrx_word' id='word_1_418' title='bbox 2564 3268 2897 3340; x_wconf 84' lang='lat' dir='ltr'>fundabitur</span> <span class='ocrx_word' id='word_1_419' title='bbox 2923 3274 3110 3340; x_wconf 87' lang='lat' dir='ltr'>(Prov.</span> <span class='ocrx_word' id='word_1_420' title='bbox 3141 3287 3295 3342; x_wconf 67' lang='grc' dir='ltr'><strong>χχιχ,</strong></span> <span class='ocrx_word' id='word_1_421' title='bbox 3332 3271 3442 3339; x_wconf 87' lang='grc'>14).</span> 
     </span>
    </p>
   </div>
   <div class='ocr_carea' id='block_1_61' title="bbox 2348 3357 3936 3439">
    <p class='ocr_par' dir='ltr' id='par_1_61' title="bbox 2348 3357 3936 3439">
     <span class='ocr_line' id='line_1_61' title="bbox 2348 3357 3936 3439; baseline 0.001 -26"><span class='ocrx_word' id='word_1_422' title='bbox 2348 3357 2430 3413; x_wconf 82' lang='lat' dir='ltr'>Ex</span> <span class='ocrx_word' id='word_1_423' title='bbox 2458 3357 2836 3414; x_wconf 86' lang='lat' dir='ltr'>sacerdotalis</span> <span class='ocrx_word' id='word_1_424' title='bbox 2866 3375 3000 3414; x_wconf 89' lang='lat' dir='ltr'>vero</span> <span class='ocrx_word' id='word_1_425' title='bbox 3021 3375 3342 3439; x_wconf 75' lang='lat' dir='ltr'>consensus</span> <span class='ocrx_word' id='word_1_426' title='bbox 3365 3362 3541 3432; x_wconf 88' lang='lat' dir='ltr'>atque</span> <span class='ocrx_word' id='word_1_427' title='bbox 3562 3357 3936 3416; x_wconf 72' lang='lat' dir='ltr'>discriminis</span> 
     </span>
    </p>
   </div>
   <div class='ocr_carea' id='block_1_62' title="bbox 2277 3446 3938 3518">
    <p class='ocr_par' dir='ltr' id='par_1_62' title="bbox 2277 3446 3938 3518">
     <span class='ocr_line' id='line_1_62' title="bbox 2277 3446 3938 3518; baseline 0.002 -16"><span class='ocrx_word' id='word_1_428' title='bbox 2277 3451 2438 3518; x_wconf 90' lang='lat' dir='ltr'>parte</span> <span class='ocrx_word' id='word_1_429' title='bbox 2469 3446 2714 3502; x_wconf 87' lang='lat' dir='ltr'>Domino</span> <span class='ocrx_word' id='word_1_430' title='bbox 2747 3446 2962 3504; x_wconf 90' lang='lat' dir='ltr'>dicitur</span> <span class='ocrx_word' id='word_1_431' title='bbox 2992 3463 3006 3504; x_wconf 90' lang='lat'><strong>:</strong></span> <span class='ocrx_word' id='word_1_432' title='bbox 3038 3447 3406 3504; x_wconf 76' lang='lat' dir='ltr'>Misericordia</span> <span class='ocrx_word' id='word_1_433' title='bbox 3457 3455 3554 3504; x_wconf 89' lang='lat' dir='ltr'>tua</span> <span class='ocrx_word' id='word_1_434' title='bbox 3589 3455 3720 3504; x_wconf 84' lang='lat' dir='ltr'>ante</span> <span class='ocrx_word' id='word_1_435' title='bbox 3747 3447 3938 3506; x_wconf 80' lang='lat' dir='ltr'>oculos</span> 
     </span>
    </p>
   </div>
   <div class='ocr_carea' id='block_1_63' title="bbox 2273 3535 3940 3608">
    <p class='ocr_par' dir='ltr' id='par_1_63' title="bbox 2273 3535 3940 3608">
     <span class='ocr_line' id='line_1_63' title="bbox 2273 3535 3940 3608; baseline 0.004 -18"><span class='ocrx_word' id='word_1_436' title='bbox 2273 3551 2418 3591; x_wconf 87' lang='lat' dir='ltr'>meos</span> <span class='ocrx_word' id='word_1_437' title='bbox 2438 3542 2533 3605; x_wconf 86' lang='lat' dir='ltr'>est,</span> <span class='ocrx_word' id='word_1_438' title='bbox 2565 3537 2868 3608; x_wconf 86' lang='lat' dir='ltr'>complacui</span> <span class='ocrx_word' id='word_1_439' title='bbox 2895 3544 2953 3592; x_wconf 88' lang='lat' dir='ltr'>tn</span> <span class='ocrx_word' id='word_1_440' title='bbox 2983 3539 3206 3593; x_wconf 86' lang='lat' dir='ltr'>veritate</span> <span class='ocrx_word' id='word_1_441' title='bbox 3234 3545 3346 3593; x_wconf 87' lang='lat' dir='ltr'>tua.</span> <span class='ocrx_word' id='word_1_442' title='bbox 3379 3537 3494 3593; x_wconf 86' lang='lat' dir='ltr'>Non</span> <span class='ocrx_word' id='word_1_443' title='bbox 3516 3535 3636 3593; x_wconf 79' lang='lat' dir='ltr'>sedi</span> <span class='ocrx_word' id='word_1_444' title='bbox 3651 3553 3782 3593; x_wconf 87' lang='lat' dir='ltr'>eum</span> <span class='ocrx_word' id='word_1_445' title='bbox 3809 3555 3940 3596; x_wconf 73' lang='lat' dir='ltr'>cou-</span> 
     </span>
    </p>
   </div>
   <div class='ocr_carea' id='block_1_64' title="bbox 515 3625 3934 3700">
    <p class='ocr_par' dir='ltr' id='par_1_64' title="bbox 515 3625 3934 3700">
     <span class='ocr_line' id='line_1_64' title="bbox 515 3625 3934 3700; baseline 0.002 -18"><span class='ocrx_word' id='word_1_446' title='bbox 515 3625 669 3683; x_wconf 88' lang='lat' dir='ltr'>tium</span> <span class='ocrx_word' id='word_1_447' title='bbox 697 3644 877 3685; x_wconf 86' lang='lat' dir='ltr'>causa</span> <span class='ocrx_word' id='word_1_448' title='bbox 914 3626 1194 3695; x_wconf 89' lang='lat' dir='ltr'>solorum,</span> <span class='ocrx_word' id='word_1_449' title='bbox 1229 3628 1466 3699; x_wconf 88' lang='lat' dir='ltr'>quando</span> <span class='ocrx_word' id='word_1_450' title='bbox 1514 3628 1861 3685; x_wconf 85' lang='lat' dir='ltr'>universalis</span> <span class='ocrx_word' id='word_1_451' title='bbox 1909 3629 2167 3688; x_wconf 81' lang='lat' dir='ltr'>Ecclesia</span> <span class='ocrx_word' id='word_1_452' title='bbox 2274 3625 2404 3681; x_wconf 77' lang='grc' dir='ltr'>ι’ἰὶίο</span> <span class='ocrx_word' id='word_1_453' title='bbox 2435 3627 2712 3693; x_wconf 75' lang='grc' dir='ltr'>υαηίιαιὶδ,</span> <span class='ocrx_word' id='word_1_454' title='bbox 2743 3634 2796 3682; x_wconf 74' lang='lat' dir='ltr'>et</span> <span class='ocrx_word' id='word_1_455' title='bbox 2819 3642 2944 3681; x_wconf 79' lang='lat' dir='ltr'>cum</span> <span class='ocrx_word' id='word_1_456' title='bbox 2973 3627 3167 3700; x_wconf 79' lang='lat' dir='ltr'>iniqua</span> <span class='ocrx_word' id='word_1_457' title='bbox 3193 3625 3635 3698; x_wconf 70' lang='lat' dir='ltr'>gerentibusmm</span> <span class='ocrx_word' id='word_1_458' title='bbox 3668 3629 3934 3686; x_wconf 82' lang='lat' dir='ltr'>introibo.</span> 
     </span>
    </p>
   </div>
   <div class='ocr_carea' id='block_1_65' title="bbox 517 3703 3935 3790">
    <p class='ocr_par' dir='ltr' id='par_1_65' title="bbox 517 3703 3935 3790">
     <span class='ocr_line' id='line_1_65' title="bbox 517 3703 3935 3790; baseline 0.001 -18"><span class='ocrx_word' id='word_1_459' title='bbox 517 3716 1810 3790; x_wconf 69' lang='lat' dir='ltr'>quacunqu0582novitatepulsatur;»etad</span> <span class='ocrx_word' id='word_1_460' title='bbox 1827 3718 2161 3776; x_wconf 87' lang='lat' dir='ltr'>Nestorium</span> <span class='ocrx_word' id='word_1_461' title='bbox 2195 3703 2236 3770; x_wconf 85' lang='lat' dir='ltr'><strong><em>C</em></strong></span> <span class='ocrx_word' id='word_1_462' title='bbox 2277 3712 2436 3769; x_wconf 88' lang='lat' dir='ltr'>0divi</span> <span class='ocrx_word' id='word_1_463' title='bbox 2481 3715 2778 3770; x_wconf 80' lang='lat' dir='ltr'>Ecclesium</span> <span class='ocrx_word' id='word_1_464' title='bbox 2831 3717 3281 3785; x_wconf 83' lang='lat' dir='ltr'>malignantium,</span> <span class='ocrx_word' id='word_1_465' title='bbox 3315 3724 3366 3773; x_wconf 88' lang='lat' dir='ltr'>et</span> <span class='ocrx_word' id='word_1_466' title='bbox 3399 3714 3529 3773; x_wconf 73' lang='lat' dir='ltr'>cum</span> <span class='ocrx_word' id='word_1_467' title='bbox 3575 3719 3770 3790; x_wconf 83' lang='lat' dir='ltr'>impiis</span> <span class='ocrx_word' id='word_1_468' title='bbox 3821 3734 3935 3776; x_wconf 83' lang='lat' dir='ltr'>non</span> 
     </span>
    </p>
   </div>
   <div class='ocr_carea' id='block_1_66' title="bbox 515 3804 2161 3879">
    <p class='ocr_par' dir='ltr' id='par_1_66' title="bbox 515 3804 2161 3879">
     <span class='ocr_line' id='line_1_66' title="bbox 515 3804 2161 3879; baseline 0.001 -17"><span class='ocrx_word' id='word_1_469' title='bbox 515 3804 1226 3878; x_wconf 86' lang='lat' dir='ltr'>Constantinopolitanum</span> <span class='ocrx_word' id='word_1_470' title='bbox 1259 3805 1522 3862; x_wconf 90' lang='lat' dir='ltr'>scribens</span> <span class='ocrx_word' id='word_1_471' title='bbox 1553 3806 1787 3878; x_wconf 88' lang='lat' dir='ltr'>(cpist.5,</span> <span class='ocrx_word' id='word_1_472' title='bbox 1822 3809 1882 3862; x_wconf 90' lang='lat' dir='ltr'>in</span> <span class='ocrx_word' id='word_1_473' title='bbox 1909 3808 2038 3879; x_wconf 81' lang='lat' dir='ltr'>ﬁne)</span> <span class='ocrx_word' id='word_1_474' title='bbox 2063 3808 2161 3864; x_wconf 90' lang='lat' dir='ltr'>de-</span> 
     </span>
    </p>
   </div>
   <div class='ocr_carea' id='block_1_67' title="bbox 514 3894 2164 3970">
    <p class='ocr_par' dir='ltr' id='par_1_67' title="bbox 514 3894 2164 3970">
     <span class='ocr_line' id='line_1_67' title="bbox 514 3894 2164 3970; baseline 0.001 -18"><span class='ocrx_word' id='word_1_475' title='bbox 514 3894 700 3952; x_wconf 88' lang='lat' dir='ltr'>cernit</span> <span class='ocrx_word' id='word_1_476' title='bbox 728 3918 756 3946; x_wconf 86' lang='lat'><strong>«</strong></span> <span class='ocrx_word' id='word_1_477' title='bbox 789 3895 944 3968; x_wconf 89' lang='lat' dir='ltr'>quod</span> <span class='ocrx_word' id='word_1_478' title='bbox 992 3911 1195 3952; x_wconf 89' lang='lat' dir='ltr'>omnes</span> <span class='ocrx_word' id='word_1_479' title='bbox 1241 3896 1492 3951; x_wconf 85' lang='lat' dir='ltr'>debeant</span> <span class='ocrx_word' id='word_1_480' title='bbox 1541 3913 1712 3952; x_wconf 90' lang='lat' dir='ltr'>nosse</span> <span class='ocrx_word' id='word_1_481' title='bbox 1761 3897 1916 3968; x_wconf 91' lang='lat' dir='ltr'>quod</span> <span class='ocrx_word' id='word_1_482' title='bbox 1967 3897 2164 3970; x_wconf 89' lang='lat' dir='ltr'>agitur</span> 
     </span>
    </p>
   </div>
   <div class='ocr_carea' id='block_1_68' title="bbox 514 3983 2160 4056">
    <p class='ocr_par' dir='ltr' id='par_1_68' title="bbox 514 3983 2160 4056">
     <span class='ocr_line' id='line_1_68' title="bbox 514 3983 2160 4056; baseline 0.001 -17"><span class='ocrx_word' id='word_1_483' title='bbox 514 3984 744 4056; x_wconf 89' lang='lat' dir='ltr'>quoties</span> <span class='ocrx_word' id='word_1_484' title='bbox 771 3983 1038 4040; x_wconf 88' lang='lat' dir='ltr'>omnium</span> <span class='ocrx_word' id='word_1_485' title='bbox 1069 4001 1250 4040; x_wconf 89' lang='lat' dir='ltr'>causa</span> <span class='ocrx_word' id='word_1_486' title='bbox 1279 3988 1583 4049; x_wconf 84' lang='lat' dir='ltr'>tractatur,</span> <span class='ocrx_word' id='word_1_487' title='bbox 1611 3985 1680 4040; x_wconf 91' lang='lat' dir='ltr'>ad</span> <span class='ocrx_word' id='word_1_488' title='bbox 1705 4001 1910 4041; x_wconf 89' lang='lat' dir='ltr'>omnes</span> <span class='ocrx_word' id='word_1_489' title='bbox 1929 4003 2036 4042; x_wconf 87' lang='lat' dir='ltr'>vox</span> <span class='ocrx_word' id='word_1_490' title='bbox 2060 4003 2160 4040; x_wconf 91' lang='lat' dir='ltr'>no-</span> 
     </span>
    </p>
   </div>
   <div class='ocr_carea' id='block_1_69' title="bbox 513 4071 2163 4146">
    <p class='ocr_par' dir='ltr' id='par_1_69' title="bbox 513 4071 2163 4146">
     <span class='ocr_line' id='line_1_69' title="bbox 513 4071 2163 4146; baseline 0.001 -19"><span class='ocrx_word' id='word_1_491' title='bbox 513 4074 649 4127; x_wconf 67' lang='lat' dir='ltr'>stra</span> <span class='ocrx_word' id='word_1_492' title='bbox 674 4071 1028 4128; x_wconf 88' lang='lat' dir='ltr'>humilitatis</span> <span class='ocrx_word' id='word_1_493' title='bbox 1063 4071 1367 4141; x_wconf 88' lang='lat' dir='ltr'>emittitur,</span> <span class='ocrx_word' id='word_1_494' title='bbox 1403 4096 1431 4122; x_wconf 91' lang='grc'><strong>››</strong></span> <span class='ocrx_word' id='word_1_495' title='bbox 1464 4073 1603 4144; x_wconf 89' lang='lat' dir='ltr'>quia</span> <span class='ocrx_word' id='word_1_496' title='bbox 1643 4073 1778 4128; x_wconf 90' lang='lat' dir='ltr'>licet</span> <span class='ocrx_word' id='word_1_497' title='bbox 1825 4073 1896 4128; x_wconf 92' lang='lat' dir='ltr'>de</span> <span class='ocrx_word' id='word_1_498' title='bbox 1945 4089 2079 4146; x_wconf 88' lang='lat' dir='ltr'>rege</span> <span class='ocrx_word' id='word_1_499' title='bbox 2105 4079 2163 4130; x_wconf 89' lang='lat' dir='ltr'>et</span> 
     </span>
    </p>
   </div>
   <div class='ocr_carea' id='block_1_70' title="bbox 513 4157 2158 4232">
    <p class='ocr_par' dir='ltr' id='par_1_70' title="bbox 513 4157 2158 4232">
     <span class='ocr_line' id='line_1_70' title="bbox 513 4157 2158 4232; baseline 0.003 -19"><span class='ocrx_word' id='word_1_500' title='bbox 513 4157 863 4231; x_wconf 88' lang='lat' dir='ltr'>regina,viro</span> <span class='ocrx_word' id='word_1_501' title='bbox 893 4159 1115 4216; x_wconf 89' lang='lat' dir='ltr'>scilicet</span> <span class='ocrx_word' id='word_1_502' title='bbox 1143 4165 1200 4216; x_wconf 88' lang='lat' dir='ltr'>et</span> <span class='ocrx_word' id='word_1_503' title='bbox 1223 4177 1419 4228; x_wconf 85' lang='lat' dir='ltr'>uxore,</span> <span class='ocrx_word' id='word_1_504' title='bbox 1444 4161 1540 4232; x_wconf 86' lang='lat' dir='ltr'>qui</span> <span class='ocrx_word' id='word_1_505' title='bbox 1575 4162 1898 4217; x_wconf 90' lang='lat' dir='ltr'>secundum</span> <span class='ocrx_word' id='word_1_506' title='bbox 1931 4179 2158 4218; x_wconf 88' lang='lat' dir='ltr'>sacram</span> 
     </span>
    </p>
   </div>
   <div class='ocr_carea' id='block_1_71' title="bbox 515 4245 2159 4319">
    <p class='ocr_par' dir='ltr' id='par_1_71' title="bbox 515 4245 2159 4319">
     <span class='ocr_line' id='line_1_71' title="bbox 515 4245 2159 4319; baseline 0.002 -17"><span class='ocrx_word' id='word_1_507' title='bbox 515 4245 919 4302; x_wconf 85' lang='lat' dir='ltr'>auctoritatem</span> <span class='ocrx_word' id='word_1_508' title='bbox 937 4247 1065 4319; x_wconf 87' lang='lat' dir='ltr'>jam</span> <span class='ocrx_word' id='word_1_509' title='bbox 1095 4266 1211 4304; x_wconf 89' lang='lat' dir='ltr'>non</span> <span class='ocrx_word' id='word_1_510' title='bbox 1243 4252 1382 4304; x_wconf 90' lang='lat' dir='ltr'>sunt</span> <span class='ocrx_word' id='word_1_511' title='bbox 1411 4248 1546 4316; x_wconf 91' lang='lat' dir='ltr'>duo,</span> <span class='ocrx_word' id='word_1_512' title='bbox 1581 4250 1682 4305; x_wconf 89' lang='lat' dir='ltr'>sed</span> <span class='ocrx_word' id='word_1_513' title='bbox 1717 4267 1833 4305; x_wconf 89' lang='lat' dir='ltr'>una</span> <span class='ocrx_word' id='word_1_514' title='bbox 1863 4267 2018 4319; x_wconf 90' lang='lat' dir='ltr'>caro,</span> <span class='ocrx_word' id='word_1_515' title='bbox 2037 4254 2159 4306; x_wconf 89' lang='lat' dir='ltr'>tra-</span> 
     </span>
    </p>
   </div>
   <div class='ocr_carea' id='block_1_72' title="bbox 513 4335 2162 4411">
    <p class='ocr_par' dir='ltr' id='par_1_72' title="bbox 513 4335 2162 4411">
     <span class='ocr_line' id='line_1_72' title="bbox 513 4335 2162 4411; baseline 0.002 -19"><span class='ocrx_word' id='word_1_516' title='bbox 513 4337 722 4404; x_wconf 87' lang='lat' dir='ltr'>ctetur,</span> <span class='ocrx_word' id='word_1_517' title='bbox 755 4335 825 4392; x_wconf 91' lang='lat' dir='ltr'>de</span> <span class='ocrx_word' id='word_1_518' title='bbox 851 4352 1028 4392; x_wconf 89' lang='lat' dir='ltr'>causa</span> <span class='ocrx_word' id='word_1_519' title='bbox 1056 4337 1322 4394; x_wconf 88' lang='lat' dir='ltr'>omnium</span> <span class='ocrx_word' id='word_1_520' title='bbox 1344 4337 1689 4409; x_wconf 85' lang='lat' dir='ltr'>generaliter</span> <span class='ocrx_word' id='word_1_521' title='bbox 1707 4338 2054 4411; x_wconf 71' lang='lat' dir='ltr'>agitur,qua3</span> <span class='ocrx_word' id='word_1_522' title='bbox 2073 4356 2162 4396; x_wconf 89' lang='lat' dir='ltr'>sa-</span> 
     </span>
    </p>
   </div>
   <div class='ocr_carea' id='block_1_73' title="bbox 511 4425 2158 4499">
    <p class='ocr_par' dir='ltr' id='par_1_73' title="bbox 511 4425 2158 4499">
     <span class='ocr_line' id='line_1_73' title="bbox 511 4425 2158 4499; baseline 0.004 -19"><span class='ocrx_word' id='word_1_523' title='bbox 511 4428 878 4483; x_wconf 82' lang='lat' dir='ltr'>cramentum</span> <span class='ocrx_word' id='word_1_524' title='bbox 909 4442 1191 4499; x_wconf 86' lang='lat' dir='ltr'>magnum</span> <span class='ocrx_word' id='word_1_525' title='bbox 1217 4444 1252 4482; x_wconf 91' lang='lat' dir='ltr'>a</span> <span class='ocrx_word' id='word_1_526' title='bbox 1283 4426 1477 4481; x_wconf 89' lang='lat' dir='ltr'>divino</span> <span class='ocrx_word' id='word_1_527' title='bbox 1521 4425 1795 4499; x_wconf 89' lang='lat' dir='ltr'>Apostolo</span> <span class='ocrx_word' id='word_1_528' title='bbox 1838 4427 1898 4483; x_wconf 90' lang='lat' dir='ltr'>in</span> <span class='ocrx_word' id='word_1_529' title='bbox 1929 4428 2158 4486; x_wconf 87' lang='lat' dir='ltr'>Christo</span> 
     </span>
    </p>
   </div>
   <div class='ocr_carea' id='block_1_74' title="bbox 512 4513 2158 4591">
    <p class='ocr_par' dir='ltr' id='par_1_74' title="bbox 512 4513 2158 4591">
     <span class='ocr_line' id='line_1_74' title="bbox 512 4513 2158 4591; baseline 0.003 -21"><span class='ocrx_word' id='word_1_530' title='bbox 512 4517 572 4570; x_wconf 88' lang='lat' dir='ltr'>et</span> <span class='ocrx_word' id='word_1_531' title='bbox 597 4513 654 4568; x_wconf 89' lang='lat' dir='ltr'>in</span> <span class='ocrx_word' id='word_1_532' title='bbox 688 4513 946 4570; x_wconf 89' lang='lat' dir='ltr'>Ecclesia</span> <span class='ocrx_word' id='word_1_533' title='bbox 993 4514 1323 4587; x_wconf 85' lang='lat' dir='ltr'>appellatur</span> <span class='ocrx_word' id='word_1_534' title='bbox 1354 4516 1565 4586; x_wconf 86' lang='lat' dir='ltr'>(Ephes.</span> <span class='ocrx_word' id='word_1_535' title='bbox 1601 4533 1656 4580; x_wconf 82' lang='grc' dir='ltr'>ν,</span> <span class='ocrx_word' id='word_1_536' title='bbox 1688 4517 1800 4586; x_wconf 81' lang='grc'>32),</span> <span class='ocrx_word' id='word_1_537' title='bbox 1836 4517 1894 4571; x_wconf 90' lang='lat' dir='ltr'>in</span> <span class='ocrx_word' id='word_1_538' title='bbox 1939 4518 2158 4591; x_wconf 90' lang='lat' dir='ltr'>quibus</span> 
     </span>
    </p>
   </div>
   <div class='ocr_carea' id='block_1_75' title="bbox 511 4601 2156 4664">
    <p class='ocr_par' dir='ltr' id='par_1_75' title="bbox 511 4601 2156 4664">
     <span class='ocr_line' id='line_1_75' title="bbox 511 4601 2156 4664; baseline 0.002 -4"><span class='ocrx_word' id='word_1_539' title='bbox 511 4601 674 4660; x_wconf 86' lang='lat' dir='ltr'>salus</span> <span class='ocrx_word' id='word_1_540' title='bbox 705 4602 1111 4660; x_wconf 90' lang='lat' dir='ltr'>universorum</span> <span class='ocrx_word' id='word_1_541' title='bbox 1143 4604 1460 4660; x_wconf 89' lang='lat' dir='ltr'>consistere</span> <span class='ocrx_word' id='word_1_542' title='bbox 1502 4606 1780 4662; x_wconf 89' lang='lat' dir='ltr'>creditur.</span> <span class='ocrx_word' id='word_1_543' title='bbox 1816 4607 1895 4662; x_wconf 92' lang='lat' dir='ltr'>De</span> <span class='ocrx_word' id='word_1_544' title='bbox 1925 4607 2156 4664; x_wconf 86' lang='lat' dir='ltr'>Christo</span> 
     </span>
    </p>
   </div>
   <div class='ocr_carea' id='block_1_76' title="bbox 509 4691 2154 4766">
    <p class='ocr_par' dir='ltr' id='par_1_76' title="bbox 509 4691 2154 4766">
     <span class='ocr_line' id='line_1_76' title="bbox 509 4691 2154 4766; baseline 0.002 -16"><span class='ocrx_word' id='word_1_545' title='bbox 509 4693 669 4750; x_wconf 90' lang='lat' dir='ltr'>enim</span> <span class='ocrx_word' id='word_1_546' title='bbox 699 4692 903 4749; x_wconf 86' lang='lat' dir='ltr'>Petrus</span> <span class='ocrx_word' id='word_1_547' title='bbox 933 4691 1231 4764; x_wconf 85' lang='lat' dir='ltr'>apostolus</span> <span class='ocrx_word' id='word_1_548' title='bbox 1263 4697 1796 4766; x_wconf 83' lang='lat' dir='ltr'>protestatur.Quia</span> <span class='ocrx_word' id='word_1_549' title='bbox 1823 4712 1934 4751; x_wconf 86' lang='lat' dir='ltr'>non</span> <span class='ocrx_word' id='word_1_550' title='bbox 1961 4705 2040 4752; x_wconf 84' lang='lat' dir='ltr'>est</span> <span class='ocrx_word' id='word_1_551' title='bbox 2058 4713 2154 4754; x_wconf 90' lang='lat' dir='ltr'>no-</span> 
     </span>
    </p>
   </div>
   <div class='ocr_carea' id='block_1_77' title="bbox 508 4781 2156 4856">
    <p class='ocr_par' dir='ltr' id='par_1_77' title="bbox 508 4781 2156 4856">
     <span class='ocr_line' id='line_1_77' title="bbox 508 4781 2156 4856; baseline 0.002 -18"><span class='ocrx_word' id='word_1_552' title='bbox 508 4798 632 4838; x_wconf 86' lang='lat' dir='ltr'>men</span> <span class='ocrx_word' id='word_1_553' title='bbox 658 4782 758 4838; x_wconf 86' lang='lat' dir='ltr'>sub</span> <span class='ocrx_word' id='word_1_554' title='bbox 788 4782 917 4838; x_wconf 77' lang='lat' dir='ltr'>cwlo</span> <span class='ocrx_word' id='word_1_555' title='bbox 944 4781 1131 4837; x_wconf 87' lang='lat' dir='ltr'>datum</span> <span class='ocrx_word' id='word_1_556' title='bbox 1160 4782 1492 4851; x_wconf 81' lang='lat' dir='ltr'>hominibus,</span> <span class='ocrx_word' id='word_1_557' title='bbox 1527 4785 1586 4838; x_wconf 87' lang='lat' dir='ltr'>in</span> <span class='ocrx_word' id='word_1_558' title='bbox 1627 4800 1730 4854; x_wconf 85' lang='lat' dir='ltr'>quo</span> <span class='ocrx_word' id='word_1_559' title='bbox 1777 4792 2016 4856; x_wconf 89' lang='lat' dir='ltr'>oporteat</span> <span class='ocrx_word' id='word_1_560' title='bbox 2058 4802 2156 4842; x_wconf 86' lang='lat' dir='ltr'>nos</span> 
     </span>
    </p>
   </div>
   <div class='ocr_carea' id='block_1_78' title="bbox 506 4871 2153 4944">
    <p class='ocr_par' dir='ltr' id='par_1_78' title="bbox 506 4871 2153 4944">
     <span class='ocr_line' id='line_1_78' title="bbox 506 4871 2153 4944; baseline 0.001 -16"><span class='ocrx_word' id='word_1_561' title='bbox 506 4871 683 4930; x_wconf 79' lang='lat' dir='ltr'>salvos</span> <span class='ocrx_word' id='word_1_562' title='bbox 709 4871 834 4944; x_wconf 76' lang='lat' dir='ltr'>ﬁeri</span> <span class='ocrx_word' id='word_1_563' title='bbox 862 4873 999 4941; x_wconf 89' lang='lat' dir='ltr'>(Act.</span> <span class='ocrx_word' id='word_1_564' title='bbox 1034 4889 1110 4938; x_wconf 86' lang='grc' dir='ltr'>ιν,</span> <span class='ocrx_word' id='word_1_565' title='bbox 1146 4873 1270 4939; x_wconf 80' lang='grc'>12);</span> <span class='ocrx_word' id='word_1_566' title='bbox 1305 4876 1362 4927; x_wconf 91' lang='lat' dir='ltr'>et</span> <span class='ocrx_word' id='word_1_567' title='bbox 1391 4871 1544 4926; x_wconf 86' lang='lat' dir='ltr'>sicut</span> <span class='ocrx_word' id='word_1_568' title='bbox 1576 4871 1634 4926; x_wconf 91' lang='lat' dir='ltr'>in</span> <span class='ocrx_word' id='word_1_569' title='bbox 1683 4871 1902 4928; x_wconf 90' lang='lat' dir='ltr'>diluvio</span> <span class='ocrx_word' id='word_1_570' title='bbox 1950 4890 2153 4930; x_wconf 90' lang='lat' dir='ltr'>omnes</span> 
     </span>
    </p>
   </div>
   <div class='ocr_carea' id='block_1_79' title="bbox 506 4959 2152 5036">
    <p class='ocr_par' dir='ltr' id='par_1_79' title="bbox 506 4959 2152 5036">
     <span class='ocr_line' id='line_1_79' title="bbox 506 4959 2152 5036; baseline 0 -18"><span class='ocrx_word' id='word_1_571' title='bbox 506 4962 807 5036; x_wconf 87' lang='lat' dir='ltr'>perierunt</span> <span class='ocrx_word' id='word_1_572' title='bbox 836 4978 985 5033; x_wconf 87' lang='lat' dir='ltr'>quos</span> <span class='ocrx_word' id='word_1_573' title='bbox 1019 4977 1133 5015; x_wconf 90' lang='lat' dir='ltr'>non</span> <span class='ocrx_word' id='word_1_574' title='bbox 1164 4977 1298 5015; x_wconf 89' lang='lat' dir='ltr'>arca</span> <span class='ocrx_word' id='word_1_575' title='bbox 1319 4959 1722 5028; x_wconf 88' lang='lat' dir='ltr'>continuit,ita</span> <span class='ocrx_word' id='word_1_576' title='bbox 1745 4978 1916 5016; x_wconf 90' lang='lat' dir='ltr'>nemo</span> <span class='ocrx_word' id='word_1_577' title='bbox 1943 4961 2152 5018; x_wconf 84' lang='lat' dir='ltr'>salvari</span> 
     </span>
    </p>
   </div>
   <div class='ocr_carea' id='block_1_80' title="bbox 506 5048 2232 5144">
    <p class='ocr_par' dir='ltr' id='par_1_80' title="bbox 506 5048 2232 5144">
     <span class='ocr_line' id='line_1_80' title="bbox 506 5048 2232 5144; baseline 0.001 -38"><span class='ocrx_word' id='word_1_578' title='bbox 506 5055 699 5123; x_wconf 88' lang='lat' dir='ltr'>potest</span> <span class='ocrx_word' id='word_1_579' title='bbox 727 5050 829 5123; x_wconf 90' lang='lat' dir='ltr'>qui</span> <span class='ocrx_word' id='word_1_580' title='bbox 861 5049 975 5144; x_wconf 70' lang='lat' dir='ltr'>tide</span> <span class='ocrx_word' id='word_1_581' title='bbox 1006 5055 1162 5106; x_wconf 88' lang='lat' dir='ltr'>recta</span> <span class='ocrx_word' id='word_1_582' title='bbox 1192 5053 1248 5105; x_wconf 90' lang='lat' dir='ltr'>et</span> <span class='ocrx_word' id='word_1_583' title='bbox 1279 5048 1447 5105; x_wconf 89' lang='lat' dir='ltr'>bonis</span> <span class='ocrx_word' id='word_1_584' title='bbox 1495 5049 1770 5144; x_wconf 84' lang='lat' dir='ltr'>operibus</span> <span class='ocrx_word' id='word_1_585' title='bbox 1824 5051 1882 5106; x_wconf 91' lang='lat' dir='ltr'>in</span> <span class='ocrx_word' id='word_1_586' title='bbox 1932 5050 2155 5108; x_wconf 85' lang='lat' dir='ltr'>unitate</span> <span class='ocrx_word' id='word_1_587' title='bbox 2184 5079 2232 5144; x_wconf 71' lang='grc' dir='ltr'><strong>Β</strong></span> 
     </span>
    </p>
   </div>
   <div class='ocr_carea' id='block_1_81' title="bbox 507 5139 1604 5212">
    <p class='ocr_par' dir='ltr' id='par_1_81' title="bbox 507 5139 1604 5212">
     <span class='ocr_line' id='line_1_81' title="bbox 507 5139 1604 5212; baseline -0.001 -16"><span class='ocrx_word' id='word_1_588' title='bbox 507 5145 720 5196; x_wconf 65' lang='lat' dir='ltr'>sanctas</span> <span class='ocrx_word' id='word_1_589' title='bbox 752 5139 1018 5196; x_wconf 68' lang='lat' dir='ltr'>Ecclesiae</span> <span class='ocrx_word' id='word_1_590' title='bbox 1051 5157 1166 5195; x_wconf 90' lang='lat' dir='ltr'>non</span> <span class='ocrx_word' id='word_1_591' title='bbox 1199 5140 1604 5212; x_wconf 88' lang='lat' dir='ltr'>permanserit.</span> 
     </span>
    </p>
   </div>
   <div class='ocr_carea' id='block_1_82' title="bbox 577 5228 2149 5302">
    <p class='ocr_par' dir='ltr' id='par_1_82' title="bbox 577 5228 2149 5302">
     <span class='ocr_line' id='line_1_82' title="bbox 577 5228 2149 5302; baseline -0.001 -16"><span class='ocrx_word' id='word_1_592' title='bbox 577 5230 688 5287; x_wconf 89' lang='lat' dir='ltr'>Sed</span> <span class='ocrx_word' id='word_1_593' title='bbox 721 5234 777 5286; x_wconf 93' lang='lat' dir='ltr'>et</span> <span class='ocrx_word' id='word_1_594' title='bbox 805 5230 913 5286; x_wconf 88' lang='lat' dir='ltr'>hac</span> <span class='ocrx_word' id='word_1_595' title='bbox 945 5229 1190 5302; x_wconf 88' lang='lat' dir='ltr'>spiritali</span> <span class='ocrx_word' id='word_1_596' title='bbox 1225 5229 1450 5285; x_wconf 88' lang='lat' dir='ltr'>ratione</span> <span class='ocrx_word' id='word_1_597' title='bbox 1481 5228 1736 5302; x_wconf 68' lang='lat' dir='ltr'>praelata,</span> <span class='ocrx_word' id='word_1_598' title='bbox 1761 5230 1830 5285; x_wconf 91' lang='lat' dir='ltr'>de</span> <span class='ocrx_word' id='word_1_599' title='bbox 1863 5234 1980 5285; x_wconf 83' lang='lat' dir='ltr'>tam</span> <span class='ocrx_word' id='word_1_600' title='bbox 2007 5229 2149 5286; x_wconf 90' lang='lat' dir='ltr'>emi-</span> 
     </span>
    </p>
   </div>
   <div class='ocr_carea' id='block_1_83' title="bbox 506 5318 2148 5392">
    <p class='ocr_par' dir='ltr' id='par_1_83' title="bbox 506 5318 2148 5392">
     <span class='ocr_line' id='line_1_83' title="bbox 506 5318 2148 5392; baseline 0.002 -20"><span class='ocrx_word' id='word_1_601' title='bbox 506 5318 1472 5392; x_wconf 85' lang='lat' dir='ltr'>nentissiminominisdignitatcet</span> <span class='ocrx_word' id='word_1_602' title='bbox 1489 5319 1705 5374; x_wconf 86' lang='lat' dir='ltr'>talibus</span> <span class='ocrx_word' id='word_1_603' title='bbox 1726 5319 1992 5390; x_wconf 89' lang='lat' dir='ltr'>personis</span> <span class='ocrx_word' id='word_1_604' title='bbox 2014 5337 2148 5376; x_wconf 89' lang='lat' dir='ltr'>cau-</span> 
     </span>
    </p>
   </div>
   <div class='ocr_carea' id='block_1_84' title="bbox 506 5407 2149 5482">
    <p class='ocr_par' dir='ltr' id='par_1_84' title="bbox 506 5407 2149 5482">
     <span class='ocr_line' id='line_1_84' title="bbox 506 5407 2149 5482; baseline 0.001 -19"><span class='ocrx_word' id='word_1_605' title='bbox 506 5424 574 5463; x_wconf 86' lang='lat' dir='ltr'>sa</span> <span class='ocrx_word' id='word_1_606' title='bbox 593 5425 709 5463; x_wconf 90' lang='lat' dir='ltr'>non</span> <span class='ocrx_word' id='word_1_607' title='bbox 729 5410 937 5482; x_wconf 86' lang='lat' dir='ltr'>exigua</span> <span class='ocrx_word' id='word_1_608' title='bbox 955 5407 1360 5477; x_wconf 90' lang='lat' dir='ltr'>ventilatur,ut</span> <span class='ocrx_word' id='word_1_609' title='bbox 1381 5425 1542 5479; x_wconf 84' lang='lat' dir='ltr'>reges</span> <span class='ocrx_word' id='word_1_610' title='bbox 1567 5413 2026 5474; x_wconf 68' lang='lat' dir='ltr'>terrae,etomnes</span> <span class='ocrx_word' id='word_1_611' title='bbox 2047 5425 2149 5481; x_wconf 86' lang='lat' dir='ltr'>po-</span> 
     </span>
    </p>
   </div>
   <div class='ocr_carea' id='block_1_85' title="bbox 507 5495 2150 5571">
    <p class='ocr_par' dir='ltr' id='par_1_85' title="bbox 507 5495 2150 5571">
     <span class='ocr_line' id='line_1_85' title="bbox 507 5495 2150 5571; baseline 0.002 -21"><span class='ocrx_word' id='word_1_612' title='bbox 507 5495 651 5568; x_wconf 88' lang='lat' dir='ltr'>puli,</span> <span class='ocrx_word' id='word_1_613' title='bbox 685 5497 996 5571; x_wconf 90' lang='lat' dir='ltr'>principes,</span> <span class='ocrx_word' id='word_1_614' title='bbox 1021 5503 1078 5554; x_wconf 90' lang='lat' dir='ltr'>et</span> <span class='ocrx_word' id='word_1_615' title='bbox 1107 5515 1311 5554; x_wconf 89' lang='lat' dir='ltr'>omnes</span> <span class='ocrx_word' id='word_1_616' title='bbox 1341 5499 1578 5570; x_wconf 87' lang='lat' dir='ltr'>judiccs</span> <span class='ocrx_word' id='word_1_617' title='bbox 1609 5503 1793 5566; x_wconf 60' lang='lat' dir='ltr'>terra),</span> <span class='ocrx_word' id='word_1_618' title='bbox 1819 5497 2066 5567; x_wconf 86' lang='lat' dir='ltr'>juvenes</span> <span class='ocrx_word' id='word_1_619' title='bbox 2092 5503 2150 5554; x_wconf 90' lang='lat' dir='ltr'>et</span> 
     </span>
    </p>
   </div>
   <div class='ocr_carea' id='block_1_86' title="bbox 501 5583 2145 5661">
    <p class='ocr_par' dir='ltr' id='par_1_86' title="bbox 501 5583 2145 5661">
     <span class='ocr_line' id='line_1_86' title="bbox 501 5583 2145 5661; baseline 0.002 -20"><span class='ocrx_word' id='word_1_620' title='bbox 501 5583 778 5658; x_wconf 88' lang='lat' dir='ltr'>virgines,</span> <span class='ocrx_word' id='word_1_621' title='bbox 807 5603 974 5643; x_wconf 90' lang='lat' dir='ltr'>senes</span> <span class='ocrx_word' id='word_1_622' title='bbox 1020 5605 1154 5643; x_wconf 90' lang='lat' dir='ltr'>cum</span> <span class='ocrx_word' id='word_1_623' title='bbox 1196 5587 1556 5661; x_wconf 90' lang='lat' dir='ltr'>junioribus,</span> <span class='ocrx_word' id='word_1_624' title='bbox 1593 5585 1650 5640; x_wconf 92' lang='lat' dir='ltr'>in</span> <span class='ocrx_word' id='word_1_625' title='bbox 1684 5586 1793 5639; x_wconf 89' lang='lat' dir='ltr'>hac</span> <span class='ocrx_word' id='word_1_626' title='bbox 1841 5584 2145 5644; x_wconf 86' lang='lat' dir='ltr'>intendere</span> 
     </span>
    </p>
   </div>
   <div class='ocr_carea' id='block_1_87' title="bbox 502 5673 2148 5748">
    <p class='ocr_par' dir='ltr' id='par_1_87' title="bbox 502 5673 2148 5748">
     <span class='ocr_line' id='line_1_87' title="bbox 502 5673 2148 5748; baseline 0.001 -18"><span class='ocrx_word' id='word_1_627' title='bbox 502 5673 772 5741; x_wconf 87' lang='lat' dir='ltr'>debeant,</span> <span class='ocrx_word' id='word_1_628' title='bbox 803 5679 862 5732; x_wconf 86' lang='lat' dir='ltr'>et</span> <span class='ocrx_word' id='word_1_629' title='bbox 882 5677 1095 5748; x_wconf 86' lang='lat' dir='ltr'>judicii</span> <span class='ocrx_word' id='word_1_630' title='bbox 1125 5679 1452 5744; x_wconf 89' lang='lat' dir='ltr'>veritatem,</span> <span class='ocrx_word' id='word_1_631' title='bbox 1485 5681 1542 5731; x_wconf 92' lang='lat' dir='ltr'>et</span> <span class='ocrx_word' id='word_1_632' title='bbox 1569 5674 1990 5731; x_wconf 85' lang='lat' dir='ltr'>sacerdotalem</span> <span class='ocrx_word' id='word_1_633' title='bbox 2016 5693 2148 5732; x_wconf 90' lang='lat' dir='ltr'>eon-</span> 
     </span>
    </p>
   </div>
   <div class='ocr_carea' id='block_1_88' title="bbox 501 5762 2145 5842">
    <p class='ocr_par' dir='ltr' id='par_1_88' title="bbox 501 5762 2145 5842">
     <span class='ocr_line' id='line_1_88' title="bbox 501 5762 2145 5842; baseline -0.004 -14"><span class='ocrx_word' id='word_1_634' title='bbox 501 5780 764 5838; x_wconf 76' lang='lat' dir='ltr'>eensum,</span> <span class='ocrx_word' id='word_1_635' title='bbox 796 5769 854 5824; x_wconf 86' lang='lat' dir='ltr'>et</span> <span class='ocrx_word' id='word_1_636' title='bbox 884 5765 1052 5842; x_wconf 72' lang='lat' dir='ltr'>regiae</span> <span class='ocrx_word' id='word_1_637' title='bbox 1083 5763 1576 5834; x_wconf 88' lang='lat' dir='ltr'>mansuetudinis,</span> <span class='ocrx_word' id='word_1_638' title='bbox 1612 5762 1905 5838; x_wconf 73' lang='lat' dir='ltr'>patientiae</span> <span class='ocrx_word' id='word_1_639' title='bbox 1927 5768 1982 5822; x_wconf 89' lang='lat' dir='ltr'>et</span> <span class='ocrx_word' id='word_1_640' title='bbox 2003 5764 2145 5822; x_wconf 85' lang='lat' dir='ltr'>dile-</span> 
     </span>
    </p>
   </div>
   <div class='ocr_carea' id='block_1_89' title="bbox 2271 3802 3938 3873">
    <p class='ocr_par' dir='ltr' id='par_1_89' title="bbox 2271 3802 3938 3873">
     <span class='ocr_line' id='line_1_89' title="bbox 2271 3802 3938 3873; baseline 0.003 -15"><span class='ocrx_word' id='word_1_641' title='bbox 2271 3802 2478 3859; x_wconf 87' lang='lat' dir='ltr'>sedebo.</span> <span class='ocrx_word' id='word_1_642' title='bbox 2513 3803 2725 3859; x_wconf 88' lang='lat' dir='ltr'>Lavabo</span> <span class='ocrx_word' id='word_1_643' title='bbox 2763 3805 2907 3860; x_wconf 87' lang='lat' dir='ltr'>inter</span> <span class='ocrx_word' id='word_1_644' title='bbox 2936 3805 3244 3862; x_wconf 87' lang='lat' dir='ltr'>innocentes</span> <span class='ocrx_word' id='word_1_645' title='bbox 3287 3821 3486 3861; x_wconf 87' lang='lat' dir='ltr'>manus</span> <span class='ocrx_word' id='word_1_646' title='bbox 3529 3820 3701 3873; x_wconf 83' lang='lat' dir='ltr'>meas,</span> <span class='ocrx_word' id='word_1_647' title='bbox 3735 3814 3789 3862; x_wconf 87' lang='lat' dir='ltr'>et</span> <span class='ocrx_word' id='word_1_648' title='bbox 3820 3809 3938 3863; x_wconf 80' lang='lat' dir='ltr'>cir-</span> 
     </span>
    </p>
   </div>
   <div class='ocr_carea' id='block_1_90' title="bbox 2271 3891 3943 3963">
    <p class='ocr_par' dir='ltr' id='par_1_90' title="bbox 2271 3891 3943 3963">
     <span class='ocr_line' id='line_1_90' title="bbox 2271 3891 3943 3963; baseline 0.004 -17"><span class='ocrx_word' id='word_1_649' title='bbox 2271 3891 2533 3948; x_wconf 87' lang='lat' dir='ltr'>cumdabo</span> <span class='ocrx_word' id='word_1_650' title='bbox 2562 3893 2736 3949; x_wconf 83' lang='lat' dir='ltr'>altare</span> <span class='ocrx_word' id='word_1_651' title='bbox 2763 3901 2939 3963; x_wconf 88' lang='lat' dir='ltr'>tuum,</span> <span class='ocrx_word' id='word_1_652' title='bbox 2973 3895 3222 3963; x_wconf 84' lang='lat' dir='ltr'>Domine,</span> <span class='ocrx_word' id='word_1_653' title='bbox 3250 3903 3313 3950; x_wconf 89' lang='lat' dir='ltr'>ut</span> <span class='ocrx_word' id='word_1_654' title='bbox 3339 3893 3568 3950; x_wconf 85' lang='lat' dir='ltr'>audiam</span> <span class='ocrx_word' id='word_1_655' title='bbox 3603 3910 3789 3953; x_wconf 85' lang='lat' dir='ltr'>vocem</span> <span class='ocrx_word' id='word_1_656' title='bbox 3817 3896 3943 3958; x_wconf 79' lang='lat' dir='ltr'>lau-</span> 
     </span>
    </p>
   </div>
   <div class='ocr_carea' id='block_1_91' title="bbox 2273 3981 3936 4058">
    <p class='ocr_par' dir='ltr' id='par_1_91' title="bbox 2273 3981 3936 4058">
     <span class='ocr_line' id='line_1_91' title="bbox 2273 3981 3936 4058; baseline 0.004 -21"><span class='ocrx_word' id='word_1_657' title='bbox 2273 3981 2358 4038; x_wconf 85' lang='lat' dir='ltr'>dis</span> <span class='ocrx_word' id='word_1_658' title='bbox 2397 3989 2521 4050; x_wconf 73' lang='lat' dir='ltr'>tute,</span> <span class='ocrx_word' id='word_1_659' title='bbox 2547 3990 2601 4038; x_wconf 90' lang='lat' dir='ltr'>et</span> <span class='ocrx_word' id='word_1_660' title='bbox 2648 3997 2899 4038; x_wconf 83' lang='lat' dir='ltr'>enarrem</span> <span class='ocrx_word' id='word_1_661' title='bbox 2955 3984 3212 4040; x_wconf 87' lang='lat' dir='ltr'>universa</span> <span class='ocrx_word' id='word_1_662' title='bbox 3266 3983 3554 4040; x_wconf 82' lang='lat' dir='ltr'>mirabilia</span> <span class='ocrx_word' id='word_1_663' title='bbox 3608 3991 3704 4040; x_wconf 84' lang='lat' dir='ltr'>tua</span> <span class='ocrx_word' id='word_1_664' title='bbox 3750 3986 3936 4058; x_wconf 75' lang='lat' dir='ltr'>(Psal.</span> 
     </span>
    </p>
   </div>
   <div class='ocr_carea' id='block_1_92' title="bbox 2270 4070 3936 4146">
    <p class='ocr_par' dir='ltr' id='par_1_92' title="bbox 2270 4070 3936 4146">
     <span class='ocr_line' id='line_1_92' title="bbox 2270 4070 3936 4146; baseline 0.004 -21"><span class='ocrx_word' id='word_1_665' title='bbox 2270 4070 2623 4139; x_wconf 86' lang='lat' dir='ltr'>xxv,3).Sed,</span> <span class='ocrx_word' id='word_1_666' title='bbox 2648 4075 2713 4126; x_wconf 91' lang='lat' dir='ltr'>ut</span> <span class='ocrx_word' id='word_1_667' title='bbox 2741 4076 2980 4128; x_wconf 89' lang='lat' dir='ltr'>sanctus</span> <span class='ocrx_word' id='word_1_668' title='bbox 3011 4071 3152 4128; x_wconf 90' lang='lat' dir='ltr'>dicit</span> <span class='ocrx_word' id='word_1_669' title='bbox 3181 4071 3492 4146; x_wconf 88' lang='lat' dir='ltr'>Gregorius</span> <span class='ocrx_word' id='word_1_670' title='bbox 3521 4071 3738 4144; x_wconf 72' lang='lat' dir='ltr'>(Horat.</span> <span class='ocrx_word' id='word_1_671' title='bbox 3769 4090 3936 4144; x_wconf 69' lang='lat' dir='ltr'>xxxx,</span> 
     </span>
    </p>
   </div>
   <div class='ocr_carea' id='block_1_93' title="bbox 2271 4159 3938 4236">
    <p class='ocr_par' dir='ltr' id='par_1_93' title="bbox 2271 4159 3938 4236">
     <span class='ocr_line' id='line_1_93' title="bbox 2271 4159 3938 4236; baseline 0.004 -22"><span class='ocrx_word' id='word_1_672' title='bbox 2271 4175 2388 4230; x_wconf 87' lang='lat' dir='ltr'>cap.</span> <span class='ocrx_word' id='word_1_673' title='bbox 2421 4161 2476 4231; x_wconf 85' lang='lat'>6)</span> <span class='ocrx_word' id='word_1_674' title='bbox 2511 4175 2524 4212; x_wconf 90' lang='lat'><strong>:</strong></span> <span class='ocrx_word' id='word_1_675' title='bbox 2562 4183 2583 4209; x_wconf 79' lang='grc' dir='ltr'>(ι</span> <span class='ocrx_word' id='word_1_676' title='bbox 2617 4159 2796 4216; x_wconf 91' lang='lat' dir='ltr'>Video</span> <span class='ocrx_word' id='word_1_677' title='bbox 2829 4159 2973 4216; x_wconf 90' lang='lat' dir='ltr'>alios</span> <span class='ocrx_word' id='word_1_678' title='bbox 3005 4161 3224 4234; x_wconf 89' lang='lat' dir='ltr'>quibus</span> <span class='ocrx_word' id='word_1_679' title='bbox 3254 4178 3358 4234; x_wconf 89' lang='lat' dir='ltr'>per</span> <span class='ocrx_word' id='word_1_680' title='bbox 3381 4160 3577 4218; x_wconf 86' lang='lat' dir='ltr'>locum</span> <span class='ocrx_word' id='word_1_681' title='bbox 3601 4161 3938 4236; x_wconf 79' lang='lat' dir='ltr'>magisterii</span> 
     </span>
    </p>
   </div>
   <div class='ocr_carea' id='block_1_94' title="bbox 2270 4247 3940 4325">
    <p class='ocr_par' dir='ltr' id='par_1_94' title="bbox 2270 4247 3940 4325">
     <span class='ocr_line' id='line_1_94' title="bbox 2270 4247 3940 4325; baseline 0.005 -22"><span class='ocrx_word' id='word_1_682' title='bbox 2270 4247 2612 4304; x_wconf 83' lang='lat' dir='ltr'>exhortandi</span> <span class='ocrx_word' id='word_1_683' title='bbox 2645 4253 2786 4304; x_wconf 88' lang='lat' dir='ltr'>sunt</span> <span class='ocrx_word' id='word_1_684' title='bbox 2803 4249 2995 4306; x_wconf 79' lang='lat' dir='ltr'>officia</span> <span class='ocrx_word' id='word_1_685' title='bbox 3019 4250 3415 4324; x_wconf 87' lang='lat' dir='ltr'>arguendique</span> <span class='ocrx_word' id='word_1_686' title='bbox 3435 4250 3940 4325; x_wconf 87' lang='lat' dir='ltr'>commissa,quia</span> 
     </span>
    </p>
   </div>
   <div class='ocr_carea' id='block_1_95' title="bbox 2268 4337 3940 4414">
    <p class='ocr_par' dir='ltr' id='par_1_95' title="bbox 2268 4337 3940 4414">
     <span class='ocr_line' id='line_1_95' title="bbox 2268 4337 3940 4414; baseline 0.005 -22"><span class='ocrx_word' id='word_1_687' title='bbox 2268 4337 2466 4392; x_wconf 89' lang='lat' dir='ltr'>vident</span> <span class='ocrx_word' id='word_1_688' title='bbox 2495 4337 2717 4410; x_wconf 80' lang='lat' dir='ltr'>aliquid</span> <span class='ocrx_word' id='word_1_689' title='bbox 2752 4338 3022 4395; x_wconf 88' lang='lat' dir='ltr'>illicitum</span> <span class='ocrx_word' id='word_1_690' title='bbox 3053 4339 3367 4408; x_wconf 88' lang='lat' dir='ltr'>admitti,et</span> <span class='ocrx_word' id='word_1_691' title='bbox 3395 4344 3594 4395; x_wconf 87' lang='lat' dir='ltr'>tamen</span> <span class='ocrx_word' id='word_1_692' title='bbox 3619 4339 3766 4397; x_wconf 88' lang='lat' dir='ltr'>dum</span> <span class='ocrx_word' id='word_1_693' title='bbox 3786 4359 3940 4414; x_wconf 89' lang='lat' dir='ltr'>quo-</span> 
     </span>
    </p>
   </div>
   <div class='ocr_carea' id='block_1_96' title="bbox 2269 4427 3937 4502">
    <p class='ocr_par' dir='ltr' id='par_1_96' title="bbox 2269 4427 3937 4502">
     <span class='ocr_line' id='line_1_96' title="bbox 2269 4427 3937 4502; baseline 0.001 -20"><span class='ocrx_word' id='word_1_694' title='bbox 2269 4428 2540 4482; x_wconf 87' lang='lat' dir='ltr'>rumdam</span> <span class='ocrx_word' id='word_1_695' title='bbox 2572 4432 2880 4500; x_wconf 88' lang='lat' dir='ltr'>potentum</span> <span class='ocrx_word' id='word_1_696' title='bbox 2911 4429 3200 4485; x_wconf 73' lang='lat' dir='ltr'>offendere</span> <span class='ocrx_word' id='word_1_697' title='bbox 3227 4427 3480 4501; x_wconf 85' lang='lat' dir='ltr'>gratiam</span> <span class='ocrx_word' id='word_1_698' title='bbox 3511 4433 3815 4502; x_wconf 83' lang='lat' dir='ltr'>metuunt,</span> <span class='ocrx_word' id='word_1_699' title='bbox 3837 4448 3937 4492; x_wconf 77' lang='lat' dir='ltr'>ar-</span> 
     </span>
    </p>
   </div>
   <div class='ocr_carea' id='block_1_97' title="bbox 2267 4515 3936 4590">
    <p class='ocr_par' dir='ltr' id='par_1_97' title="bbox 2267 4515 3936 4590">
     <span class='ocr_line' id='line_1_97' title="bbox 2267 4515 3936 4590; baseline 0.004 -20"><span class='ocrx_word' id='word_1_700' title='bbox 2267 4532 2442 4588; x_wconf 89' lang='lat' dir='ltr'>guere</span> <span class='ocrx_word' id='word_1_701' title='bbox 2474 4533 2589 4572; x_wconf 90' lang='lat' dir='ltr'>non</span> <span class='ocrx_word' id='word_1_702' title='bbox 2621 4517 3291 4590; x_wconf 58' lang='lat' dir='ltr'>prmsumuntﬂuisquis</span> <span class='ocrx_word' id='word_1_703' title='bbox 3323 4515 3434 4574; x_wconf 90' lang='lat' dir='ltr'>iste</span> <span class='ocrx_word' id='word_1_704' title='bbox 3455 4520 3564 4585; x_wconf 90' lang='lat' dir='ltr'>est,</span> <span class='ocrx_word' id='word_1_705' title='bbox 3589 4517 3736 4590; x_wconf 89' lang='lat' dir='ltr'>quid</span> <span class='ocrx_word' id='word_1_706' title='bbox 3759 4518 3936 4576; x_wconf 89' lang='lat' dir='ltr'>aliud</span> 
     </span>
    </p>
   </div>
   <div class='ocr_carea' id='block_1_98' title="bbox 2269 4604 3938 4680">
    <p class='ocr_par' dir='ltr' id='par_1_98' title="bbox 2269 4604 3938 4680">
     <span class='ocr_line' id='line_1_98' title="bbox 2269 4604 3938 4680; baseline 0.004 -21"><span class='ocrx_word' id='word_1_707' title='bbox 2269 4604 2542 4670; x_wconf 85' lang='lat' dir='ltr'>facit,nisi</span> <span class='ocrx_word' id='word_1_708' title='bbox 2565 4605 2722 4662; x_wconf 91' lang='lat' dir='ltr'>videt</span> <span class='ocrx_word' id='word_1_709' title='bbox 2745 4606 2896 4664; x_wconf 75' lang='lat'>568</span> <span class='ocrx_word' id='word_1_710' title='bbox 2917 4607 3124 4680; x_wconf 92' lang='lat' dir='ltr'>lupum</span> <span class='ocrx_word' id='word_1_711' title='bbox 3145 4605 3470 4664; x_wconf 89' lang='lat' dir='ltr'>venientem</span> <span class='ocrx_word' id='word_1_712' title='bbox 3492 4610 3552 4662; x_wconf 85' lang='lat' dir='ltr'>et</span> <span class='ocrx_word' id='word_1_713' title='bbox 3582 4607 3782 4680; x_wconf 85' lang='lat' dir='ltr'>fugit?</span> <span class='ocrx_word' id='word_1_714' title='bbox 3810 4609 3938 4666; x_wconf 85' lang='lat' dir='ltr'>Fu—</span> 
     </span>
    </p>
   </div>
   <div class='ocr_carea' id='block_1_99' title="bbox 2267 4693 3934 4771">
    <p class='ocr_par' dir='ltr' id='par_1_99' title="bbox 2267 4693 3934 4771">
     <span class='ocr_line' id='line_1_99' title="bbox 2267 4693 3934 4771; baseline 0.005 -24"><span class='ocrx_word' id='word_1_715' title='bbox 2267 4693 2372 4767; x_wconf 85' lang='lat' dir='ltr'>git,</span> <span class='ocrx_word' id='word_1_716' title='bbox 2400 4693 2538 4767; x_wconf 86' lang='lat' dir='ltr'>quia</span> <span class='ocrx_word' id='word_1_717' title='bbox 2557 4695 2738 4750; x_wconf 90' lang='lat' dir='ltr'>tacuit</span> <span class='ocrx_word' id='word_1_718' title='bbox 2758 4714 2770 4763; x_wconf 91' lang='lat'><strong>;</strong></span> <span class='ocrx_word' id='word_1_719' title='bbox 2797 4696 3162 4769; x_wconf 88' lang='lat' dir='ltr'>tacuit,quia,</span> <span class='ocrx_word' id='word_1_720' title='bbox 3178 4695 3452 4770; x_wconf 90' lang='lat' dir='ltr'>despecta</span> <span class='ocrx_word' id='word_1_721' title='bbox 3472 4699 3690 4752; x_wconf 72' lang='lat' dir='ltr'>aeterna</span> <span class='ocrx_word' id='word_1_722' title='bbox 3708 4698 3934 4771; x_wconf 86' lang='lat' dir='ltr'>gratia,</span> 
     </span>
    </p>
   </div>
   <div class='ocr_carea' id='block_1_100' title="bbox 2265 4783 3939 4858">
    <p class='ocr_par' dir='ltr' id='par_1_100' title="bbox 2265 4783 3939 4858">
     <span class='ocr_line' id='line_1_100' title="bbox 2265 4783 3939 4858; baseline 0.004 -21"><span class='ocrx_word' id='word_1_723' title='bbox 2265 4783 2645 4854; x_wconf 88' lang='lat' dir='ltr'>temporalem</span> <span class='ocrx_word' id='word_1_724' title='bbox 2676 4783 2918 4857; x_wconf 89' lang='lat' dir='ltr'>gloriam</span> <span class='ocrx_word' id='word_1_725' title='bbox 2941 4785 3077 4858; x_wconf 90' lang='lat' dir='ltr'>plus</span> <span class='ocrx_word' id='word_1_726' title='bbox 3097 4785 3485 4842; x_wconf 87' lang='lat' dir='ltr'>amavit.Ecce</span> <span class='ocrx_word' id='word_1_727' title='bbox 3504 4789 3640 4840; x_wconf 84' lang='lat' dir='ltr'>ante</span> <span class='ocrx_word' id='word_1_728' title='bbox 3663 4787 3939 4858; x_wconf 78' lang='lat' dir='ltr'>potentis</span> 
     </span>
    </p>
   </div>
   <div class='ocr_carea' id='block_1_101' title="bbox 2266 4870 3937 4943">
    <p class='ocr_par' dir='ltr' id='par_1_101' title="bbox 2266 4870 3937 4943">
     <span class='ocr_line' id='line_1_101' title="bbox 2266 4870 3937 4943; baseline 0.004 -19"><span class='ocrx_word' id='word_1_729' title='bbox 2266 4870 2471 4926; x_wconf 84' lang='lat' dir='ltr'>faciem</span> <span class='ocrx_word' id='word_1_730' title='bbox 2504 4871 2659 4926; x_wconf 90' lang='lat' dir='ltr'>intra</span> <span class='ocrx_word' id='word_1_731' title='bbox 2687 4882 2794 4928; x_wconf 86' lang='lat' dir='ltr'>sua</span> <span class='ocrx_word' id='word_1_732' title='bbox 2823 4891 2885 4928; x_wconf 91' lang='lat' dir='ltr'>se</span> <span class='ocrx_word' id='word_1_733' title='bbox 2931 4873 3185 4930; x_wconf 88' lang='lat' dir='ltr'>latebras</span> <span class='ocrx_word' id='word_1_734' title='bbox 3235 4872 3450 4930; x_wconf 88' lang='lat' dir='ltr'>silentii</span> <span class='ocrx_word' id='word_1_735' title='bbox 3499 4873 3840 4943; x_wconf 88' lang='lat' dir='ltr'>abscondit,</span> <span class='ocrx_word' id='word_1_736' title='bbox 3875 4878 3937 4932; x_wconf 82' lang='lat' dir='ltr'>et</span> 
     </span>
    </p>
   </div>
   <div class='ocr_carea' id='block_1_102' title="bbox 2267 4949 3940 5035">
    <p class='ocr_par' dir='ltr' id='par_1_102' title="bbox 2267 4949 3940 5035">
     <span class='ocr_line' id='line_1_102' title="bbox 2267 4949 3940 5035; baseline 0.004 -22"><span class='ocrx_word' id='word_1_737' title='bbox 2267 4958 2419 5014; x_wconf 90' lang='lat' dir='ltr'>sicut</span> <span class='ocrx_word' id='word_1_738' title='bbox 2443 4949 2836 5031; x_wconf 47' lang='lat' dir='ltr'>&#39;perseeutioni</span> <span class='ocrx_word' id='word_1_739' title='bbox 2864 4962 3116 5035; x_wconf 90' lang='lat' dir='ltr'>publice,</span> <span class='ocrx_word' id='word_1_740' title='bbox 3149 4963 3233 5020; x_wconf 89' lang='lat' dir='ltr'>sic</span> <span class='ocrx_word' id='word_1_741' title='bbox 3261 4961 3486 5020; x_wconf 87' lang='lat' dir='ltr'>occulte</span> <span class='ocrx_word' id='word_1_742' title='bbox 3518 4961 3716 5019; x_wconf 88' lang='lat' dir='ltr'>locum</span> <span class='ocrx_word' id='word_1_743' title='bbox 3760 4963 3940 5020; x_wconf 84' lang='lat' dir='ltr'>dedit</span> 
     </span>
    </p>
   </div>
   <div class='ocr_carea' id='block_1_103' title="bbox 2266 5047 3933 5121">
    <p class='ocr_par' dir='ltr' id='par_1_103' title="bbox 2266 5047 3933 5121">
     <span class='ocr_line' id='line_1_103' title="bbox 2266 5047 3933 5121; baseline 0.005 -19"><span class='ocrx_word' id='word_1_744' title='bbox 2266 5047 2483 5103; x_wconf 90' lang='lat' dir='ltr'>timori.</span> <span class='ocrx_word' id='word_1_745' title='bbox 2517 5048 2666 5106; x_wconf 89' lang='lat' dir='ltr'>Bene</span> <span class='ocrx_word' id='word_1_746' title='bbox 2696 5051 2767 5107; x_wconf 92' lang='lat' dir='ltr'>de</span> <span class='ocrx_word' id='word_1_747' title='bbox 2802 5051 3017 5108; x_wconf 84' lang='lat' dir='ltr'>talibus</span> <span class='ocrx_word' id='word_1_748' title='bbox 3050 5053 3266 5109; x_wconf 87' lang='lat' dir='ltr'>dicitur</span> <span class='ocrx_word' id='word_1_749' title='bbox 3289 5067 3304 5108; x_wconf 90' lang='lat'><strong>:</strong></span> <span class='ocrx_word' id='word_1_750' title='bbox 3329 5053 3664 5110; x_wconf 70' lang='lat' dir='ltr'>Dilexeiunt</span> <span class='ocrx_word' id='word_1_751' title='bbox 3679 5052 3933 5121; x_wconf 85' lang='lat' dir='ltr'>gloriam</span> 
     </span>
    </p>
   </div>
   <div class='ocr_carea' id='block_1_104' title="bbox 2263 5139 3934 5217">
    <p class='ocr_par' dir='ltr' id='par_1_104' title="bbox 2263 5139 3934 5217">
     <span class='ocr_line' id='line_1_104' title="bbox 2263 5139 3934 5217; baseline 0.004 -23"><span class='ocrx_word' id='word_1_752' title='bbox 2263 5139 2551 5194; x_wconf 87' lang='lat' dir='ltr'>hominum</span> <span class='ocrx_word' id='word_1_753' title='bbox 2593 5143 2768 5213; x_wconf 87' lang='lat' dir='ltr'>magis</span> <span class='ocrx_word' id='word_1_754' title='bbox 2815 5159 2978 5216; x_wconf 88' lang='lat' dir='ltr'>quam</span> <span class='ocrx_word' id='word_1_755' title='bbox 3013 5145 3134 5200; x_wconf 91' lang='lat' dir='ltr'>Dei.</span> <span class='ocrx_word' id='word_1_756' title='bbox 3169 5144 3325 5217; x_wconf 85' lang='lat' dir='ltr'>(Joan</span> <span class='ocrx_word' id='word_1_757' title='bbox 3354 5160 3454 5208; x_wconf 86' lang='lat' dir='ltr'>xu,</span> <span class='ocrx_word' id='word_1_758' title='bbox 3488 5142 3599 5210; x_wconf 74' lang='grc'>43).</span> <span class='ocrx_word' id='word_1_759' title='bbox 3635 5141 3934 5216; x_wconf 86' lang='lat' dir='ltr'>Quisquis</span> 
     </span>
    </p>
   </div>
   <div class='ocr_carea' id='block_1_105' title="bbox 2264 5226 3932 5304">
    <p class='ocr_par' dir='ltr' id='par_1_105' title="bbox 2264 5226 3932 5304">
     <span class='ocr_line' id='line_1_105' title="bbox 2264 5226 3932 5304; baseline 0.004 -23"><span class='ocrx_word' id='word_1_760' title='bbox 2264 5226 2443 5300; x_wconf 87' lang='lat' dir='ltr'>igitur</span> <span class='ocrx_word' id='word_1_761' title='bbox 2479 5227 2614 5285; x_wconf 90' lang='lat' dir='ltr'>talis</span> <span class='ocrx_word' id='word_1_762' title='bbox 2661 5235 2770 5296; x_wconf 90' lang='lat' dir='ltr'>est,</span> <span class='ocrx_word' id='word_1_763' title='bbox 2803 5231 2852 5286; x_wconf 92' lang='lat' dir='ltr'>si</span> <span class='ocrx_word' id='word_1_764' title='bbox 2902 5231 3024 5288; x_wconf 59' lang='lat' dir='ltr'>hinc</span> <span class='ocrx_word' id='word_1_765' title='bbox 3071 5233 3336 5290; x_wconf 79' lang='lat' dir='ltr'>districto</span> <span class='ocrx_word' id='word_1_766' title='bbox 3374 5230 3747 5304; x_wconf 85' lang='lat' dir='ltr'>judicantur,</span> <span class='ocrx_word' id='word_1_767' title='bbox 3778 5235 3842 5286; x_wconf 86' lang='lat' dir='ltr'>et</span> <span class='ocrx_word' id='word_1_768' title='bbox 3873 5231 3932 5287; x_wconf 80' lang='lat' dir='ltr'>si</span> 
     </span>
    </p>
   </div>
   <div class='ocr_carea' id='block_1_106' title="bbox 2263 5317 3930 5392">
    <p class='ocr_par' dir='ltr' id='par_1_106' title="bbox 2263 5317 3930 5392">
     <span class='ocr_line' id='line_1_106' title="bbox 2263 5317 3930 5392; baseline 0.002 -20"><span class='ocrx_word' id='word_1_769' title='bbox 2263 5317 2585 5389; x_wconf 88' lang='lat' dir='ltr'>persecutio</span> <span class='ocrx_word' id='word_1_770' title='bbox 2617 5319 2853 5392; x_wconf 88' lang='lat' dir='ltr'>publica</span> <span class='ocrx_word' id='word_1_771' title='bbox 2882 5320 3086 5391; x_wconf 86' lang='lat' dir='ltr'>defuit,</span> <span class='ocrx_word' id='word_1_772' title='bbox 3112 5326 3307 5378; x_wconf 88' lang='lat' dir='ltr'>tamen</span> <span class='ocrx_word' id='word_1_773' title='bbox 3330 5319 3576 5376; x_wconf 90' lang='lat' dir='ltr'>tacendo</span> <span class='ocrx_word' id='word_1_774' title='bbox 3607 5317 3930 5376; x_wconf 82' lang='lat' dir='ltr'>Christum</span> 
     </span>
    </p>
   </div>
   <div class='ocr_carea' id='block_1_107' title="bbox 2262 5407 2578 5479">
    <p class='ocr_par' dir='ltr' id='par_1_107' title="bbox 2262 5407 2578 5479">
     <span class='ocr_line' id='line_1_107' title="bbox 2262 5407 2578 5479; baseline 0.003 -18"><span class='ocrx_word' id='word_1_775' title='bbox 2262 5407 2512 5479; x_wconf 86' lang='lat' dir='ltr'>negavit.</span> <span class='ocrx_word' id='word_1_776' title='bbox 2551 5430 2578 5456; x_wconf 92' lang='grc'><strong>››</strong></span> 
     </span>
    </p>
   </div>
   <div class='ocr_carea' id='block_1_108' title="bbox 2329 5493 3934 5571">
    <p class='ocr_par' dir='ltr' id='par_1_108' title="bbox 2329 5493 3934 5571">
     <span class='ocr_line' id='line_1_108' title="bbox 2329 5493 3934 5571; baseline 0.002 -21"><span class='ocrx_word' id='word_1_777' title='bbox 2329 5494 2639 5551; x_wconf 89' lang='lat' dir='ltr'>Judicibus</span> <span class='ocrx_word' id='word_1_778' title='bbox 2667 5500 2863 5552; x_wconf 88' lang='lat' dir='ltr'>autem</span> <span class='ocrx_word' id='word_1_779' title='bbox 2895 5498 3228 5571; x_wconf 61' lang='lat' dir='ltr'>praecipitur</span> <span class='ocrx_word' id='word_1_780' title='bbox 3260 5493 3369 5555; x_wconf 54' lang='lat' dir='ltr'>{Si</span> <span class='ocrx_word' id='word_1_781' title='bbox 3396 5512 3519 5554; x_wconf 87' lang='lat' dir='ltr'>vere</span> <span class='ocrx_word' id='word_1_782' title='bbox 3549 5497 3934 5570; x_wconf 75' lang='lat' dir='ltr'>utiqucjusti-</span> 
     </span>
    </p>
   </div>
   <div class='ocr_carea' id='block_1_109' title="bbox 2263 5586 3927 5660">
    <p class='ocr_par' dir='ltr' id='par_1_109' title="bbox 2263 5586 3927 5660">
     <span class='ocr_line' id='line_1_109' title="bbox 2263 5586 3927 5660; baseline 0.002 -20"><span class='ocrx_word' id='word_1_783' title='bbox 2263 5586 2398 5640; x_wconf 87' lang='lat' dir='ltr'>tiam</span> <span class='ocrx_word' id='word_1_784' title='bbox 2429 5586 2742 5657; x_wconf 89' lang='lat' dir='ltr'>loquimini,</span> <span class='ocrx_word' id='word_1_785' title='bbox 2779 5593 2922 5642; x_wconf 84' lang='lat' dir='ltr'>recta</span> <span class='ocrx_word' id='word_1_786' title='bbox 2948 5587 3210 5660; x_wconf 82' lang='lat' dir='ltr'>judicate,</span> <span class='ocrx_word' id='word_1_787' title='bbox 3242 5589 3351 5660; x_wconf 79' lang='lat' dir='ltr'>ﬁlii</span> <span class='ocrx_word' id='word_1_788' title='bbox 3397 5587 3686 5643; x_wconf 88' lang='lat' dir='ltr'>hominum</span> <span class='ocrx_word' id='word_1_789' title='bbox 3732 5588 3927 5656; x_wconf 79' lang='lat' dir='ltr'>(Psal.</span> 
     </span>
    </p>
   </div>
   <div class='ocr_carea' id='block_1_110' title="bbox 2259 5673 3928 5748">
    <p class='ocr_par' dir='ltr' id='par_1_110' title="bbox 2259 5673 3928 5748">
     <span class='ocr_line' id='line_1_110' title="bbox 2259 5673 3928 5748; baseline 0.003 -19"><span class='ocrx_word' id='word_1_790' title='bbox 2259 5690 2388 5742; x_wconf 82' lang='lat' dir='ltr'>LVII,</span> <span class='ocrx_word' id='word_1_791' title='bbox 2425 5677 2494 5746; x_wconf 92' lang='grc'>1).</span> <span class='ocrx_word' id='word_1_792' title='bbox 2529 5673 2602 5730; x_wconf 90' lang='lat' dir='ltr'>Ut</span> <span class='ocrx_word' id='word_1_793' title='bbox 2630 5691 2764 5730; x_wconf 90' lang='lat' dir='ltr'>cum</span> <span class='ocrx_word' id='word_1_794' title='bbox 2807 5675 3056 5748; x_wconf 87' lang='lat' dir='ltr'>quisque</span> <span class='ocrx_word' id='word_1_795' title='bbox 3105 5676 3443 5734; x_wconf 88' lang='lat' dir='ltr'>mortalium</span> <span class='ocrx_word' id='word_1_796' title='bbox 3483 5674 3778 5748; x_wconf 87' lang='lat' dir='ltr'>judicium</span> <span class='ocrx_word' id='word_1_797' title='bbox 3810 5676 3928 5734; x_wconf 84' lang='lat' dir='ltr'>de-</span> 
     </span>
    </p>
   </div>
   <div class='ocr_carea' id='block_1_111' title="bbox 2256 5763 3925 5847">
    <p class='ocr_par' dir='ltr' id='par_1_111' title="bbox 2256 5763 3925 5847">
     <span class='ocr_line' id='line_1_111' title="bbox 2256 5763 3925 5847; baseline 0.003 -26"><span class='ocrx_word' id='word_1_798' title='bbox 2256 5763 2407 5821; x_wconf 89' lang='lat' dir='ltr'>derit</span> <span class='ocrx_word' id='word_1_799' title='bbox 2429 5763 2756 5842; x_wconf 90' lang='lat' dir='ltr'>publicum,</span> <span class='ocrx_word' id='word_1_800' title='bbox 2772 5765 2822 5824; x_wconf 89' lang='lat' dir='ltr'>si</span> <span class='ocrx_word' id='word_1_801' title='bbox 2843 5783 3044 5825; x_wconf 88' lang='lat' dir='ltr'>verum</span> <span class='ocrx_word' id='word_1_802' title='bbox 3065 5767 3564 5847; x_wconf 86' lang='lat' dir='ltr'>loquitur,verum</span> <span class='ocrx_word' id='word_1_803' title='bbox 3587 5763 3925 5841; x_wconf 84' lang='lat' dir='ltr'>etjudicet,</span> 
     </span>
    </p>
   </div>
  </div>
