4148 6456
493 410 610 474 627

1435 414 1818 478 HINCMARI
1869 412 2316 476 RHEMENSIS
2360 411 2950 475 ARGHIEPISGOPI

3781 413 3908 476 628

489 543 571 601 ita
589 547 646 600 et
664 543 804 600 alibi
835 545 1082 602 dicendo
1111 549 1316 602 contra
1346 563 1452 602 nos
1483 547 1783 618 queritur:
1821 549 1933 618 Ipsi
1954 555 2135 619 pasto-
2166 544 2222 612 Α
2251 545 2432 601 scenti
2455 561 2516 600 se
2540 545 2821 600 rationem
2854 545 3092 601 reddere
3110 547 3158 614 (l
3175 546 3320 601 Petr.
3344 561 3427 614 111,
3453 545 3542 615 15)
3568 562 3582 614 ;
3617 545 3905 618 quoniam

486 649 572 690 res
625 635 1018 702 ignoraverunt
1073 636 1496 703 intelligentiam
1549 637 1678 708 (lsa.
1713 654 1821 704 LVI,
1859 637 1966 704 11),
1999 636 2138 708 quia

486 721 820 779 intellectus
851 724 1044 779 bonus
1081 724 1358 780 omnibus
1391 725 1736 782 facientibus
1764 743 1896 781 eum
1925 743 1938 792 ;
1974 731 2032 781 et
2059 734 2133 781 te-

484 819 693 878 nentes,
729 811 941 884 inquit,
977 813 1148 881 legem
1175 817 1486 870 nescierunt
1512 832 1597 870 me
1626 818 1756 882 (Jer.
1789 833 1848 882 11,
1880 818 1956 883 8),
1991 832 2130 887 quo-

486 900 648 956 niam
696 900 796 972 qui
847 901 960 956 fide
1003 905 1060 956 et
1089 902 1382 974 operibus,
1415 903 1532 958 vita
1561 907 1616 959 et
1647 903 1931 975 moribus,
1962 905 2134 959 verbo

488 993 662 1060 atque
687 989 971 1062 exemplo,
997 990 1328 1060 commissis
1355 1009 1470 1047 non
1503 992 1836 1063 praedicant,
1869 993 2001 1048 licet
2035 1010 2134 1048 no-

489 1077 822 1134 minetenus
855 1077 1066 1148 colant,
1100 1081 1423 1136 secundum
1477 1081 1774 1137 veritatem
1821 1082 2132 1137 Dominum

489 1165 780 1231 nesciunt,
804 1166 975 1236 juxta
1031 1169 1185 1240 quod
1243 1169 1530 1241 scriptum
1589 1174 1678 1226 est
1711 1187 1724 1226 :
1760 1172 1865 1239 Qui
1895 1173 2134 1242 ignorat,

489 1255 836 1326 ignorabitur
865 1259 912 1323 (I
942 1257 1060 1312 Cor.
1095 1275 1208 1324 x1v,
1243 1258 1354 1330 33),
1387 1258 1653 1314 videlicet
1711 1260 2131 1332 reprobabitur.

489 1343 769 1410 Quocirca
799 1361 915 1400 non
947 1349 1036 1400 est
1067 1347 1219 1402 unde
1250 1347 1460 1416 securi,
1487 1347 1600 1404 nisi
1632 1349 1703 1404 de
1735 1349 2138 1406 misericordia

489 1431 613 1498 Dei,
644 1449 772 1488 esse
802 1433 1118 1505 possimus,
1153 1436 1222 1491 de
1253 1454 1501 1508 quorum
1535 1437 1808 1494 manibus
1836 1442 2134 1494 tantorum

489 1521 731 1593 sanguis
761 1521 821 1577 in
853 1523 946 1578 die
979 1524 1402 1596 magnijudicii
1436 1525 1716 1598 exigetur,
1761 1528 1965 1598 quanti
2010 1528 2136 1584 sine

489 1614 692 1666 nostra
721 1612 1247 1668 commonitionein
1279 1615 1404 1670 suis
1434 1613 1843 1687 iniquitatibus
1869 1621 2134 1688 pereunt,

489 1697 715 1755 dicente
735 1699 982 1756 Domino
1003 1702 1073 1756 ad
1098 1719 1579 1776 unumquemque
1595 1705 1966 1778 episcopum:
1995 1708 2136 1774 Quia

486 1789 540 1842 si
565 1805 678 1842 non
706 1791 1125 1846 annuntiaveris
1154 1794 1344 1863 iniquo
1375 1795 1721 1865 iniquitatem
1750 1812 1928 1862 suam,
1961 1804 2012 1851 et
2043 1796 2137 1851 ille

2245 633 2346 705 qui
2377 633 2682 689 abscondit
2731 634 3044 701 frumenta,
3078 633 3136 689 id
3169 639 3256 690 est
3287 634 3436 690 sacri
3468 633 3687 706 eloquii
3719 635 3906 690 docu-

2245 721 2840 788 menta,maledicitur
2860 721 2917 776 in
2943 721 3194 794 populis,
3221 721 3546 779 benedictio
3567 729 3768 780 autem
3793 724 3910 780 Do-

2245 811 2388 866 mini
2423 826 2602 882 super
2643 815 2820 883 caput
2864 811 3244 866 vendentium
3274 812 3452 883 (Prov.
3485 827 3567 879 x1,
3598 813 3730 882 26);
3765 811 3910 885 quia

2245 900 2461 955 docens
2491 917 2560 954 ea
2589 917 2716 972 qum
2761 898 3006 955 Domino
3054 901 3298 956 docente
3354 899 3579 968 didicit,
3614 901 3905 972 majorem

2246 987 2487 1044 docendi
2529 987 2776 1060 gratiam
2809 993 2865 1043 ct
2895 988 3021 1060 ipse
3046 989 3368 1044 merebitur
3394 988 3466 1045 ab
3499 987 3902 1057 auditoribus,

2246 1075 2496 1149 pretium
2533 1075 2664 1131 lidei
2697 1081 2754 1132 et
2785 1075 3170 1132 confessionis
3225 1075 3530 1150 recipiens,
3565 1081 3634 1132 ut
3665 1076 3904 1132 illorum

2246 1166 2629 1236 petitionibus
2675 1166 3013 1222 nullatenus
3044 1165 3470 1240 negligercmus
3509 1183 3704 1240 neque
3728 1166 3904 1222 dissi-

2246 1255 2737 1321 mularemus,aut
2759 1256 2868 1310 sub
2895 1255 3094 1328 aliqua
3114 1256 3486 1312 excusatione
3505 1255 3905 1321 diﬂ‘erremus,

2243 1344 2344 1399 sed
2376 1343 2739 1415 quantotius,
2773 1343 2966 1400 tacitis
2992 1362 3194 1400 eorum
3245 1344 3587 1400 nominibus
3617 1363 3654 1400 a
3683 1345 3908 1417 quibus

2245 1431 2363 1486 haec
2386 1431 2682 1504 proposita
2715 1433 2966 1501 fuerant,
2995 1432 3326 1505 quibusque
3355 1433 3426 1488 de
3457 1431 3781 1506 propositis
3809 1451 3904 1489 re-

2244 1519 2632 1577 scriberemus
2654 1539 2780 1593 qua:
2806 1539 2874 1576 ex
2895 1520 2986 1576 his
3004 1523 3328 1578 secundum
3351 1515 3793 1594 Scripturarum
3807 1540 3908 1578 au-

2243 1608 2569 1664 ctoritatem
2583 1615 2640 1664 et
2667 1609 3090 1666 catholicorum
3115 1610 3352 1666 Patrum
3369 1611 3906 1680 doctrinam,nobis

2245 1696 2530 1753 Dominus
2561 1698 2808 1766 dederit,
2845 1716 2947 1771 per
2977 1698 3233 1772 singula,
3265 1699 3420 1756 sicut
3449 1706 3904 1772 proposuerant,

2244 1787 2594 1858 respondere
2618 1787 2866 1842 breviter
2887 1788 3278 1844 studeremus.
3301 1787 3381 1844 De
3404 1787 3624 1860 quibus
3645 1787 3906 1845 scribere

488 1877 715 1948 iniquus
773 1894 885 1933 non
937 1882 1110 1950 fuerit
1163 1897 1448 1938 conversus
1480 1901 1513 1937 a
1545 1886 1633 1938 via
1660 1901 1762 1939 sua
1787 1902 1977 1956 prava,
2013 1887 2128 1957 ipse
2177 1923 2224 1987 B
2252 1873 2818 1987 ῑιίξὶίικόυθιιιξιενεοά
2839 1875 3296 1987 νεξεαρίειιῑίυω
3317 1877 3904 1987 ἀοίξίςτίηδωιᾶιξάίτθζ

486 1967 712 2036 iniquus
744 1968 804 2022 in
833 1969 1126 2040 iniquitate
1153 1987 1256 2025 sua
1283 1973 1568 2039 morietur,
1601 1976 1930 2042 sanguinem
1951 1985 2132 2031 autem

483 2055 601 2125 ejus
631 2055 696 2110 de
740 2073 912 2111 manu
963 2064 1057 2112 tua
1085 2061 1366 2130 requiram
1395 2062 1606 2130 (Ezech.
1636 2079 1719 2130 ιιι,
1757 2064 1866 2130 18).
1899 2063 2134 2119 Timen-

485 2141 629 2196 dum
651 2147 742 2198 est
760 2144 939 2200 etiam
962 2162 1033 2201 ne
1055 2145 1284 2202 dicatur
1307 2148 1380 2203 ab
1401 2147 1729 2221 inspectore
1757 2151 2137 2208 conscientia-

486 2247 641 2300 rum,
673 2237 894 2303 quanto
926 2233 1116 2306 magis
1144 2251 1406 2306 operum,
1441 2238 1638 2294 nobis:
1661 2240 1876 2296 Clavem
1896 2243 2138 2297 scientiae

488 2319 718 2386 tulistis,
751 2322 862 2392 ipsi
884 2339 994 2377 non
1027 2325 1294 2380 introistis
1322 2327 1473 2393 (Luc.
1505 2344 1584 2397 x1,
1615 2329 1726 2396 52),
1761 2333 1818 2384 et
1859 2329 2004 2386 alios
2036 2330 2136 2402 qui

487 2405 729 2464 introire
760 2414 1046 2481 poterant,
1078 2411 1212 2468 licet
1253 2415 1425 2471 verbo
1456 2416 1930 2484 admonuissetis,
1965 2436 2138 2492 opere

491 2496 886 2554 destruxistis.
915 2500 985 2554 Et
1033 2501 1338 2558 sciendum
1385 2508 1495 2571 est,
1529 2509 1585 2560 et
1634 2523 1769 2562 cum
1819 2507 2026 2563 timore
2069 2526 2136 2564 ac

492 2588 744 2641 tremore
776 2587 1031 2644 maxime
1071 2591 1344 2649 continue
1390 2593 1784 2663 recolendum,
1819 2596 1955 2668 quia
1985 2597 2138 2653 sicut

494 2673 920 2746 spiritalius,ac
950 2677 1191 2748 proinde
1223 2681 1604 2753 majus,tanto
1635 2688 1724 2740 est
1752 2684 2137 2756 periculosius

491 2760 819 2835 episcopale
863 2783 1039 2838 quam
1100 2769 1325 2840 regium
1386 2771 1800 2843 ministerium,
1833 2779 2051 2845 quanto
2080 2779 2139 2830 et

493 2867 597 2923 pro
626 2850 772 2925 ipsis
803 2853 1040 2926 regibus
1091 2857 1374 2914 rationem
1425 2861 1707 2916 reddituri
1755 2879 1964 2919 sumus
1995 2862 2136 2936 Regi

491 2954 692 3011 regum
723 2945 780 2997 et
813 2943 1034 3000 Pastori
1092 2950 1392 3018 pastorum
1442 2948 1501 3003 in
1551 2948 1644 3005 die
1685 2952 1969 3007 tremendi
2002 2969 2134 3008 exa-

488 3044 687 3084 mlDlS.

553 3117 638 3173 Ad
664 3123 905 3176 cunctos
935 3119 1109 3178 etiam
1143 3123 1200 3178 in
1233 3123 1367 3180 sinu
1397 3125 1694 3182 catholicae
1726 3128 1992 3186 Ecclesia
2015 3129 2132 3184 col-

483 3205 702 3263 locatos
731 3207 867 3264 hinc
899 3210 1059 3282 loqui
1090 3213 1472 3281 decrevimus,
1493 3219 1557 3271 ut
1586 3220 1642 3272 et
1671 3216 1784 3290 ipsi
1814 3217 1954 3273 talia
1983 3235 2134 3274 eom-

2249 1963 2336 2020 vel
2355 1981 2479 2036 qua:
2497 1965 2784 2021 sentimus
2806 1967 2978 2022 verbo
2998 1970 3228 2022 tantum
3251 1967 3557 2023 enuntiare
3583 1984 3598 2034 ;
3623 1971 3684 2024 et
3704 1967 3757 2023 si
3783 1973 3908 2024 erat

2245 2051 2641 2122 scribendum,
2698 2055 2842 2109 forte
2873 2071 3182 2126 possemus
3213 2056 3635 2128 congruentius
3666 2057 3906 2113 dicendi

2243 2141 2506 2196 ordinem
2532 2143 2795 2210 texere,si
2815 2143 3024 2199 talium
3049 2161 3115 2199 ac
3136 2148 3434 2200 tantorum
3465 2145 3533 2200 ad
3534 2145 3907 2216 jurationem

2244 2228 2633 2286 voluissemus
2656 2237 2757 2287 aut
2777 2231 3170 2290 valuissemus
3195 2231 3681 2306 negligerc.Unde
3704 2233 3904 2309 legen-

2244 2321 2332 2374 tes
2351 2318 2470 2374 haec
2487 2337 2612 2391 qua:
2632 2321 2703 2376 de
2722 2321 2942 2378 sanctis
2957 2321 3276 2394 Scripturis
3298 2327 3357 2377 et
3379 2321 3616 2378 Patrum
3641 2324 3907 2380 traditio-

2245 2405 2418 2462 nibus
2430 2425 2632 2464 eorum
2647 2409 3142 2482 propositionibus
3161 2411 3696 2480 rescribemus,non
3711 2430 3822 2470 nos
3832 2414 3906 2469 de

2246 2496 2696 2568 responsionum
2727 2497 2929 2554 ordine
2959 2497 3292 2556 inordinate
3321 2505 3735 2570 succenseant,
3765 2507 3824 2559 et
3852 2501 3906 2560 si

2245 2585 2317 2640 ad
2331 2584 2608 2658 taliaquac
2623 2587 2692 2642 ad
2707 2586 2859 2642 hanc
2873 2586 3157 2644 rationem
3170 2589 3438 2647 fortassis
3451 2607 3563 2646 non
3579 2591 3901 2664 pertinent,

2244 2690 2446 2730 eorum
2478 2675 2644 2730 tracti
2675 2675 3095 2748 quaestionibus
3126 2677 3478 2747 derivamus,
3505 2696 3622 2735 non
3651 2697 3762 2736 nos
3797 2698 3903 2754 pro

2244 2762 2644 2834 superﬂuitate
2665 2765 2757 2819 ref
2756 2763 3175 2838 ugiant,neque
3197 2771 3407 2822 nostra:
3429 2767 3790 2825 sinceritatis
3811 2787 3901 2826 re-

2243 2851 2619 2924 sponsionem
2650 2853 2966 2926 quisquam
2995 2855 3068 2910 ad
3098 2855 3378 2926 injuriam
3409 2857 3500 2912 sui
3535 2861 3898 2931 retorqueat,

2243 2939 2520 3013 quoniam
2545 2959 2670 3010 nos,
2696 2941 2836 2997 dicti
2858 2942 3144 2999 Dominici
3169 2961 3478 3014 memores,
3501 2946 3622 3002 Non
3656 2950 3902 3020 accipias

2237 3046 2528 3102 personam
2574 3033 2634 3086 in
2670 3031 2884 3102 judicio
2916 3034 3090 3100 (Deut.
3127 3051 3165 3100 1,
3202 3035 3328 3102 17);
3361 3037 3417 3090 et
3445 3034 3588 3091 item
3635 3036 3901 3094 dicentes

2242 3123 2475 3175 sanctos
2505 3119 2817 3192 apostolos,
2843 3137 3116 3192 quorum,
3140 3120 3276 3178 licet
3304 3122 3551 3196 indigni,
3587 3124 3746 3183 vices
3775 3127 3898 3200 agi-

2245 3223 2398 3276 mus,
2423 3225 2524 3280 pro
2567 3209 2802 3265 modulo
2851 3214 3049 3266 nostro
3097 3210 3416 3281 imitantes,
3448 3213 3566 3270 Non
3595 3217 3769 3284 enim,
3803 3217 3898 3272 in-

484 3293 712 3351 mittere
743 3304 1002 3365 caveant,
1025 3305 1082 3354 et
1110 3306 1395 3372 quantum
1429 3321 1496 3360 ex
1526 3305 1670 3377 ipsis
1699 3289 2124 3378 est,agentibus

2239 3297 2469 3370 quiunt,
2498 3315 2782 3370 possumus
2809 3315 2936 3370 quae
2963 3300 3277 3358 audivimus
3314 3311 3366 3358 et
3396 3303 3637 3360 vidimus
3669 3323 3782 3362 non
3812 3307 3894 3363 lo-

485 3399 602 3438 non
625 3387 991 3443 consentiant
1011 3393 1066 3443 et
1086 3406 1188 3461 per
1210 3391 1604 3449 adulationem
1630 3410 1745 3448 non
1770 3395 2017 3450 faveant.
2051 3395 2131 3451 De

485 3469 760 3541 qualibus
793 3473 1078 3533 mirabilis
1109 3477 1248 3534 dicit
1275 3481 1615 3552 Apostolus:
1639 3483 1908 3551 Quoniam
1935 3487 2034 3556 qui
2053 3494 2131 3541 ta-

486 3558 566 3613 lia
597 3570 787 3629 agunt,
821 3580 1050 3632 regnum
1070 3569 1170 3623 Dei
1196 3585 1305 3623 non
1326 3580 1719 3642 consequentur
1747 3572 1888 3644 (Gal.
1923 3591 1975 3640 v,
1999 3575 2126 3645 21);

483 3651 540 3703 et
569 3646 708 3704 item
742 3666 755 3704 :
792 3652 899 3720 Qui
925 3655 1064 3710 talia
1096 3667 1268 3727 agunt
1296 3659 1458 3728 digni
1481 3669 1608 3715 sunt
1624 3670 1928 3724 morte,non
1953 3664 2129 3719 solum

482 3739 582 3810 qui
605 3741 822 3810 faciunt
853 3744 1077 3811 illa,se(l
1105 3749 1274 3802 etiam
1303 3750 1402 3819 qui
1429 3751 1770 3806 consentiunt
1795 3753 2128 3822 facientibus

481 3824 655 3898 (Rom.
693 3846 730 3896 1,
763 3831 875 3899 32).
909 3835 1042 3899 Qua:
1087 3833 1304 3890 idcirco
1337 3836 1394 3891 in
1427 3837 1533 3892 hac
1563 3837 1843 3895 seliedula
1885 3855 2124 3896 enume-

480 3929 607 3970 rare
637 3918 966 3988 omisimus,
1001 3939 1072 3976 ne
1101 3921 1231 3978 aliis
1261 3925 1516 3982 dominis
1537 3931 1593 3982 et
1614 3927 2126 3986 consacerdotibus

480 4005 719 4074 nostris,
733 4006 832 4079 qui
850 4007 951 4062 illa
968 4011 1326 4067 sufficienter
1346 4012 1557 4083 sciunt,
1581 4021 1636 4070 et
1658 4017 1867 4072 melius
1887 4035 1953 4072 ac
1984 4035 2127 4073 con-

478 4093 784 4162 gruentius
817 4095 984 4152 nobis
1015 4098 1138 4154 suis
1169 4101 1536 4158 auditoribus
1558 4122 1840 4176 exponere
1863 4107 2118 4178 sapiunt,

477 4179 685 4235 fecisse
707 4181 982 4253 injuriam
1006 4185 1654 4262 videamur,pr:esertim
1677 4211 1808 4248 cum
1836 4195 2122 4266 frequenti

478 4267 796 4338 apostolica
825 4270 1068 4330 lectione
1115 4278 1342 4333 cunctis
1391 4279 1705 4336 Ecclesium
1751 4281 2120 4340 visitantibus

476 4352 862 4414 inculcantur.

548 4443 675 4496 Haec
699 4453 899 4503 nostra
919 4467 1148 4506 eorsum
1175 4456 1476 4525 prminissa
1499 4460 1683 4514 tendit
1713 4459 1947 4529 locutio,
1983 4465 2121 4534 quia

427 4573 432 4579 .
475 4549 662 4602 nuper
682 4535 750 4588 ad
781 4554 884 4591 nos
917 4540 1154 4609 quidam
1189 4562 1255 4598 ex
1277 4545 1688 4616 ecclesiastico,
1715 4551 1953 4622 quidam
1985 4570 2116 4608 vero

2239 3388 2338 3457 qui
2365 3386 2498 3454 (Act.
2530 3405 2606 3453 1v,
2637 3389 2748 3456 20),
2783 3388 2853 3444 de
2884 3389 3102 3461 quibus
3134 3388 3474 3464 interrogati
3507 3409 3741 3463 sumus,
3776 3413 3892 3452 non

2239 3479 2458 3542 nostra,
2485 3475 2586 3530 sed
2625 3475 2711 3532 vel
2751 3475 3062 3549 Scriptura;
3097 3478 3324 3549 divinae,
3356 3479 3444 3536 vel
3476 3497 3682 3538 eorum
3712 3483 3888 3552 dicta,

2239 3580 2340 3636 per
2360 3581 2505 3636 quos
2533 3563 2817 3620 Dominus
2853 3565 3082 3623 locutus
3103 3571 3212 3638 est,
3233 3573 3291 3624 et
3310 3585 3346 3624 a
3365 3569 3582 3642 quibus
3605 3570 3709 3628 illa
3737 3573 3890 3628 didi-

2237 3651 2447 3722 cimus,
2473 3657 2644 3725 prout
2673 3654 2942 3726 permisit
2971 3655 3224 3713 brevitas
3253 3658 3556 3731 temporis,
3590 3665 3650 3717 et
3681 3678 3888 3718 occur-

2236 3739 2313 3794 rit
2334 3741 2644 3808 memoriae,
2673 3743 2988 3814 propositis
3009 3744 3455 3818 quaestionibus,
3480 3747 3598 3805 imo
3621 3767 3888 3822 quaeren-

2234 3827 2378 3884 tium
2394 3831 2812 3902 przemittentes
2825 3848 2951 3904 quae
2968 3833 3890 3908 interrogaverant,solutionibus

2234 3917 2360 3974 sine
2400 3919 2734 3975 adulatione
2785 3923 3132 3993 respondere
3181 3924 3534 3982 curavimus.
3567 3927 3640 3983 Et
3669 3928 3888 3988 idcirco

2232 4006 2579 4079 generaliter
2607 4009 2678 4064 ad
2711 4026 2915 4065 omnes
2943 4011 3311 4084 scripsimus,
3337 4015 3477 4086 quia
3507 4017 3581 4072 ad
3614 4017 3884 4076 omnium

2230 4096 2502 4151 ordinum
2528 4114 2804 4169 personas
2827 4115 3067 4154 causam
3101 4102 3386 4173 pertinere
3415 4107 3887 4177 cognovimus,et

2229 4203 2328 4240 eos
2359 4187 2618 4258 prodere,
2653 4188 2752 4259 qui
2815 4188 2982 4244 nobis
3039 4190 3338 4263 proposita
3393 4195 3877 4262 transmiserunt,

2229 4273 2504 4347 prohibiti
2557 4292 2691 4330 cum
2749 4277 3113 4347 adjuratione
3143 4281 3481 4354 praescripta
3510 4300 3743 4340 sumus.
3778 4285 3880 4342 Dei

2227 4368 2421 4418 autem
2449 4363 2732 4420 Dominus
2753 4363 2810 4420 in
2835 4384 2899 4421 os
2924 4371 3189 4424 nostrum
3221 4385 3552 4427 sermonem
3583 4373 3877 4431 directum

2226 4452 2373 4507 bene
2403 4458 2801 4520 sonantem,ut
2824 4455 3122 4526 possimus
3152 4458 3224 4512 ad
3253 4476 3323 4514 ea
3351 4459 3421 4515 de
3451 4461 3671 4532 quibus
3703 4463 3878 4519 inter-

2227 4542 2410 4613 rogati
2442 4560 2670 4611 sumus,
2702 4545 3110 4601 convenienter
3140 4546 3381 4603 collecta
3409 4550 3667 4620 proferre
3701 4554 3878 4609 verba

472 4637 540 4674 ex
571 4619 759 4677 laicali
793 4625 1014 4692 ordine,
1047 4636 1098 4683 et
1133 4649 1234 4702 pro
1266 4636 1441 4690 officii
1473 4636 1564 4691 sui
1598 4619 1817 4694 loco‘ac
1849 4658 1950 4712 pro
1984 4641 2115 4696 reli-

2233 4647 2448 4696 corum,
2480 4630 2694 4702 quibus
2725 4631 3008 4688 Dominus
3038 4634 3181 4690 dicit
3214 4652 3228 4690 :
3262 4637 3379 4692 Non
3410 4655 3498 4692 vos
3529 4641 3656 4695 estis
3680 4645 3780 4712 qui
3801 4644 3875 4697 lo-

469 4707 659 4801 gionis
682 4712 908 4774 merito.
934 4733 1038 4772 nec
1080 4737 1190 4778 non
1235 4726 1290 4777 et
1324 4740 1426 4794 pro
1451 4725 1773 4784 devotionis
1803 4734 1976 4801 atque
2009 4747 2110 4785 no-

467 4795 712 4855 bilitatis
728 4819 847 4856 suae
866 4803 1164 4872 cultu,non
1181 4814 1613 4868 contemnenda:
1629 4795 2111 4888 personis-quem-

466 4885 601 4941 dam
627 4886 910 4958 libellum,
944 4895 1114 4966 cujus
1145 4896 1237 4953 hic
1269 4905 1485 4956 textum
1518 4885 1951 4973 subjunximus,
1972 4923 2106 4964 cum

464 4976 777 5048 propositis
799 4983 1220 5052 quaestionibus
1237 4987 1795 5063 dixerunt,petentes
1808 4994 2108 5052 humiliter

461 5077 565 5131 per
588 5065 896 5124 Dominum
932 5077 1196 5129 nostrum
1227 5076 1428 5132 Jesum
1461 5079 1780 5147 Christum,
1806 5081 1903 5153 qui
1927 5083 2100 5138 dixit:

464 5150 637 5207 Videte
668 5172 734 5209 ne
761 5164 1117 5216 ('imtemnatis
1177 5181 1348 5218 unum
1401 5184 1470 5220 ar
1521 5167 1605 5222 his
1641 5150 1865 5240 pusillis
1895 5171 2100 5237 (.ilutth.

457 5254 614 5311 xvm,
652 5243 775 5311 10);
810 5252 866 5302 et
899 5264 911 5302 :
947 5249 1109 5306 Omni
1155 5257 1363 5323 petenti
1407 5264 1456 5310 te
1498 5258 1675 5312 tribue
1703 5261 1850 5326 (Luc.
1884 5277 1959 5325 v1,
1990 5261 2098 5329 3U;

455 5329 560 5416 et:
618 5331 821 5389 Valenti
876 5343 1124 5394 mutuari
1179 5359 1212 5396 (ι
1267 5351 1316 5398 te
1362 5361 1430 5398 ne
1485 5350 1748 5402 avertaris
1800 5347 2004 5414 (Matth.
2038 5367 2092 5416 ν,

456 5414 581 5482 4?);
617 5425 672 5470 (δι
704 5438 715 5473 ε
752 5424 826 5478 Ne
881 5428 1030 5480 (liras
1083 5435 1258 5484 antire
1314 5434 1464 5488 566
1496 5445 1585 5488 tuo
1617 5455 1634 5489 :
1671 5438 1806 5491 l’ml.’
1835 5446 1884 5492 ('t
1915 5455 2092 5491 rever-

451 5509 580 5568 tere,
611 5516 660 5561 et
689 5526 809 5565 oras
837 5515 973 5570 (Ialm
1005 5520 1124 5590 tibi,
1153 5539 1273 5576 rum
1303 5527 1488 5578 statim
1532 5529 1704 5595 possis
1750 5527 1881 5580 dare
1911 5529 2088 5592 \l’rov.

451 5607 490 5657 1,
525 5593 615 5664 ΞΗ)
690 5605 746 5652 et
775 5617 878 5671 per
909 5605 1137 5663 beatum
1175 5611 1402 5667 Petrum
1436 5613 1702 5668 Ecclesiae
1756 5632 1872 5669 suae
1911 5617 2093 5687 jussit

450 5682 774 5742 rectoribus
797 5694 860 5744 ut
885 5695 1065 5762 parati
1091 5696 1208 5753 sint
1231 5701 1301 5754 ad
1327 5701 1782 5758 satisfactionem
1807 5705 1964 5760 omni
1997 5723 2090 5776 po-

2225 4721 2488 4791 quimini,
2517 4720 2608 4775 sed
2636 4720 2876 4791 Spiritus
2931 4724 3116 4778 Patris
3172 4727 3336 4780 vestri
3381 4729 3480 4798 qui
3535 4729 3781 4800 loquitur
3813 4734 3872 4786 in

2218 4809 2364 4864 vobis
2394 4808 2596 4875 (Matth.
2629 4826 2684 4877 Χ,
2720 4810 2829 4876 10).
2855 4811 2962 4865 Det
2991 4813 3166 4868 etiam
3200 4815 3386 4886 gratia
3420 4817 3652 4873 Domini
3684 4819 3868 4876 nostri

2215 4899 2354 4954 Jesu
2386 4895 2622 4962 Christi,
2656 4900 2755 4968 qui
2779 4900 2890 4954 vult
2917 4917 3098 4958 omnes
3145 4903 3388 4961 homines
3441 4907 3615 4962 salvos
3671 4910 3800 4979 ﬁeri
3827 4912 3873 4980 (Ι

2221 4989 2357 5043 Tim.
2385 5003 2444 5054 11,
2473 4986 2546 5058 4),
2571 4991 2626 5041 et
2649 4988 2942 5044 neminem
2974 4991 3096 5047 vult
3136 4993 3342 5064 perire,
3374 4998 3438 5050 ut
3467 4995 3736 5068 placeant
3765 5015 3870 5070 per

2215 5080 2425 5132 nostra:
2459 5074 2810 5132 humilitatis
2843 5078 3178 5136 servitutem
3211 5081 3366 5138 dicta
3395 5089 3734 5142 sanctorum
3767 5104 3865 5142 ex-

2213 5169 2407 5235 cerpta
2431 5163 2484 5217 in
2509 5171 2820 5236 conspectu
2848 5167 3216 5225 audientium
3239 5188 3324 5240 ea,
3351 5173 3568 5244 quibus
3583 5178 3868 5246 generali-

2210 5260 2298 5309 ter
2320 5253 2627 5308 Deusdicit
2647 5271 2660 5309 :
2683 5257 2790 5323 Qui
2807 5267 2882 5310 est
2915 5275 2985 5312 ar
3011 5261 3139 5327 Deo,
3175 5263 3333 5316 verba
3363 5264 3464 5317 Dei
3493 5264 3650 5319 audit
3681 5267 3862 5334 (Joan.

2203 5357 2320 5408 vm,
2346 5343 2454 5410 47).
2489 5341 2713 5414 Quique
2734 5343 3041 5416 discipulis
3066 5349 3189 5403 suis
3214 5349 3394 5406 dixit:
3423 5353 3531 5419 Qui
3560 5371 3649 5409 vos
3680 5355 3860 5424 malit,

2200 5449 2286 5488 me
2316 5433 2468 5486 «tulit
2497 5433 2648 5500 (Luc.
2679 5449 2732 5498 Χ,
2773 5436 2878 5502 to),
2912 5440 2967 5489 et
3000 5443 3288 5493 removeat
3333 5440 3406 5494 ab
3454 5444 3720 5498 omnium
3752 5462 3860 5500 a11-

2201 5522 2488 5577 dientium
2547 5521 2822 5575 interiore
2854 5524 3044 5580 cordis
3075 5527 3280 5582 auditu
3313 5529 3664 5586 obaudiendi
3700 5534 3852 5590 587

2200 5611 2498 5677 duritiam,
2523 5609 2620 5681 qui
2649 5610 2834 5680 jussit
2864 5630 3152 5672 removere
3183 5635 3217 5672 a
3246 5618 3513 5689 sepulcro
3547 5620 3744 5676 Bazari
3767 5621 3858 5679 la-

2199 5701 2391 5774 pidcm
2423 5701 2714 5770 (Joan.x1),
2748 5705 2804 5756 et
2836 5704 3059 5761 auferat
3090 5706 3460 5765 inobedicndi
3491 5711 3852 5778 vecordiam,
