4148 6462
242 390 361 463 629

1157 402 1259 464 DE
1301 403 1674 466 DIVORTIO
1717 406 2089 468 LOTHABII
2132 407 2233 469 ET
2274 408 2727 472 TETBERGIE.

3515 415 3647 480 630-

243 534 342 610 qui
371 531 508 590 olim
536 532 886 606 promiserat
908 550 1012 608 per
1033 534 1379 607 Prophetam
1405 554 1417 591 :
1453 537 1711 608 Auferam
1740 556 1775 595 α
1803 556 1888 595 υο-
1915 542 1971 609 Α
2002 539 2123 595 haec
2153 542 2375 608 eadem,
2410 559 2512 614 per
2541 561 2715 616 quam
2748 544 2947 617 populi
2977 546 3290 605 multitudo
3320 548 3380 605 in
3423 549 3629 620 lutere,

243 625 324 682 bis
358 640 446 680 cor
474 623 773 697 lapideum,
804 632 854 679 et
881 624 1016 680 dabo
1047 626 1194 679 vobis
1224 642 1316 680 cor
1345 643 1642 693 corneum;
1671 635 1721 683 et
1765 627 1882 699 Spi-

239 715 408 770 ritum
435 729 619 768 meum
643 729 845 786 ponam
875 715 933 768 in
962 714 1137 769 medio
1180 717 1363 782 vestri,
1396 724 1446 771 et
1487 718 1691 786 faciam
1739 726 1799 772 ut
1825 720 1884 772 in

233 804 515 878 praeceptis
555 804 692 857 meis
739 803 1051 871 ambuletis,
1082 810 1133 858 et
1154 802 1369 874 judieia
1400 822 1516 860 mea
1546 807 1878 875 custodiatis,

236 901 288 950 et
313 893 615 965 operemini
636 892 846 964 (Ez-eeh.
880 909 1069 958 xxxvr,
1102 894 1190 963 2(3)
1218 910 1230 960 ;
1268 910 1338 948 ne
1381 893 1484 961 eis,
1518 896 1671 965 quod
1707 896 1881 962 absit,

237 980 746 1039 contemnentibus
778 984 1113 1037 sanctorum
1138 998 1377 1038 suorum
1398 982 1882 1056 consilia,quibus

238 1072 464 1128 dixerat
498 1087 512 1125 :
562 1071 667 1139 Qui
720 1087 809 1126 vos
854 1071 1080 1141 spernit,
1120 1087 1206 1125 me
1249 1074 1458 1142 spernit
1501 1071 1647 1143 (Luc.
1682 1091 1736 1140 x,
1772 1073 1879 1145 16),

235 1160 391 1233 quod
443 1162 532 1215 est
578 1158 743 1214 valde
790 1157 1046 1214 terribile
1094 1158 1248 1214 dicat
1280 1176 1293 1212 :
1329 1166 1618 1232 Propterea
1650 1178 1741 1217 vos
1770 1180 1881 1217 non

232 1248 459 1319 auditis,
492 1247 551 1303 id
581 1253 672 1305 est
702 1265 817 1303 non
850 1247 1117 1315 obeditis,
1153 1249 1283 1321 quia
1313 1265 1382 1303 ex
1427 1254 1541 1305 Deo
1590 1267 1702 1305 non
1752 1253 1881 1307 estis

233 1340 411 1409 (Joan.
444 1355 565 1407 VIII,
599 1339 708 1405 47).

300 1427 371 1482 Et
403 1444 577 1483 nemo
612 1444 718 1483 nos
747 1430 1003 1482 exsecret
1043 1426 1372 1499 impudicos
1421 1428 1491 1483 de
1537 1427 1878 1499 hujusmodi

238 1514 649 1588 impudicitiis,
684 1532 832 1587 quas
879 1515 1216 1571 verecundae
1265 1534 1436 1572 aures
1485 1517 1879 1571 erubescendo

230 1603 1186 1678 refugiunt,sermocinantes,quia
1215 1605 1423 1659 timore
1454 1604 1878 1677 Christi,quem

230 1695 288 1750 in
320 1712 386 1752 se
418 1695 684 1751 locutum
717 1694 898 1750 fuisse
938 1694 1220 1749 veraciter
1266 1693 1430 1761 dixit,
1466 1693 1681 1749 Paulus
1727 1694 1881 1751 inter

229 1783 341 1841 alia
374 1785 451 1840 de
492 1783 711 1840 talibus
742 1780 1082 1855 disputavit,
1114 1780 1213 1837 illa
1244 1799 1371 1854 qua:
1411 1798 1478 1837 ex
1508 1782 1879 1855 interrogatis

228 1873 451 1930 sentire
480 1872 828 1946 poterimus,
862 1888 1231 1943 nequaquam
1271 1876 1459 1927 tacere
1506 1872 1874 1940 audebimus,

228 1966 486 2019 terrente
518 1978 625 2017 nos
667 1977 733 2017 eo
765 1964 942 2032 atque
974 1959 1201 2015 dicente
1234 1977 1245 2013 :
1282 1960 1387 2027 Qui
1415 1977 1498 2014 me
1528 1960 1806 2015 erubuerit
1832 1969 1882 2015 et

226 2069 369 2109 meos
399 2068 696 2118 sermo-nes,
730 2052 876 2104 hanc
925 2050 1098 2104 Filius
1146 2050 1387 2104 hominis
1433 2048 1723 2116 erubescet,
1757 2066 1881 2103 cum

226 2143 441 2198 venerit
471 2143 533 2197 in
561 2141 844 2212 majestate
871 2156 989 2205 sua,
1028 2147 1079 2194 et
1105 2140 1308 2205 Patris,
1342 2145 1391 2193 et
1437 2146 1747 2192 scmetorum
1778 2156 1877 2192 an-

225 2232 479 2303 gelorum
509 2231 660 2301 (Luc.
690 2247 765 2295 1x,
796 2228 909 2300 26).

295 2320 485 2375 Nemo
497 2319 675 2375 etiam
692 2317 863 2373 debet
877 2313 1206 2372 exacerbari
1225 2315 1469 2370 audiens
1486 2315 1880 2387 turpitudines

225 2408 653 2465 inﬁrmitatum
678 2423 824 2480 quas
854 2409 1137 2461 venenata
1167 2403 1465 2459 diabolicae
1499 2403 1881 2476 malignitatis

225 2497 525 2554 calliditas
548 2496 821 2551 humanas
853 2494 1086 2567 inﬂigit,
1110 2492 1429 2566 fragilitati,
1457 2493 1647 2549 sciens
1678 2510 1760 2561 se,
1786 2511 1880 2549 se—

226 2588 495 2643 cundum
515 2584 860 2658 Apostolum
883 2582 1639 2656 (Hebr.v,2),circumdatum
1658 2600 1784 2638 esse
1803 2582 1883 2636 in-

227 2675 533 2744 ﬁrmitate,
568 2679 625 2731 et
655 2674 1033 2730 considerans
1077 2671 1358 2744 seipsum,
1393 2689 1465 2727 ne
1496 2671 1643 2726 forte
1674 2675 1731 2726 et
1757 2671 1882 2743 ipse

225 2770 511 2826 tentetur.
539 2765 740 2836 Neque
769 2764 940 2818 debet
970 2766 1248 2830 metuere,
1282 2762 1448 2816 beato
1481 2760 1708 2816 dicente
1738 2762 1880 2816 Gre-

227 2855 389 2934 gorio
422 2855 485 2911 in
519 2853 742 2925 Regula
785 2850 1065 2924 pastorali
1115 2853 1349 2919 (Pastor.
1383 2868 1460 2917 x1,
1493 2866 1610 2921 cup.
1644 2851 1722 2918 5),
1757 2872 1783 2899 ‹‹
1819 2854 1885 2904 ut

229 2948 370 3005 dum
405 2944 604 3001 aliena
626 2945 988 2998 tentamenta
1019 2939 1533 2995 condescendeudo
1564 2939 1882 3009 cognoscit,

230 3034 455 3094 auditis
491 3029 911 3089 tentationibus
961 3028 1134 3084 etiam
1186 3028 1311 3099 ipse
1342 3026 1628 3099 pulsetur,
1660 3027 1800 3098 quia
1829 3030 1885 3082 et

1988 629 2235 700 jubente
2266 630 2533 696 Domino,
2568 649 2670 703 per
2703 632 2957 704 Moysem
3000 636 3150 691 facto
3181 636 3444 706 diluitur,
3480 657 3635 713 aqua

1994 718 2193 789 procul
2226 719 2405 774 dubio
2439 720 2641 775 luteris
2672 720 3035 793 inquinatur.
3070 725 3214 780 Nam
3247 727 3387 782 dum
3429 730 3631 785 sordes

1993 807 2341 862 diluentium
2357 810 2797 882 suscipit,quasi
2817 830 2935 866 sua:
2950 813 3248 868 munditiae
3262 817 3631 875 serenitatem

1992 895 2202 967 perdit.
2237 897 2347 952 Sed
2381 898 2501 953 hzec
2534 916 2904 972 nequaquam
2939 901 3157 973 pastori
3182 903 3439 959 timenda
3467 911 3629 979 sunt,

1993 983 2149 1056 quia,
2180 985 2293 1040 Deo
2326 987 2621 1043 subtiliter
2649 994 2859 1044 cuncta
2892 995 3192 1062 pensante,
3222 995 3379 1048 tanto
3402 994 3631 1051 facilius

1991 1090 2026 1127 a
2054 1090 2162 1128 sua
2193 1072 2457 1145 eripitur,
2482 1082 2700 1146 quanto
2734 1077 3171 1134 misericordius
3199 1097 3268 1135 ex
3299 1080 3486 1137 aliena
3517 1085 3635 1139 ten-

1991 1162 2211 1217 tatione
2243 1163 2581 1235 fatigatur.»
2604 1167 2673 1220 Et
2697 1170 2857 1221 tanto
2880 1167 3203 1225 alienarum
3222 1169 3634 1228 inﬁrmitatum

1991 1251 2361 1322 impuritates
2392 1258 2447 1308 et
2476 1254 2763 1324 patienter
2792 1256 3014 1323 audire,
3048 1262 3106 1313 et
3155 1258 3409 1316 infirmis
3442 1262 3633 1317 medi-

1991 1338 2165 1394 cinali
2197 1340 2459 1409 consilio,
2486 1348 2659 1414 prout
2688 1344 2898 1417 cuique
2928 1346 3197 1417 expedire
3221 1348 3448 1416 viderit,
3464 1350 3636 1406 debet

1968 1430 2182 1484 rmodis
2213 1431 2488 1486 omnibus
2528 1433 2854 1502 subvenire,
2889 1440 3108 1506 quanto
3157 1436 3361 1506 Deum,
3397 1441 3461 1492 ut
3508 1438 3632 1511 ipse

1990 1536 2093 1590 per
2116 1520 2460 1591 prophetam
2484 1520 2626 1576 dicit
2649 1524 2778 1591 (Jer.
2804 1527 2902 1592 v1),
2919 1524 3264 1580 sustinendo
3284 1524 3551 1584 laborare
3572 1529 3631 1584 in

1991 1607 2205 1663 nostris
2241 1608 2670 1680 iniquitatibus,
2705 1615 2762 1667 et
2793 1613 3021 1668 occulta
3068 1615 3279 1670 decora
3324 1621 3543 1684 nostra,
3578 1621 3635 1673 et

1990 1697 2251 1770 ipsarum
2284 1698 2459 1753 etiam
2495 1699 2911 1771 cogitationum
2961 1703 3363 1759 immunditias
3395 1707 3631 1780 conspi—

1989 1803 2137 1852 cere,
2171 1789 2226 1841 et
2268 1787 2720 1843 misericorditer
2767 1795 3017 1862 portare,
3053 1791 3281 1847 diutina
3328 1800 3629 1866 exspecta-

1989 1875 2143 1929 tione
2176 1876 2441 1947 ignorare
2471 1894 2585 1930 non
2611 1878 2985 1948 potest.Unde
3008 1884 3245 1935 sanctus
3265 1883 3630 1953 Augustinus

1990 1961 2049 2015 in
2081 1962 2227 2018 libro
2259 1968 2468 2035 quarto
2501 1970 2703 2020 contra
2729 1966 3273 2033 Julianum,dicit:«
3308 1971 3423 2026 Nos
3453 1976 3628 2042 certe,

1990 2050 2037 2106 si
2069 2068 2167 2106 eos
2200 2052 2256 2106 in
2276 2070 2425 2123 quos
2458 2054 2626 2108 nobis
2650 2059 2908 2125 potestas
2922 2060 3169 2122 est,ante
3186 2058 3384 2113 oculos
3400 2065 3631 2116 nostros

1990 2145 2319 2211 perpetrare
2353 2140 2571 2197 scelera
2600 2143 3032 2213 permittamus,
3068 2145 3149 2201 rei
3180 2163 3313 2201 cum
3346 2146 3489 2218 ipsis
3521 2147 3632 2203 eri-

1990 2246 2142 2284 mus.
2177 2232 2361 2295 Quam
2393 2248 2525 2285 vero
2574 2231 3029 2287 innumerabilia
3058 2233 3155 2289 ille
3188 2234 3475 2306 permittit
3507 2237 3632 2292 fieri

1989 2314 2124 2372 ante
2153 2317 2354 2373 oculos
2385 2336 2679 2390 suos,quaa
2712 2319 2915 2391 utique
2945 2320 2993 2374 si
3028 2321 3336 2388 noluisset,
3367 2323 3529 2380 nulla
3548 2343 3635 2380 ra-

1988 2404 2144 2460 tione
2177 2406 2574 2477 permitteret?
2590 2412 2647 2462 et
2675 2412 2870 2463 tamen
2894 2409 3097 2479 justus
3130 2414 3186 2465 et
3218 2412 3406 2466 bonus
3436 2416 3543 2481 est,
3576 2419 3635 2470 et

1991 2495 2144 2566 quod
2178 2499 2305 2565 post
2338 2494 2677 2566 patientiam
2701 2497 2800 2551 dat
2826 2496 3019 2552 locum
3054 2499 3635 2570 ptnnitentioemolens

1991 2582 2245 2654 aliquem
2280 2583 2523 2654 perire.»
2553 2586 2712 2649 Quod
2737 2603 2842 2639 cur
2872 2588 2971 2639 fiat
3000 2592 3242 2643 sanctus
3273 2589 3637 2646 demonstrat

1991 2671 2304 2742 Gregorius
2338 2673 2500 2742 (hom.
2532 2674 2598 2727 13
2630 2675 2689 2727 in
2728 2673 2960 2745 Emmg.)
2992 2692 3286 2746 exponens
3324 2676 3635 2749 Scriptura:

1992 2760 2439 2815 testimonium:
2472 2761 2775 2817 Altissimus
2822 2770 2898 2817 est
2945 2766 3093 2818 enim
3134 2767 3351 2835 patiens
3394 2767 3636 2824 redditor

1993 2850 2178 2921 (Ereti.
2212 2849 2291 2921 v),
2323 2872 2351 2898 «
2384 2850 2662 2921 quoniam
2694 2854 2750 2904 et
2776 2850 2996 2922 patitur
3027 2851 3183 2906 mala
3210 2857 3410 2908 nostra
3435 2858 3492 2910 et
3512 2858 3636 2911 red-

1991 2938 2252 2994 dit.Nam
2285 2955 2431 3009 quos
2462 2937 2561 2993 diu
2596 2943 2658 2994 ut
2689 2944 3102 2996 convertantur
3131 2940 3481 3011 tolerat,non
3504 2961 3636 3000 con-

1994 3044 2191 3082 versos
2222 3027 2427 3082 durius
2457 3028 2717 3083 damnat.
2752 3051 2779 3078 »

226 3156 3638 3183 Μ

549 3336 702 3394 568
743 3332 1284 3391 INTERROGATIO
1327 3332 1571 3388 PRIMA.

292 3463 483 3521 Aiunt
512 3460 669 3518 enim
701 3458 889 3533 primo
921 3456 1175 3530 capitulo
1211 3475 1223 3512 :
1254 3457 1408 3512 Uxor
1451 3455 1676 3512 domini
1726 3454 1881 3527 regis

229 3551 495 3611 Lotharii
529 3550 719 3624 primo
743 3548 978 3621 quidem
1001 3551 1268 3619 reputata
1288 3548 1376 3601 est
1394 3546 1465 3600 de
1481 3549 1571 3601 stu
1582 3544 1880 3616 pro,quasi

230 3645 410 3701 frater
442 3658 591 3697 suus
624 3655 757 3695 cum
789 3655 856 3693 ea
887 3635 1211 3692 masculino
1261 3634 1574 3690 concubitu
1614 3632 1765 3688 inter
1796 3634 1879 3688 fe-

229 3731 585 3801 mora,sicut
606 3728 794 3784 solent
815 3724 1062 3781 masculi
1076 3725 1135 3779 in
1148 3722 1442 3780 masculos
1455 3721 1880 3794 turpitudinem

229 3812 487 3897 operari,
525 3818 717 3875 scelus
749 3815 922 3872 fuerit
951 3818 1242 3887 operatus,
1277 3816 1333 3868 et
1362 3812 1494 3867 inde
1522 3810 1652 3883 ipsa
1681 3827 1881 3866 conce-

231 3910 774 3986 perit,quapropter
803 3908 868 3960 ut
898 3903 1182 3959 celaretur
1204 3900 1489 3973 flagitium
1524 3903 1726 3972 potum
1748 3899 1886 3953 hau-

233 4003 394 4069 sit,et
425 4002 666 4071 partum
699 3992 989 4051 abortivit.
1016 3996 1151 4059 Quae
1184 3990 1312 4062 ipsa
1343 3990 1662 4062 denegans,
1683 3988 1888 4059 proba-

232 4089 413 4146 tionis
450 4090 687 4144 auctore
715 4083 1083 4153 testibusque
1113 4075 1883 4148 deﬁeientibusjudiciolai-

233 4194 443 4235 eorum
490 4173 779 4231 nobilium
826 4176 883 4227 et
928 4169 1199 4227 consultu
1248 4169 1675 4240 episcoporum,
1714 4170 1889 4236 atque

233 4268 426 4340 ipsius
459 4264 615 4337 regis
648 4278 957 4328 consensu,
991 4258 1241 4314 vicarius
1272 4258 1535 4329 ejusdem
1566 4255 1793 4312 femina:
1814 4255 1887 4309 ad

226 4356 531 4430 judicium
563 4370 727 4425 aqua:
760 4348 1031 4407 ferventis
1062 4347 1280 4416 exiit,et
1292 4351 1602 4419 postquam
1625 4345 1888 4400 incoctus

234 4448 430 4503 fuerat
462 4444 589 4516 ipse
618 4443 903 4513 repertus,
927 4438 1129 4494 eadem
1151 4436 1369 4491 femina
1398 4433 1649 4490 maritali
1675 4438 1799 4489 toro
1823 4451 1889 4488 ac

234 4533 516 4608 conjugio
568 4531 747 4603 regio,
784 4531 1013 4584 decreto
1065 4545 1180 4599 quo
1230 4541 1520 4597 suspensa
1573 4526 1759 4578 fuerat
1803 4527 1892 4578 est

234 4626 415 4681 etiam
452 4621 743 4678 restituta.
773 4618 984 4690 Sicque
1015 4619 1146 4688 post
1173 4616 1428 4687 spatium
1454 4612 1891 4684 temporis,nes-

234 4713 430 4771 cimus
463 4715 666 4765 utrum
697 4707 767 4762 de
797 4706 999 4762 eadem
1051 4721 1111 4759 re
1164 4720 1237 4757 an
1291 4702 1359 4757 de
1409 4699 1724 4755 commisso
1759 4703 1890 4771 post

233 4801 455 4859 initum
489 4793 1250 4870 conjugium,aquibusdam
1282 4788 1568 4862 episcopis
1589 4787 1890 4844 talissicut

233 4890 402 4948 vobis
434 4885 896 4944 transmittimus
910 4879 1535 4953 conscriptushabetur
1554 4876 1806 4941 libellus,
1834 4880 1890 4930 et

236 4998 341 5054 per
371 4976 771 5052 quorumdam
803 4990 904 5029 ora
946 4970 1238 5043 vulgatur,
1271 4967 1409 5040 quia
1458 4984 1560 5039 per
1608 4970 1887 5022 secretam

239 5066 697 5133 confessionem,
719 5079 895 5136 quam
906 5058 1142 5115 libellus
1158 5058 1267 5115 istc
1281 5057 1568 5128 designat,
1586 5072 1688 5111 vos
1700 5054 1889 5110 caeteri

238 5176 448 5215 omnes
479 5153 758 5227 episcopi,
794 5153 1100 5221 assumpta
1129 5145 1423 5219 parabola,
1454 5162 1583 5199 eam
1634 5142 1891 5198 debeatis

239 5247 517 5304 funditus
549 5263 584 5299 a
615 5240 865 5297 inartiali
900 5236 1189 5293 connubio
1224 5237 1612 5300 removere,et
1635 5233 1680 5287 si
1714 5232 1887 5287 etiam

240 5337 504 5410 amplius
517 5330 841 5404 exegeritis,
863 5326 1273 5400 cogeturvobis
1287 5326 1421 5378 dare
1436 5322 1696 5377 libellum
1714 5340 1845 5376 man
1856 5340 1890 5375 u

241 5443 353 5482 sua
383 5425 708 5489 ﬁrmatum,
742 5424 808 5475 ut
838 5418 993 5474 sicut
1021 5416 1140 5471 Eho
1185 5413 1480 5487 quondam
1532 5410 1890 5466 Rhemorum

242 5514 559 5589 epiSCOpus
591 5528 694 5584 per
724 5507 987 5564 libellum
1019 5509 1250 5563 secreta:
1282 5500 1663 5558 confessionis
1696 5519 1730 5556 a
1758 5501 1892 5556 sedc

243 5609 302 5660 et
332 5603 539 5661 ordine
570 5605 661 5658 est
689 5600 1018 5664 submotus,
1042 5596 1121 5651 ita
1150 5599 1209 5651 et
1238 5593 1349 5650 ista
1380 5609 1480 5664 per
1507 5589 1770 5645 libellum
1802 5608 1890 5645 se-

244 5699 417 5750 cretae
447 5688 834 5750 confessionis
863 5704 896 5743 a
926 5683 1180 5742 martiali
1201 5670 1562 5738 removeatur
1579 5679 1888 5748 consortio,

1921 4653 1969 4715 D

1912 3279 1954 3344 C
1994 3277 2104 3332 Sed
2137 3280 2193 3331 et
2223 3278 2293 3332 de
2322 3277 2636 3332 venerabili
2669 3277 3027 3333 Rhemorum
3067 3278 3501 3354 archiepiscopo
3532 3298 3635 3338 no-

1988 3365 2078 3421 bis
2107 3370 2197 3421 est
2226 3365 2448 3420 dictum
2476 3367 2755 3437 quoniam
2786 3366 2887 3421 tali
2920 3368 3070 3423 facto
3103 3368 3515 3437 consentiat,et
3534 3386 3638 3442 per

1988 3454 2310 3526 episcopos,
2347 3453 2710 3511 chilonem
2745 3454 2964 3511 scilicet
2995 3456 3527 3530 Rothomagensem
3550 3475 3640 3513 ar-

1990 3541 2454 3615 chiepiscopum,
2505 3549 2561 3599 et
2608 3544 3006 3617 Hildegarium
3058 3545 3420 3618 episcopum,
3461 3547 3637 3603 verbo

1990 3632 2143 3686 vices
2177 3649 2315 3687 suas
2346 3631 2759 3704 impleverit,et
2787 3652 2889 3705 per
2916 3632 3389 3706 Adventium,qui
3414 3653 3548 3690 cum
3570 3653 3637 3691 eo

1992 3720 2232 3776 Rhemis
2262 3739 2366 3793 pro
2395 3722 2501 3777 hac
2532 3740 2709 3778 causa
2738 3722 2970 3778 locutus
3002 3724 3208 3791 fuerat,
3241 3724 3468 3779 litteras
3498 3742 3636 3780 con-

1992 3828 2201 3866 sensus
2250 3811 2341 3866 sui
2391 3812 2461 3866 ad
2511 3811 2795 3882 placitum
2846 3812 2998 3883 regis
3049 3815 3106 3865 et
3157 3813 3228 3866 ad
3281 3816 3632 3869 conventum

1993 3897 2379 3970 episcopalem
2413 3900 2703 3966 direxerit,
2737 3904 2794 3954 et
2823 3917 2926 3971 per
2963 3900 3233 3954 eumdem
3282 3900 3635 3956 Adventium

1992 3988 2217 4043 litteras
2248 4005 2384 4042 suas
2416 3987 2620 4043 exinde
2671 3989 2742 4042 ad
2795 3987 3176 4059 apostolicam
3210 3988 3407 4043 sedem
3440 3992 3634 4046 trans-

1996 4076 2239 4130 miserit.
2294 4076 2454 4131 Unde
2504 4076 2641 4148 quid
2697 4076 2831 4132 inde
2889 4094 2956 4132 ex
3018 4076 3260 4132 veritate
3309 4080 3636 4134 secundum

1995 4163 2403 4219 auctoritatem
2458 4165 2773 4219 tenendum
2828 4164 2922 4233 sit,
2976 4184 3007 4220 a
3055 4165 3217 4221 vobis
3268 4183 3371 4237 per
3425 4168 3636 4224 verita-

1997 4258 2134 4321 tem,
2197 4271 2322 4325 qua:
2378 4254 2531 4308 Deus
2592 4257 2703 4321 est,
2764 4255 3093 4310 remandari
3146 4255 3315 4311 nobis
3374 4256 3637 4328 deposci-

1999 4360 2153 4399 IDUS.

2070 4433 2286 4487 Textus
2319 4436 2513 4486 autem
2547 4431 2724 4485 libelli
2759 4436 2885 4486 octo
2919 4432 3309 4505 capitulorum
3339 4435 3642 4507 hujusmo—

2002 4520 2060 4577 di
2092 4539 2221 4575 esse
2250 4520 2615 4591 (ligposcitur
2649 4538 2661 4574 :

2070 4610 2203 4663 Car.
2242 4610 2281 4663 Ι.
2318 4634 2342 4657 ‹‹
2382 4610 2498 4663 Nos
2546 4609 2825 4681 episcopi,
2861 4612 2959 4682 qui
3014 4612 3071 4665 in
3120 4613 3376 4684 Aquensi
3424 4613 3640 4685 palatio

1999 4716 2186 4770 nuper
2203 4697 2387 4752 vocati
2410 4698 2953 4770 eonveni1nus,quid
2991 4700 3064 4754 ibi
3092 4703 3406 4767 sensimus,
3431 4702 3641 4774 quidve

1998 4786 2342 4858 reperimus,
2376 4787 2447 4842 ad
2480 4788 2747 4843 notitiam
2784 4790 3032 4843 fratrum
3063 4794 3121 4844 et
3165 4790 3640 4862 coepiscoporum

2000 4876 2282 4933 deducere
2313 4894 2608 4946 curamus,
2643 4882 2707 4932 ut
2734 4877 2845 4949 ipsi
2880 4895 3077 4932 aurem
3114 4878 3303 4933 cordis
3353 4883 3409 4933 et
3436 4895 3640 4949 corpo-

2000 4965 2081 5020 ris
2113 4966 2622 5022 accommodantes
2655 4966 3006 5033 discernant,
3040 4970 3097 5021 et
3143 4967 3407 5022 unanimi
3457 4966 3643 5022 consi-

2000 5053 2076 5109 lio
2111 5053 2408 5109 inveniant
2438 5072 2612 5126 quem
2645 5055 2861 5110 exitum
2896 5059 2952 5110 et
2982 5072 3155 5127 quem
3208 5056 3384 5110 ﬁnem
3432 5054 3640 5128 hujus-

2000 5143 2158 5198 modi
2191 5161 2378 5199 causa:
2411 5144 2733 5217 imponant.

2070 5234 2206 5287 CAP.
2244 5233 2308 5287 ll.
2345 5259 2368 5282 u
2405 5232 2704 5287 Gloriosus
2738 5252 2829 5307 rex
2889 5233 3216 5298 Lotharius,
3249 5232 3535 5289 familiare
3587 5239 3644 5290 et

2000 5326 2291 5376 secretum
2322 5322 2675 5393 colloquium
2712 5322 3015 5375 nobiscum
3068 5322 3311 5389 habens,
3344 5321 3646 5379 humiliter

2000 5414 2204 5468 devota
2234 5411 2483 5484 puritate
2515 5430 2654 5466 suas
2690 5410 2971 5483 speciales
3002 5427 3067 5464 ac
3089 5409 3354 5481 proprias
3390 5412 3644 5468 necessi-

2001 5505 2167 5568 tates,
2200 5499 2511 5555 consilium
2548 5508 2603 5553 et
2634 5500 2955 5553 remedium
2989 5500 3319 5575 qurerendo,
3353 5503 3641 5573 exposuit.

2000 5591 2115 5645 Nos
2145 5607 2375 5662 quoque
2406 5606 2521 5643 sure
2555 5589 2715 5641 bona}
2747 5586 3027 5661 voluntati
3057 5589 3645 5660 congratulantes,la-

2000 5680 2213 5753 crymis
2248 5677 2431 5750 ipsius
2464 5680 2519 5732 et
2547 5675 2821 5746 suspiriis
2853 5676 3167 5746 invitati,et
3196 5677 3265 5733 ad
3294 5679 3647 5752 compassio—
