4148 6452
488 394 602 480 ea

1421 398 1807 478 maenaa!
1848 390 2321 477 attenuasse
2368 407 2960 478 ARCHIEPISCOPI

3776 409 3895 478 632

490 565 623 608 nem
655 542 804 619 ﬂexi,
839 546 1084 607 Domino
1115 547 1460 622 inspirante,
1492 547 1730 622 petenti,
1763 544 2047 627 querenti
2075 549 2138 604 et
2160 545 2218 614 Α
2245 545 2439 604 vimus
2466 562 2539 604 an
2560 544 2691 623 ipsa
2708 547 2958 607 ulterius
2975 548 3146 608 vellet
3164 547 3301 609 inde
3320 546 3579 627 aliquam
3606 546 3898 624 querimo-

487 634 770 715 pulsanti,
801 636 1110 696 consilium
1144 637 1418 695 dedimus
1446 640 1505 695 et
1548 624 1896 695 medicinale
1942 652 2133 695 reme-

487 721 651 786 dium
683 724 1086 785 adhibuimus.

560 798 712 876 δὺο
743 819 877 872 CAP.
910 814 1007 872 III.
1040 838 1069 866 «
1103 817 1269 873 Tunc
1300 815 1491 873 isdem
1541 832 1641 872 rex
1686 815 1924 889 lugubri
1970 814 2130 883 voce,

487 906 646 982 quod
674 921 785 962 nos
814 904 1053 978 quidem
1084 921 1200 961 non
1231 904 1359 962 sine
1379 920 1626 962 mcerore
1647 908 1705 961 et
1724 902 1920 961 dolore
1944 918 2138 978 prose-

486 992 930 1068 q'uimur,ccspit
957 990 1128 1051 nobis
1155 992 1345 1050 dicere
1375 993 1445 1049 de
1473 1010 1583 1050 sua
1610 1000 1999 1066 uxore,quam
2031 991 2137 1047 de-

487 1081 830 1142 sideraverit
853 1082 1088 1149 habere,
1120 1083 1275 1155 quod
1306 1081 1436 1155 ipsa
1481 1080 1710 1138 obnixis
1759 1084 1816 1137 et
1843 1076 2137 1138 continuis

488 1170 764 1246 precibus
793 1169 1118 1244 postularet
1152 1174 1217 1226 ut
1243 1168 1496 1227 vinculis
1523 1168 1933 1244 conjugalibus
1960 1169 2136 1225 abso-

488 1259 636 1328 luta,
671 1257 926 1316 maritali
956 1258 1225 1316 videlicet
1250 1262 1398 1327 toro,
1422 1263 1490 1316 ut
1518 1259 1648 1332 ipsa
1677 1258 2023 1325 testabatur,
2054 1256 2141 1313 in-

490 1346 690 1424 digna,
723 1362 956 1406 sacrum
985 1347 1246 1404 velamen
1297 1347 1615 1421 suscipere,
1645 1351 1705 1404 et
1749 1344 1980 1404 Christo
2025 1346 2136 1403 Do-

489 1434 650 1496 mino
679 1433 892 1495 servire
914 1440 1252 1494 mereretur.

560 1529 692 1584 CAP-
724 1522 820 1584 IV.
847 1546 877 1578 ‹‹
911 1525 1136 1584 Interea
1171 1524 1392 1585 missus
1439 1522 1630 1599 ipsius
1661 1524 1875 1598 reginae
1905 1541 2013 1582 nos
2044 1534 2138 1580 ac-

487 1614 739 1684 cersivit,
769 1630 946 1672 orans
977 1614 1043 1670 ut
1068 1614 1230 1671 illam
1280 1614 1442 1671 adire
1483 1628 1601 1671 non
1630 1612 2022 1671 tardaremus.
2053 1614 2139 1670 Ad

488 1720 668 1780 quam
699 1720 814 1762 non
847 1702 1209 1774 accedentes,
1243 1702 1372 1776 ipsa
1399 1718 1704 1760 occurrere
1732 1700 2052 1771 festinavit,
2083 1702 2142 1760 et

487 1802 635 1868 p‘ene
663 1793 737 1850 ad
768 1788 944 1867 pedes
974 1795 1208 1850 nostros
1255 1790 1546 1862 devoluta,
1579 1790 1757 1865 coepit
1802 1790 1897 1848 bis
1944 1788 2141 1849 verbis

488 1882 745 1940 multum
803 1880 1135 1956 imprecari,
1185 1885 1424 1955 propter
1480 1878 1687 1948 Deum,
1736 1880 2033 1955 inquiens,
2083 1882 2142 1937 et

488 1974 727 2047 propter
754 1969 1148 2028 ministerium
1177 1974 1458 2039 vestrum,
1491 1971 1732 2028 obsecro
1766 1984 1871 2028 vos
1900 1975 1967 2027 ut
1994 1968 2140 2026 mihi

486 2070 694 2119 Verum
724 2054 1039 2118 consilium
1069 2058 1241 2118 detis.

559 2147 806 2206 CAP.V.«
837 2147 944 2206 Cui
975 2166 1083 2206 nos
1102 2166 1134 2206 e
1160 2146 1404 2223 vestigio
1424 2146 2144 2222 respondenteszUtinam,

499 2234 1008 2304 aimus,Dominus
1033 2236 1205 2293 nobis
1225 2234 1721 2310 consilium,quod
1746 2235 1851 2292 tibi
1870 2234 2151 2292 veraciter

502 2329 562 2384 et
592 2324 907 2383 salubriter
954 2325 1182 2394 demus,
1215 2320 1588 2382 administrat
1619 2340 1633 2381 :
1664 2328 1899 2382 tantum
1942 2327 2003 2380 tu
2055 2322 2149 2380 dic

502 2414 674 2473 nobis
703 2430 851 2487 pura
878 2416 938 2471 et
961 2412 1149 2471 veraci
1180 2418 1294 2471 tum
1343 2412 1712 2471 conscientiae
1763 2410 2148 2484 confessione,

501 2503 605 2579 qui
635 2506 725 2560 est
747 2503 904 2560 unde
935 2500 1247 2560 concilium
1278 2505 1400 2559 tam
1438 2518 1713 2575 expressa
1762 2501 2151 2559 obtestatione

501 2589 754 2666 requiris
782 2609 797 2659 ;
839 2590 980 2665 quia
1007 2588 1178 2649 aliter
1207 2591 1315 2648 tibi
1345 2592 1500 2665 quod
1532 2590 1682 2664 petis
1711 2593 1987 2664 praestare
2032 2606 2151 2646 non

500 2681 961 2757 possumus,nisi
983 2680 1064 2738 rei
1077 2680 1379 2739 veritatem
1405 2682 1942 2756 agnoscamuleoc
1952 2683 2150 2736 tamen

501 2766 954 2846 pramouemus,
977 2769 1203 2844 tibique
1232 2768 1544 2844 diligenter
1570 2769 1953 2844 prohibemus
1975 2766 2074 2824 Dei
2093 2770 2152 2824 et

498 2862 701 2918 nostra
729 2859 1167 2928 auctoritate,ut
1193 2874 1299 2916 nec
1325 2859 1580 2933 alicujus
1609 2856 2027 2928 suasione,imo
2057 2857 2152 2913 de-

506 2942 790 3023 ceptione,
825 2948 898 3006 ad
930 2947 1077 3006 alios
1101 2947 1353 3006 honores
1381 2948 1646 3017 invitata,
1680 2962 1787 3005 nec
1816 2944 2026 3004 timore
2055 2960 2151 3002 cu-

489 3036 743 3111 julisbet
773 3054 956 3112 poenae
985 3037 1075 3094 vel
1108 3036 1314 3094 mortis
1343 3035 1580 3111 aliquod
1609 3037 1716 3094 tibi
1747 3037 1971 3092 crimen
2000 3032 2148 3091 falso

497 3126 896 3201 conﬂugas,et
922 3140 1051 3195 nos,
1077 3127 1233 3200 quod
1265 3126 1442 3192 absit,
1472 3125 1535 3182 in
1563 3138 1817 3182 errorem
1844 3124 2096 3182 inducas
2128 3136 2144 3178 :

498 3215 622 3283 sed,
656 3215 811 3270 sicut
839 3213 1111 3288 superius
1142 3213 1593 3282 monuimus,rei
1624 3213 1949 3280 veritatem,
1972 3209 2147 3270 sicuti

495 3305 606 3377 est,
638 3319 744 3360 nec
774 3280 1044 3376 plus-nec
1091 3301 1292 3359 minus
1332 3300 1580 3376 pandas,
1612 3318 1856 3375 nosque,
1888 3298 2139 3358 Domino
2169 3280 2213 3348 (ἶ

498 3386 774 3461 donante,
805 3386 1119 3447 consilium
1150 3393 1209 3448 et
1237 3390 1519 3448 auxilium
1563 3390 1668 3448 tibi
1717 3394 1991 3465 praestare
2035 3391 2142 3448 de-

497 3472 876 3551 certabimus,
909 3481 974 3534 ut
999 3495 1372 3552 nequaquam
1401 3496 1437 3536 a
1464 3481 1567 3536 tua
1581 3476 1817 3552 justitia
1846 3476 1905 3535 in
1945 3472 2142 3554 aliquo

497 3565 882 3624 defrauderis.

565 3655 701 3713 CAP.
734 3654 829 3712 VI.
868 3679 890 3706 α
926 3656 1428 3730 Nequaquam,ait
1451 3652 1570 3726 illa,
1595 3660 1744 3714 teste
1774 3654 1890 3713 Deo
1919 3660 1978 3714 et
2007 3674 2139 3730 pro-

495 3744 624 3817 pria
652 3744 1030 3812 conscientia,
1054 3748 1204 3802 teste
1231 3746 1410 3802 etiam
1444 3763 1572 3802 meo
1603 3746 1952 3814 confessore,
1975 3750 2079 3802 aut
2107 3765 2144 3804 a

493 3816 711 3890 dextris
739 3838 842 3890 aut
864 3851 901 3890 a
929 3832 1185 3891 sinistris
1215 3832 1385 3890 aliter
1412 3833 1628 3902 dicam,
1655 3831 1742 3890 vel
1770 3834 1842 3891 de
1873 3852 1966 3892 me
1997 3834 2139 3892 fate-

493 3914 739 3989 δοῖ-,ηἰὲί
771 3920 1267 3995 quemadmodum
1291 3919 1352 3976 in
1373 3921 1611 3977 veritate
1630 3922 2138 3996 est.Rccognosco,

493 4007 706 4081 inquit,
737 4012 798 4065 et
834 4009 907 4066 de
935 4026 1030 4065 me
1060 4007 1191 4082 ipsa
1213 4008 1357 4077 scio,
1391 4007 1532 4081 quia
1561 4026 1675 4065 non
1706 4026 1840 4066 sum
1869 4010 2051 4085 digna
2078 4012 2138 4069 in

493 4094 787 4170 conjugali
817 4095 1028 4168 copula
1056 4112 1399 4170 permanere
1424 4113 1438 4164 ;
1472 4100 1530 4152 et
1559 4094 1695 4155 inde
1734 4096 1900 4155 vobis
1928 4102 2137 4158 testem

491 4178 740 4239 adhibeo
771 4186 1113 4256 praesentem
1134 4184 1473 4258 episcopum
1495 4182 2009 4258 Guntharium,cui
2031 4205 2138 4263 ego

491 4268 762 4327 confessa
790 4270 872 4326 fui
907 4286 922 4327 :
955 4271 1080 4345 ipse
1109 4272 1267 4329 enim
1297 4271 1458 4329 novit
1499 4271 1638 4346 quia
1683 4290 1790 4347 ego
1837 4293 1952 4333 non
2002 4293 2135 4335 sum

491 4357 838 4431 digna.Qum
866 4359 1041 4417 etiam
1073 4378 1208 4417 mox
1235 4378 1299 4418 se
1326 4365 1556 4419 vertens
1585 4363 1658 4419 ad
1685 4361 1882 4437 ipsum
1911 4365 2136 4440 episco-

490 4440 1024 4521 pum,implorando
1053 4451 1246 4507 aiebat
1271 4467 1284 4506 :
1319 4449 1498 4524 Rogo,
1531 4451 1741 4526 inquit,
1765 4453 2137 4531 episcopc,ut

489 4536 635 4592 istos
663 4541 796 4597 tuos
825 4538 1166 4608 confratres,
1201 4539 1354 4596 sicut
1382 4540 1595 4598 melius
1639 4540 1776 4611 scis,
1810 4542 2134 4620 intelligere

2239 632 2398 692 niam
2432 650 2681 710 movere,
2715 640 2824 694 aut
2854 637 3086 713 aliquas
3132 636 3382 696 insidias
3429 636 3646 709 moliri,
3679 635 3733 695 si
3779 652 3896 694 sue

2240 720 2505 798 petitioni
2531 725 2896 785 satisfactum
2922 726 3195 785 εἴθισθε.Ᾱά
3219 727 3375 803 quod
3397 727 3499 786 illa
3518 726 3708 784 libera
3724 738 3891 784 voce:

2242 813 2351 870 Per
2378 830 2510 871 eam
2553 815 2727 873 fidem
2776 830 2956 888 quam
3006 816 3152 886 colo,
3183 816 3289 886 ait,
3316 816 3484 876 vobis
3528 829 3732 873 coram
3779 815 3895 873 Deo

2243 902 2520 976 promitto
2552 905 2694 977 quia
2720 904 2780 960 in
2811 907 3094 962 aeternum
3149 922 3257 963 nec
3295 912 3400 983 per
3444 905 3758 980 meipsam,
3792 918 3896 962 nec

2244 1006 2348 1065 per
2376 1008 2573 1049 meum
2602 993 2905 1068 ingenium
2928 993 3114 1052 ullam
3143 993 3279 1052 inde
3308 992 3607 1071 querelam
3629 994 3893 1051 movebo.

2314 1079 2453 1137 Car.
2482 1080 2633 1138 VIII.
2665 1104 2696 1132 ‹‹
2725 1081 2875 1148 Quid
2905 1082 3158 1156 denique
3199 1100 3234 1141 a
3285 1083 3560 1156 saepefato
3607 1082 3899 1141 contrahe

2243 1171 2542 1237 nostro,de
2569 1170 2680 1228 hac
2710 1187 2772 1227 re
2803 1168 3060 1229 multum
3091 1172 3382 1241 tristante,
3416 1177 3474 1230 et
3496 1171 3895 1245 angustiaute,

2244 1268 2313 1313 ac
2341 1253 2595 1329 lugente,
2629 1261 2805 1331 atque
2834 1259 2987 1330 quod
3017 1276 3279 1334 unquam
3310 1258 3470 1317 illius
3507 1258 3898 1316 confessionis

2247 1345 2401 1404 570
2431 1345 2700 1402 conscius
2728 1345 2947 1404 exstitit
2976 1347 3296 1405 admodum
3325 1348 3664 1425 poenitente,
3698 1347 3901 1405 didici-

2247 1434 2518 1499 mus.hoc
2545 1432 2827 1492 fratribus
2853 1439 2912 1493 et
2929 1435 3478 1513 coepiscOpisJuxta
3496 1434 3896 1495 conditionem

2246 1515 2394 1581 date:
2417 1522 2684 1596 licentiae,
2706 1522 2834 1582 viva
2861 1540 2998 1582 voce
3017 1525 3378 1582 narrandum
3408 1528 3517 1603 est,
3549 1528 3620 1582 ut
3648 1525 3810 1582 sicut
3836 1526 3896 1582 in

2246 1612 2567 1686 primordio
2615 1612 2838 1670 dictum
2887 1616 2998 1683 est,
3037 1628 3172 1673 cum
3216 1617 3566 1689 argumenta
3610 1614 3898 1672 hactenus

2245 1701 2484 1759 latentis
2512 1716 2701 1758 causae
2741 1700 3125 1777 perceperint,
3156 1715 3273 1760 uno
3319 1701 3644 1777 eodemque
3693 1708 3898 1763 omnes

2247 1788 2491 1848 consilio
2520 1793 2579 1849 et
2607 1804 2896 1850 consensu
2945 1804 3200 1850 errorem
3248 1788 3540 1867 expellant
3585 1796 3646 1851 et
3694 1805 3898 1851 verum

2247 1882 2530 1938 statuant.
2567 1901 2592 1933 ι

2866 2005 3284 2064 RESPONSIO.

2324 2147 2408 2204 De
2457 2146 2636 2221 hujus
2679 2144 2862 2204 libelli
2910 2144 3059 2204 serie
3087 2147 3453 2221 superﬂuum
3496 2144 3911 2222 duximusper

2260 2232 2495 2309 singula
2523 2237 2695 2309 quasi
2731 2236 3138 2309 respondendo
3164 2235 3468 2306 disserere,
3482 2250 3619 2293 cum
3651 2237 3783 2311 ipse
3803 2234 3911 2295 sibi

2256 2323 2510 2381 sufficiat
2535 2334 2604 2381 ea
2623 2338 2752 2397 quae
2781 2323 3040 2381 continet
3065 2324 3551 2399 demonstrare,et
3567 2338 3677 2382 nec
3698 2330 3911 2384 nostra

2256 2412 2450 2470 laudis
2478 2412 2798 2470 assertione
2830 2412 3091 2489 indigeat
3125 2420 3233 2471 nec
3274 2410 3709 2488 vituperatione
3759 2414 3910 2474 refu-

2256 2494 2624 2581 giat.’l‘amen
2639 2502 2794 2577 quod
2807 2502 2865 2559 in
2880 2501 3084 2581 quinto
3103 2500 3360 2578 capitulo
3380 2502 3572 2578 ipsius
3592 2498 3911 2580 relegimus

2257 2578 2481 2647 dictum
2512 2591 2584 2647 de
2615 2606 2735 2665 qua
2764 2591 2960 2666 agitur
2983 2578 3213 2648 feminae
3232 2606 3247 2648 :
3267 2614 3297 2643 «
3312 2590 3430 2649 Hoc
3451 2578 3910 2666 pranionemus,

2257 2678 2479 2753 tibique
2506 2676 2820 2753 diligenter
2847 2679 3230 2755 prohibemus
3261 2680 3361 2738 Dei
3391 2685 3450 2738 et
3474 2686 3685 2739 nostra
3712 2684 3913 2741 aucto-

2256 2766 2448 2836 ritate,
2467 2770 2535 2824 ut
2561 2780 2667 2824 nec
2697 2766 2947 2841 alicujus
2977 2762 3271 2838 suasione,
3294 2768 3415 2826 imo
3445 2763 3819 2846 deceptione,
3838 2772 3910 2829 ad

2256 2845 2403 2913 alios
2431 2854 2686 2913 honores
2715 2854 2980 2926 invitata,
3002 2870 3109 2914 nec
3136 2856 3351 2915 timore
3377 2856 3700 2931 cujuslibet
3730 2874 3910 2933 pcenas

2253 2943 2345 3001 vel
2374 2942 2601 3014 mortis,
2634 2943 2873 3019 aliquod
2901 2942 3009 3002 tibi
3040 2936 3259 3003 crimen
3300 2939 3446 3004 Falso
3494 2944 3826 3023 contingas,
3854 2952 3915 3006 et

2257 3032 2546 3106 nos,quod
2579 3029 2827 3102 absit,in
2857 3025 3111 3092 errorem
3141 3032 3456 3104 inducas,»
3484 3029 3710 3093 mirum
3741 3041 3831 3095 est
3858 3034 3911 3095 si

2214 3121 3907 3197 .antenonfuitcognitumquodabeaemtdicendnm;

2254 3227 2360 3268 cur
2378 3209 2520 3268 talia
2537 3211 2728 3268 eidem
2741 3212 2970 3268 femina
2989 3217 3123 3270 ante
3139 3211 3566 3270 confessionem
3583 3214 3753 3272 fuere
3771 3232 3914 3290 pre-

2251 3299 2435 3357 missa
2466 3316 2481 3358 :
2513 3304 2574 3357 et
2603 3300 2654 3358 si
2680 3299 2953 3374 pluribus
2983 3311 3112 3375 quin
3143 3301 3394 3361 dicenda
3420 3307 3591 3360 erant
3616 3308 3758 3362 ante
3784 3304 3911 3362 fue-

2251 3392 2391 3446 runt
2418 3389 2777 3465 percognita,
2809 3406 2917 3447 cur
2945 3389 3116 3465 quasi
3144 3391 3256 3448 sub
3286 3395 3511 3449 secreta
3539 3393 3912 3452 confessione

2250 3494 2378 3552 quaa
2408 3478 2562 3534 dicta
2593 3483 2734 3534 sunt
2775 3479 3124 3551 proﬁtentur
3172 3472 3302 3537 esse
3346 3484 3599 3556 recepta.
3632 3481 3749 3539 Sed
3798 3482 3910 3542 hoc

2251 3566 2424 3623 modo
2445 3564 2704 3624 accidere
2725 3566 2984 3640 potuisse
2999 3566 3446 3653 putamus,quia
3475 3569 3632 3628 sicut
3652 3568 3910 3647 legimus

2249 3653 2310 3710 in
2340 3653 2551 3712 litteris
2597 3654 2879 3714 divinitus
2926 3654 3250 3731 inspiratis,
3291 3660 3408 3715 non
3456 3676 3695 3734 semper
3740 3660 3912 3719 adest

2248 3740 2552 3818 prophetis
2567 3743 2811 3818 spiritus
2837 3745 3616 3821 prophetiaa,dicenteEliseo
3632 3746 3707 3806 de
3723 3748 3910 3808 Suna-

2249 3832 2393 3889 mite
2421 3824 2494 3889 ad
2525 3833 2679 3890 Giezi
2712 3848 2960 3908 puerum
2990 3852 3168 3892 suum
3201 3852 3216 3892 :
3245 3836 3472 3895 Dimitte
3502 3838 3684 3908 illam,
3713 3841 3908 3898 anim

2245 3922 2396 3979 enim
2421 3918 2540 3995 ejus
2571 3923 2632 3979 in
2658 3922 3030 3982 amaritudine
3054 3920 3216 3994 est,'el
3241 3924 3506 3984 Dominus
3534 3927 3904 3997 celantium,

2245 4017 2299 4068 et
2341 4029 2452 4067 non
2502 4011 2769 4068 indicavit
2811 4012 2957 4070 mihi
3003 4006 3099 4085 (IV
3122 4015 3248 4085 Reg.
3284 4016 3360 4087 Iv,
3391 4014 3523 4087 27);
3556 4018 3617 4073 et
3663 4019 3903 4095 quando

2245 4098 2372 4156 vult
2400 4098 2614 4156 iterum
2645 4099 2800 4157 idem
2831 4098 3077 4176 spiritus
3100 4103 3266 4161 adest
3292 4100 3614 4178 prophetis.
3647 4102 3817 4164 Unde
3844 4112 3907 4164 et

2244 4188 2478 4260 Achias,
2510 4184 2704 4246 divino
2736 4188 2957 4263 Spiritu
2987 4190 3332 4267 inspiratus,
3351 4190 3425 4249 ad
3456 4198 3701 4251 uxorein
3731 4194 3902 4253 Jeru-

2245 4277 2418 4335 boam
2449 4272 2753 4346 dicit,mox
2781 4280 2848 4334 ut
2871 4277 3095 4336 audivit
3121 4276 3381 4338 sonitum
3412 4282 3632 4357 pedum
3663 4283 3796 4357 ejus
3818 4280 3906 4341 in-

2243 4362 2532 4424 troeuntis
2579 4384 2682 4442 per
2727 4367 2990 4426 ostium:
3038 4367 3349 4441 Ingredere,
3395 4386 3540 4428 uxor
3589 4370 3904 4445 Ieroboam,

2243 4471 2413 4530 quare
2439 4462 2490 4512 te
2517 4454 2695 4513 aliam
2717 4473 2828 4514 esse
2856 4452 3088 4515 simulas
3113 4460 3141 4514 ἵ
3173 4456 3272 4535 (ΙΠ
3295 4458 3426 4530 Reg.
3445 4459 3586 4535 xxv).
3604 4463 3904 4539 Quaprop-

2241 4550 2330 4626 ter
2357 4546 2408 4603 si
2442 4545 2672 4603 Domini
2703 4544 2978 4620 Spiritus,
3001 4546 3306 4621 quoniam,
3339 4550 3593 4607 testante
3621 4551 3903 4626 Apostolo

487 4622 668 4716 t‘acias
687 4622 921 4716 quiaita
939 4625 1297 4716 estsicutidc
1310 4645 1402 4685 me
1419 4630 1818 4687 testimooium
1837 4634 2128 4705 perhibui.
2164 4650 2211 4716 ι)
2239 4624 2452 4709 (Ephes.
2478 4653 2554 4704 ιν,
2576 4637 2593 4689 l
2616 4636 2690 4705 1),
2719 4636 2779 4692 et
2808 4638 3072 4710 pastores
3100 4633 3371 4695 Ecclesia:
3401 4622 3703 4713 prophetae
3735 4644 3900 4711 sunt,

483 4715 588 4770 Cu‘i
620 4715 979 4772 me’m'oratus
1004 4714 1333 4789 episcopus:
1358 4718 1582 4775 Bonum
1612 4722 1722 4786 est,
1745 4720 1955 4794 inquit,
1979 4727 2036 4778 et
2068 4724 2131 4780 tu

484 4804 614 4878 ipsa
630 4804 761 4861 istis
778 4805 924 4861 meis
941 4802 1332 4863 confratribus
1345 4807 1495 4879 quod
1511 4806 1581 4863 ad
1590 4806 1858 4865 huclatet
1879 4808 2128 4883 aperias,

482 4893 855 4967 quatenusex
867 4898 967 4950 tuo
988 4892 1220 4969 proprio
1234 4911 1331 4950 ore
1351 4896 1507 4971 quod
1531 4894 1855 4968 dijudicent
1865 4897 2127 4958 audiant.

483 4982 552 5038 Et
576 4978 678 5040 illa
709 4999 723 5039 :
756 4982 903 5050 Quid
936 5000 1171 5039 necesse
1195 4990 1301 5051 est,
1332 4983 1434 5053 ait,
1466 4988 1533 5040 ut
1563 4983 1735 5041 aliter
1779 4985 1970 5044 dicam
2015 4986 2129 5046 nisi

483 5071 636 5128 sicut
664 5074 728 5129 tu
759 5071 1202 5145 nosti?propter
1225 5072 1405 5128 Deum
1436 5071 1539 5128 tibi
1571 5072 1669 5140 sit,
1701 5074 1766 5128 ut
1796 5077 1857 5130 tu
1888 5072 1975 5136 eis
2003 5094 2126 5134 ma-

482 5159 539 5215 ni
548 5159 721 5216 festes
751 5177 943 5217 meam
956 5159 1359 5217 necessitatem
1368 5176 1506 5233 ,quo
1518 5161 1734 5233 pariter
1748 5162 1883 5220 cuni
1899 5165 2128 5223 seniore

481 5262 610 5302 meo
639 5246 783 5303 mihi
814 5246 1108 5304 licentiam
1138 5248 1381 5316 detis,ut
1408 5249 1563 5321 quod
1587 5249 1852 5308 desidero
1875 5251 2122 5325 faciam;

481 5333 641 5406 quia,
674 5334 888 5408 inquit,
920 5353 1025 5410 pro
1052 5341 1171 5394 toto
1200 5337 1423 5393 mundo
1455 5336 1588 5394 nolo
1632 5354 1826 5395 meam
1866 5341 2125 5401 animam

480 5421 755 5494 perdere:
788 5428 847 5480 et
874 5424 1002 5481 ideo
1033 5442 1172 5499 rogo
1202 5443 1302 5482 vos
1325 5431 1561 5498 propter
1596 5426 1775 5482 Deum
1806 5431 1864 5483 et
1890 5434 2128 5503 propter

481 5506 871 5568 ministerium
893 5515 1047 5586 quod
1079 5513 1446 5587 suscepistis,
1478 5518 1541 5569 nt
1568 5514 1711 5570 mihi
1744 5517 1897 5586 quod
1932 5523 2129 5590 postu-

479 5597 536 5655 lo
561 5599 630 5654 ad
663 5598 911 5656 salutem
938 5601 1149 5658 animae
1182 5620 1321 5659 mea;
1353 5619 1469 5658 non
1501 5603 1820 5676 denegetis.

548 5690 684 5744 CAP.
716 5684 834 5744 VII.
873 5710 901 5739 ‹‹
934 5690 1099 5746 Tunc
1129 5706 1236 5748 nos
1265 5690 1524 5764 episcopi
1555 5696 1847 5751 tentantes
1875 5696 2124 5769 requisi-

2242 4722 2513 4781 revelavit
2542 4725 2866 4782 auriculam
2898 4724 3325 4800 alloquentium
3356 4728 3693 4802 mulierem,
3722 4732 3793 4787 ad
3835 4748 3900 4788 se

2239 4830 2374 4870 eum
2393 4812 2767 4871 simulatione
2791 4814 3058 4872 fortassis
3088 4814 3581 4884 advenientem,in
3607 4818 3899 4892 potestate

2237 4899 2426 4976 ipsius
2455 4899 2699 4974 spiritus
2745 4905 2854 4975 est,
2885 4901 2984 4976 qui
3036 4902 3140 4960 ubi
3180 4904 3301 4962 vult
3342 4906 3537 4979 spirat,
3571 4908 3641 4962 ut
3667 4906 3898 4965 occulta

2237 4986 2587 5046 revelatione
2614 4987 2732 5046 illis
2762 4990 3144 5065 sugg‘esserit,
3174 4990 3367 5051 eidem
3419 4993 3661 5052 mulieri
3704 4989 3805 5053 Dci
3837 5000 3897 5053 et

2235 5095 2346 5135 sua
2375 5076 2716 5135 auctoritate
2741 5070 3151 5154 praecipereme
3179 5080 3264 5140 eis
3280 5078 3560 5141 simulata
3579 5098 3897 5157 praesume-

2234 5170 2324 5223 ret
2343 5167 2754 5239 quoquomodo
2782 5166 3059 5227 indicare.
3079 5168 3197 5228 Nos
3217 5175 3415 5230 autem
3435 5171 3506 5229 de
3526 5171 3768 5231 incertis
3788 5170 3891 5232 diu

2233 5252 2537 5328 disputare
2565 5272 2682 5312 non
2711 5255 3006 5328 volumue,
3030 5258 3132 5333 qui
3164 5264 3324 5317 certa
3350 5278 3420 5318 ex
3447 5260 3889 5335 Scripturarum

2235 5344 2581 5402 auctoritate
2608 5345 2867 5418 proferre
2894 5344 3179 5407 valemus.
3198 5348 3347 5406 Nam
3378 5348 3451 5406 de
3481 5348 3890 5407 adhortatione

2232 5432 2305 5488 ad
2335 5432 2761 5490 confessionem
2794 5434 3017 5492 dictum
3066 5432 3321 5511 legimus
3353 5455 3367 5494 :
3412 5438 3609 5494 Revela
3656 5438 3888 5495 Domino

2230 5523 2380 5578 viam
2406 5526 2633 5591 luam,ct
2657 5540 2820 5596 spera
2847 5525 2908 5580 in
2937 5541 3064 5581 eum
3097 5527 3270 5596 (Psal.
3302 5543 3491 5596 xxxv1,
3522 5528 3603 5598 5).
3634 5524 3715 5585 De
3743 5526 3885 5584 sub-

2232 5613 2515 5684 sequente
2561 5617 2757 5668 antem
2804 5612 3273 5672 adhortationem
3322 5612 3691 5673 confessione
3739 5617 3883 5673 item

2229 5699 2484 5773 legimus
2517 5715 2532 5756 :
2565 5702 2700 5758 Dixi
2728 5719 2748 5758 :
2775 5700 3150 5761 Pronuntiabo
3182 5704 3523 5777 injustith
3568 5716 3746 5763 meam
3770 5706 3879 5763 Da-
