4148 6456
251 408 364 499 833

1137 437 1240 498 DE
1281 434 1652 499 DlVOR’l‘lO
1695 433 2068 498 LOTHARII
2110 435 2212 498 ET
2253 435 2716 500 TETBEBGJE.

3531 424 3652 502 est

249 573 417 646 mino,
447 579 500 630 et
527 579 588 629 tu
632 573 896 630 remisisti
945 571 1274 646 impietatem
1311 573 1520 644 peccati
1564 571 1676 652 mei
1713 571 1888 642 (Psal.
1919 565 1977 636 Α
2005 569 2284 638 statuant,
2309 593 2336 619 »
2369 570 2557 627 sciant
2587 575 2644 627 et
2673 571 3008 646 qnicunque
3037 573 3348 630 venerandi
3370 552 3651 649 episcOpi,

249 679 397 739 xxxx,
418 661 496 736 5).
521 661 666 720 Huic
686 679 919 736 quoque
945 655 1295 718 confessioni
1322 679 1356 717 a
1370 661 1616 716 Domino
1648 677 1894 734 repensa

249 753 336 808 est
362 749 653 820 remissio,
687 768 802 807 non
836 751 1083 824 punitio,
1119 767 1246 823 quae
1277 767 1394 806 non
1425 753 1514 806 est
1544 753 1766 806 extorta
1796 767 1900 820 per

249 839 612 908 metum,sed
644 839 874 911 prolata
901 839 972 894 ad
1004 836 1382 910 indulgentiae
1414 854 1578 910 spem
1601 853 1702 910 per
1725 837 1902 892 medi-

248 927 434 984 tabile
463 927 1003 994 hortamentum,ut
1031 927 1172 982 item
1205 925 1352 980 dixit
1385 942 1397 982 :
1432 928 1504 980 Et
1531 942 1600 981 ex
1627 925 1900 982 voluntate

247 1029 366 1074 mea
395 1016 690 1089 conﬁtebor
722 1019 778 1073 ei
823 1017 992 1090 (Psal.
1020 1033 1222 1082 cxxvn,
1257 1016 1348 1084 7);
1393 1031 1498 1070 nec
1547 1013 1788 1070 invitata
1827 1016 1900 1071 ad

249 1109 596 1180 praesentem
627 1105 1046 1173 honorem,sed
1077 1105 1150 1160 ad
1175 1105 1431 1159 futuram
1455 1103 1901 1172 beatitudinem,

248 1191 389 1264 quia
446 1185 734 1265 scriptum
785 1195 874 1248 est
907 1209 920 1246 :
957 1193 1168 1248 Vanum
1217 1200 1296 1247 eet
1351 1192 1500 1247 vobis
1558 1200 1683 1247 ante
1731 1192 1906 1247 lucem

245 1285 474 1351 turgere
503 1299 523 1337 :
552 1283 762 1350 surgite
786 1288 1070 1353 postquam
1117 1281 1386 1350 sederitis,
1419 1282 1518 1354 qui
1561 1281 1904 1338 manducetis

241 1380 446 1442 partem
500 1369 708 1426 doloris
757 1370 924 1443 (Psal.
975 1386 1162 1435 cxxvr,
1207 1356 1260 1437 1,
1288 1369 1364 1440 2).
1399 1369 1498 1425 Ille
1546 1367 1700 1426 enim
1752 1369 1896 1426 571

250 1460 389 1514 ante
419 1447 612 1514 lucem
644 1455 852 1531 surgit,
876 1456 978 1531 qui
1007 1475 1042 1513 a
1071 1457 1170 1513 Dei
1205 1456 1471 1513 custodia
1493 1475 1595 1530 per
1615 1457 1884 1531 negligen

248 1542 396 1602 tiam
422 1547 834 1602 mandatorum
854 1546 904 1619 ej
913 1564 983 1602 us
996 1563 1058 1602 se
1072 1543 1336 1602 alienans
1348 1546 1587 1615 cadit,et
1605 1551 1738 1602 ante
1749 1547 1905 1604 diem

246 1635 481 1693 venturi
503 1634 698 1692 saeculi
721 1635 780 1690 in
812 1634 922 1691 hac
950 1633 1068 1690 vita
1089 1652 1216 1708 quae
1238 1635 1393 1690 nocti
1425 1638 1512 1690 est
1541 1621 1774 1704 similis,
1797 1637 1906 1692 ho-

247 1719 500 1782 noribus
529 1723 730 1780 extolli
761 1739 828 1780 ac
857 1724 1136 1797 proficere
1163 1723 1401 1797 appetit.
1420 1724 1750 1780 Sedendum
1770 1741 1906 1800 ergo

143 1828 148 1836 '
247 1807 421 1888 prius
449 1817 540 1870 est
569 1829 673 1887 per
702 1811 1126 1888 paenitentiam,
1151 1817 1216 1868 ut
1246 1816 1377 1886 post
1406 1816 1558 1870 recte
1592 1828 1908 1887 surgamus

246 1899 357 1990 per
382 1893 988 2004 indulgentianquuia
998 1900 1272 2000 quisquis
1302 1919 1460 1957 nunc
1491 1919 1552 1958 se
1581 1906 1785 1975 sponte
1806 1921 1909 1976 per
1935 1937 1984 2004 Β

249 1983 659 2066 paenitentiam
671 2001 789 2046 non
803 1989 1474 2063 humiliat,nequaquam
1489 1991 1643 2046 hunc
1655 2008 1907 2064 sequens

247 2079 442 2155 gloria
471 2075 708 2136 exultat.
731 2077 990 2146 Qualiter
1019 2081 1215 2134 autem
1248 2095 1363 2134 non
1384 2079 1646 2148 exaltari,
1670 2079 1770 2136 sed
1804 2079 1908 2135 hu-

248 2158 470 2225 miliari
493 2183 598 2242 per
617 2164 1040 2224 confeSsionem
1065 2170 1122 2224 et
1143 2167 1542 2240 penitentiam
1565 2169 1904 2237 debeamus,

245 2249 540 2315 Dominus
573 2258 634 2313 in
684 2255 995 2330 Evangelio
1044 2257 1210 2312 Luca:
1257 2257 1524 2312 habitum
1571 2257 1908 2330 pmnitentis

243 2341 642 2414 démon‘strat,
675 2345 877 2402 dicens
909 2363 922 2400 :
959 2343 1104 2401 Olim
1133 2347 1196 2402 in
1223 2347 1404 2402 cinere
1433 2353 1484 2401 et
1511 2347 1693 2402 cilicio
1719 2346 1906 2402 seden—

242 2433 319 2494 ὡς
345 2434 731 2508 plenitentiam
767 2437 1003 2504 egissent
1030 2435 1178 2508 (Luc.
1211 2453 1268 2502 x,
1301 2437 1428 2503 13);
1461 2438 1518 2491 et
1549 2435 1606 2490 in
1639 2436 1865 2508 psalmo
1892 2455 1905 2494 :

239 2526 562 2583 Humiliavi
589 2526 652 2580 in
670 2524 889 2596 jejunio
909 2525 1157 2580 animam
1183 2541 1362 2580 meam
1381 2523 1548 2597 (Psal.
1571 2543 1758 2592 XXXIV,
1785 2527 1906 2596 i2);

241 2619 300 2672 et
339 2631 355 2672 :
387 2607 799 2671 Induebam‘me
827 2613 1011 2670 cilicio
1040 2615 1209 2682 (Psal.
1261 2631 1412 2680 xx1x,
1447 2616 1546 2683 8);
1581 2617 1638 2670 et
1670 2631 1682 2670 :
1718 2617 1908 2671 Factus

243 2705 379 2761 iam
425 2705 782 2760 conturbatus
813 2702 980 2776 (Psal.
1032 2720 1184 2770 xx1x,
1235 2703 1318 2775 8);
1353 2707 1454 2759 et:
1493 2703 1739 2760 Cinerem
1793 2712 1910 2760 tan-

245 2786 420 2867 (fuam
443 2797 648 2864 panem
672 2789 1096 2858 manducabam,
1117 2799 1169 2848 et
1202 2799 1392 2863 potum
1423 2807 1605 2847 meum
1631 2809 1756 2848 cum
1779 2793 1910 2864 ﬂetu

243 2871 621 2954 temperabatn
649 2875 822 2952 (Psal.
851 2877 1062 2953 c1,10);
1093 2883 1152 2935 et
1185 2896 1196 2935 :
1229 2879 1562 2950 Vigilavi,et
1590 2883 1768 2954 factus
1787 2899 1911 2938 sum

241 2964 398 3028 sicut
419 2982 610 3042 passer
633 2969 922 3028 solitarius
971 2969 1032 3024 in
1074 2975 1203 3025 tecto
1253 2969 1419 3040 (Psal.
1450 2987 1506 3038 v,
1537 2971 1614 3038 8).
1647 2969 1812 3026 Unde
1853 2975 1911 3028 et

243 3054 404 3117 sacri
435 3068 690 3114 canones
711 3057 926 3130 jubent
953 3057 1134 3126 (Cone.
1169 3057 1354 3128 Agat,
1375 3075 1499 3114 can.
1535 3058 1624 3126 15)
1647 3063 1710 3114 ut
1731 3059 1912 3132 poeni-

243 3151 446 3206 t'entes
477 3136 740 3220 tempore
771 3161 887 3219 quo
910 3141 1311 3220 paenitentiam
1335 3149 1564 3220 petunt,
1589 3145 1909 3220 impositio-

242 3241 386 3294 nem
415 3229 706 3292 manuum
737 3239 794 3291 et
823 3233 1081 3290 cilicium
1105 3249 1284 3308 super
1299 3234 1492 3308 capita
1523 3251 1557 3290 a
1586 3237 1904 3304 sacerdote,

2007 661 2064 714 et
2087 675 2252 731 reges
2281 658 2537 733 gloriosi,
2570 664 2626 716 et
2655 677 2858 716 omnes
2890 659 2948 716 in
2980 660 3113 717 sinu
3145 664 3350 719 matris
3383 661 3650 720 Ecclesiae

2007 747 2292 817 collocati,
2319 749 2458 820 quia
2479 750 2630 806 hanc
2659 749 2937 805 latentem
2969 767 3206 806 causam
3231 753 3340 808 sub
3367 751 3478 807 hac
3506 769 3650 809 eon-

2008 836 2226 892 ditione
2255 837 2450 910 potius
2481 839 2748 912 ignorare
2801 855 2980 911 quam
3030 839 3179 895 scire
3225 839 3514 910 volumus,
3547 858 3652 914 pro

2009 925 2202 982 causis
2230 943 2377 998 quas
2407 928 2802 984 ostendemus.
2836 927 3138 996 Videlicet,
3163 927 3300 1000 quia
3329 929 3508 986 nimis
3547 930 3653 986 ha-

2009 1013 2218 1070 bemus
2249 1017 2320 1071 de
2347 1017 2599 1088 peccatis
2629 1017 2940 1086 nostris,et
2971 1017 3141 1073 nobis
3163 1035 3197 1073 a
3231 1021 3446 1074 secrete
3477 1019 3652 1074 conﬁ-

2010 1104 2260 1159 tentium
2285 1104 2584 1160 devotione
2616 1105 2920 1177 confessis,
2936 1110 2993 1162 et
3021 1123 3056 1162 a
3074 1105 3244 1162 nobis
3263 1106 3514 1163 subditis
3543 1123 3656 1179 pu-

2011 1191 2160 1247 blice
2189 1194 2244 1247 et
2271 1193 2522 1264 pondere
2547 1193 2707 1266 gravi
2738 1194 3090 1262 commissis,
3123 1196 3193 1252 ad
3228 1213 3352 1268 quae
3391 1196 3658 1251 deflenda

2013 1279 2164 1336 oculi
2201 1281 2382 1336 nostri
2432 1299 2804 1355 nequaquam
2836 1285 3141 1340 sufﬁciunt
3172 1303 3184 1340 :
3219 1287 3436 1358 quanto
3469 1284 3658 1358 magis

2011 1367 2115 1426 illa
2135 1387 2260 1442 quae
2297 1369 2498 1439 latent,
2515 1375 2572 1427 et
2600 1389 2700 1445 per
2715 1371 2860 1428 alios
2882 1373 3075 1428 sanari
3109 1373 3319 1429 melius
3349 1390 3526 1447 quam
3557 1389 3660 1446 per

2015 1475 2122 1513 nos
2152 1463 2400 1530 possunt
2426 1463 2485 1513 et
2510 1457 2690 1527 ablui,
2717 1457 3072 1527 curiositate,
3098 1477 3224 1532 quae
3256 1477 3428 1534 grave
3459 1465 3566 1528 est,
3591 1464 3659 1516 ut.

2015 1546 2158 1601 dicit
2187 1545 2518 1619 Gregorius,
2549 1546 2776 1615 vitium,
2811 1547 2911 1604 illa
2943 1547 3164 1605 discere
3192 1552 3249 1604 et
3277 1548 3480 1605 audire
3509 1555 3660 1624 quae-

2017 1652 2238 1692 ramus.
2272 1635 2436 1691 Unde
2465 1637 2871 1710 superadjec'to
2901 1637 3137 1693 cumulo
3173 1637 3325 1695 572
3355 1637 3448 1710 sic,
3469 1635 3660 1712 lugea-

2016 1731 2171 1791 mus,
2205 1723 2358 1781 sicut
2387 1723 2482 1782 ille
2513 1726 2646 1799 pius
2675 1729 2734 1782 et
2781 1729 3023 1782 sanctus
3059 1725 3166 1795 vir,
3186 1727 3277 1782 cui
3310 1725 3413 1782 illa
3442 1725 3660 1783 femina

2017 1814 2284 1870 confessa
2298 1813 2731 1883 fuit,tristissim
2741 1833 2811 1872 us
2832 1819 2890 1870 et
2911 1815 3258 1890 angustians
3280 1813 3454 1888 atque
3473 1815 3657 1889 poeni-

2017 1903 2314 1976 tens,quia
2331 1902 2490 1959 illius
2501 1903 2884 1960 confessionis
2895 1903 3164 1961 conscius
3189 1905 3556 1974 fuerat,sicut
3575 1905 3658 1962 ibi

2019 1991 2302 2064 scriptum
2333 1995 2444 2060 est,
2476 1991 2643 2048 luxit.
2667 1993 2776 2048 Sed
2801 1991 3053 2067 legimus
3082 1993 3222 2066 quia
3247 1992 3396 2049 luxit
3423 1994 3660 2051 Samuel

2016 2079 2272 2149 Saulem,
2307 2079 2585 2153 quoniam
2612 2080 2826 2152 abjecit
2853 2098 2989 2136 eum
3021 2079 3327 2148 Dominus,
3349 2079 3432 2138 ita
3462 2086 3526 2138 ut
3554 2083 3664 2139 Do-

2017 2157 2217 2226 minus
2245 2169 2462 2226 diceret
2481 2171 2531 2226 ei
2566 2189 2580 2226 :
2619 2171 2895 2242 Usquequo
2943 2179 3002 2227 tu
3041 2171 3210 2240 luges,
3229 2171 3380 2238 Saul,
3401 2166 3663 2244 quoniam

2015 2273 2112 2328 ego
2153 2259 2329 2330 abjeei
2378 2263 2542 2314 eum?
2569 2261 2620 2328 (Ι
2639 2260 2764 2328 Reg.
2815 2277 2930 2328 xvr,
2961 2259 3040 2332 7.)
3083 2259 3195 2315 Sed
3244 2276 3360 2314 non
3410 2259 3661 2332 legimus

2019 2363 2150 2401 eum
2183 2344 2458 2419 cuiquam
2490 2347 2898 2403 manifestasse
2928 2365 3030 2420 pro
3062 2364 3177 2420 quo
3209 2345 3378 2402 illum
3425 2351 3662 2422 peccato

2015 2435 2248 2503 luxerit,
2285 2435 2394 2491 nisi
2415 2433 2536 2514 ipsi
2569 2435 2825 2498 Sauli,et
2845 2440 3131 2510 quantum
3161 2435 3429 2509 Iacrymae
3473 2435 3661 2511 ipsius

2018 2525 2153 2580 inde
2182 2525 2412 2580 Domini
2445 2523 2688 2580 auribus
2719 2521 3092 2580 intimarunt.

2087 2613 2282 2670 Altera
2301 2630 2478 2669 causa
2498 2613 2743 2685 estquia
2771 2613 3026 2686 Spiritus
3052 2613 3239 2670 sancti
3269 2614 3504 2672 oraculo
3535 2633 3664 2674 cau-

2017 2706 2144 2758 tum
2185 2720 2311 2759 esse
2349 2703 2716 2776 dignoscitur
2745 2706 2808 2758 ut
2839 2703 3056 2776 quique
3077 2707 3384 2777 peccantes
3405 2709 3664 2778 peccato-

2018 2809 2148 2846 rum
2173 2809 2413 2848 suorum
2433 2791 2682 2847 latentes
2705 2808 2912 2847 causas
2941 2791 3304 2863 spiritalibus
3334 2789 3664 2852 senioribus

2017 2880 2491 2953 patefaciant,qui
2515 2878 2702 2936 sciant
2721 2883 2780 2936 et
2800 2883 2974 2936 suaet
2987 2875 3176 2936 aliena
3186 2877 3660 2950 vulneracurare,

2017 2972 2074 3024 et
2100 2987 2214 3026 non
2247 2970 2514 3042 detegere
2545 2985 2610 3024 ac
2640 2967 2958 3042 publicare.
2980 2967 3052 3024 Et
3071 2964 3380 3042 propterea
3399 2967 3456 3025 in
3479 2970 3662 3029 sacris

2016 3057 2340 3114 canonibus
2364 3057 2617 3114 Africani
2651 3056 2879 3114 concilii
2909 3057 3192 3130 scriptum
3237 3057 3486 3114 habetur
3515 3061 3659 3129 (ean.

2014 3145 2128 3215 99).
2160 3145 2234 3202 Ut
2263 3145 2312 3202 si
2343 3147 2578 3219 quando
2606 3145 2914 3218 cpiscopus
2945 3141 3083 3202 dicit
3112 3145 3368 3220 aliquem
3399 3139 3510 3220 sibi
3553 3141 3662 3204 soli

2018 3234 2318 3308 proprium
2341 3234 2562 3292 crimen
2586 3233 2768 3292 fuisse
2787 3235 3148 3305 confessum,
3161 3237 3336 3309 atque
3352 3227 3450 3293 ille
3471 3240 3661 3312 neget,

243 3316 408 3383 sicut
432 3314 656 3398 ubique
685 3324 1004 3380 constitum
1035 3327 1144 3393 est,
1179 3305 1632 3402 consequantur.
1655 3325 1726 3380 Et
1753 3343 1901 3396 conc,
1935 3305 1982 3376 Ο
2019 3305 2146 3380 non
2167 3327 2330 3396 putet
2360 3325 2431 3380 ad
2475 3323 2754 3397 injuriam
2803 3341 2972 3381 suam
3019 3305 3328 3398 epiScopus
3375 3305 3666 3399 pertinere

240 3407 392 3488 Afra,
423 3408 552 3470 can.
585 3412 674 3482 10)
710 3427 722 3468 :
756 3411 969 3468 Manus
1001 3412 1456 3485 impositionem,
1489 3415 1660 3486 cujus
1690 3415 1912 3471 crimen

238 3501 558 3577 vulgatum
587 3505 695 3570 est,
731 3505 864 3558 ante
913 3501 1177 3558 absidem
1227 3501 1504 3575 accipiat;
1535 3503 1690 3575 quod
1731 3521 1912 3560 unus-

242 3593 508 3668 quisque
530 3587 766 3666 publice
786 3590 1077 3664 pcenitens
1099 3591 1172 3647 ab
1195 3591 1468 3664 episcopo
1493 3609 1620 3659 suo,
1643 3593 1716 3648 de
1744 3594 1914 3666 cujus

242 3679 532 3754 parechia
585 3684 698 3748 est,
743 3679 939 3751 debet
973 3679 1290 3752 suscipere.
1313 3678 1461 3735 Illud
1517 3685 1715 3736 autem
1756 3683 1911 3754 quod

243 3762 604 3844 generaliter
630 3767 790 3824 laedit
819 3767 1162 3836 Ecclesium,
1187 3785 1222 3823 a
1251 3769 1496 3841 synodo,
1527 3768 1586 3824 id
1639 3774 1728 3826 est
1774 3787 1911 3826 con-

243 3855 426 3917 ventu
449 3855 791 3932 episcopali,
807 3856 1234 3914 medicabiliter
1251 3857 1422 3913 debet
1443 3859 1658 3914 sanari.
1672 3858 1742 3913 Et
1763 3859 1912 3915 miro

247 3941 428 4006 modo
444 3947 545 4003 hic
573 3934 810 4004 libellus
839 3945 1249 4020 episeOpalem,
1271 3945 1372 4018 qui
1402 3963 1506 4018 pro
1537 3964 1714 4003 causa
1743 3964 1914 4020 gene-

246 4031 360 4094 rali
393 4035 523 4094 ﬁeri
553 4025 747 4102 debet,
773 4038 830 4092 et
859 4039 1143 4092 secretam
1161 4034 1440 4091 describit
1460 4035 1908 4105 confessionem,

247 4121 382 4201 quae
407 4121 727 4200 specialem
758 4124 1019 4197 postulat
1047 4121 1420 4180 medicinam.

321 4208 440 4272 sed
469 4216 530 4270 et
557 4212 878 4286 septimum
909 4211 1254 4286 capitulum,
1289 4212 1349 4267 in
1377 4229 1492 4286 quo
1520 4214 1799 4270 tentando
1830 4215 1913 4271 in-

244 4301 835 4380 terrogatur‘femina
873 4303 1000 4374 jam
1053 4301 1382 4376 designata,
1416 4305 1481 4358 ut
1512 4301 1592 4358 ibi
1623 4301 1910 4377 scriptum

249 4390 343 4450 ἀεὶ
375 4409 391 4449 :
430 4414 460 4443 «
494 4377 703 4447 Utrum
735 4389 872 4447 inde
899 4389 1158 4463 aliquam
1181 4389 1353 4448 vellet
1373 4391 1798 4464 querimoniam
1823 4410 1910 4448 re-

247 4473 508 4548 metere,
535 4483 638 4536 aut
666 4477 896 4552 aliquas
925 4475 1174 4536 insidias
1203 4478 1482 4546 moliri,si
1507 4497 1624 4536 suae
1645 4481 1911 4552 petitioni

247 4559 624 4628 satisfactum
659 4567 840 4638 ﬂeret,
878 4591 904 4618 υ
936 4587 1004 4626 ex
1044 4587 1160 4642 quo
1201 4567 1422 4641 juratio
1475 4569 1914 4626 demonstratur

2022 3415 2178 3488 quod
2209 3413 2292 3470 illi
2325 3411 2432 3470 soli
2462 3431 2578 3470 non
2608 3413 2898 3482 creditur;
2929 3413 3060 3470 etsi
3100 3409 3376 3488 scrupulo
3420 3409 3664 3488 proprias

2021 3503 2386 3561 conscientia
2418 3521 2480 3559 se
2527 3501 2671 3559 dicit
2719 3501 2956 3577 neganti
3008 3496 3159 3560 nolle
3209 3501 3663 3574 communicare,

2022 3591 2281 3666 quandiu
2305 3591 2804 3648 excommunicato
2826 3609 2940 3648 non
2977 3591 3492 3650 communicaverit
3522 3611 3668 3650 suus

2021 3683 2352 3756 episcopus,
2371 3682 2559 3736 eidem
2590 3678 2860 3752 episcopo
2883 3681 2954 3736 ab
2979 3680 3109 3737 aliis
3131 3699 3244 3737 non
3269 3680 3664 3738 communice-

2022 3775 2120 3826 tur
2147 3768 2456 3843 episcopis,
2489 3772 2555 3824 ut
2583 3769 2774 3841 magis
2819 3772 3020 3823 caveat
3051 3767 3360 3840 episcopus
3407 3785 3482 3824 ne
3511 3767 3668 3824 dicat

2021 3860 2080 3914 in
2113 3875 2470 3932 quemquam
2514 3856 2668 3928 quod
2717 3854 2850 3912 aliis
2899 3855 3264 3912 documentis
3316 3874 3429 3912 non
3475 3861 3667 3930 potest

2021 3946 2378 4004 convincere.
2413 3943 2560 4011 Quid
2592 3947 2682 4000 est
2729 3943 2887 4000 enim
2937 3943 3157 3999 crimen
3205 3945 3470 4001 confesso
3513 3943 3666 4002 nolle

2019 4033 2592 4102 communicare,nisi
2603 4031 3025 4089 confessionem
3047 4031 3312 4090 criminis
3330 4031 3668 4107 publicare?

2019 4126 2092 4183 Et
2138 4122 2606 4199 quantiscunque
2653 4120 2942 4194 episcopis
2999 4117 3220 4178 femina
3269 4121 3399 4195 ipsa
3445 4121 3668 4180 secreta

2020 4213 2384 4273 confessione
2415 4207 2693 4266 delictum
2717 4227 2892 4268 suum
2915 4211 3254 4284 prodiderit,
3269 4212 3353 4270 sic
3373 4211 3544 4286 quasi
3564 4213 3667 4270 uni

2021 4302 2248 4371 dixerit,
2281 4305 2569 4358 secretum
2597 4300 2797 4356 haberi
2829 4299 3081 4358 debebit.
3114 4299 3276 4358 Unde
3305 4301 3668 4376 Augustinus

2019 4409 2312 4465 exponens
2339 4389 2688 4445 sententiam
2723 4389 2960 4446 Levitici
2991 4406 3004 4446 :
3038 4389 3102 4446 Si
3124 4392 3428 4463 peccaverit
3453 4393 3666 4462 anima,

2019 4491 2070 4539 et
2101 4481 2341 4537 audierit
2388 4495 2567 4535 vocem
2605 4478 2876 4550 jurantis,
2907 4481 3161 4550 testisque
3204 4481 3376 4551 fuerit
3403 4481 3545 4554 quod
3575 4489 3673 4538 aut

2025 4573 2140 4644 ipse
2169 4569 2309 4625 vidit
2343 4577 2438 4624 aut
2483 4567 2729 4624 conscius
2781 4576 2878 4636 est,
2911 4570 3025 4624 nis:
3059 4567 3405 4638 indicaverit,
3431 4571 3672 4642 portabit

246 4649 468 4736 elicita,
504 4649 800 4740 tarditatis
833 4660 1044 4714 nostra:
1074 4661 1166 4714 est
1209 4657 1504 4730 ingeniolo
1535 4661 1872 4730 suspectum
1897 4677 1909 4726 ;
1941 4677 1988 4740 Β
2025 4659 2376 4732 iniquitatem
2404 4675 2564 4713 suam
2595 4657 2784 4730 (Levit.
2806 4657 2882 4731 v),
2917 4658 2998 4712 ita
3017 4657 3160 4714 dicit
3189 4659 3588 4732 (Quaestionum
3609 4661 3670 4714 in

249 4747 382 4806 ideo
415 4756 452 4804 a
481 4737 651 4803 nobis
683 4745 828 4803 nihil
859 4751 948 4804 est
990 4746 1125 4802 inde
1175 4753 1631 4819 responsi]me
1681 4747 1908 4803 deviare

251 4835 358 4894 siit
387 4855 424 4894 a
453 4835 630 4911 legali
658 4835 892 4892 tramite
912 4840 1014 4892 aut
1043 4854 1077 4892 a
1101 4835 1341 4910 capituli
1361 4835 1570 4892 semita
1584 4836 1906 4892 videamur.

323 4916 409 4984 De
441 4931 510 4982 eo
529 4924 718 4982 etiam
739 4925 896 4998 quod
915 4923 973 4980 in
996 4924 1283 4997 priemissi
1322 4921 1503 4980 libelli
1525 4928 1724 4981 octavo
1755 4923 1910 4997 capi-

251 5005 378 5074 th‘l‘o
399 5007 693 5088 scriptum
723 5016 814 5070 est
839 5031 852 5070 :
884 5037 912 5065 ‹‹
948 5013 1099 5081 Quid
1122 5014 1374 5086 denique
1395 5031 1430 5070 a
1459 5031 1611 5087 saepe
1632 5013 1748 5070 fato
1783 5031 1914 5070 con-

253 5096 440 5176 ﬁ‘at’re
468 5105 673 5160 nostro
703 5093 774 5159 de
804 5101 914 5158 hac
945 5119 1006 5159 re
1035 5101 1288 5158 multum
1321 5102 1611 5173 tristante,
1635 5107 1694 5158 et
1723 5121 1912 5178 angu-

255 5181 496 5258 silente,
519 5187 586 5246 sc
616 5183 871 5262 lugente,
888 5195 1063 5262 atque
1097 5190 1249 5262 quod
1285 5207 1546 5262 unquam
1580 5190 1738 5247 illius
1769 5209 1912 5248 con—

253 5277 566 5337 fe'sssiohi's
579 5278 850 5334 conscius
863 5263 1172 5334 exstitira-d
1181 5279 1419 5334 modum
1443 5279 1755 5351 pcenitente
1771 5279 1916 5335 didi-

255 5369 592 5438 cimus,hoc
606 5367 884 5426 fratribus
897 5373 954 5425 et
966 5369 1325 5442 coepiscopis
1331 5369 1500 5441 juxta
1517 5369 1912 5426 conditionem

255 5458 404 5518 datae
437 5455 692 5516 licentiae
719 5455 850 5514 viva
877 5475 1014 5515 voce
1043 5459 1402 5515 narrandum
1434 5461 1540 5526 est,
1573 5463 1640 5512 ut
1669 5455 1821 5513 sicut
1851 5459 1910 5514 in

253 5547 580 5622 primordio
630 5544 858 5604 dictum
907 5553 1015 5615 est,
1049 5565 1184 5604 cum
1235 5551 1581 5622 argumenta
1627 5547 1912 5604 hactenus

255 5636 494 5696 latentis
523 5654 718 5694 causa:
757 5636 1141 5710 perceperint,
1177 5653 1290 5692 uno
1339 5636 1657 5708 eodemque
1705 5653 1910 5693 omnes

257 5717 502 5786 consilio
553 5727 612 5782 et
641 5735 934 5782 consensu
970 5735 1225 5783 errarem
1273 5723 1560 5798 expellant
1609 5727 1665 5780 et
1709 5741 1910 5784 verum

2020 4750 2164 4815 ιω,
2198 4745 2300 4802 lib.
2335 4765 2420 4813 ιιι,
2454 4763 2503 4801 c.
2541 4745 2590 4819 1)
2625 4763 2637 4799 :
2673 4770 2699 4795 α
2727 4741 2845 4802 Hoc
2895 4746 3076 4814 enim,
3108 4745 3400 4820 inquiens,
3443 4747 3670 4803 videtur

2019 4837 2230 4908 dicere,
2246 4852 2485 4909 peccare
2513 4835 2832 4902 hominem,
2847 4852 2962 4908 quo
2986 4833 3260 4891 audiente
3272 4836 3436 4908 jurat
3455 4831 3668 4906 aliquis

2019 4923 2328 4992 falsum,et
2357 4921 2470 4980 scit
2489 4940 2624 4979 eum
2659 4921 2871 4978 falsum
2895 4923 3096 4995 jurare
3117 4926 3174 4978 et
3194 4926 3365 4978 tacet.
3381 4923 3545 4978 Tunc
3571 4921 3678 4979 ειη-⁵

2019 5018 2136 5070 tem
2169 5013 2298 5079 scit,
2327 5013 2376 5068 si
2409 5011 2463 5068 ei
2493 5011 2576 5068 rei
2608 5011 2678 5067 de
2709 5028 2826 5084 qua
2846 5011 3083 5084 juratur
3129 5011 3297 5067 testis
3342 5011 3532 5080 fuerit,
3567 5015 3670 5068 aut

2018 5103 2300 5172 vidit,aut
2321 5099 2592 5158 conscius
2623 5101 2752 5169 fuit,
2770 5097 2830 5155 id
2851 5097 3158 5173 est,aliquo
3181 5099 3352 5156 modo
3374 5101 3664 5174 cognovit,

2023 5195 2126 5248 aut
2157 5190 2342 5248 oculis
2369 5189 2492 5246 suis
2521 5187 2840 5262 conspexit,
2856 5191 2957 5243 aut
2987 5185 3110 5260 ipse
3139 5187 3239 5260 qui
3263 5189 3427 5260 jurat
3461 5187 3546 5244 illi
3578 5189 3665 5244 in-

2021 5280 2254 5348 dicavit,
2281 5280 2364 5336 ita
2409 5277 2563 5334 enim
2610 5275 2801 5350 potuit
2849 5293 2977 5332 esse
3034 5275 3325 5332 conscius.
3355 5277 3466 5333 Sed
3516 5277 3667 5334 inter

2019 5371 2291 5426 timorem
2324 5369 2501 5440 hujus
2530 5365 2768 5439 peccati,
2789 5369 2844 5420 et
2873 5364 3143 5420 timorem
3179 5363 3528 5437 proditionis
3557 5365 3666 5422 ho-

2022 5460 2272 5527 minum,
2305 5476 2420 5514 non
2451 5473 2627 5529 parva
2655 5457 2844 5510 exstat
2873 5453 3218 5526 plerumque
3238 5451 3503 5511 tentatio.
3529 5455 3666 5512 Pos-

2021 5567 2229 5606 sumus
2259 5547 2414 5604 enim
2446 5548 2714 5617 paratum
2735 5541 2806 5597 ad
2832 5541 3155 5614 periurium
3185 5543 3554 5607 admonendo
3579 5541 3666 5601 vel

2019 5636 2384 5712 prohibendo
2405 5651 2439 5689 a
2454 5637 2572 5688 tam
2596 5629 2751 5705 gravi
2777 5633 3012 5702 peccato
3036 5625 3326 5704 revocare;
3352 5634 3452 5691 sed
3475 5633 3524 5691 si
3547 5649 3664 5690 non
3753 5707 3762 5712 _

2020 5727 2290 5793 audierit,
2325 5727 2382 5780 et
2411 5738 2605 5779 coram
2638 5718 2804 5776 nobis
2835 5720 2904 5778 de
2932 5737 2993 5776 re
3023 5734 3200 5796 quam
3233 5721 3400 5780 nobis
3443 5717 3662 5784 indica.-
