4148 6452
489 393 609 458 635

1433 384 1814 447 HINCMARI
1859 381 2132 445 RHEME
2148 379 2305 444 ‘iSlS
2347 379 2940 442 ARCHIEPISCOPI

3771 378 3898 442 636

485 531 648 586 verat
677 524 890 584 falsum
912 519 1432 596 juraverit,utrum
1455 517 1790 592 prodendus
1810 515 1906 584 sit,
1922 515 1972 572 si
1999 531 2128 589 pro-
2159 515 2215 582 Α
2314 515 2532 570 Textus
2557 512 2736 571 libelli
2783 517 3008 587 septem
3055 512 3446 586 capitulorum
3481 511 3675 570 taliter
3703 512 3889 569 conti-

483 619 644 676 ditus
673 617 851 672 etiam
875 615 933 669 in
966 609 1294 686 periculum
1318 609 1522 664 mortis
1546 609 1824 674 incurrat,
1850 604 2122 661 difficilli-

484 727 583 766 ma
611 705 854 781 quaestio
875 706 985 758 est.
1004 701 1116 758 Sed
1150 699 1288 772 quia
1315 716 1429 754 non
1459 697 1743 769 expressit
1777 695 1869 750 cui
1903 695 2010 749 hoc
2041 693 2128 748 in-

482 797 802 854 dicandum
833 796 1006 857 esset,
1040 794 1239 844 utrum
1271 787 1352 842 illi
1385 785 1477 843 cui
1507 786 1918 856 adjuratur,an
1946 799 2132 838 sacer-

483 887 628 954 doti,
655 883 743 941 vel
766 881 1022 954 cuipiam
1047 879 1146 950 qui
1179 895 1293 933 non
1325 876 1515 932 solum
1549 892 1684 930 eum
1725 873 1824 946 qui
1860 871 2127 944 persequi

483 992 598 1032 non
631 977 824 1046 potest
853 968 1163 1041 irrogando
1194 964 1548 1038 supplicium
1583 961 1683 1016 sed
1733 960 1911 1015 etiam
1965 975 2128 1014 orare

481 1082 584 1138 pro
616 1062 714 1118 illo
744 1063 954 1134 potest,
981 1057 1208 1112 videtur
1238 1053 1380 1108 mihi
1426 1052 1581 1124 quod
1633 1067 1692 1106 se
1739 1049 1916 1138 homo,
1946 1046 2130 1138 solvat

479 1135 659 1210 etiam
690 1169 725 1206 a
752 1146 970 1222 peccati
993 1141 1308 1211 vinculo,si
1340 1139 1554 1196 indicet
1582 1138 1797 1194 talibus
1821 1137 1920 1210 qui
1943 1135 2128 1208 magis

481 1242 729 1316 possunt
747 1237 1024 1310 prodesse
1055 1249 1230 1306 quam
1262 1231 1466 1286 obesse
1490 1229 1744 1300 perjuro,
1767 1226 1884 1282 sive
1913 1226 1986 1280 ad
2009 1241 2130 1279 eor-

480 1314 809 1403 rigendum,
843 1324 963 1381 sive
993 1324 1062 1378 ad
1097 1322 1278 1376 Deum
1316 1337 1417 1392 pro
1451 1318 1546 1373 illo
1599 1316 1974 1389 placandum,
2007 1314 2126 1370 sive

477 1419 604 1492 ipse
633 1412 983 1474 confessioni
1016 1409 1287 1466 adhibeat
1312 1406 1663 1462 medicinam
1685 1409 1742 1459 et
1769 1408 1977 1459 caetera
1997 1420 2124 1474 quae

481 1507 562 1564 ibi
622 1502 1013 1580 prosequitur.
1050 1523 1077 1548 ››
1136 1498 1298 1564 Quod
1361 1501 1556 1552 autem
1607 1496 1678 1550 de
1720 1511 1836 1549 uno
1891 1495 2125 1564 peccato

478 1597 755 1657 diximus,
787 1593 858 1648 de
915 1590 1044 1646 aliis
1101 1588 1276 1643 etiam
1328 1587 1479 1644 573
1537 1585 1710 1640 debet
1763 1581 2128 1653 intelligi.Et

477 1686 750 1744 Salomon
809 1681 952 1737 dicit
985 1695 998 1736 :
1033 1680 1148 1750 Qui
1188 1677 1434 1732 ambulat
1489 1674 1890 1746 fraudulenter,
1924 1673 2125 1728 revelat

477 1791 722 1842 arcana,-
751 1773 850 1844 qui
878 1778 1059 1825 autem
1087 1767 1264 1839 ﬁdelis
1291 1774 1388 1832 est,
1408 1765 1588 1819 animi
1615 1763 1751 1818 rclat
1779 1762 2126 1816 commissam

476 1863 656 1936 (Prov.
688 1877 764 1927 x1,
802 1859 910 1927 13).
945 1857 1013 1912 Et
1060 1857 1300 1910 sanctus
1358 1851 1672 1924 Gregorius
1729 1851 1786 1904 in
1841 1848 2121 1904 Pastorali

476 1946 678 2022 regula
723 1947 890 2018 (part.
924 1961 986 2011 ιι,
1037 1959 1157 2013 cap.
1210 1941 1265 2012 5)
1311 1939 1498 1995 dicit:
1538 1963 1558 1988 α
1595 1936 1786 2004 Tales,
1833 1936 2124 2008 inquiens,

475 2054 603 2095 sese
633 2035 730 2108 qui
764 2036 1025 2107 praesunt
1044 2029 1373 2096 exhibeant,
1391 2027 1606 2100 quibus
1631 2025 1878 2098 subjecti
1901 2023 2130 2080 occulta

475 2141 710 2199 quoque
739 2140 849 2180 sua
878 2121 1121 2194 prodere
1143 2135 1256 2172 non
1288 2117 1664 2183 erubescant;
1699 2121 1763 2170 ut
1783 2132 1916 2170 cum
1949 2118 2129 2170 tenta-

476 2215 702 2272 tionum
721 2213 934 2268 fluctus
951 2207 1173 2282 parvuli
1197 2206 1466 2273 tolerant,
1481 2207 1550 2260 ad
1575 2205 1828 2277 pastoris
1848 2208 2125 2270 mentem,

476 2303 646 2378 quasi
678 2302 750 2358 ad
783 2299 990 2355 matris
1023 2298 1240 2365 sinum,
1267 2299 1598 2361 recurrant;
1627 2299 1683 2349 et
1712 2293 1820 2349 hoc
1860 2293 2016 2365 quod
2065 2309 2128 2347 se

476 2391 774 2467 inquinari
836 2387 1126 2462 pulsantis
1201 2385 1384 2458 culpae
1451 2384 1724 2440 sordibus
1790 2382 2124 2456 praevidcnt,

476 2478 896 2540 exhortationis
924 2477 1054 2548 ejus
1085 2473 1290 2532 solatio
1323 2490 1388 2529 ac
1419 2473 1694 2546 lacrymis
1732 2471 2012 2528 orationis
2043 2471 2126 2525 la-

474 2574 631 2629 vent.
650 2576 677 2620 ἱ)
703 2571 771 2625 Et
800 2571 1005 2623 notum
1038 2565 1108 2620 de
1137 2565 1328 2637 seipse
1363 2563 1676 2634 unicuique
1708 2565 1955 2627 constat,
1989 2560 2128 2632 quia

477 2676 650 2718 nemo
675 2662 764 2714 est
795 2656 896 2728 qui
927 2654 1162 2727 praelato
1193 2669 1298 2707 suo
1331 2657 1570 2724 peccata
1599 2669 1708 2706 sua
1738 2651 1979 2722 prodere
2011 2666 2125 2703 non

475 2747 805 2812 erubescat,
843 2743 893 2800 si
924 2759 986 2799 se
1016 2740 1298 2796 denudari
1343 2739 1430 2794 vel
1479 2737 1763 2812 publicari
1815 2736 2122 2808 putaverit.

475 2838 547 2895 Et
576 2837 637 2892 in
669 2830 1108 2907 Carthaginensi
1137 2828 1382 2885 concilio
1403 2826 2123 2900 praecipitur(rmzc.6arth.

475 2945 553 2994 Iv,
584 2942 708 2981 can.
738 2922 828 2992 23)
855 2938 868 2976 :
891 2944 921 2971 «
954 2919 1028 2976 Ut
1057 2919 1367 2992 episcopus
1397 2915 1619 2972 nullius
1639 2933 1878 2972 causam
1903 2914 2122 2982 audiat,

475 3017 545 3072 de
601 3031 718 3088 qua
757 3012 808 3068 ei
864 3026 1102 3066 necesse
1149 3007 1261 3064 erit
1312 3006 1542 3080 publice
1583 3006 1872 3078 judicare,
1905 3005 2126 3076 absque

475 3101 784 3178 praesentia
811 3099 1154 3156 clericorum
1185 3113 1464 3163 suorum;
1498 3094 1759 3166 alioquin
1809 3093 1974 3148 irrita
2019 3091 2129 3148 erit

474 3189 764 3249 sententia
800 3185 1079 3260 episcopi,
1115 3185 1227 3241 nisi
1272 3183 1584 3257 praesentia
1614 3181 1956 3239 clericorum
1991 3198 2124 3236 suo-

2241 607 2429 658 netur.

2309 691 2444 747 CAP.
2483 692 2524 748 Ι.
2563 714 2591 742 ‹‹
2625 691 2939 764 Postquam
2999 693 3253 747 domnus
3312 697 3508 748 noster
3549 691 3886 760 Lotharius,

2238 780 2651 837 serenissimus
2673 799 2738 836 ac
2769 781 3229 854 gloriosissimus
3253 782 3728 854 rex,Tetbergam
3751 799 3886 838 cum

2239 886 2526 925 consensu
2539 875 2592 924 et
2606 869 2900 926 voluntate
2915 870 3176 926 ﬁdelium
3190 888 3428 927 suorum
3452 871 3524 926 ad
3541 871 3884 944 conjugium

2239 975 2396 1014 more
2430 958 2608 1030 regali
2641 959 2752 1014 sibi
2778 959 3038 1028 sociavit,
3076 964 3133 1014 et
3159 959 3587 1016 discordiarum
3638 959 3886 1032 querela

2237 1047 2388 1102 inter
2417 1063 2514 1102 eos
2541 1052 2840 1120 cmperunt
2867 1048 3096 1114 exoriri,
3132 1047 3355 1104 dictum
3385 1053 3474 1104 est
3502 1048 3694 1104 eidem
3729 1048 3888 1122 prin-

2236 1135 2351 1206 cipi
2396 1152 2430 1191 a
2479 1135 2833 1208 quibusdam
2883 1137 3175 1208 quomodo
3233 1141 3558 1203 memorata
3602 1137 3890 1210 Tetberga

2236 1225 2428 1280 scelus
2457 1225 2750 1296 quoddam
2779 1225 3055 1282 horribile
3077 1243 3143 1281 ac
3162 1226 3322 1281 nefas
3343 1230 3640 1298 patratum
3673 1225 3888 1284 vulnus

2234 1313 2530 1369 occultum
2555 1315 2610 1369 in
2643 1315 2839 1370 animo
2871 1313 2990 1371 sive
3020 1315 3077 1370 in
3111 1331 3350 1388 corpore
3379 1315 3637 1383 haberet,
3671 1314 3732 1370 in
3773 1333 3886 1388 quo

2235 1401 2419 1457 Deum
2441 1402 2691 1475 graviter
2720 1403 3007 1460 olfensum
3037 1403 3298 1470 haberet,
3321 1420 3424 1476 pro
3446 1421 3562 1476 quo
3594 1403 3773 1460 etiam
3799 1404 3882 1460 illi

2237 1507 2352 1545 non
2381 1495 2532 1546 esset
2562 1491 2759 1564 digna,
2786 1509 2972 1564 neque
3003 1491 3200 1548 liceret
3231 1491 3318 1548 vel
3351 1509 3486 1548 eum
3532 1493 3769 1550 deceret
3816 1493 3886 1549 ad

2235 1578 2576 1652 conjugium
2609 1598 2735 1635 eam
2764 1580 3020 1652 amplius
3051 1580 3284 1636 habere.

2305 1670 2437 1724 CAP.
2475 1669 2544 1724 Il.
2583 1691 2608 1720 ‹‹
2641 1671 2721 1725 Ex
2768 1670 3040 1742 opinione
3091 1689 3222 1726 vero
3273 1671 3600 1744 prmmissa,
3635 1689 3767 1745 quae
3819 1674 3889 1730 de

2232 1756 2333 1814 illa
2363 1775 2466 1830 per
2495 1775 2594 1814 ora
2624 1760 3014 1831 quorumdam
3047 1759 3340 1826 volitabat,
3375 1761 3652 1832 przefatus
3683 1779 3782 1818 rex
3833 1761 3890 1818 in

2236 1851 2549 1920 conspectu
2609 1847 2865 1904 fidelium
2923 1865 3166 1904 suorum
3219 1855 3440 1906 secrete
3467 1867 3536 1906 ac
3579 1851 3889 1908 manifeste

2239 1935 2392 1991 574
2423 1937 2754 2008 frequenter
2781 1936 3106 1994 collocutus
3125 1937 3328 2006 fuit,et
3356 1955 3492 1994 cum
3513 1939 3600 1994 eis
3633 1939 3888 1998 rationes

2236 2024 2927 2096 habuit,undejudicium
2947 2030 3148 2098 postea
3165 2043 3267 2098 per
3286 2026 3549 2100 ipsorum
3572 2028 3888 2085 consilium

2236 2113 2459 2169 exstitit
2491 2115 2848 2181 factum,sed
2882 2132 2996 2171 non
3028 2114 3224 2171 divina
3252 2114 3438 2188 pietas
3469 2115 3788 2190 indulgens
3811 2119 3892 2174 rei

2233 2202 2536 2258 veritatem
2569 2203 2940 2259 manifestare
2961 2202 3160 2272 voluit,
3195 2205 3295 2260 sed
3327 2222 3462 2260 cum
3513 2208 3890 2278 postmodum

2236 2290 2308 2346 ad
2341 2289 2576 2347 fratrem
2611 2308 2784 2347 suum
2821 2291 3176 2348 Ludovicum
3209 2293 3621 2365 imperatorem
3674 2296 3736 2350 in
3778 2297 3888 2353 Ita-

2235 2377 2374 2434 liam
2405 2379 2752 2448 devenisset,
2789 2379 2926 2436 illuc
2959 2380 3216 2454 apertius
3246 2386 3542 2455 patratum
3577 2384 3774 2440 scelus
3804 2391 3891 2442 est

2236 2466 2320 2522 illi
2354 2468 2815 2524 manifestatum.

2307 2557 2437 2612 CAP.
2473 2557 2568 2612 [ΙΙ.
2607 2557 2900 2616 «Proinde
2920 2576 2990 2615 ne
3012 2559 3269 2632 suspicio
3303 2560 3414 2617 ista
3442 2564 3498 2617 et
3519 2563 3885 2634 nequissima

2237 2645 2394 2701 fama
2421 2647 2492 2704 de
2518 2663 2694 2703 uxore
2711 2647 2870 2719 regia
2891 2647 3112 2705 diutius
3138 2647 3534 2707 inexaminata
3552 2657 3655 2706 aut
3677 2650 3888 2725 impro-

2236 2735 2370 2791 bata
2393 2740 2975 2808 maneret,quatenus
2995 2737 3150 2794 idem
3174 2738 3449 2794 dominus
3469 2741 3887 2798 nostercertior

2235 2824 2607 2896 securiorque
2666 2826 2905 2882 effectus
2957 2827 3029 2882 de
3065 2826 3174 2882 hac
3220 2843 3417 2896 causa,
3453 2845 3589 2885 cum
3641 2847 3771 2903 quae
3805 2830 3884 2886 illi

2235 2915 2460 2987 agenda
2488 2918 2656 2970 erant
2687 2930 2847 2971 more
2892 2914 3069 2988 regali
3118 2913 3362 2972 liberius
3406 2925 3884 2990 exsequerentur,

2235 3007 2630 3059 convenerunt
2642 3004 2814 3075 jussu
2839 3005 3103 3076 ejusdem
3125 3005 3428 3079 principis,
3445 3023 3598 3064 anno
3619 3008 3887 3066 videlicet

2237 3092 2658 3149 Incarnationis
2690 3093 3003 3150 Dominicae
3034 3096 3140 3150 860
3169 3097 3225 3152 et
3273 3095 3436 3169 regni
3485 3097 3615 3169 ejus
3648 3115 3702 3166 v,
3737 3098 3886 3154 indi-

2236 3181 2425 3238 ctione
2455 3199 2574 3238 VIII.
2608 3199 2644 3237 v
2675 3182 2810 3238 Idus
2841 3181 3125 3252 Januarii,
3151 3183 3332 3256 Aquis
3361 3183 3598 3258 palatio,
3625 3187 3886 3244 Guntha-

476 3296 609 3337 rum
641 3259 1034 3334 confirmetur.
1064 3297 1092 3324 »
1126 3275 1196 3329 Et
1227 3272 1512 3328 Dominus
1558 3271 1618 3326 in
1668 3271 1978 3343 Evangelio
2026 3270 2123 3325 de-
2155 3259 2198 3325 C
2239 3270 2360 3327 rius
2377 3271 2983 3344 sumnuscapellanus
3005 3272 3488 3347 etTheotgaudus
3504 3275 3889 3349 archiepisco-

475 3367 866 3438 linquentem,
921 3361 1184 3417 adhibito
1242 3377 1358 3415 uno
1415 3359 1503 3415 vel
1571 3359 1800 3414 duobus
1867 3358 2128 3431 praecipit

475 3451 833 3512 commoneri
865 3449 1076 3520 (Matth.
1107 3453 1288 3518 xvm),
1314 3466 1385 3504 ne
1417 3447 1650 3520 quando
1681 3448 1753 3502 ad
1805 3445 2126 3503 Ecclesiam

476 3541 654 3600 fuerit
695 3539 1096 3606 deferendum,
1133 3537 1230 3610 qui
1281 3540 1606 3604 monuerat,
1643 3554 1754 3592 non
1817 3540 2122 3602 corrector,

477 3633 603 3698 sed,
627 3629 1034 3686 deficientibus
1069 3627 1336 3694 testibus,
1363 3627 1664 3699 judicetur
1693 3625 1886 3699 potius
1929 3624 2124 3680 crimi-

477 3727 668 3780 nator.

548 3810 744 3868 Tertia
773 3825 952 3865 causa
975 3811 1063 3862 est
1081 3807 1220 3879 quia
1236 3807 1306 3862 de
1335 3805 1694 3862 absconditis
1719 3804 1986 3878 judicare
2010 3821 2124 3858 non

476 3915 814 3975 possumus,
851 3913 955 3952 nec
981 3897 1285 3964 debemus,
1319 3913 1444 3968 quae
1488 3913 1594 3950 nos
1637 3894 1839 3962 latent,
1875 3893 2029 3948 sicut
2072 3895 2129 3948 et

475 3989 597 4046 haec
625 4005 821 4053 causa,
855 4003 982 4059 quae
1013 3984 1200 4040 latens
1230 3985 1288 4039 in
1331 3989 1466 4039 ante
1499 3984 1612 4039 fato
1642 3981 1838 4038 libello
1869 3998 2124 4054 pronun-

473 4079 674 4148 tiatur,
689 4081 746 4131 et
774 4073 982 4130 nesciri
1009 4092 1042 4129 a
1074 4073 1240 4129 nobis
1269 4077 1546 4145 perpetuo
1569 4072 1820 4144 cupitur,
1836 4069 1885 4126 si
1907 4074 2126 4124 secreto

475 4165 720 4222 consilio
749 4161 942 4220 sanari
976 4162 1271 4233 nequitur.
1298 4162 1367 4216 Et
1395 4161 1673 4232 quoniam
1705 4161 1776 4216 de
1807 4158 2126 4214 latentibus

467 4253 737 4328 judicare
767 4268 882 4306 non
906 4267 1247 4322 possumus,
1269 4250 1472 4304 beatus
1496 4246 1868 4304 Innocentius
1889 4248 1961 4302 ad
1983 4248 2126 4302 Exu-

475 4343 704 4418 perium
749 4339 1106 4396 Tolosanum
1165 4337 1370 4394 scribit
1425 4337 1764 4410 episcopum
1813 4338 1990 4409 (epist.
2036 4335 2123 4402 11,

473 4450 594 4504 cap.
627 4430 700 4501 4),
734 4428 1125 4500 requirentem
1159 4445 1265 4482 cur
1311 4427 1814 4483 communicantes
1852 4426 1954 4481 viri
1990 4443 2125 4481 eum

475 4519 760 4577 adulteris
793 4516 1072 4572 uxoribus
1097 4535 1206 4570 non
1229 4515 1593 4583 conueniant,
1615 4535 1746 4571 cum
1771 4519 1972 4571 contra
1993 4533 2128 4570 uxo-

477 4627 570 4666 res
601 4608 659 4663 in
687 4604 980 4663 consortio
1023 4605 1420 4660 adulterorum
1468 4605 1722 4660 virorum
1767 4623 1998 4660 manere
2044 4605 2124 4660 vi-
2157 4635 2203 4698 υ

475 4702 746 4764 deantur,
778 4711 912 4752 cum
943 4711 1120 4766 super
1149 4694 1256 4750 hoc
1287 4695 1618 4751 Christiana
1650 4694 1850 4767 religio
1899 4693 2122 4750 adulte-

477 4787 632 4846 rium
662 4787 723 4842 in
757 4787 1003 4856 utroque
1025 4801 1162 4840 sexu
1187 4783 1312 4856 pari
1336 4784 1556 4840 ratione
1574 4785 1941 4839 condemnet.
1959 4783 2128 4855 {Quia

473 4877 627 4937 viros
658 4891 818 4946 suos,
851 4871 1144 4945 inquiens,
1171 4871 1444 4928 mulieres
1464 4891 1576 4929 non
1609 4873 1775 4930 facile
1806 4873 1877 4928 de
1907 4871 2128 4927 adulte-

476 4967 562 5022 rio
593 4966 893 5029 accusant,
924 4965 982 5017 et
1010 4979 1125 5017 non
1174 4961 1392 5018 habent
1442 4962 1681 5018 latentia
1728 4966 1963 5034 peccata
2001 4961 2124 5016 vin-

475 5055 716 5112 dictam.
747 5051 870 5107 Viri
901 5055 1098 5107 autem
1130 5049 1371 5106 liberius
1405 5069 1611 5108 uxores
1643 5052 1938 5106 adulteras
1969 5053 2123 5123 apud

477 5144 807 5199 sacerdotes
838 5141 1061 5196 deferre
1092 5145 1544 5210 consueverunt;
1581 5145 1638 5195 et
1686 5141 1814 5195 ideo
1866 5139 2124 5194 mulieri-

477 5233 608 5298 bus,
641 5232 865 5303 prodito
887 5247 1088 5286 earum
1121 5229 1384 5298 crimine,
1402 5230 1738 5284 communio
1761 5230 2084 5301 denegatur
2108 5247 2119 5284 :

475 5321 736 5375 vicorum
768 5325 962 5375 autem
995 5319 1209 5375 latente
1251 5319 1588 5387 commisso,
1625 5337 1738 5374 non
1773 5319 1938 5374 facile
1964 5320 2124 5391 quis-

478 5425 659 5480 quam
690 5425 759 5463 ex
789 5409 1225 5481 suspicionibus
1257 5409 1605 5475 abstinetur,
1629 5408 1730 5480 qui
1758 5408 1956 5479 utique
1988 5409 2124 5464 sub-

480 5495 823 5564 movebitur,
857 5499 904 5551 si
937 5499 1064 5568 ejus
1115 5497 1398 5570 flagitium
1451 5499 1772 5571 detegatur.
1808 5498 1952 5553 Cum
1990 5516 2126 5570 ergo

479 5601 586 5659 par
612 5600 791 5640 causa
822 5585 916 5654 sit,
948 5587 1240 5642 interdum
1296 5586 1635 5659 probatione
1683 5593 1968 5654 cessante,
2001 5588 2124 5644 vin-

480 5673 648 5731 dictae
681 5672 826 5731 ratio
855 5665 1258 5748 conquiescit.)

2235 3360 2316 3432 pi,
2347 3361 2664 3416 Adventius
2697 3364 2754 3416 et
2784 3361 3002 3417 France
3033 3361 3310 3434 episcopi,
3345 3363 3530 3438 Hegil,
3563 3368 3624 3420 et
3654 3365 3887 3422 Odelin-

2235 3466 2348 3523 gus
2377 3449 2635 3518 abbates,
2671 3448 2789 3505 sive
2833 3448 2930 3505 alii
2977 3450 3178 3507 ﬁdeles
3224 3452 3374 3523 ejus.
3423 3451 3648 3518 Quibus
3687 3453 3888 3509 omnia

2236 3538 2508 3611 superius
2555 3537 2776 3593 inserta
2815 3540 3377 3610 referens,jubendo
3427 3541 3660 3598 monuit
3710 3559 3884 3614 praes-

2185 3621 2198 3640 ’
2237 3627 2454 3700 criptos
2487 3626 2789 3700 episcopos
2835 3632 3009 3700 atque
3038 3629 3575 3702 abbates,dirigens
3607 3631 3681 3687 ad
3725 3630 3884 3687 illam

2238 3720 2302 3772 ut
2333 3716 2402 3772 de
2434 3716 2712 3789 praedicta
2742 3716 2898 3772 fama
2928 3717 3082 3789 apud
3114 3734 3244 3774 eam
3273 3735 3508 3775 omnem
3541 3719 3623 3775 rei
3673 3719 3886 3776 verita-

2237 3811 2355 3861 tem
2386 3805 2990 3878 pcrquirerent,sicuti
3023 3810 3080 3862 et
3112 3807 3390 3863 fecerunt.
3410 3809 3558 3864 Nam
3588 3808 3722 3882 ipsa
3748 3827 3890 3866 con-

2237 3895 2392 3950 fessa
2434 3900 2523 3950 est
2568 3894 2672 3961 eis,
2704 3912 2899 3950 coram
2947 3896 3063 3951 Deo
3118 3901 3177 3952 et
3225 3895 3449 3970 angelis
3502 3898 3654 3969 ejus,
3689 3897 3889 3954 omnia

2237 3975 2482 4056 qumque
2514 3985 2570 4039 in
2602 3984 2700 4040 illa
2719 3990 3205 4057 erant,omneque
3237 3987 3716 4058 secretumjuxta
3733 4005 3890 4044 exor-

2235 4077 2356 4128 tam
2395 4075 2610 4129 faniam
2642 4074 2876 4146 penitus
2905 4073 3177 4146 apparuit
3221 4073 3360 4142 illis,
3391 4075 3624 4148 ipsique
3675 4076 3886 4133 reversi

2237 4162 2655 4217 nuntiaverunt
2685 4161 2956 4234 prmdicto
2991 4163 3108 4235 regi
3160 4163 3312 4234 quod
3351 4164 3424 4219 ad
3481 4181 3724 4221 uxorem
3776 4182 3888 4222 non

2237 4249 2435 4306 liceret
2465 4248 2548 4304 illi
2577 4267 2707 4306 eam
2738 4250 2972 4306 habere.

2307 4343 2438 4394 CAP.
2473 4338 2564 4395 IV.
2598 4363 2626 4388 «
2663 4338 2891 4394 Primus
2943 4339 3303 4397 Guntharius
3351 4340 3496 4396 dixit
3547 4359 3561 4397 :
3607 4343 3888 4400 Confessa

2237 4434 2325 4485 est
2347 4430 2460 4484 Deo
2481 4432 2539 4484 et
2567 4429 2735 4484 nobis
2757 4429 2912 4500 quod
2935 4428 3148 4484 vulnus
3179 4429 3238 4485 in
3271 4448 3332 4486 se
3348 4430 3589 4487 haberet
3611 4432 3882 4501 interius,

2238 4537 2351 4574 non
2383 4523 2576 4575 tamen
2609 4536 2716 4574 sua
2747 4523 2972 4590 sponte,
2999 4520 3100 4573 sed
3146 4518 3424 4575 violenter
3471 4520 3583 4575 sibi
3632 4520 3884 4588 illatum,

2238 4627 2339 4680 pro
2362 4626 2475 4681 quo
2507 4607 2814 4680 indignum
2836 4625 2898 4664 se
2919 4625 3047 4663 esse
3066 4608 3607 4680 omninojudicavit
3628 4612 3700 4666 ad
3727 4628 3884 4683 rega-

2232 4697 2345 4753 lem
2379 4699 2498 4754 sive
2519 4697 2847 4754 maritalem
2879 4701 3068 4754 torum
3085 4699 3212 4769 jam
3237 4697 3483 4755 ulterius
3510 4701 3808 4768 accedere,
3831 4705 3886 4756 et

2235 4787 2568 4843 nullatenus
2595 4792 2792 4859 posset
2823 4805 2924 4860 pro
2958 4788 3230 4859 praedicto
3261 4787 3496 4852 scelere,
3529 4790 3688 4860 quod
3720 4794 3886 4862 turpe

2233 4881 2323 4932 cst
2353 4875 2560 4942 dicere,
2596 4876 2935 4949 conjugium
2986 4875 3267 4932 famulare
3317 4893 3450 4932 cum
3499 4893 3588 4944 eo,
3618 4875 3708 4934 vel
3753 4894 3884 4933 cum

2234 4964 2493 5036 quolibet
2522 4963 2776 5036 amplius
2821 4965 3032 5021 habere
3065 4981 3078 5020 :
3112 4969 3168 5020 et
3199 4965 3326 5020 ideo
3357 4966 3666 5037 deprecata
3695 4972 3786 5023 est
3812 4965 3882 5022 li-

2234 5052 2484 5110 centiam
2509 5051 2621 5109 sibi
2651 5054 2777 5109 dari
2811 5053 3078 5109 mutandi
3111 5054 3448 5110 saecularem
3481 5054 3888 5123 habitum,eta

2232 5140 2382 5197 virili
2412 5142 2818 5198 commistione
2863 5142 3221 5209 discedendi,
3256 5142 3418 5199 nulla
3469 5143 3884 5200 interveniente

2233 5231 2435 5286 fraude
2469 5231 2902 5298 iracundiae,\-'el
2935 5233 3109 5286 etiam
3143 5231 3456 5298 voluntate,
3481 5250 3660 5304 quam
3683 5238 3880 5288 contra

2235 5320 2506 5375 eumdem
2540 5337 2733 5392 regem
2758 5321 3017 5388 haberet,
3035 5321 3135 5375 sed
3165 5319 3366 5388 ut,illa
3385 5321 3878 5392 discedente,ipse

2236 5409 2434 5465 animo
2456 5414 2514 5464 et
2533 5425 2770 5482 corpore
2793 5408 3097 5478 solaretur,
3113 5414 3170 5464 ct
3191 5409 3318 5482 ipsa
3339 5409 3491 5482 quod
3523 5409 3724 5484 inique
3743 5410 3875 5482 egit,

2236 5516 2338 5572 per
2366 5498 2465 5554 Dei
2500 5497 2981 5564 misericordiam,
3014 5503 3070 5554 et
3100 5499 3438 5554 corumdem
3472 5500 3874 5572 episcoporum

2234 5587 2544 5655 orationes,
2580 5588 2792 5644 deflere
2825 5587 3132 5658 potuisset.

2305 5679 2435 5734 CAP.
2467 5676 2534 5730 V.
2572 5698 2598 5727 ι(
2628 5676 2947 5733 Adventius
3009 5678 3153 5734 dixit
3185 5696 3197 5734 :
3232 5678 3348 5735 Hoc
3408 5695 3502 5736 me
3553 5678 3776 5737 facinus
3820 5679 3874 5732 et
