4148 6464
277 415 394 482 637

1202 425 1305 487 DE
1347 425 1718 488 DIVORTIO
1761 426 2135 490 LOTHARII
2178 429 2282 491 ET
2321 431 2762 496 TETBERG/E

3559 443 3680 508 638

275 549 493 607 factum
525 549 812 643 hactenus
858 552 1052 624 latuit,
1077 560 1137 612 et
1166 557 1330 614 nefas
1359 562 1448 614 est
1475 557 1620 614 illud
1652 561 1718 614 ut
1759 558 1921 614 dein-
1952 559 2008 626 Α
2043 561 2482 620 fornicationem
2505 567 2762 623 exercuit
2791 572 2849 625 et
2865 572 3231 643 perpetravit.
3252 574 3369 632 Hoc
3399 576 3681 634 testiﬁcor

275 655 412 712 ceps
432 655 594 697 more
622 641 802 698 maris
833 646 893 698 et
922 643 1150 700 femina:
1173 645 1350 702 simul
1373 647 1750 703 conveniatis.
1775 649 1845 703 Et
1874 647 1924 703 si

271 730 494 795 tamen,
513 731 576 784 ut
597 729 763 802 prius
793 729 924 799 fuit,
943 731 1107 788 vobis
1139 738 1293 789 esset
1323 735 1593 790 amabilis
1615 740 1672 791 et
1691 735 1921 804 dilecta,

271 816 474 872 darem
503 817 669 873 vobis
691 817 1003 876 consilium
1023 823 1345 877 secundum
1364 823 1753 878 ministerium
1778 824 1923 879 mihi

271 904 681 971 commissum,
711 911 770 962 ct
799 908 1106 980 probarem
1137 909 1375 966 omnino
1398 927 1468 966 ne
1493 911 1736 968 ulterius
1758 911 1923 969 lateri

267 999 462 1052 vestro
493 995 816 1052 sociaretur
845 997 1018 1052 sicuti
1061 999 1294 1070 conjux,
1329 1000 1428 1055 sed
1472 1001 1644 1072 juxta
1689 1001 1922 1073 petitio-

268 1099 405 1139 nem
439 1085 570 1156 ejus
601 1085 793 1140 velum
825 1087 1090 1159 accipere
1117 1092 1174 1144 et
1221 1087 1488 1144 habitum
1539 1093 1766 1145 mutare
1815 1091 1924 1146 hoc

267 1172 704 1244 permitteretis.

335 1260 476 1316 CAP.
509 1261 605 1316 VI.
642 1283 670 1312 «
703 1262 986 1319 Similiter
1031 1265 1404 1338 Teotgaudus
1449 1265 1922 1339 archiepisCOpus

263 1348 415 1405 dixit
443 1353 623 1422 atque
655 1352 971 1408 consensit.

333 1439 476 1495 CAP.
507 1438 630 1494 VII.
667 1461 696 1490 ι(
727 1439 854 1513 Egil
886 1441 1058 1506 abba,
1072 1442 1194 1498 vice
1221 1444 1486 1514 ejusdem
1510 1445 1924 1518 Tetbergamta

262 1526 602 1583 faciendum
638 1528 827 1585 suasit
855 1534 913 1586 et
943 1531 1110 1602 petiit
1141 1535 1226 1598 ut,
1249 1531 1388 1604 quia
1408 1549 1523 1589 non
1555 1549 1664 1588 sua
1693 1537 1918 1604 sponte,

259 1617 368 1673 sed
394 1616 449 1672 vi
482 1633 765 1690 oppressa
812 1635 932 1674 rem
985 1620 1298 1676 nefandam
1336 1625 1782 1694 perpetraverat,
1817 1623 1920 1678 tri-

257 1705 544 1763 bueretur
571 1705 623 1762 ei
655 1706 906 1764 facultas
933 1707 1184 1776 velandi,
1211 1713 1269 1764 et
1290 1707 1454 1765 locus
1485 1726 1600 1782 quo
1625 1713 1918 1782 patratum

253 1794 478 1852 vulnus
534 1799 767 1852 sanaret
807 1812 818 1852 :
869 1797 1026 1869 quod
1086 1815 1218 1852 vero
1267 1797 1629 1870 simpliciter,
1659 1804 1716 1855 et
1759 1799 1918 1855 nullo

256 1884 642 1941 incumbente
670 1884 901 1952 timore,
935 1891 1038 1942 aut
1070 1886 1334 1958 qualibet
1367 1887 1668 1944 occasione
1699 1888 1786 1943 vel
1817 1906 1917 1944 vo—

253 1972 513 2042 luntate,
536 1973 637 2029 sed
669 1990 772 2046 pro
802 1975 896 2030 Dei
931 1991 1128 2030 amore
1156 1979 1212 2032 et
1242 1976 1450 2031 animae
1482 1993 1600 2032 suae
1632 1976 1920 2033 solutione

253 2063 521 2136 petebat.
551 2085 581 2114 »

330 2153 418 2208 De
438 2151 548 2209 hoc
580 2151 776 2209 libello
808 2153 1216 2210 rationabilius
1248 2158 1438 2210 tacere
1467 2171 1644 2226 quam
1679 2172 1916 2228 respon-

252 2242 398 2299 dere
425 2240 774 2316 delegimus,
794 2241 1070 2314 quoniam
1095 2241 1266 2298 sicuti
1289 2243 1591 2316 praemisso
1616 2243 1921 2300 irrationa-

251 2329 490 2390 bilitate
518 2348 588 2388 ex
618 2331 824 2404 majori
845 2335 1010 2404 parte
1039 2331 1288 2388 habetur
1310 2333 1460 2388 575
1483 2331 1919 2401 consimilis,ita

239 2409 492 2477 ‘veritati
520 2423 580 2478 et
609 2419 818 2476 rationi
851 2421 992 2476 adeo
1025 2419 1274 2476 habetur
1302 2419 1711 2487 dissimilis,ut
1761 2417 1916 2477 credi

254 2526 380 2566 non
411 2510 621 2566 debeat
650 2527 684 2565 a
713 2509 968 2581 praefatis
1001 2510 1301 2565 confectus
1329 2509 1638 2582 episcopis.

331 2599 447 2655 Sed
478 2603 537 2654 et
565 2597 627 2652 in
659 2599 912 2670 quodam
944 2603 1128 2667 temo,
1142 2615 1315 2670 quem
1331 2615 1404 2654 ex
1435 2598 1660 2672 integro
1683 2605 1918 2672 propter

252 2686 350 2744 sui
375 2685 767 2760 prolixitatem
785 2686 879 2743 hic
900 2687 1152 2744 scribere
1179 2686 1588 2754 devitavimus,
1612 2689 1781 2760 cujus
1813 2688 1917 2744 ini-

250 2775 410 2832 tium
443 2779 536 2832 est
565 2793 579 2830 :
611 2799 631 2826 α
651 2777 817 2832 Anno
847 2777 918 2832 ab
951 2775 1354 2832 lncarnatione
1377 2775 1603 2831 Domini
1625 2779 1750 2845 860,
1769 2777 1914 2832 indi-

247 2865 454 2921 ctione
463 2865 892 2937 vm,mediante
908 2864 1220 2922 Februario
1236 2866 1914 2932 mense,decernentibus

247 2953 533 3028 gloriosis
563 2953 800 3028 regibus
826 2954 1136 3023 Ludovico,
1169 2953 1372 3010 Carolo
1420 2959 1593 3026 atque
1642 2955 1912 3012 Lothario

242 3043 510 3116 juniore,
543 3043 605 3099 in
630 3043 885 3116 generali
918 3049 1202 3100 conventu
1233 3043 1584 3115 optimatum
1625 3061 1693 3099 ex
1735 3061 1911 3117 regno

247 3131 396 3189 almi
453 3132 735 3204 Lotharii,
773 3138 970 3190 aetum
1027 3137 1084 3189 et
1133 3133 1449 3188 concilium
1505 3132 1910 3206 episcoporum

245 3221 613 3296 Aquisgrani
635 3223 873 3296 palatio,
890 3221 1195 3278 Guntharii
1219 3221 1681 3294 Agrippinensis,
1706 3223 1912 3279 Theot-

2037 654 2182 707 teste
2205 652 2346 708 mihi
2371 653 2728 712 conscientia
2748 673 3017 726 mea,non
3033 660 3228 734 aliqua
3244 663 3524 722 malevola
3539 683 3676 740 sug-

2033 741 2295 812 gestione
2325 759 2626 813 persuasa,
2662 762 2851 818 neque
2878 747 3116 804 violenti
3147 752 3490 830 necessitate
3515 771 3676 812 com-

2032 829 2330 902 pulsa,sed
2354 830 2605 904 simplici
2626 832 2922 891 voluntate
2943 835 3024 891 rei
3053 838 3358 895 veritatem
3391 841 3562 900 sicuti
3589 847 3680 900 est

2032 917 2414 988 professa.Sic
2431 937 2522 975 me
2540 922 2775 992 adjuvet
2788 923 3196 997 Dominus,qui
3219 932 3550 998 peccatores
3570 930 3680 987 sal-

2031 1022 2166 1061 vare
2184 1007 2362 1074 venit,
2379 1011 2437 1063 et
2457 1013 2693 1080 peccata
2725 1010 3070 1083 simpliciter
3097 1029 3164 1069 ac
3200 1015 3480 1072 veraciter
3506 1019 3681 1074 conﬁ-

2030 1093 2502 1152 tentibusveram
2516 1096 2940 1169 indulgentiam
2954 1100 3242 1172 promisit,
3261 1102 3312 1158 si
3335 1103 3479 1159 nihil
3498 1105 3674 1179 ﬁngo,

2031 1182 2082 1239 si
2113 1200 2247 1238 vera
2269 1184 2503 1256 propria
2532 1202 2670 1241 voce
2708 1189 3112 1258 pronuntio,ct
3131 1189 3456 1248 litterarum
3489 1192 3676 1250 chiro-

2031 1271 2253 1344 grapho
2286 1289 2407 1328 rem
2435 1277 2659 1345 gestam
2684 1276 3001 1343 conﬁrmo;
3026 1277 3166 1348 quia
3195 1277 3558 1336 tolerabilius
3588 1285 3678 1338 est

2032 1359 2176 1415 mihi
2206 1359 2562 1434 imprudenti
2587 1380 2652 1418 ac
2674 1363 2925 1436 decepta:
2949 1365 3199 1434 feminae,
3213 1383 3409 1424 coram
3433 1370 3680 1426 homini-

2030 1449 2143 1505 bus
2156 1449 2388 1522 culpam
2411 1451 2756 1524 simpliciter
2775 1454 3243 1526 conﬁteri,quam
3266 1460 3400 1513 ante
3420 1459 3677 1516 tribunal

2030 1539 2260 1594 Domini
2291 1541 2632 1596 erubescere
2663 1545 2836 1614 atque
2867 1547 3148 1599 aeternum
3177 1562 3258 1600 vae
3289 1545 3522 1604 habere.
3557 1571 3586 1598 »

2101 1631 2232 1683 CAP.
2266 1627 2406 1683 XVI.
2433 1652 2459 1678 «
2481 1629 2597 1684 Hoc
2620 1629 2817 1702 itaque
2838 1631 3076 1688 recitato
3099 1633 3416 1690 astantium
3447 1637 3676 1694 animos

2029 1716 2235 1771 horror
2262 1717 2482 1788 pariter
2509 1734 2575 1772 ac
2605 1717 2772 1773 dolor
2792 1719 3056 1791 perculit,
3079 1737 3143 1776 ac
3166 1721 3236 1778 de
3258 1725 3420 1780 tanta
3440 1723 3678 1782 licentia

2028 1804 2326 1860 diabolica:
2347 1805 2570 1862 fraudis
2588 1808 2959 1864 sacerdotum
2995 1812 3225 1881 pectora
3245 1811 3502 1883 gemitus
3523 1831 3677 1870 com-

2029 1893 2222 1966 plevit.
2256 1895 2367 1949 Sed
2399 1894 2668 1966 quamvis
2713 1896 2826 1951 ista
2873 1897 3003 1968 ejus
3045 1898 3332 1954 confessio
3378 1901 3675 1960 credibilis

2029 1987 2352 2055 appareret,
2385 1987 2582 2039 tamen
2615 2001 2686 2040 ne
2729 1985 2874 2040 forte
2921 2003 3025 2057 pro
3075 1986 3272 2059 aliqua
3315 1989 3672 2062 deceptione,

2027 2076 2130 2127 aut
2160 2088 2264 2144 pro
2295 2071 2502 2127 timore
2528 2070 2801 2144 alicujus,
2815 2090 2967 2145 saepe
2995 2074 3152 2130 dicta
3175 2075 3386 2131 mulier
3405 2078 3676 2136 mentire-

2027 2164 2146 2225 tur,
2168 2161 2360 2216 denuo
2390 2164 2776 2216 memoratum
2810 2177 3005 2234 regem
3037 2162 3419 2235 alloquentes,
3445 2167 3677 2240 magnis

2027 2265 2164 2304 eum
2185 2247 2671 2304 obtestationibus
2691 2249 3073 2306 astrinximus
3103 2255 3167 2306 ut
3194 2252 3364 2309 nobis
3383 2255 3680 2312 conﬁtere-

2027 2342 2126 2392 tur
2157 2337 2208 2392 si
2241 2354 2370 2392 eam
2405 2337 2678 2394 suasione
2708 2342 2809 2393 aut
2837 2339 3290 2398 comminatione
3319 2342 3391 2397 ad
3421 2343 3676 2416 seipsam

2029 2426 2315 2483 fallaciter
2365 2425 2800 2481 criminandum
2849 2427 3246 2500 compulisset.
3279 2431 3527 2488 Econtra
3554 2432 3680 2506 ipse

2025 2532 2162 2572 cum
2194 2514 2469 2571 maximis
2488 2514 2963 2571 attestationibus
2987 2515 3078 2572 57
3091 2517 3140 2572 ϐ
3159 2517 3328 2574 nobis
3342 2519 3673 2590 declaravit,

2026 2605 2212 2661 solam
2245 2603 2326 2659 rei
2356 2604 2656 2660 veritatem
2689 2602 2851 2658 illam
2885 2605 3144 2659 confiteri
3195 2622 3256 2661 se
3287 2609 3672 2680 persuasisse,

2024 2713 2129 2750 nec
2159 2693 2218 2748 in
2251 2711 2320 2748 ea
2349 2711 2530 2748 causa
2559 2691 2915 2748 industriose
2944 2691 3166 2765 aliquid
3186 2694 3444 2767 amplius
3462 2697 3672 2771 egisse.

2024 2783 2328 2839 Referebat
2351 2781 2526 2836 etiam
2561 2781 2730 2837 nobis
2763 2781 2822 2835 in
2852 2779 2982 2853 ipsa
3016 2781 3159 2837 hora
3187 2785 3478 2854 quomodo
3507 2790 3672 2859 post-

2021 2889 2200 2944 quam
2233 2871 2491 2943 primum
2513 2869 2814 2926 infandam
2837 2887 2958 2926 rem
2986 2870 3226 2939 audivit,
3245 2876 3302 2927 et
3329 2891 3522 2929 veram
3545 2891 3668 2930 cre-

2021 2959 2482 3031 didit,quantum
2507 2959 2640 3014 inde
2652 2957 3259 3031 doluitquantumque
3273 2960 3386 3016 sibi
3409 2961 3671 3035 inopina-

2019 3053 2145 3104 tnm
2159 3048 2382 3105 malum
2395 3052 2451 3104 et
2473 3047 2714 3103 minime
2731 3050 2927 3120 optata
2946 3047 3064 3102 fors
3077 3047 3396 3119 displicuit.
3412 3050 3670 3117 Qualiter

2019 3135 2270 3209 denique
2296 3153 2418 3192 rem
2451 3136 2661 3191 fmdam
2683 3135 2969 3207 patienter
2989 3135 3227 3203 ferre,et
3257 3136 3371 3193 nisi
3389 3139 3514 3210 jam
3535 3143 3664 3196 tan-

2017 3232 2146 3283 tum
2179 3227 2334 3282 fama
2364 3223 3039 3291 cucurrisset,occultare
3067 3223 3268 3289 voluit,
3287 3228 3343 3281 et
3375 3231 3662 3298 quantum

243 3291 856 3386 gaudi-Treverensis,
875 3309 1202 3366 Wenilonis
1225 3291 1910 3384 Rbtlidmagensisfran-
1939 3291 1982 3357 (ἶ
2019 3313 2210 3386 potuit
2241 3311 2393 3368 fecit.
2413 3311 2573 3367 Unde
2594 3315 2650 3366 et
2673 3309 2886 3366 falsum
2908 3309 3202 3381 judicium
3232 3329 3296 3367 se
3324 3291 3544 3370 sciente
3559 3332 3665 3387 pro

243 3401 416 3459 conis
445 3401 832 3474 Tungrensis,
865 3399 1131 3456 Hattonis
1164 3398 1570 3470 Virdunensis,
1591 3400 1904 3474 Hildegarii

243 3489 590 3558 Meldensis,
624 3489 883 3546 Hilduini
915 3487 1262 3546 Aviniensis.
1298 3511 1327 3541 »

313 3581 458 3636 CAP.
489 3579 607 3636 XV.
637 3581 724 3636 Ad
755 3579 948 3635 locum
999 3580 1070 3634 de
1111 3578 1331 3635 femina
1379 3579 1534 3634 unde
1581 3579 1793 3652 agitur,
1822 3579 1906 3636 ita

240 3669 536 3743 scriptum
569 3668 894 3742 reperimus
928 3685 942 3724 :
977 3690 1004 3718 ‹‹
1040 3667 1214 3724 Porro
1245 3667 1364 3737 illa,
1400 3667 1560 3723 nulla
1589 3669 1903 3726 securitate

239 3758 353 3816 hoc
375 3757 612 3815 celandi
628 3761 731 3814 aut
755 3756 1070 3831 superandi
1092 3757 1258 3823 fulta,
1285 3757 1474 3828 primo
1497 3756 1615 3826 regi
1637 3757 1901 3814 ordinem

237 3845 564 3921 perpetrati
585 3850 802 3913 reatus,
821 3849 889 3902 ut
919 3846 1075 3900 fama
1119 3845 1325 3911 fuerat,
1349 3844 1658 3900 enarravit.
1681 3844 1901 3902 Deinde

239 3935 604 4010 quibusdam
634 3933 1041 4008 episcoporum
1066 3933 1242 3990 simul
1263 3937 1320 3988 et
1333 3933 1616 3988 laicorum
1639 3933 1898 4006 idipsum

237 4023 589 4084 enucleavit.
611 4025 816 4082 Postea
835 4039 1066 4096 quoque
1089 4022 1413 4079 chartulam
1437 4040 1556 4079 sua:
1577 4024 1898 4080 confessio-

236 4116 332 4172 nis
356 4130 469 4171 suo
500 4116 709 4186 rogatu
735 4112 1148 4185 conscriptam,
1179 4109 1238 4166 in
1289 4114 1490 4167 nostra
1535 4111 1801 4167 omnium
1843 4117 1900 4167 et

237 4203 569 4262 multorum
589 4201 872 4258 laicorum
888 4199 1280 4274 przesentia,in
1304 4217 1484 4255 manu
1494 4199 1729 4272 gloriosi
1745 4201 1897 4275 regis

235 4291 506 4350 Lotharii
533 4291 806 4364 porrexit,
841 4306 1091 4361 moxque
1135 4305 1332 4344 coram
1381 4287 1656 4346 omnibus
1699 4290 1894 4362 palam

235 4380 474 4440 locuta:
499 4379 745 4437 Domine
771 4378 852 4435 mi
873 4377 1221 4450 rex,inquit,
1239 4381 1476 4449 propter
1516 4378 1698 4434 Deum
1732 4397 1890 4452 rogo,

233 4475 292 4527 et
323 4475 568 4544 propter
591 4473 846 4525 vestram
873 4467 1302 4533 mercedem,ut
1323 4466 1466 4521 mihi
1492 4466 1892 4538 pmnitentiam

233 4577 408 4633 agere
439 4558 634 4626 liceat,
669 4556 948 4630 quoniam
981 4561 1034 4612 et
1066 4555 1258 4612 verbis
1291 4559 1347 4610 et
1376 4555 1593 4627 scripto
1616 4559 1896 4613 confiteor

2012 3402 2246 3458 veriﬁca
2264 3399 2692 3457 examinatione
2711 3399 2970 3471 suscepit
2987 3403 3044 3454 et
3067 3399 3346 3470 toleravit,
3371 3405 3436 3457 ut
3457 3401 3506 3458 si
3533 3404 3660 3460 fieri

2012 3495 2211 3563 posset
2243 3494 2403 3546 tanta
2420 3489 2719 3561 turpitudo
2741 3487 3100 3544 incredibilis
3134 3494 3460 3562 appareret,
3491 3495 3548 3548 et
3577 3493 3662 3550 sic

2013 3581 2073 3636 in
2097 3580 2316 3635 mundo
2338 3578 2978 3650 evanesceret,ipseque
2999 3595 3193 3633 coram
3217 3579 3428 3636 sesculo
3451 3580 3510 3637 in
3538 3585 3660 3639 tam

2009 3667 2400 3742 ignominiosa
2424 3667 2653 3722 macula
2676 3671 2732 3721 et
2756 3667 2995 3721 ruinosa
3013 3667 3330 3724 offensione
3345 3685 3459 3724 non
3477 3686 3662 3727 rema-

2011 3761 2193 3814 neret.
2228 3757 2541 3827 Postquam
2573 3758 2769 3810 autem
2801 3753 3050 3809 revelata
3098 3754 3280 3826 pestis
3315 3753 3494 3812 latere
3541 3775 3658 3815 non

2009 3845 2291 3918 potuit,ac
2309 3845 2432 3914 ipse
2455 3843 2686 3915 pondus
2715 3841 2860 3896 tanti
2885 3841 3179 3912 opprobrii
3203 3841 3352 3898 ferre
3375 3844 3654 3916 nequivit,

2009 3935 2261 3990 maxime
2282 3949 2414 3988 cum
2441 3931 2706 4004 partibus
2739 3929 3087 4002 Burgundite
3119 3933 3294 4001 atque
3325 3929 3501 3987 Italiae
3530 3933 3656 3990 dis-

2006 4039 2248 4080 currens
2280 4019 2456 4076 nimis
2475 4019 2836 4075 diffamatam
2861 4035 2928 4073 ac
2947 4016 3307 4090 divulgatum
3331 4019 3650 4078 fmditatem

2005 4112 2451 4178 exhorruit,non
2476 4112 2565 4164 est
2595 4124 2806 4181 passus
2837 4106 2986 4162 hanc
3015 4123 3252 4162 causam
3284 4107 3410 4164 sine
3427 4109 3649 4182 episeo-

2006 4219 2213 4276 porum
2228 4200 2492 4256 examine
2511 4197 2734 4253 diutius
2751 4195 3054 4252 subsilere.
3075 4195 3291 4252 Revera
3310 4196 3653 4271 lacrymosis

2004 4289 2275 4363 suspiriis
2305 4287 2706 4360 multipliciter
2737 4286 2792 4340 id
2825 4284 2935 4340 sibi
2966 4285 3037 4340 de
3078 4290 3403 4342 memorata
3433 4287 3653 4346 femina

2003 4379 2382 4446 inculcatum,
2408 4380 2464 4432 et
2493 4376 2550 4430 in
2583 4375 2690 4430 hoc
2721 4375 2896 4430 etiam
2930 4391 3106 4446 regno
3137 4391 3171 4429 a
3197 4373 3468 4446 plurimis
3499 4378 3651 4434 affir-
3699 4400 3707 4408 ’

2001 4474 2229 4526 matum
2261 4484 2375 4521 non
2407 4465 2533 4521 sine
2561 4463 2783 4537 gemitu
2817 4463 3131 4534 repetebat.

2071 4561 2204 4613 Car.
2240 4556 2403 4611 XVll.
2440 4578 2468 4604 «
2490 4555 2606 4609 Nos
2627 4552 2806 4625 igitur
2823 4570 3028 4608 rursus
3047 4554 3313 4609 eamdem
3340 4555 3644 4613 mulierem

233 4664 328 4704 me
358 4646 735 4720 conjugalem
769 4646 1039 4719 copulam
1073 4663 1188 4700 uon
1221 4643 1450 4712 mereri,
1485 4645 1728 4717 ideoque
1759 4663 1889 4718 pro-
1921 4663 1968 4726 D
2001 4647 2256 4722 primum
2312 4648 2552 4709 secreto,
2595 4641 2802 4698 deinde
2857 4659 3052 4698 coram
3111 4641 3275 4699 laicis
3332 4645 3641 4714 adivimus,

233 4740 423 4793 strata
451 4733 796 4809 suppliciter
823 4733 1126 4807 expostulo
1158 4737 1223 4789 ut
1268 4733 1412 4788 mihi
1453 4733 1580 4806 jam
1631 4752 1786 4790 nunc
1837 4739 1894 4792 et

229 4824 512 4898 deinceps
544 4839 660 4881 non
693 4823 992 4897 denegetis
1021 4823 1176 4895 quod
1226 4839 1366 4878 mete
1414 4822 1588 4878 saluti
1640 4823 1883 4896 posthac

231 4931 580 4972 succurrere
626 4917 836 4986 potest.
871 4913 1088 4968 Textus
1132 4911 1328 4984 itaque
1376 4911 1538 4968 illius
1581 4912 1882 4986 scriptum

228 5002 352 5061 haec
376 5003 559 5060 verba
586 5007 645 5059 et
672 5002 830 5058 hunc
851 5018 1092 5058 sensum
1109 5001 1478 5058 continebat:
1503 5025 1528 5052 «
1546 5002 1664 5075 Ego
1686 5002 1882 5058 Thiet-

229 5091 608 5166 brihc,quam
632 5091 866 5148 feminei
892 5107 1063 5146 sexus
1095 5089 1572 5162 imprudentia,et
1600 5091 1885 5164 fragilitas

228 5181 437 5239 fefellit
458 5181 805 5246 humana,et
825 5177 1385 5236 conscientiadelicti
1401 5180 1885 5252 mordet,propter

228 5288 396 5344 spem
448 5270 659 5328 salutis
705 5271 912 5326 animae
964 5287 1127 5335 mea),
1159 5273 1215 5324 et
1259 5273 1494 5340 propter
1545 5270 1884 5326 fidelitatem

227 5375 366 5434 erga
397 5359 692 5417 seniorem
725 5375 946 5425 meum,
975 5375 1172 5414 veram
1205 5355 1631 5412 confessionem
1681 5375 1878 5414 coram

229 5448 343 5505 Deo
373 5453 433 5506 et
461 5448 686 5508 sanctis
716 5447 940 5519 angelis
969 5447 1118 5518 ejus,
1152 5463 1217 5501 ac
1265 5445 1694 5502 venerabilibus
1725 5448 1876 5519 epis-

227 5539 409 5612 COpis,
431 5539 553 5595 sive
602 5536 899 5593 nobilibus
929 5535 1114 5602 laicis,
1139 5535 1223 5591 sic
1255 5537 1548 5606 profiteor,
1579 5535 1720 5606 quia
1747 5553 1875 5608 ger-

228 5644 440 5686 manus
460 5645 632 5684 meus
654 5627 984 5683 Hucbertus
1005 5624 1251 5682 clericus
1273 5641 1364 5680 me
1379 5619 1874 5681 adulescentulam

226 5717 510 5791 corrupit,
524 5721 586 5775 et
613 5716 674 5772 in
705 5733 834 5773 meo
857 5732 1094 5788 corpore
1115 5717 1317 5771 contra
1345 5712 1670 5770 naturalem
1701 5731 1874 5771 usum

2001 4753 2246 4808 eamque
2273 4750 2406 4789 cum
2453 4731 2815 4804 adjuratione
2845 4731 3042 4788 divina
3090 4732 3329 4789 monitis
3375 4733 3644 4806 pluribus

1991 4824 2274 4884 exhortati
2307 4839 2623 4890 sumus,ne
2653 4820 2763 4878 sibi
2797 4820 2914 4877 ullo
2966 4821 3137 4876 modo
3173 4821 3385 4876 falsum
3419 4821 3640 4879 crimen

1992 4901 2611 4984 inferret,a:ternarum
2645 4927 2877 4983 quoque
2907 4926 3209 4981 pmnarum
3237 4908 3432 4978 minis,
3454 4911 3506 4966 si
3529 4910 3638 4968 hoc

1994 5006 2228 5071 faceret,
2251 5002 2536 5057 deterrere
2566 4999 2900 5056 curavimus
2931 5015 2944 5052 :
2981 4997 3310 5068 iterumque
3332 4997 3402 5053 de
3440 5003 3640 5056 nostro

1993 5091 2236 5149 consilio
2286 5096 2344 5148 ct
2391 5089 2626 5154 auxilio,
2651 5088 2895 5143 tuitione
2943 5105 3010 5142 ac
3068 5084 3400 5142 defensione
3439 5092 3641 5146 contra

1994 5201 2198 5238 omnes
2231 5180 2474 5236 insidias
2505 5179 2590 5233 vel
2623 5175 2924 5232 violentias
2952 5192 3216 5230 securam
3249 5175 3636 5244 reddidimus,

1994 5276 2226 5329 tantum
2261 5275 2322 5324 ut
2353 5269 2519 5323 nobis
2554 5268 2666 5338 iam
2702 5271 2838 5320 tunc
2870 5262 3218 5319 ﬁducialiter
3264 5266 3640 5322 confiteretur

1987 5365 2184 5418 utrum
2218 5376 2499 5432 persuasa
2520 5373 2590 5411 an
2617 5353 2920 5426 compulsa
2945 5353 3014 5408 ad
3049 5352 3128 5406 sei
3137 5369 3302 5424 psam
3325 5352 3641 5411 criminan-

1987 5450 2129 5505 dum
2165 5449 2386 5504 fuisset.
2422 5446 2505 5500 Ad
2539 5445 2658 5498 haze
2690 5441 2791 5497 illa
2819 5459 3022 5512 aspero
3043 5439 3257 5495 intuitu
3293 5458 3398 5496 nos
3440 5444 3634 5500 redar-

1986 5556 2172 5611 guens
2197 5555 2208 5592 :
2239 5535 2482 5600 Putatis,
2520 5531 2727 5602 inquit,
2755 5534 2816 5584 ut
2849 5529 3130 5600 meipsam
3152 5546 3254 5600 pro
3275 5527 3473 5602 aliqua
3497 5532 3634 5588 rein

1987 5627 2208 5684 mundo
2232 5625 2312 5681 ita
2341 5622 2579 5696 perdere
2605 5617 2956 5675 voluissem?
2990 5617 3152 5672 Sicut
3181 5618 3338 5673 enim
3369 5619 3638 5676 confessa

1984 5717 2090 5784 fui,
2111 5716 2196 5773 sic
2236 5714 2534 5775 conﬁteor,
2557 5713 2614 5764 et
2644 5707 2728 5764 sic
2759 5706 3094 5764 confitebor.
3109 5708 3361 5764 Tantum
3392 5709 3632 5766 obsecro
