4148 6452
477 409 596 486 839

1394 419 1636 482 HINCM
1649 420 1774 482 ARI
1821 407 2266 482 BHEMENSIS
2309 417 2901 482 ARCHIEPISCOPI

3755 415 3884 480 ϐω

474 541 708 628 propter
737 553 838 636 Dei
867 569 1124 612 amorem
1155 557 1223 610 ut
1253 554 1400 611 meis
1430 554 1699 627 precibus
1727 553 2118 609 desideratam
2147 547 2203 620 Α
2232 551 2396 620 rexit,
2430 555 2486 608 et
2516 552 2682 609 laicis
2730 571 2838 610 sua
2883 550 3134 610 crimina
3179 551 3514 621 denudavit,
3545 567 3649 609 rex
3691 550 3884 624 legale

475 643 934 702 misericordiam
958 645 1086 716 jam
1136 645 1306 700 modo
1355 643 1704 700 concedatis.
1733 643 1874 698 llinc
1917 646 2119 697 nostra

472 732 803 789 sollicitudo
834 733 1136 806 requisivit
1164 751 1236 788 an
1267 734 1396 806 ipsa
1425 733 1670 788 ulterius
1701 733 1836 787 inde
1858 731 2116 803 aliquam

468 820 641 878 vellet
671 822 1098 894 querimoniam
1147 839 1394 890 movere,
1415 824 1514 878 aut
1545 821 1772 893 aliquas
1804 819 2117 892 aliquando

469 910 715 966 insidias
747 909 960 975 moliri,
996 909 1043 965 si
1069 928 1187 966 suae
1218 909 1480 983 petitioni
1515 911 1676 964 fieret
1724 909 2114 964 satisfactum.

469 999 652 1071 Cujus
680 997 1095 1071 ohligationem
1121 1003 1177 1054 et
1205 1003 1406 1054 nostra
1435 997 1588 1053 illico
1636 996 1997 1052 unanimitas
2037 996 2119 1051 ita

411 1153 441 1169 χ
471 1091 782 1162 prosecuta
807 1091 900 1144 est
933 1104 946 1142 :
979 1087 1162 1154 Scias,
1195 1105 1227 1142 ο
1258 1087 1400 1153 ﬁlia,
1423 1086 1562 1158 quia
1593 1085 1640 1141 si
1674 1089 1935 1141 nostram
1969 1084 2025 1138 in
2061 1088 2117 1139 te

470 1181 751 1250 tuamque
763 1177 1186 1232 confessionem
1212 1176 1559 1232 sententiam
1587 1173 2040 1246 exspectabis,ut
2061 1177 2118 1228 te

469 1249 677 1321 divinae
705 1269 761 1322 et
787 1266 1076 1321 canonica:
1110 1265 1568 1336 comprehendat
1597 1262 1960 1319 auctoritatis
1990 1278 2120 1316 cen-

471 1365 628 1422 sura,
661 1355 720 1410 et
763 1351 1188 1410 indissolubilis
1239 1352 1477 1424 incipiat
1528 1351 1707 1423 ligare
1747 1351 2116 1406 sacerdotum

469 1448 696 1509 catena,
728 1443 884 1498 unde
913 1443 1103 1498 adhuc
1136 1447 1297 1514 potes
1327 1457 1687 1512 recuperare,
1725 1439 1774 1495 si
1809 1445 2002 1495 tamen
2023 1455 2118 1511 po-

471 1532 858 1599 tes,ulterius,
884 1536 948 1587 ut
977 1531 1358 1597 aestimamus,
1384 1548 1499 1586 non
1526 1529 1916 1600 recuperabis.
1938 1527 2032 1584 Sic
2063 1531 2121 1583 et

470 1619 600 1677 laici
633 1619 956 1694 plurimum
987 1637 1115 1676 eam
1148 1621 1599 1684 admonuerunt,
1636 1618 1888 1673 maxime
1931 1615 2119 1689 ipsius

470 1707 786 1767 familiares
819 1714 878 1766 et
898 1709 1069 1766 amici
1095 1708 1412 1765 admodum
1437 1707 1700 1776 illam,ne
1721 1726 1782 1764 se
1805 1707 2116 1780 deciperet,

467 1798 754 1874 pulsando
776 1797 1174 1872 increpabant.
1202 1797 1317 1870 lpsi
1339 1797 1748 1863 tamen,veluti
1772 1795 1818 1852 si
1844 1797 1973 1867 ejus
1989 1811 2121 1850 con-

2218 642 2511 713 judicium
2543 646 2926 710 construat,et
2945 643 3266 698 secundum
3289 641 3474 715 legem
3499 659 3566 698 ac
3578 640 3884 714 justitiam

2226 729 2354 786 laici
2391 731 2686 804 conjugati
2720 731 2850 785 laici
2887 731 3039 802 regis
3071 732 3380 804 conjugem
3405 731 3706 803 judicent;
3730 734 3792 785 et
3831 725 3887 785 si

2225 821 2294 876 de
2325 837 2524 876 eorum
2549 819 2774 891 judicio
2807 820 2879 876 ad
2929 819 3257 892 episcopale
3295 819 3591 892 judicium
3631 818 3886 887 venerit,

2224 911 2547 966 secundum
2579 909 2737 982 leges
2767 909 3192 966 ecclesiasticas
3213 909 3470 983 episcopi
3505 909 3558 966 ei
3585 909 3891 982 judicium

2225 998 2571 1055 medicinale
2601 999 2925 1072 imponant.
2942 999 3022 1055 De
3043 999 3150 1054 hoc
3173 1000 3326 1072 quod
3351 997 3430 1055 ibi
3455 999 3747 1072 scriptum
3772 1002 3886 1066 est,

2226 1089 2378 1160 quod
2411 1089 2481 1144 de
2508 1087 2608 1142 tali
2633 1088 2784 1144 facto
2816 1105 2912 1144 rex
2939 1087 3147 1154 doluit,
3166 1092 3224 1144 et
3268 1088 3615 1144 contristato
3647 1087 3700 1144 ei
3735 1086 3890 1143 actio

2225 1177 2339 1232 ista
2353 1175 2669 1250 displicuit,
2691 1178 3011 1232 cavendum
3041 1176 3124 1231 illi
3149 1181 3236 1233 est
3261 1194 3333 1232 ne
3354 1177 3595 1232 tristitia
3615 1177 3751 1248 ejus
3771 1193 3888 1233 non

2227 1265 2302 1321 sit
2333 1265 2574 1335 ablutio,
2593 1267 2690 1322 sed
2717 1265 3144 1337 sceleris,quod
3171 1265 3674 1332 absit,confessio.
3704 1289 3732 1315 «σ
3759 1267 3889 1321 limo

2226 1355 2380 1410 enim
2393 1358 2572 1423 est,ut
2591 1356 2854 1411 doctores
2878 1355 3143 1410 scribunt
3161 1354 3514 1424 Ecclesiae,et
3531 1355 3888 1411 venerabilis

2227 1444 2529 1518 presbyter
2560 1445 2713 1500 Beda
2743 1444 2975 1500 illorum
3016 1460 3270 1516 sequens
3316 1444 3671 1500 sententiam
3721 1443 3886 1509 dicit,

2228 1532 2464 1604 superni
2491 1531 2730 1604 justitia
2765 1531 2998 1602 judicii,
3034 1536 3100 1586 ut
3150 1530 3496 1603 plerumque
3545 1532 3782 1605 reprobi
3829 1535 3891 1588 et

2227 1625 2548 1693 agnoscant
2569 1637 2631 1676 se
2652 1624 2708 1675 et
2729 1620 3023 1676 fateantur
3041 1635 3287 1680 errasse.
3315 1624 3655 1692 certamque
3675 1621 3892 1676 erroris

2229 1709 2318 1768 sui
2343 1709 2766 1783 pmnitudinem
2789 1713 2980 1782 geant,
2998 1723 3101 1764 nec
3127 1712 3322 1764 tamen
3345 1709 3419 1764 ab
3439 1709 3695 1766 errando
3716 1710 3887 1782 quieo

2227 1803 2414 1864 scant,
2440 1802 2729 1870 quatenus
2760 1798 2962 1853 eadem
3011 1797 3378 1854 confessione
3427 1814 3494 1854 ac
3539 1797 3892 1870 pcenitentia

466 1885 723 1944 iscietitize
745 1883 2118 1956 secretumintuentiumoculisvisibiliterappa-
2145 1925 2192 1988 Β
2231 1893 2435 1944 contra
2482 1903 2544 1942 se
2593 1887 2702 1958 ipsi
2757 1885 3158 1942 testimonium
3208 1887 3350 1942 dent
3377 1886 3518 1958 quia
3549 1903 3669 1943 non
3706 1884 3911 1947 nescii.

468 1980 638 2043 reret,
667 1974 990 2032 immobilis
1019 1976 1076 2030 in
1111 1993 1220 2032 sua
1249 1976 1613 2032 confessione
1644 1974 1996 2048 perduravit.

537 2063 672 2121 Cap.
697 2063 891 2121 XVIII.
910 2087 937 2115 ‹‹
952 2065 1100 2132 Quid
1123 2064 1354 2138 longius
1377 2063 1798 2120 immoremur?
1814 2061 1942 2119 Jam
1958 2062 2118 2118 omni

465 2151 764 2210 dubietate
794 2157 1036 2221 remota,
1067 2158 1125 2210 et
1154 2153 1236 2210 rei
1264 2153 1506 2209 veritate
1549 2155 1868 2225 comperta,
1903 2167 2116 2206 novum

467 2242 671 2298 auditu
705 2241 916 2308 scelus,
950 2242 1317 2314 nefandaque
1362 2241 1686 2314 pollutione
1735 2240 2115 2306 horrendum,

467 2329 790 2405 praecl-tim
823 2331 993 2403 cujus
1037 2331 1276 2386 fetorem
1299 2331 1426 2403 jam
1475 2329 1576 2385 diu
1620 2347 1729 2401 per
1777 2329 2117 2384 innumeros

462 2416 641 2494 longe
664 2418 894 2492 lateque
922 2419 1079 2475 fama
1107 2419 1479 2492 disperserat,
1513 2435 1586 2473 ne
1618 2418 2002 2490 przesentibus
2051 2434 2116 2473 ac

469 2491 684 2566 futuris
715 2491 1050 2582 pestiferam
1083 2491 1513 2581 corruptionem
1551 2507 1776 2575 inferat,
1810 2506 1923 2562 nisi
1957 2524 2114 2563 seve-

469 2595 592 2654 rius
623 2595 1081 2670 diligentiusque
1111 2595 1588 2665 evellatur,nulla
1616 2595 1726 2652 levi
1757 2613 1897 2652 cura
1924 2595 2010 2651 vel
2034 2595 2118 2650 in-

467 2683 771 2760 dulgentia
799 2687 1103 2742 tractanda
1133 2685 1322 2742 visum
1352 2691 1460 2742 cst.
1493 2685 1617 2740 Non
1663 2685 1820 2741 enim
1867 2683 2112 2739 dubium

465 2779 557 2833 est
577 2773 716 2848 quia
734 2774 1020 2831 naturalis
1040 2773 1193 2830 inter
1214 2775 1450 2830 fratrem
1472 2778 1528 2830 et
1548 2790 1806 2830 sororem
1837 2771 2114 2829 concubi-

464 2863 562 2922 t'ns
577 2863 807 2921 veniam
829 2862 1168 2936 temporalis
1185 2881 1299 2920 non
1321 2867 1578 2920 meretur
1594 2863 1854 2931 honoris,
1879 2867 1936 2919 et
1965 2862 2113 2918 nihil

462 2950 622 3010 aliud
659 2957 839 3010 restat
861 2952 951 3010 57
967 2955 1004 3009 7
1043 2970 1221 3026 quam
1248 2951 1506 3008 vindicta
1535 2956 1592 3008 et
1618 2951 1978 3025 poenitentia.
1997 2952 2113 3008 Nec

460 3037 638 3099 habet
668 3041 912 3098 ulterius
944 3039 1349 3115 progrediendi
1381 3041 1746 3097 occasionem
1778 3039 2113 3096 damnabile

461 3131 877 3204 crimen,quod
909 3131 1107 3188 statim
1135 3148 1169 3186 a
1190 3130 1726 3204 praevaricatoribus
1765 3129 1953 3185 multa
1981 3145 2109 3200 quae

2231 1975 2597 2048 delinquunt,
2627 1975 2767 2030 dum
2796 1991 2830 2030 a
2860 1979 3096 2047 peccato
3126 1975 3280 2048 quod
3326 1974 3591 2047 culpant,
3613 1973 3891 2032 cohibere

2227 2066 2764 2136 detrectant,eoque
2777 2063 3002 2135 justius
3024 2068 3282 2136 pereant,
3303 2080 3419 2136 quo
3440 2065 3664 2120 foveam
3693 2064 3889 2137 perdi-

2227 2154 2426 2222 tionis,
2449 2170 2624 2226 quam
2657 2153 2968 2225 przevidere
2997 2153 3326 2222 valuerunt,
3358 2153 3653 2210 declinare
3690 2155 3889 2228 negle-

2223 2243 2630 2298 xerunt.Undc
2651 2243 2932 2314 scriptum
2956 2246 3046 2298 est
3074 2243 3144 2298 de
3175 2242 3398 2299 Herode
3427 2243 3614 2316 (Marc.
3641 2247 3726 2312 vr)
3749 2244 3889 2316 quia

2226 2332 2608 2387 contristatus
2637 2335 2726 2386 est
2757 2347 2857 2386 rex
2888 2347 2991 2403 pro
3023 2331 3365 2387 Herodiadis
3388 2331 3689 2404 petitione.
3721 2331 3886 2388 Talis

2213 2413 2442 2493 'quippe
2469 2424 2556 2476 est
2587 2419 2830 2476 tristitia
2854 2419 3098 2476 Herodis
3134 2419 3326 2492 qualis
3356 2417 3704 2493 poenitentia
3739 2421 3887 2478 Pha-

2227 2507 2423 2564 raonis
2454 2511 2513 2564 et
2532 2508 2985 2580 Judae,quorum
3007 2507 3259 2581 quisque
3284 2509 3544 2565 facinora
3574 2525 3706 2576 sua,
3723 2515 3886 2582 post-

2226 2613 2402 2670 quam
2435 2601 2747 2653 accusante
2769 2597 3125 2653 conscientia
3147 2597 3366 2653 invitus
3387 2597 3667 2670 prodidit,
3680 2615 3884 2655 vecors

2227 2685 2646 2758 augmentavit.
2673 2686 2872 2758 itaque
2892 2685 3148 2742 Herodes
3170 2691 3348 2758 caput
3365 2687 3614 2743 Joannis
3637 2689 3884 2761 petitus,

2223 2773 2525 2830 tristitiam
2557 2774 2792 2846 quidem
2817 2774 3290 2846 praetendebatin
3311 2775 3648 2850 vultu,quia
3664 2793 3728 2834 se
3758 2776 3886 2850 ipse

2224 2864 2530 2919 damnaret
2549 2863 2906 2919 ostendendo
2929 2863 3157 2920 cunctis
3177 2863 3398 2937 liquido
3420 2865 3561 2938 quia
3581 2867 3880 2923 insontem

2221 2956 2460 3008 noverat
2481 2956 2538 3008 et
2558 2955 2851 3019 sanctum,
2875 2968 3051 3025 quem
3073 2957 3195 3008 erat
3217 2953 3342 3010 neci
3373 2954 3879 3014 daturus.Verum

2219 3041 2268 3096 si
2297 3040 2641 3115 diligentius
2670 3055 2770 3096 cor
2810 3041 3131 3097 nefandum
3163 3041 3534 3116 inspicimus,
3559 3042 3876 3102 lmtabatur

2218 3127 2442 3186 occulte
2473 3129 2627 3202 quod
2659 3128 2751 3185 57
2763 3129 2810 3184 8
2840 3143 2908 3185 ea
2940 3130 3247 3202 petebatur
3285 3147 3411 3204 quae
3459 3135 3517 3188 et
3563 3136 3743 3190 antea
3788 3133 3874 3190 fa-

463 3217 695 3276 fuerant
716 3213 874 3276 licita
894 3218 1434 3292 penitusamputat;
1459 3217 2108 3291 ideoquehoceorarius
2156 3291 2187 3296 μ
2217 3234 2366 3286 cere,
2409 3217 2458 3274 si
2507 3217 2919 3275 excusabiliter
2957 3223 3173 3292 posset,
3227 3220 3623 3294 disponebat:
3659 3217 3764 3296 qui
3823 3223 3874 3280 si

461 3305 497 3366 a
517 3305 729 3365 seculo
750 3291 1138 3381 contigit,quo
1159 3291 1748 3380 constatquianullus
1767 3303 1899 3362 inde
1911 3323 2108 3362 exem-
2143 3291 2187 3358 C
2220 3310 2397 3379 caput
2416 3307 2758 3363 Herodiadis
2779 3291 3093 3380 peteretur,
3112 3305 3259 3364 nulli
3299 3291 3544 3367 dubium
3595 3291 3739 3385 quia
3768 3327 3878 3369 nec

461 3395 626 3472 plum
650 3395 760 3452 sibi
785 3396 1176 3470 praesumpsit,
1201 3397 1356 3470 quod
1388 3413 1691 3468 nunquam
1708 3395 1928 3452 veniale
1951 3396 2105 3468 apud

461 3481 664 3542 mundi
689 3486 934 3560 gloriam
956 3501 1083 3543 esse
1110 3485 1435 3559 potuit.Sed
1458 3502 1592 3541 cum
1614 3484 1860 3557 quilibet
1880 3483 2107 3557 aliquo-

460 3571 570 3633 ties
601 3571 659 3631 in
691 3575 840 3632 hanc
871 3575 1170 3632 miseriam
1202 3575 1348 3647 lapsi
1385 3579 1545 3642 sunt,
1581 3592 1693 3629 non
1727 3574 1797 3630 de
1839 3574 2106 3648 exemplo

395 3659 407 3669 ’
460 3664 701 3722 alterius
731 3663 960 3732 accidit,
994 3665 1093 3721 sed
1127 3665 1197 3720 de
1246 3662 1488 3735 antiqua
1527 3663 1743 3718 diaboli
1793 3663 2016 3728 fraude,
2049 3667 2107 3719 et

459 3753 636 3812 simili
667 3746 1001 3826 fragilitatis
1033 3751 1291 3825 impulsu
1325 3769 1391 3807 ac
1431 3752 1747 3825 praecipitio
1795 3770 1997 3808 recens
2048 3756 2108 3808 et

459 3842 626 3917 quasi
660 3858 806 3899 nova
835 3843 1004 3899 ruina
1034 3842 1163 3898 fuit.
1187 3841 1347 3898 Istud
1377 3845 1571 3898 autem
1604 3842 1967 3915 contagionis
2014 3859 2108 3914 ge-

458 3936 592 4002 nus,
611 3933 766 4006 quod
791 3948 948 3988 nunc
981 3931 1186 4004 incipit
1215 3948 1342 3988 esse
1372 3949 1610 4000 novum,
1641 3936 1699 3987 et
1737 3936 1908 3987 antea
1938 3931 2106 3988 nobis

456 4028 582 4081 erat
599 4021 1290 4088 inauditum,cavendum
1309 4025 1397 4076 est
1421 4037 1490 4076 ne
1511 4021 1844 4076 morbosam
1881 4024 2105 4094 pestem

457 4115 516 4167 et
542 4109 926 4166 incurabilem
958 4109 1111 4165 luem
1145 4109 1342 4182 generi
1373 4110 1733 4166 transmittat
1753 4110 2108 4178 bumano,ut

458 4198 541 4254 ita
565 4197 834 4254 videlicet
863 4197 1024 4270 origo
1053 4197 1380 4270 perniciosa
1423 4198 1688 4254 funditus
1732 4199 2103 4271 exstirpetur,

457 4289 574 4360 quo
603 4285 830 4342 nullum
859 4285 1188 4358 exemplum
1219 4285 1563 4359 nullamque
1595 4287 1902 4360 fragilibus
1939 4287 2107 4342 relin-

457 4379 603 4449 quat
631 4373 995 4430 occasionem
1019 4391 1032 4430 :
1059 4392 1130 4431 ne
1151 4375 1316 4441 forte,
1337 4376 1490 4448 quod
1513 4377 1686 4445 absit,
1702 4375 1834 4432 talis
1859 4393 2104 4432 consue-

459 4465 603 4521 tudo
625 4463 926 4532 inolescat,
945 4479 1063 4536 qua
1079 4464 1407 4520 naturalem
1429 4463 1953 4539 consanguinitatis
1975 4483 2107 4522 con-

457 4549 720 4609 cubitum
751 4553 884 4625 quis
914 4551 1127 4608 devitet
1147 4557 1204 4608 et
1237 4553 1504 4610 fornicari
1527 4560 1728 4610 contra
1753 4559 2020 4611 naturam
2043 4556 2103 4612 in

459 4641 691 4714 preprio
719 4641 1084 4714 genere,leve
1114 4643 1221 4698 hos
1251 4643 1550 4699 mstimans
1573 4643 2104 4712 malum,liccutius
2141 4665 2186 4732 υ

457 4735 778 4788 assuescat.

527 4820 662 4876 CAP.
694 4819 834 4875 XIX.
868 4844 896 4870 ‹‹
931 4819 1032 4875 Hic
1075 4839 1210 4895 ergo
1260 4823 1640 4877 consideratis
1689 4828 1746 4878 et
1795 4823 2104 4895 diligenter

457 4903 796 4984 perspectis,
821 4909 1140 4983 lugendum
1173 4910 1378 4967 incesti
1410 4910 1811 4984 pollutionem,
1837 4911 1894 4968 in
1920 4911 2105 4985 publi-

456 5010 592 5055 cum
631 4999 979 5066 exhalatam,
1012 4999 1257 5073 publica
1305 4999 1658 5072 poenitentiae
1707 5000 2102 5058 satisfactione

457 5085 822 5162 purgandam
856 5089 1240 5144 decrevimus.
1278 5113 1305 5138 »

527 5175 671 5232 Hinc
716 5176 965 5234 breviter
1012 5178 1410 5250 praelibamus,
1442 5177 1500 5233 in
1551 5196 1824 5251 processu
1874 5177 2103 5251 plenius

457 5266 770 5335 ostensuri,
810 5265 948 5339 quia
1007 5267 1347 5339 hujusmodi
1397 5267 1780 5324 confessionis
1837 5266 2102 5322 libellum

459 5352 583 5408 ﬁeri
634 5355 744 5410 L'co
789 5374 940 5429 papa
988 5356 1464 5414 manifestissime
1495 5357 1763 5430 prohibet
1805 5358 1980 5430 (epist.
2011 5359 2100 5427 36,

459 5441 530 5495 ad
559 5443 720 5512 episc.
748 5461 848 5516 per
879 5447 1282 5519 Campaniam),
1317 5447 1416 5502 sed
1449 5452 1504 5503 et
1535 5446 1771 5518 perinde
1803 5463 2036 5502 uxorem
2071 5465 2106 5504 a

457 5527 580 5584 viro
597 5528 893 5589 discedere
925 5553 1094 5606 posse
1118 5553 1303 5609 neque
1326 5536 1642 5592 auctoritas
1663 5552 1829 5590 sacra
1874 5536 2106 5607 permit-

459 5617 552 5674 tit.
575 5617 720 5684 Quia
750 5620 926 5678 ctiam
957 5623 1077 5679 haec
1111 5625 1327 5681 femina
1352 5643 1470 5680 sua:
1509 5623 1899 5679 accusationis
1940 5624 2101 5680 libel-

461 5705 582 5764 tum
617 5720 731 5764 non
765 5711 1153 5785 episcopis,ut
1175 5714 1254 5771 ibi
1278 5713 1564 5785 scriptum
1585 5712 1808 5778 est,sed
1831 5713 1948 5785 regi
1973 5731 2101 5787 por-

2213 3395 2385 3452 vellet
2412 3398 2569 3466 dare,
2602 3400 2661 3452 et
2687 3397 2970 3453 veraciter
2999 3397 3188 3455 tristis
3217 3399 3520 3456 abnueret.
3556 3420 3587 3450 »
3621 3399 3789 3458 Unde
3817 3406 3878 3458 et

2214 3485 2311 3542 hic
2341 3485 2594 3542 domnus
2625 3489 2824 3542 noster
2853 3503 2970 3555 rex,
3006 3487 3244 3560 superni
3287 3489 3632 3560 spectatoris
3681 3490 3876 3546 inten-

2216 3574 2361 3629 dens
2391 3574 2726 3648 oculos,qui
2745 3575 2921 3632 corda
2950 3571 3214 3632 omnium
3240 3577 3546 3650 conspicit,
3569 3582 3632 3634 et
3657 3580 3755 3636 cui
3777 3592 3874 3636 co-

2214 3662 2416 3735 gitatio
2442 3663 2698 3719 hominis
2727 3665 3057 3734 confitetur,
3090 3665 3540 3739 diligentissime
3585 3669 3878 3740 penderet

2215 3751 2264 3806 si
2296 3768 2460 3824 aequo
2492 3752 2688 3808 dolore
2720 3753 3026 3826 acciperet,
3057 3759 3113 3810 et
3141 3771 3307 3828 aequa
3329 3755 3526 3812 vultus
3554 3757 3876 3814 semuitate

2214 3856 2349 3896 eum
2377 3842 2706 3914 respiceret,
2727 3859 2761 3897 a
2790 3859 2906 3914 quo
2935 3847 3076 3898 tunc
3109 3843 3254 3900 forte
3283 3843 3548 3900 audiret:
3573 3845 3727 3912 Quia
3751 3863 3788 3904 a
3815 3850 3876 3903 te

2213 3929 2492 3987 feminam
2541 3931 2714 3986 istam
2765 3931 3038 4000 absolvis,
3071 3949 3177 3989 nec
3224 3932 3325 3988 illa
3353 3933 3531 3990 talem
3568 3932 3659 3991 vel
3691 3933 3870 3992 talem

2213 4018 2318 4075 tibi
2341 4035 2690 4092 quocunque
2712 4021 2885 4076 modo
2908 4021 3154 4079 ulterius
3176 4037 3436 4094 unquam
3460 4024 3872 4096 approximane

2214 4109 2542 4180 permittas.
2576 4109 2655 4164 De
2685 4109 2794 4164 hoc
2823 4110 2978 4182 quod
3012 4127 3110 4166 rex
3138 4113 3444 4184 proﬁtetur
3480 4111 3623 4184 quia
3652 4113 3868 4170 falsum

2205 4196 2521 4269 judicium,
2547 4215 2607 4254 se
2629 4197 2986 4271 sciente,pro
3007 4199 3241 4256 verifica
3269 4200 3704 4258 examinatione
3738 4217 3870 4259 sus-

2213 4286 2385 4359 cepit,
2405 4287 2656 4344 scientes
2689 4289 2758 4345 dc
2789 4287 3063 4345 omnibus
3087 4289 3330 4360 judiciis
3359 4291 3579 4346 nostris
3611 4292 3872 4364 mquissi-

2214 4393 2310 4432 mo
2331 4375 2516 4448 judici
2549 4379 2606 4432 et
2636 4377 2756 4450 regi
2789 4393 2992 4450 regum
3023 4379 3280 4435 rationes
3321 4393 3430 4435 nos
3478 4379 3872 4437 subtilissime

2213 4465 2564 4533 reddituros,
2582 4483 2707 4538 quae
2731 4465 3020 4523 sentimus
3042 4467 3262 4540 absque
3281 4472 3550 4540 respectu
3580 4483 3867 4542 personas,

2211 4554 2450 4610 veritate
2484 4559 2747 4627 cogente,
2780 4555 3152 4627 proferimus.
3197 4555 3432 4612 Scilicet
3480 4556 3621 4630 quia
3665 4563 3870 4614 contra

2212 4644 2396 4717 legale
2445 4645 2743 4700 decretum
2791 4649 2850 4700 et
2894 4645 3285 4718 evangelicam
3342 4645 3648 4702 veritatem
3697 4663 3870 4721 agere

2217 4733 2914 4812 praesumpsit,dicentem
2941 4751 2954 4789 :
2978 4735 3095 4789 Non
3124 4735 3354 4791 ιθηιίιὸὶε
3374 4735 3667 4792 Dominum
3699 4739 3868 4793 Deum

2213 4829 2366 4877 tuum
2404 4822 2609 4890 (Matth.
2639 4837 2716 4889 Iv,
2746 4825 2834 4891 7);
2867 4823 2989 4896 qui,
3023 4826 3089 4878 ut
3139 4824 3348 4878 iterum
3399 4825 3687 4896 scriptum
3735 4831 3863 4882 est:

2213 4911 2466 4966 lllusorcs
2505 4909 2721 4967 deludet
2746 4913 2928 4980 (Prov.
2975 4929 3056 4979 III,
3089 4912 3201 4984 34),
3238 4917 3302 4968 ut
3353 4913 3694 4986 sacrilegus,
3727 4913 3868 4987 quia

2212 5016 2317 5054 con
2327 5003 2416 5054 tra
2435 5013 2601 5054 sacra
2615 5004 2984 5056 sacramenta
3001 5015 3103 5073 per
3113 5005 3513 5073 contemptum
3527 5007 3586 5057 et
3601 5001 3868 5059 illuseris

2215 5085 2366 5155 fecit,
2384 5087 2786 5160 pmnitentiam
2809 5089 3058 5164 accipiat
3079 5089 3318 5165 dignam
3355 5095 3415 5146 et
3434 5095 3698 5164 peragat,
3723 5109 3867 5147 con-

2213 5177 2530 5234 sentientes
2551 5184 2745 5234 autem
2763 5179 2834 5246 ei,
2852 5180 2898 5235 si
2924 5181 3022 5252 qui
3049 5179 3597 5254 fuerunt,legalibus
3611 5186 3668 5237 et
3682 5181 3866 5237 eccle-

2213 5266 2496 5338 siasticisj
2507 5267 2713 5323 udiciis
2728 5274 3149 5341 supponantur.
3169 5271 3454 5325 Caeterum
3471 5271 3626 5342 quod
3643 5270 3864 5327 ibidem

2213 5356 2759 5430 subsequitur,quia
2776 5359 2976 5414 eadem
3001 5359 3217 5415 femina
3229 5360 3553 5414 secundum
3567 5375 3709 5414 suas
3721 5360 3870 5414 mul-

2215 5450 2304 5502 tas
2335 5445 2756 5518 postulationes
2789 5448 3023 5519 publica
3061 5448 3415 5521 pcenitentim
3464 5448 3870 5505 satisfactione

2212 5536 2519 5608 purganda
2547 5537 2781 5591 decreta
2809 5541 2917 5603 est,
2953 5537 3001 5592 si
3051 5537 3111 5593 in
3154 5538 3412 5610 jusdicio
3445 5536 3615 5611 legali
3648 5537 3866 5610 posita,

2212 5625 2636 5681 rationabiliter
2663 5629 2719 5680 et
2741 5626 2902 5697 juste
2935 5626 3077 5682 illud
3109 5627 3311 5692 evasit,
3339 5627 3555 5682 comite
3590 5627 3867 5698 aequitate

2211 5715 2296 5771 vel
2331 5714 2706 5786 indulgentia:
2753 5715 2988 5786 pietate,
3023 5717 3168 5773 bene
3207 5721 3506 5788 utcunque
3557 5733 3619 5772 se
3661 5715 3864 5786 habet,
