4148 6462
257 441 372 504 641

1170 444 1273 510 DE
1317 445 1694 510 DIVORTIO
1737 446 2106 509 LOTHARII
2151 445 2250 508 ET
2292 445 2764 514 TETBERGIE.

3535 455 3660 519 649

243 574 336 638 ita
354 577 550 635 tamen
570 577 637 630 ut
647 578 859 636 contra
880 575 1222 648 Apostolum
1250 577 1484 636 licentia
1509 579 1896 652 separationis
1923 583 1978 654 Α
2009 584 2245 652 propter
2262 581 2522 652 pondera
2540 585 2910 652 peccatorum
2928 599 3169 644 suorum
3193 601 3377 646 manu.
3391 602 3502 647 sua
3518 587 3660 662 sub.

252 663 382 734 ejus
413 663 760 722 scandalum
810 681 926 723 non
973 665 1077 721 ﬁat
1117 665 1392 736 infirmis,
1425 671 1483 724 et
1507 668 1698 724 virum
1729 687 1905 726 suum

253 751 535 823 moneri
565 768 686 811 non
716 753 929 812 faciat:
955 753 1047 811 sin
1069 759 1286 822 autem,
1310 757 1514 814 audire
1542 773 1678 814 cum
1708 758 1904 816 fauto—

251 839 418 898 ribus
445 841 574 900 suis
619 841 870 914 apostoli
917 843 1095 901 verba
1140 844 1424 902 debuerat
1456 861 1470 900 :
1502 847 1692 902 Petitis
1719 854 1770 903 et
1795 862 1908 905 non

249 929 522 1000 accipitis,
555 944 616 984 eo
645 929 788 1001 quod
815 931 960 986 male
985 933 1180 1002 petatis
1219 935 1353 1001 (Jac.
1387 950 1465 1001 1v,
1497 933 1552 1006 3)
1578 951 1592 1002 ;
1625 934 1903 1006 quoniam

251 1033 378 1089 quae
401 1033 468 1074 se
483 1017 641 1090 apud
661 1033 858 1091 regem
882 1021 939 1075 et
957 1019 1182 1076 nobiles
1203 1020 1382 1080 laicos
1413 1027 1786 1080 accusaverat
1805 1041 1908 1096 per

249 1105 808 1178 scripturam,sicuti
831 1109 1156 1170 secundum
1169 1108 1328 1182 leges
1349 1111 1644 1169 Romanas
1657 1111 1908 1184 quisque

251 1199 495 1253 accusat
521 1193 708 1252 alium
738 1196 852 1254 sub
885 1197 1217 1254 conditione
1241 1199 1462 1256 eisdem
1495 1198 1724 1273 legibus
1755 1201 1906 1256 desi-

249 1286 825 1356 gnata,consequens
847 1301 961 1341 non
985 1285 1215 1342 videtur
1225 1291 1292 1342 ut
1313 1287 1385 1342 ab
1401 1287 1496 1345 his
1517 1287 1777 1361 legaliter
1793 1306 1908 1344 non

243 1371 629 1444 judicata,v_el
660 1372 1026 1446 indulgentia
1055 1373 1395 1448 principalis
1427 1377 1725 1434 sententiae
1747 1379 1912 1434 abso~

249 1459 398 1528 luta,
433 1461 509 1516 ab
535 1461 827 1534 episcopis
871 1463 1215 1534 poenitentia
1243 1465 1481 1536 publica
1509 1465 1780 1522 mulctari
1809 1467 1908 1524 de-

249 1549 468 1620 buerit,
489 1566 626 1606 cum
654 1550 713 1606 in
737 1551 962 1622 judicio
993 1551 1258 1624 legaliter
1281 1554 1566 1626 disposito
1585 1555 1760 1615 etiam
1783 1573 1908 1611 ear-

249 1638 459 1708 silices
476 1639 700 1712 absque
720 1639 946 1712 prolato
959 1641 1186 1712 judicio
1210 1659 1372 1698 reum
1397 1644 1468 1700 ad
1492 1648 1909 1702 tormentanon

246 1727 739 1802 pertrahant,nec
771 1729 895 1786 sine
927 1730 1292 1803 indulgentia
1322 1731 1629 1804 principali
1662 1732 1910 1789 vinculis

246 1817 597 1890 colligatum
645 1818 970 1876 absolvant.
1025 1821 1188 1886 Quod
1241 1821 1494 1894 denique
1539 1825 1673 1894 post
1719 1821 1913 1880 valida

246 1905 670 1970 auctoritatum
703 1907 1062 1975 testimonia,
1095 1910 1197 1966 sed
1246 1926 1455 1981 parum
1505 1913 1606 1966 aut
1636 1909 1780 1966 nihil
1809 1909 1910 1966 illa

245 2011 379 2067 qua:
404 1995 475 2060 de
496 1995 737 2067 praefata
765 1997 987 2054 femina
1016 2001 1146 2054 acta
1171 2003 1312 2054 sunt
1342 1999 1772 2065 confirmantis,
1789 1997 1911 2054 imo

244 2089 300 2143 et
329 2083 424 2140 his
445 2085 712 2155 quaedam
736 2086 1046 2156 contraria,
1074 2087 1291 2142 ibidem
1324 2087 1709 2160 subsequitur
1740 2105 1754 2142 :
1792 2111 1812 2137 α
1831 2087 1912 2149 De

245 2191 388 2246 rege
408 2177 606 2232 autem
630 2179 850 2241 nostro,
875 2179 933 2231 et
953 2177 1081 2248 ejus
1105 2176 1294 2248 fragili
1317 2177 1646 2248 juventute,
1671 2182 1728 2233 et
1751 2176 1912 2234 labili

244 2261 780 2331 incontinentia,ne
803 2262 1034 2335 populis
1057 2281 1350 2336 regnoque
1377 2263 1565 2338 ipsius
1586 2265 1911 2336 periculum

245 2351 489 2418 inferat,
516 2351 743 2410 consuli
765 2352 958 2408 adhuc
980 2369 1193 2426 magna
1215 2353 1532 2412 necessitas
1554 2354 1841 2410 imminet:
1857 2358 1914 2410 et

201 2433 211 2436 ’
246 2439 384 2498 ideo
406 2456 779 2512 summopere
793 2439 1386 2516 flagitamus,eollegii
1406 2443 1582 2500 vestri
1601 2442 1844 2498 consilio
1857 2445 1912 2498 et

248 2529 487 2588 sincera
507 2529 914 2602 cooperatione
934 2546 1043 2587 nos
1061 2530 1121 2586 in
1135 2531 1384 2588 Domino
1407 2549 1440 2587 a
1457 2532 1622 2589 vobis
1642 2531 1914 2588 velociter

245 2617 572 2686 consolari,
595 2623 771 2691 atque
791 2619 1166 2687 confortari,»
1188 2619 1442 2676 mirabili
1465 2620 1624 2676 dictu
1649 2621 1914 2693 pendens

248 2707 432 2776 nobis
451 2707 576 2762 visa
596 2711 687 2762 est
704 2706 932 2779 prolata
951 2709 1262 2778 sententia,
1279 2709 1556 2780 quoniam
1578 2727 1706 2782 quae
1721 2709 1911 2782 requi-

249 2799 426 2854 ratur
440 2795 652 2855 exinde
669 2796 991 2853 consolatio
1009 2814 1124 2852 non
1142 2799 1450 2870 profertur,
1472 2815 1579 2854 nec
1599 2799 1750 2854 unde
1773 2817 1910 2856 con-

245 2885 457 2944 silium
470 2885 600 2942 dari
613 2885 822 2945 debeat
835 2887 1290 2942 demonstratur.
1307 2889 1668 2960 Quapropter
1679 2904 1910 2962 expres-

245 2975 376 3036 sius
399 2973 744 3046 interrogati
765 2974 839 3030 ab
863 2973 1015 3042 aliis,
1041 2974 1090 3030 si
1121 2974 1460 3048 conjugium
1477 2976 1599 3033 hac
1619 2976 1910 3048 copulatio

243 3063 404 3123 inter
425 3061 712 3126 domnum
737 3079 934 3136 regem
958 3068 1017 3120 et
1039 3080 1190 3136 saepe
1212 3064 1430 3121 dictam
1452 3064 1734 3121 feminam
1758 3066 1910 3124 579

243 3153 465 3220 fuerat,
485 3167 614 3224 quae
632 3151 768 3208 inde
789 3169 957 3216 sacra
972 3152 1318 3210 auctoritate
1335 3154 1575 3210 docente
1597 3154 1908 3222 sentimus,

243 3240 305 3297 in
331 3257 618 3314 processu
647 3239 840 3314 operis
869 3241 1334 3298 ostendemus.Si
1355 3259 1488 3298 vero
1509 3241 1911 3300 concubinalis

243 3328 609 3398 commistio,
623 3329 714 3385 vel
732 3328 1072 3386 incestualis
1095 3329 1342 3403 pollutio
1363 3331 1667 3399 exstitit,et
1679 3331 1904 3401 exinde,

245 3436 381 3492 quae
413 3419 476 3476 in
508 3417 692 3476 sacris
722 3419 954 3492 paginis
981 3418 1313 3476 invenimus
1343 3419 1906 3490 collecta,monstra-

244 3508 471 3571 bimus.
507 3507 749 3566 Interim
779 3511 977 3564 tamen
1019 3507 1199 3580 hujus
1227 3509 1370 3566 tomi
1401 3510 1742 3583 scriptorem
1773 3527 1908 3570 cum

243 3597 420 3660 venia
449 3613 916 3667 commonemus,
951 3597 1090 3670 quia
1115 3598 1300 3655 tutius
1342 3599 1529 3657 fuerat
1573 3604 1909 3677 exspectem

244 3691 428 3759 atque
457 3689 726 3759 expetere
762 3685 990 3759 collegii
1038 3686 1326 3759 generalis
1377 3687 1688 3744 consilium
1719 3705 1788 3744 ex
1815 3689 1908 3745 bis

245 3789 380 3847 quae
409 3773 486 3844 de
515 3771 794 3846 pradicta
848 3773 1068 3830 femina
1114 3779 1278 3846 gesta
1336 3780 1496 3841 sunt,
1528 3779 1586 3831 et
1614 3775 1674 3830 in
1704 3777 1907 3832 eodem

245 3861 521 3932 consilio,
557 3862 716 3935 quod
746 3879 902 3918 nunc
931 3864 1250 3935 requiritur
1279 3865 1349 3920 de
1380 3865 1596 3920 domno
1627 3881 1758 3938 rege
1779 3881 1912 3920 con-

246 3951 456 4008 silium
497 3954 824 4022 caperetur,
855 3968 1035 4024 quam
1071 3969 1248 4021 nunc,
1273 3958 1339 4009 ut
1359 3971 1428 4010 ex
1447 3955 1690 4026 antiquo
1722 3954 1912 4010 solent

246 4039 652 4112 proverbiales
675 4039 884 4108 dicere,
909 4045 1041 4112 post
1061 4045 1470 4114 tempestatem
1488 4042 1797 4100 buccinam
1818 4043 1906 4098 in-

247 4145 485 4198 sonare,
511 4127 651 4200 quia
679 4129 966 4200 scriptum
997 4135 1086 4186 est
1107 4146 1120 4184 :
1144 4131 1434 4202 Palpebrm
1463 4139 1574 4188 tua:
1598 4131 1913 4204 prwcedant

246 4233 473 4288 gressus
503 4225 622 4275 tuos
653 4220 834 4288 (Prov.
878 4235 957 4290 ιν,
986 4220 1080 4288 26)
1105 4236 1118 4286 ;
1152 4224 1209 4274 et
1239 4237 1253 4276 :
1288 4219 1486 4277 Omnia
1513 4223 1604 4292 fac
1628 4238 1754 4278 cum
1782 4238 1907 4278 con-

247 4310 402 4377 silio,
437 4315 490 4364 et
512 4315 634 4380 post
660 4309 868 4380 factum
894 4325 1008 4364 non
1051 4310 1335 4382 paenitebis
1366 4311 1554 4382 (Eccli.
1587 4329 1762 4380 xxxu,
1793 4313 1906 4382 24).

771 4432 1312 4490 INTERROGATIO
1355 4434 1405 4490 Il

322 4541 407 4598 De
437 4557 506 4596 eo
539 4539 694 4613 quod
721 4540 890 4597 nobis
921 4540 1205 4613 scriptum
1237 4546 1326 4596 est
1363 4541 1650 4612 quosdam
1693 4542 1904 4611 dicere,

249 4629 538 4704 quoniam
568 4629 641 4685 ad
669 4629 858 4686 instar
903 4634 1134 4688 secretae
1185 4629 1566 4686 confessionis
1609 4632 1905 4703 quondam

249 4695 476 4776 Dbonis
498 4717 778 4791 episcopi,
795 4719 866 4776 de
887 4719 1250 4792 argumentis
1269 4719 1449 4792 hujus
1471 4695 1908 4776 causaelatentis
1942 4695 1986 4758 D

249 4824 321 4866 ex
351 4806 722 4865 confessione
751 4808 1004 4880 prafatee
1035 4807 1262 4864 feminae
1295 4809 1501 4865 debeat
1522 4809 1798 4881 judicari.

876 4915 1294 4972 RESPONSIO.

325 5024 502 5080 Forte
521 5021 655 5080 laici
677 5026 735 5080 et
755 5022 1098 5094 hujusmodi
1127 5021 1397 5078 homines
1439 5023 1660 5091 dicunt,
1685 5021 1784 5096 qui
1817 5040 1908 5079 ec-

253 5111 624 5170 clesiasticas
643 5110 802 5184 leges
822 5111 1114 5184 ignorant,
1129 5115 1186 5167 et
1205 5111 1519 5184 episcopali
1543 5117 1682 5168 tunc
1695 5116 1912 5184 tempo-

255 5201 339 5258 ris
359 5217 484 5258 non
507 5199 1082 5272 interfuerejudicio,
1107 5201 1206 5256 sed
1229 5217 1356 5272 quae
1386 5205 1516 5256 acta
1544 5205 1685 5256 sunt
1704 5201 1910 5256 auditu

253 5289 586 5363 conjiciunt
611 5288 840 5346 vitioso.
867 5288 1026 5346 Unde
1053 5306 1180 5361 nos,
1205 5289 1304 5362 qui
1335 5289 1395 5344 in
1426 5289 1628 5345 eodem
1659 5289 1908 5348 concilio

253 5379 504 5453 fuimus,
527 5381 688 5434 certa
706 5377 931 5448 notitia,
957 5383 1015 5436 et
1033 5395 1104 5434 ex
1119 5379 1343 5435 eisdem
1362 5377 1544 5450 gestis
1573 5377 1911 5450 episcopali-

255 5468 388 5537 bus,
421 5470 482 5526 ct
509 5465 612 5534 illo
640 5465 768 5540 ipso
799 5467 1016 5540 scripto
1047 5467 1201 5538 quod
1231 5467 1350 5523 Ebo
1378 5482 1556 5523 manu
1589 5483 1699 5522 sua
1719 5466 1911 5523 ﬁrma-

255 5560 384 5628 tum
407 5553 658 5625 concilio
673 5555 1254 5628 protulit,ostendere
1272 5554 1754 5628 possumus,quia
1771 5571 1912 5627 prte-

257 5645 416 5714 fatus
433 5643 748 5718 episcopus
771 5643 831 5705 in
853 5647 1074 5717 synodo
1095 5649 1406 5705 accusatus
1417 5643 1648 5716 judices
1665 5643 1776 5701 sibi
1795 5643 1908 5700 ele-

259 5736 364 5814 git,
399 5732 668 5810 libellum
699 5735 771 5796 de
801 5735 1129 5796 secessione
1159 5752 1194 5798 a
1220 5734 1545 5797 ministerio
1589 5733 1909 5810 pontiﬁcali

2013 670 2298 740 scriptum
2327 671 2548 742 synodo
2598 685 2775 726 sacrae
2819 671 3090 743 porrexit,
3125 673 3250 745 ipse
3271 673 3443 750 juxta
3472 673 3652 738 libelli

2011 761 2272 816 tenorem
2303 758 2823 819 confessustestes
2873 759 3162 827 adhibuit,
3195 766 3262 838 et.
3279 761 3364 821 sic
3393 763 3654 834 demum,

2015 848 2340 904 secundum
2365 847 2792 908 confessionem
2812 865 2984 906 suam
3005 849 3253 906 testibus
3283 854 3340 909 et
3369 851 3664 926 scriptura-

2015 935 2698 1008 subnixam,utjudicum
2719 936 3266 1010 electorumjudicio
3291 939 3662 999 aministerio

2013 1023 2328 1096 episcopali
2360 1025 2652 1081 recederet
2673 1027 3026 1084 sententiam
3051 1027 3230 1100 synod
3241 1026 3390 1085 alem
3413 1029 3654 1102 accepit,

2016 1113 2182 1181 abiit,
2209 1117 2266 1170 et
2285 1113 2544 1169 recessit.
2567 1115 2928 1187 Quapropter
2947 1115 3208 1173 dicentes
3237 1115 3379 1174 talia
3397 1117 3574 1175 etiam
3591 1135 3663 1177 ex

2016 1206 2216 1260 nostra
2230 1202 2627 1260 insinuatione
2647 1208 3019 1276 cognoscant,
3044 1205 3200 1276 quod
3227 1205 3298 1261 de
3317 1205 3662 1264 Christianas

2015 1291 2288 1350 doctrinae
2321 1308 2432 1346 usu
2462 1291 2730 1362 ignorare
2761 1309 2877 1348 non
2907 1297 3176 1365 possunt,
3196 1293 3476 1366 quoniam
3507 1294 3667 1368 sicut

2017 1377 2172 1447 alius
2199 1380 2362 1448 ordo,
2384 1379 2466 1434 ita
2495 1383 2552 1436 et
2582 1379 2696 1436 alia
2724 1396 2902 1437 causa
2929 1385 2987 1436 et
3017 1381 3105 1436 lex
3134 1398 3322 1438 causa:
3351 1383 3460 1438 viri
3489 1388 3580 1440 est
3607 1387 3665 1442 et

2017 1466 2298 1538 uxoris,et
2313 1466 2429 1524 alia
2447 1485 2562 1524 non
2589 1467 2779 1526 solum
2799 1469 3294 1542 episcopi,verum
3317 1473 3660 1546 presbyteri,

2019 1559 2192 1628 atque
2211 1555 2514 1614 diaconi.N
2519 1573 2635 1624 am,
2649 1557 2890 1615 docente
2912 1559 3246 1632 evangeliea
3264 1565 3324 1616 et
3343 1561 3665 1633 apostolica

2015 1644 2255 1704 veritate
2290 1661 2302 1701 :
2341 1646 2433 1702 Vir
2474 1661 2588 1702 non
2627 1646 2786 1704 habet
2827 1654 3137 1719 potestatem
3165 1651 3405 1720 corporis
3431 1652 3544 1718 sui,
3571 1649 3668 1707 sed

2015 1733 2237 1801 mulier,
2270 1741 2324 1792 et
2347 1735 2550 1792 mulier
2575 1751 2688 1790 non
2716 1735 2874 1792 habet
2895 1730 3204 1808 potestatem
3258 1741 3502 1810 corporis
3547 1741 3659 1810 sui,

2015 1821 2108 1877 sed
2137 1823 2243 1878 vir.
2277 1823 2324 1894 (I
2350 1822 2471 1879 Cor.
2495 1840 2595 1892 vn,
2627 1823 2702 1895 4).
2731 1826 2856 1890 Qua
2883 1828 3168 1896 potestate
3198 1827 3476 1898 corporis,
3508 1826 3664 1884 sicut

2020 1915 2288 1974 auctores
2307 1917 2622 1984 exponunt,
2643 1929 2787 1969 usus
2801 1913 3144 1986 genitalium
3167 1915 3663 1990 designatur-ﬂui—

2021 2003 2131 2060 bus
2152 2001 2310 2058 abuti
2334 2001 2615 2072 eonjuges
2646 2017 2762 2057 non
2792 2001 3006 2058 debent
3035 2003 3104 2057 ad
3135 2003 3302 2072 alios,
3329 2005 3428 2060 sed
3459 2005 3543 2068 uti
3574 2005 3668 2062 eis

2020 2089 2360 2162 nuptialiter
2383 2090 2533 2146 inter
2557 2089 3256 2162 seipsos.Alioquin,sieut
3275 2097 3332 2147 et
3351 2093 3664 2164 Apostolus

2020 2181 2091 2234 de
2113 2196 2174 2232 se
2197 2177 2338 2233 dicit
2358 2182 2410 2246 (Ι
2440 2179 2664 2248 Cor.1x),
2688 2179 2938 2250 quisque
2966 2179 3151 2234 Deum
3182 2180 3394 2236 timens
3413 2185 3664 2252 potesta-

2019 2271 2135 2324 tem
2163 2267 2338 2322 habet
2359 2267 2682 2338 castigandi
2708 2284 2919 2339 corpus
2940 2285 3136 2334 suum,
3159 2273 3218 2324 et
3237 2270 3498 2325 servituti
3529 2272 3664 2326 sub-

2011 2354 2348 2426 jiciendi,et
2379 2356 2450 2410 ad
2483 2361 2728 2411 mortem
2761 2373 2948 2428 usque
2978 2375 3081 2428 pro
3112 2357 3343 2413 Christo
3372 2359 3660 2429 tradendi,

2019 2449 2196 2516 atque
2216 2444 2542 2501 secundum
2563 2461 2937 2501 communem
2953 2461 3021 2501 ac
3033 2445 3256 2501 licitum
3269 2462 3443 2502 usum
3458 2452 3666 2506 caetera

2021 2533 2286 2588 membra
2332 2549 2441 2588 sua
2489 2532 2780 2600 movendi,
2840 2537 2898 2588 et
2941 2533 3202 2606 corporis
3249 2535 3402 2591 580
3459 2551 3662 2592 curam

2019 2621 2228 2693 agendi
2247 2619 2441 2676 habet.
2464 2621 2582 2677 Sub
2605 2637 2720 2692 quo
2745 2638 2921 2677 sensu
2943 2621 3099 2678 idem
3118 2623 3432 2695 Apostolus
3462 2624 3661 2698 sequi—

2018 2713 2116 2764 tur
2147 2725 2160 2765 :
2192 2711 2258 2764 Et
2283 2710 2510 2781 altiqata
2538 2718 2618 2765 est
2649 2711 2852 2766 mulier
2881 2711 2996 2780 lege
3021 2713 3135 2766 viri
3160 2711 3406 2784 quandiu
3434 2715 3522 2769 vir
3547 2715 3664 2786 ejus

2017 2799 2248 2853 vixerit:
2262 2807 2472 2854 mortuo
2499 2806 2680 2854 autem
2707 2801 2824 2854 viro
2851 2800 3032 2855 soluta
3051 2808 3128 2855 est
3155 2817 3190 2854 α
3220 2801 3333 2872 lege
3359 2802 3669 2869 viri,nubat

2019 2888 2111 2942 cui
2157 2886 2292 2953 vult,
2341 2893 2554 2943 tantum
2598 2887 2658 2942 in
2703 2887 2933 2943 Domino
2983 2888 3030 2960 (Ι
3053 2888 3174 2944 Cor.
3204 2905 3305 2957 vn,
3335 2887 3447 2962 27).
3480 2890 3552 2958 Et
3575 2889 3666 2946 vir

2019 2991 2134 3031 non
2168 2978 2358 3048 potest
2403 2991 2643 3032 uxorem
2691 2991 2860 3030 suam
2889 2975 3189 3032 dimittere
3216 2992 3568 3050 quacunque
3589 2979 3662 3046 de

2018 3079 2216 3131 causa,
2249 3067 2306 3119 et
2335 3062 2498 3121 nulla
2521 3062 2638 3120 alia
2666 3063 2779 3120 nisi
2807 3062 2943 3120 sola.
2961 3063 3360 3121 fornicationis
3379 3081 3578 3135 causa,
3601 3069 3664 3122 et

2019 3153 2066 3208 si
2099 3151 2388 3208 dimiserit
2418 3169 2570 3220 eam,
2601 3151 2826 3209 vivente
2854 3151 2956 3208 illa
2980 3170 3096 3210 non
3127 3157 3323 3226 potest
3350 3153 3527 3210 aliam
3557 3155 3664 3210 du-

2019 3257 2168 3310 cere,
2202 3257 2308 3296 nec
2337 3240 2440 3296 illa
2466 3241 2588 3296 viro
2617 3258 2725 3298 suo
2761 3241 2988 3298 vivente
3039 3240 3205 3298 alteri
3253 3241 3494 3314 nubere,
3524 3243 3664 3316 quia

1939 3324 1981 3390 (Ξ
2019 3329 2302 3401 scriptum
2323 3333 2413 3386 est
2435 3347 2448 3385 :
2475 3329 2623 3398 Quod
2654 3331 2792 3386 Deus
2819 3331 3110 3402 conjunxit
3131 3331 3288 3387 homo
3316 3346 3428 3388 non
3454 3339 3670 3404 separet

2019 3417 2219 3490 (Matth.
2242 3434 2298 3483 χ,
2329 3417 2406 3488 9).
2441 3417 2597 3479 Deus
2643 3416 2800 3474 enim
2831 3418 3154 3490 conjunxit,
3188 3435 3367 3475 unam
3396 3419 3662 3476 faciendo

2017 3523 2252 3562 carnem
2272 3505 2380 3562 viri
2401 3509 2460 3561 et
2479 3505 2728 3562 feminae.
2755 3507 2912 3564 Hanc
2931 3505 3106 3562 homo
3136 3524 3252 3564 non
3283 3511 3477 3580 potest
3504 3526 3664 3582 sepa-

2018 3612 2165 3664 rare,
2188 3594 2303 3650 nisi
2326 3595 2486 3652 solus
2507 3595 2750 3652 forsitan
2769 3595 2942 3652 Deus.
2967 3597 3150 3654 Homo
3167 3599 3662 3670 separat,quando

2017 3689 2252 3756 propter
2273 3683 2631 3739 desiderium
2663 3684 2930 3739 secundas
2962 3685 3159 3741 uxoris
3187 3685 3438 3757 primam
3469 3685 3664 3742 dimit-

2017 3773 2090 3828 tit
2121 3791 2134 3828 :
2169 3773 2325 3828 Deus
2373 3776 2626 3844 separat,
2658 3772 2757 3844 qui
2808 3777 2866 3827 et
2896 3773 3294 3842 conjunxerat,
3327 3774 3563 3844 quando
3593 3791 3663 3844 ex

2019 3877 2306 3916 consensu
2323 3864 2556 3932 propter
2583 3859 2919 3916 servitutem
2937 3859 3058 3928 Dei,
3077 3877 3143 3916 eo
3161 3862 3316 3932 quod
3336 3867 3570 3934 tempus
3599 3861 3660 3918 in

2017 3954 2176 4004 arcto
2208 3948 2304 4020 sit,
2340 3948 2423 4002 sic
2455 3947 2632 4003 habet
2663 3965 2902 4004 uxorem
2934 3948 3102 4020 quasi
3135 3965 3249 4005 non
3281 3948 3524 4006 habens.
3559 3951 3660 4006 Se-

2018 4043 2184 4112 parat
2215 4043 2410 4094 autem
2442 4037 2617 4105 Deus,
2643 4054 2758 4094 non
2789 4055 2825 4094 a
2853 4037 3105 4094 maritali
3127 4043 3185 4094 et
3214 4056 3428 4096 uxorea
3455 4057 3661 4097 secun-

2019 4129 2160 4185 dum
2178 4129 2359 4184 Deum
2374 4127 2520 4186 inita
2533 4127 2962 4199 conjunctione,
2977 4129 3078 4185 sed
3095 4145 3130 4184 a
3144 4129 3362 4186 carnali
3383 4145 3664 4187 commer-

2017 4219 2106 4275 cio
2127 4221 2186 4272 et
2205 4215 2400 4272 uxorei
2423 4233 2566 4272 usus
2588 4215 3185 4283 commistione.Quod
3207 4217 3256 4274 si
3279 4217 3522 4276 sufferre
3544 4237 3666 4288 non

2019 4311 2285 4380 possunt,
2309 4323 2422 4361 non
2445 4322 2508 4362 se
2529 4306 2873 4362 fraudentur
2893 4307 2964 4362 ab
2983 4305 3251 4376 invicem,
3276 4307 3388 4364 nisi
3420 4308 3566 4364 forte
3587 4309 3660 4366 ad

2017 4401 2270 4469 tempus,
2297 4401 2362 4452 ut
2380 4400 2584 4452 vacent
2602 4393 2872 4463 orationi,
2895 4398 2951 4451 et
2971 4395 3184 4452 iterum
3207 4400 3572 4454 revertantur
3599 4397 3664 4454 in

2019 4486 2096 4542 idi
2104 4503 2298 4558 psum,
2323 4489 2388 4540 ut
2407 4503 2521 4540 non
2546 4487 2842 4540 tententur
2861 4502 2895 4540 a
2916 4486 3132 4542 Satana
3151 4490 3388 4558 propter
3413 4485 3661 4544 inconti-

2018 4574 2299 4630 nentiam.
2334 4573 2397 4629 In
2429 4574 2599 4644 cujus
2629 4573 3012 4630 tentationem
3043 4591 3146 4648 per
3174 4575 3660 4633 incontinentiam

2019 4663 2290 4735 quisquis
2319 4679 2521 4718 eorum
2553 4663 2938 4720 adulterando
2967 4663 3260 4732 inciderit,
3283 4663 3544 4722 antidoto
3575 4681 3664 4721 sa-

2017 4751 2204 4808 lubris
2224 4751 2573 4825 pmnitentiae
2597 4753 2919 4808 remedium
2943 4753 3346 4825 pmnitendi,et
3365 4769 3470 4824 per
3487 4751 3663 4809 eccle-

2015 4841 2316 4899 siasticam
2341 4841 2746 4899 auctoritatem
2768 4843 3044 4915 consequi
3075 4841 3484 4914 perfectionem
3513 4839 3662 4896 vale-

2017 4930 2123 4986 bit.
2147 4929 2464 5004 Episcopos
2484 4935 2702 4997 autem,
2726 4931 3112 5004 presbyteros,
3136 4929 3226 4985 vel
3245 4929 3658 5002 diaconos,qui

2017 5018 2250 5092 mortali
2271 5019 2515 5076 crimine
2537 5021 2786 5076 dixerint
2809 5037 2870 5075 se
2890 5036 3018 5076 esse
3035 5017 3308 5092 pollutos,
3333 5018 3659 5074 secundum

2015 5107 2384 5164 Valentinum
2408 5109 2706 5182 Synodum
2731 5108 2954 5180 (canJi),
2980 5124 3015 5162 a
3043 5105 3394 5178 supradictis
3425 5105 3658 5162 ordina-
3769 5134 3776 5147 ε

2017 5197 2277 5253 tionibus
2296 5196 2546 5270 legimus
2567 5196 3016 5266 submovendos,
3039 5210 3166 5252 reos
3183 5193 3405 5250 scilicet
3431 5193 3521 5251 vel
3541 5195 3660 5252 veri

2017 5287 2399 5353 confessione,
2423 5287 2510 5342 vel
2535 5285 2838 5342 mendacio
2862 5283 3154 5341 falsitatis.
3174 5282 3373 5355 Neque
3386 5283 3544 5340 enim
3565 5283 3661 5342 ab-

2017 5377 2158 5433 solvi
2190 5381 2380 5449 potest
2409 5375 2511 5449 qui
2542 5377 2600 5432 in
2633 5375 2893 5448 seipsum
2923 5371 3132 5430 dixerit
3159 5372 3364 5430 mortis
3395 5389 3656 5444 causam,

2017 5483 2145 5538 quae
2168 5467 2325 5522 dicta
2361 5465 2424 5521 in
2457 5465 2639 5521 alium
2669 5463 2992 5537 puniretur,
3026 5479 3162 5518 cum
3189 5463 3384 5521 omnis
3412 5465 3514 5538 qui
3545 5464 3660 5522 sibi

2016 5555 2192 5613 fuerit
2217 5555 2420 5612 mortis
2441 5571 2620 5611 causa
2638 5553 2826 5625 major
2854 5552 3150 5609 homicida
3177 5553 3466 5621 sit.Quam
3498 5571 3658 5612 mor-

2017 5649 2136 5701 tem
2157 5649 2397 5704 sanctus
2419 5643 2782 5718 Augustinus
2801 5641 2863 5697 in
2884 5643 3175 5700 sententia
3207 5644 3654 5704 Deuteronomii:

2016 5735 2080 5801 Si
2105 5735 2464 5812 deprehensus
2493 5733 2662 5809 fuerit
2687 5731 2842 5792 homo
2878 5732 3181 5792 sollicitans
3227 5734 3457 5808 [iuvem
3494 5749 3660 5798 suum
