4148 6452
482 440 602 503 643

1387 432 1807 496 ιΗῙΝϐΜΛΠῙ
1851 428 2301 494 RHEMENSIS
2345 426 2960 492 ARCHIEPISCOPI.

3769 422 3889 485 6“

478 574 546 631 de
569 573 711 646 ﬁliis
735 571 924 642 Israel,
952 578 1006 628 et
1030 568 1326 626 venditoeo
1354 570 1629 640 accipiens
1655 567 2128 640 pretium,interﬁ-
2156 568 2212 634 Α
2241 563 2649 631 sacerdotis,et
2659 561 2774 618 alia
2784 577 2964 618 causa
2974 559 3282 635 estplebis,
3306 558 3539 632 aliaque
3552 556 3893 646 pastoris,et

477 664 670 731 cietur,
699 667 751 718 et
775 662 991 732 auferes
1016 658 1229 715 malum
1259 655 1325 714 de
1348 657 1526 714 medio
1553 659 1641 712 tui
1665 657 1842 730 (Deut.
1876 673 2024 724 xxiv,
2045 657 2124 724 7),

475 751 589 808 isto
611 749 785 807 modo
802 748 1040 822 exponit
1058 746 1260 803 dicens
1284 762 1298 803 :
1336 766 1367 798 «
1395 745 1645 802 Assidue
1673 745 1784 801 hoc
1811 744 1955 800 dicit
1983 743 2130 800 Scri-

473 836 673 911 ptura,
700 851 837 892 cum
857 835 1033 908 jubet
1060 834 1245 891 occidi
1277 833 1486 890 malos.
1512 835 1638 900 Qua
1660 832 1953 889 locutione
1984 848 2130 888 usus

474 930 566 983 est
591 925 770 983 etiam
787 922 1100 998 Apostolus
1123 939 1257 979 cum
1280 923 1535 980 diceret:
1562 921 1703 992 Quid
1722 923 1873 979 enim
1900 922 2043 976 mihi
2063 920 2131 976 de

474 1015 565 1072 his
591 1015 690 1087 qui
715 1015 855 1085 foris
881 1021 1012 1069 sunt
1027 1011 1284 1085 judicare
1297 1011 1592 1069 ?nonnede
1605 1010 1694 1066 his
1715 1011 1810 1083 qui
1839 1012 1988 1066 intus
2001 1016 2131 1066 sunt

473 1119 566 1159 vos
587 1101 853 1175 judicatis
871 1104 899 1155 ?
924 1102 1136 1172 auferte
1164 1101 1377 1157 malum
1399 1116 1471 1156 ea:
1498 1099 1648 1155 vobis
1678 1099 1813 1171 ipsis
1840 1098 1887 1171 (ι
1915 1099 2036 1154 Cor.
2066 1115 2124 1166 v,

476 1193 586 1260 12).
608 1190 690 1246 Ex
719 1205 836 1263 quo
864 1192 1107 1262 apparet
1135 1204 1272 1244 eum
1302 1187 1561 1244 voluisse
1590 1185 1858 1259 intelligi,
1890 1186 1989 1259 qui
2019 1185 2126 1242 ali-

474 1278 616 1352 quid
636 1277 753 1334 tale
772 1276 1069 1335 commisit
1084 1280 1151 1333 ut
1167 1275 1769 1333 excommunicatione
1789 1276 2006 1349 dignus
2026 1275 2123 1331 sit.

475 1367 594 1423 Hoc
641 1366 798 1423 enim
851 1381 1009 1422 nunc
1047 1366 1171 1439 agit
1200 1364 1259 1421 in
1290 1364 1550 1421 Ecclesia
1577 1363 2126 1434 excommunicatio,

475 1455 634 1529 quod
657 1454 866 1528 agebat
885 1458 1028 1510 tunc
1059 1453 1405 1511 interfectio.
1431 1453 1526 1510 Sic
1547 1458 1604 1510 et
1625 1453 1782 1526 quod
1811 1452 1971 1527 leges
1991 1453 2128 1509 civi-

475 1542 561 1601 les
590 1543 916 1600 ministerio
945 1541 1279 1616 reipublicae
1308 1546 1495 1598 morte
1523 1541 1935 1612 condemnant,
1968 1539 2126 1614 leges

473 1631 881 1689 ecclesiasticas
924 1630 1359 1705 degradationis
1385 1629 1473 1686 vel
1504 1629 2127 1687 excommunicationis

465 1721 693 1794 judicio
712 1721 988 1794 puniunt.
1005 1721 1066 1776 In
1087 1719 1378 1776 Africanis
1399 1735 1632 1792 quoque
1652 1718 2127 1791 canonibuslegi-

474 1826 648 1866 mus:
684 1811 748 1868 Ut
772 1811 1072 1883 episcopus,
1091 1810 1190 1881 qui
1213 1824 1272 1864 se
1299 1809 1727 1863 contmuuicasse
1752 1824 1864 1863 non
1893 1824 2126 1865 commu-

469 1899 725 1956 nicandis
751 1915 918 1972 super
941 1914 1001 1954 se
1046 1898 1304 1954 mentitus
1344 1898 1532 1969 fuerit,
1564 1898 1932 1970 episcopatum
1958 1899 2122 1954 amit-

472 1995 570 2045 tat.
629 1986 784 2044 Uxor
839 1990 1040 2043 autem
1099 2003 1135 2041 a
1189 1985 1314 2042 viro
1370 1985 1475 2042 tali
1533 1985 1787 2042 colludio
1865 1984 2124 2058 separari

473 2092 591 2133 non
621 2079 833 2150 potest.
867 2077 988 2131 lluc
1018 2073 1242 2131 accedit
1287 2075 1442 2148 quod
1492 2075 1769 2146 superius
1816 2073 1990 2147 paulo
2016 2089 2124 2148 po-

473 2165 726 2234 suimus,
775 2163 1109 2236 episcopus,
1162 2163 1482 2236 presbyter,
1531 2162 1620 2218 vel
1680 2162 1963 2218 diaconus
2019 2163 2121 2218 ab-

473 2252 617 2309 solvi
664 2270 779 2308 non
829 2256 1043 2326 potest,
1075 2252 1173 2325 qui
1209 2253 1267 2306 in
1299 2269 1362 2308 se
1390 2252 1598 2308 mortis
1623 2268 1863 2307 causam
1889 2251 2122 2320 dixerit,

472 2359 603 2416 qum
659 2343 818 2398 dicta
872 2341 932 2396 in
989 2340 1171 2396 alium
1248 2339 1574 2413 puniretur.
1636 2340 1925 2406 Quoniam
1998 2340 2121 2397 haec

473 2446 655 2487 causa
711 2431 786 2485 ab
843 2429 952 2486 hac
1010 2427 1274 2498 muliere,
1327 2433 1395 2484 ut
1458 2429 1665 2500 fertur,
1709 2427 1769 2484 in
1821 2445 1885 2485 se
1933 2428 2120 2486 solam

474 2519 625 2577 581
650 2536 767 2575 non
795 2517 1030 2586 dicitur,
1055 2535 1182 2591 quas
1221 2517 1410 2574 multo
1451 2518 1643 2590 magis
1673 2517 1731 2573 in
1758 2517 1995 2573 fratrem
2026 2534 2120 2573 re-

471 2608 676 2665 fertur.
699 2605 938 2674 Idcirco,
960 2623 1065 2679 pro
1097 2606 1200 2662 tali
1229 2606 1408 2674 dicto,
1433 2611 1748 2678 antequam
1771 2611 1828 2663 et
1854 2623 1956 2679 per
1983 2623 2119 2663 eum

468 2695 557 2753 vel
577 2697 847 2753 confessa
865 2695 950 2751 vel
971 2695 1235 2751 convicta
1268 2694 1554 2750 clarescat
1581 2696 1640 2750 in
1673 2712 1847 2768 quem
1882 2695 2119 2753 relative

470 2784 772 2853 relabitur,
805 2784 1063 2857 separari
1120 2801 1236 2839 non
1292 2787 1503 2856 potest.
1539 2784 1650 2840 Sed
1697 2789 1756 2840 et
1783 2785 2115 2857 episcopus,

470 2875 790 2948 presbyter,
812 2873 899 2929 vel
925 2873 1232 2941 diaconus,
1255 2889 1371 2928 non
1408 2873 1493 2927 ita
1525 2877 1591 2928 ut
1609 2872 1768 2929 viret
1790 2890 1950 2943 uxor,
1974 2873 2025 2929 si
2055 2873 2116 2930 in

469 2963 745 3036 laqueum
769 2967 828 3019 et
847 2961 1230 3019 tentationem
1252 2960 1468 3017 diaboli
1496 2959 1830 3030 inciderint,
1862 2979 1967 3036 per
1994 2980 2116 3020 ma-

470 3068 585 3109 nus
612 3050 1048 3125 impositionem
1080 3050 1405 3106 remedium
1438 3055 1687 3122 possunt
1715 3052 1973 3124 accipere
2004 3070 2119 3126 βω·

467 3141 740 3198 nitendi:
788 3142 891 3196 sed
942 3139 1098 3196 sicut
1147 3141 1260 3196 Leo
1305 3139 1511 3195 scribit
1555 3140 1730 3212 (epist.
1763 3140 1853 3210 95,
1886 3158 2004 3214 cap.
2035 3146 2113 3212 2),

469 3229 810 3303 bujusmodi
845 3228 1028 3302 lapsis
1057 3229 1127 3284 ad
1158 3228 1605 3301 promerendam
1654 3228 2115 3288 misericordiam

2235 651 2353 709 alia
2365 652 2656 726 gregis.Et
2667 650 2991 708 secundum
3003 648 3414 706 auctoritatem
3430 642 3894 714 canonicam,vir

2235 746 2294 797 et
2309 739 2720 811 mulier,etiam
2741 756 2920 796 causa
2942 737 3346 795 fornicationis
3358 736 3893 810 sejuncti,possunt

2237 833 2444 886 mutua
2464 828 2933 886 reconciliatione
2952 831 3084 901 post
3103 826 3509 901 paenitentiam
3529 824 3593 882 in
3612 825 3746 899 conj
3756 823 3891 899 ugio

2237 919 2465 993 rejungi
2489 937 2503 988 ;
2527 918 2839 992 episcopus
2857 921 3074 987 autem,
3101 915 3191 974 vel
3213 916 3536 990 presbyter,
3556 914 3679 972 sive
3699 915 3890 971 diaco-

2236 1025 2369 1076 nus,
2384 1009 2547 1081 juste
2565 1012 2624 1064 et
2641 1007 2967 1064 secundum
2987 1005 3145 1080 leges
3159 1004 3590 1062 ecclesiasticas
3609 1004 3890 1077 degrada-

2236 1101 2354 1166 tus,
2380 1098 2452 1153 ad
2473 1097 2722 1171 gradum
2744 1113 2858 1153 non
2878 1095 3032 1152 valet
3050 1096 3241 1151 denuo
3260 1094 3547 1168 aspirare.
3570 1094 3756 1166 Legat
3784 1092 3885 1166 qui

2232 1186 2482 1243 voluerit
2500 1185 2698 1260 magni
2719 1184 2930 1242 Leonis
2950 1183 3250 1257 epistolas,
3274 1187 3333 1240 et
3347 1184 3581 1240 decreta
3595 1181 3882 1256 Gregorii,

2233 1275 2294 1332 in
2317 1275 2534 1348 quibus
2553 1273 2806 1331 inveniet
2823 1274 3186 1347 episcopum,
3207 1271 3297 1329 vel
3328 1269 3888 1347 presbyterum.sive

2234 1364 2568 1431 diaconum,
2588 1365 2722 1435 post
2748 1361 3169 1436 depositionem
3203 1361 3546 1418 canonicam
3569 1360 3643 1417 ad
3665 1359 3885 1433 gradus

2233 1451 2659 1509 ecclesiasticos
2702 1450 3059 1525 aspirantem
3105 1449 3308 1507 exsilio
3350 1447 3674 1523 deportari,
3702 1447 3793 1505 vel
3824 1448 3884 1506 in

2234 1541 2589 1598 monasterio
2601 1540 2713 1597 sub
2726 1540 3068 1614 poenitentia
3081 1540 3290 1596 debere
3303 1538 3536 1595 detrudi
3546 1539 3671 1596 .Est
3680 1538 3882 1610 etiam,

2233 1631 2375 1705 quia
2403 1629 2616 1687 mulier
2639 1629 2763 1685 viro
2790 1646 2904 1686 non
2936 1632 3130 1703 potest
3158 1629 3298 1686 dare
3326 1627 3595 1685 libellum
3628 1626 3882 1701 repudii,

2234 1724 2292 1776 et
2306 1719 2428 1776 viro
2449 1718 2681 1776 mulieri
2702 1718 2842 1775 dare
2862 1717 3127 1774 libellum
3164 1715 3416 1791 repudii,
3438 1716 3597 1790 quod
3629 1715 3881 1790 Moyses,

2230 1813 2291 1864 et
2338 1825 2454 1865 non
2505 1812 2677 1876 Deus,
2710 1806 3020 1881 Evangelio
3068 1810 3237 1876 teste,
3271 1805 3561 1878 permisit,
3594 1805 3885 1862 Dominus

2232 1898 2357 1971 ipse
2386 1895 2706 1971 prohibuit.
2733 1897 2824 1965 Et,
2858 1894 3034 1953 Paulo
3080 1896 3345 1962 docente,
3376 1910 3496 1952 non
3542 1897 3884 1952 atramento

2232 1987 2332 2042 scd
2365 1985 2575 2059 spiritu
2606 1985 2705 2042 Dei
2734 1984 2847 2041 vivi
2877 1984 2969 2040 lex
2998 1984 3060 2040 in
3106 1983 3386 2040 cordibus
3430 1983 3738 2056 justorum
3793 1986 3883 2040 est

2231 2074 2468 2147 scripta,
2501 2074 2770 2146 sacrique
2799 2089 3072 2141 canones,
3105 2076 3172 2128 ut
3215 2074 3428 2129 docent
3484 2072 3783 2129 Damasus
3826 2075 3883 2129 et

2232 2164 2366 2233 Leu,
2390 2164 2591 2219 eodem
2613 2162 2835 2236 Spiritu
2857 2166 3059 2218 sancto
3079 2165 3220 2218 sunt
3237 2160 3477 2232 conditi,
3499 2161 3573 2219 de
3588 2178 3712 2235 quo
3732 2161 3881 2218 scri-

2231 2256 2395 2325 ptum
2427 2255 2543 2307 est:
2576 2251 2818 2324 Spiritus
2846 2253 3028 2308 Patris
3061 2253 3230 2307 vestri
3256 2252 3354 2324 qui
3381 2251 3628 2323 loquitur
3647 2251 3711 2307 in
3733 2251 3883 2308 vobis

2230 2341 2433 2414 (Matth.
2460 2358 2518 2408 x,
2549 2341 2640 2413 20)
2667 2359 2681 2409 ;
2713 2344 2771 2396 et
2801 2357 2816 2396 :
2847 2340 2911 2397 Si
2937 2341 3061 2414 quis
3088 2341 3349 2413 spiritum
3368 2339 3521 2397 582
3541 2339 3757 2396 Christi
3768 2356 3881 2397 non

2228 2429 2408 2497 habet,
2441 2431 2533 2486 hic
2556 2446 2670 2485 non
2695 2435 2776 2486 est
2799 2429 2919 2502 ejus
2946 2430 3120 2503 (Rom.
3149 2446 3275 2498 vm,
3305 2429 3362 2503 9)
3388 2445 3404 2498 ;
3434 2432 3520 2484 et:
3538 2427 3787 2501 Spiritus
3803 2437 3881 2486 est

2227 2520 2388 2587 Deus,
2420 2522 2497 2587 et,
2526 2520 2628 2574 ubi
2671 2519 2791 2575 vult
2822 2519 3039 2592 spirat;
3067 2521 3143 2588 et,
3175 2517 3374 2575 dividit
3427 2518 3667 2591 singulis
3718 2525 3883 2592 prout

2227 2609 2345 2664 vult
2371 2610 2418 2676 (1
2447 2608 2568 2664 Cor.
2600 2625 2701 2675 xu,
2735 2609 2846 2678 11).
2878 2610 3136 2675 Quorum
3181 2607 3526 2664 auctoritate
3554 2623 3874 2677 canonum,

2229 2697 2348 2753 sive
2369 2712 2473 2770 pro
2510 2695 2854 2752 infirmitate
2878 2695 3109 2764 animae,
3133 2695 3252 2753 sive
3284 2713 3387 2770 pro
3414 2697 3680 2769 corporis
3709 2697 3877 2770 aegri-

2227 2786 2452 2857 tudine,
2484 2786 2620 2841 dato
2650 2784 2845 2841 libello
2878 2802 3054 2841 manu
3086 2802 3195 2842 sua
3224 2785 3658 2860 subscripto,ab
3689 2785 3879 2844 Eccle-

2227 2873 2335 2943 sia,
2368 2874 2461 2931 cui
2485 2875 2836 2948 prasederat
2858 2874 3190 2948 episcopus,
3222 2879 3281 2931 et
3307 2892 3341 2931 a
3369 2891 3478 2931 suo
3508 2890 3573 2931 se
3604 2876 3875 2948 potest,si

2223 2963 2489 3032 voluerit,
2522 2979 2815 3020 removere
2861 2963 3072 3032 officio,
3106 2962 3263 3020 sicut
3305 2964 3512 3020 beatus
3557 2964 3875 3040 Gregorius

2224 3051 2284 3108 in
2314 3052 2441 3108 suis
2472 3051 2772 3108 multoties
2802 3052 3072 3126 designat
3099 3051 3381 3125 epistolis,
3398 3051 3580 3110 veluti
3611 3054 3684 3110 ad
3709 3053 3877 3111 Mari-

2225 3140 2467 3198 nianum
2497 3141 2838 3214 episcopum
2888 3141 3334 3210 Ravennatium,
3363 3145 3421 3198 et
3447 3142 3520 3198 ad
3550 3141 3777 3199 clerum
3808 3159 3874 3201 ac

2224 3229 2451 3304 plebem
2471 3229 2951 3298 Ariminensium,
2977 3246 3202 3286 necnon
3223 3234 3281 3287 et
3299 3231 3372 3287 ad
3401 3230 3738 3288 Anatolium
3756 3232 3875 3289 dia-

472 3319 572 3376 Dei
599 3317 823 3392 privata
845 3323 936 3375 est
965 3317 1287 3389 expetenda
1315 3317 1585 3389 secessio,
1604 3318 1704 3374 ubi
1728 3318 1844 3376 illis
1873 3320 2109 3376 satisfa-
2143 3307 2187 3373 C
2224 3336 2459 3387 conum,
2481 3322 2540 3375 et
2567 3317 2642 3374 ad
2669 3317 2992 3374 Etherium
3023 3319 3386 3392 episcopum,
3412 3323 3591 3393 atque
3620 3321 3697 3378 ad
3728 3321 3874 3378 Bru-

472 3406 608 3476 ctio,
632 3406 681 3463 si
722 3406 896 3463 fuerit
932 3407 1129 3480 digna,
1161 3406 1241 3462 sit
1269 3406 1445 3462 etiam
1476 3410 1776 3464 fructuosa
1803 3425 1817 3465 :
1847 3425 1951 3465 nec
1983 3425 2111 3481 per-

474 3495 781 3552 fectionem
813 3495 884 3552 ad
917 3496 1138 3569 gradus
1167 3495 1446 3552 redeundi
1478 3496 1905 3554 ecclesiasticos
1929 3498 2112 3570 paeni-

473 3585 651 3642 tendo
671 3585 947 3659 consequi
970 3583 1387 3658 prtevalebunt,
1407 3585 1560 3642 sicut
1579 3587 1651 3643 de
1670 3587 1792 3643 viro
1803 3591 1863 3643 et
1876 3587 2110 3658 femina,

473 3673 523 3732 si
544 3673 1454 3741 adulteraverint,communionis
1475 3674 1889 3748 perfectionem
1911 3692 2116 3733 conse-

473 3763 575 3837 qui
606 3767 897 3837 pbterunt,
928 3763 1219 3820 scribente
1267 3763 1497 3820 Gelasio
1545 3767 1726 3837 (epist.
1759 3765 1816 3833 6)
1849 3781 1863 3821 :
1899 3765 2117 3838 Hujus-

474 3852 633 3910 modi
681 3851 878 3920 etiam,
913 3852 965 3909 si
1015 3852 1163 3908 forte
1209 3851 1630 3926 subrepserint,
1670 3857 1792 3909 tam
1835 3853 1935 3926 qui
1985 3859 2119 3912 ante

472 3941 856 4015 peccaverint,
879 3943 1140 3998 detectos
1179 3946 1447 4014 Oportere
1475 3940 1710 4014 depelli,
1733 3958 1911 4014 quam
1941 3958 2119 3998 sacrae

472 4030 850 4104 professionis
878 4030 1112 4098 oblitos,
1148 4029 1734 4103 praevaricatoresque
1765 4031 1951 4086 sancti
1979 4048 2120 4104 pro-

474 4119 649 4193 positi
704 4119 907 4192 procul
964 4118 1145 4174 dubio
1202 4119 1656 4175 submovendos.
1686 4140 1714 4171 »
1750 4120 1820 4174 Et
1876 4120 2122 4178 Siricius

474 4211 655 4283 (epist.
682 4209 708 4263 1
748 4206 819 4263 ad
841 4207 1166 4275 Himerium)
1191 4224 1204 4263 :
1238 4230 1267 4258 ‹‹
1296 4206 1443 4262 lllud
1474 4223 1712 4281 quoque
1742 4225 1849 4264 nos
1879 4226 1986 4282 par
2014 4210 2125 4266 fuit

474 4296 797 4373 providere,
816 4300 881 4351 ut
900 4295 1054 4351 sicut
1074 4294 1477 4369 pcnnitcntiam
1499 4312 1669 4370 agere
1697 4297 1975 4370 cuiquam
2007 4316 2125 4355 non

475 4385 817 4445 conceditur
843 4383 1209 4454 clericorum,
1253 4385 1335 4441 ita
1362 4389 1422 4441 et
1454 4390 1584 4457 post
1611 4387 2030 4458 pmnitudinem
2059 4405 2126 4444 ac

474 4472 1007 4533 reconciliationem
1023 4472 1168 4529 nulli
1194 4490 1456 4546 unquam
1478 4472 1625 4541 laico
1646 4474 1819 4533 liceat
1846 4475 2127 4536 honorem

2222 3407 2539 3464 nichildem
2569 3408 2832 3481 reginam
2857 3424 2872 3476 ;
2904 3408 3006 3464 sed
3027 3408 3163 3464 etin
3195 3407 3512 3466 Gallicanis
3540 3411 3875 3468 canonibus

2221 3497 2294 3554 de
2351 3496 2610 3552 Potamio
2666 3495 3004 3553 Bracarensi
3064 3497 3501 3572 archiepiscopo
3571 3499 3877 3557 evidenter

2223 3585 2583 3659 agnoscitur.
2615 3586 2741 3642 Non
2771 3589 2966 3642 autem
3004 3585 3277 3659 legimus,
3307 3589 3375 3643 ut
3401 3587 3644 3657 femina,
3675 3587 3874 3646 libello

2224 3674 2500 3749 Synodali
2530 3679 2794 3748 porrecto
2823 3675 3154 3745 conventui,
3184 3693 3220 3733 a
3246 3693 3354 3733 suo
3385 3677 3598 3734 debeat
3628 3678 3880 3753 conjuge

2226 3763 2504 3837 separari,
2533 3768 2636 3820 aut
2663 3764 2791 3820 sine
2822 3763 3056 3838 publico
3102 3764 3550 3823 examinationis
3588 3765 3820 3839 judicio
3848 3784 3883 3824 ι

2226 3853 2521 3928 conjugali
2541 3853 2726 3910 valeat
2738 3853 2884 3927 jugo
2905 3852 3017 3926 disj
3025 3855 3162 3927 ungi
3173 3857 3357 3928 .Saape
3371 3855 3530 3912 enim
3552 3872 3691 3912 cum
3704 3856 3885 3914 maxic

2228 3959 2327 3999 ma
2353 3942 2796 4016 importunitate
2844 3941 3121 4000 mulieres
3165 3943 3427 4017 patimur
3468 3943 3884 4016 rcclamantes,

2228 4049 2358 4105 quae
2381 4048 2514 4089 cum
2537 4035 3152 4105 sacramento,quanto
3173 4032 3364 4106 magis
3385 4049 3523 4089 cum
3544 4032 3747 4092 libello
3760 4051 3889 4110 por-

2231 4126 2410 4190 recto,
2443 4122 2738 4177 affirmare
2765 4125 3076 4190 conantur,
3100 4121 3380 4194 quoniam
3409 4121 3516 4179 viri
3545 4122 3649 4196 qui
3681 4139 3784 4180 eas
3802 4123 3883 4181 le.

2231 4210 2443 4285 galiter
2455 4214 2841 4284 susceperunt
2858 4209 2975 4266 illis
2994 4227 3110 4267 non
3132 4212 3744 4284 possuntconcubitus
3755 4212 3884 4270 red-

2233 4301 2369 4356 dere
2391 4300 2676 4370 debitum,
2698 4303 2757 4355 et
2775 4298 2922 4356 alias
2952 4299 3304 4373 multiplices
3325 4300 3691 4374 imposturas
3712 4319 3887 4376 oppo-

2236 4392 2404 4445 nunt.
2434 4387 2521 4445 Illi
2561 4404 2694 4444 vero
2742 4392 2980 4445 econtra
3005 4405 3105 4446 eas
3135 4388 3369 4445 mentiri
3401 4396 3698 4459 asserunt,
3730 4391 3886 4448 sicut

2234 4477 2294 4533 in
2320 4476 2523 4534 multis
2545 4476 2625 4533 rei
2647 4477 2988 4550 comprobat
3020 4478 3229 4534 exitus.
3253 4478 3364 4535 Sed
3384 4481 3444 4535 et
3461 4477 3570 4536 viri
3600 4480 3887 4538 uxoribus

477 4563 789 4621 clericatus
809 4561 1087 4636 adipisci:
1113 4562 1254 4634 quia
1282 4562 1551 4635 quamvis
1583 4563 1701 4620 sint
1721 4566 1986 4623 omnium
2002 4585 2132 4641 pec.
2238 4567 2426 4642 plura,
2447 4585 2574 4642 quae
2595 4566 2691 4622 hic
2711 4567 2968 4624 inserere
2982 4568 3391 4642 turpissimum
3407 4567 3495 4625 vel
3513 4571 3885 4644 superfluum

477 4658 743 4744 satorum
774 4650 1117 4725 contagione
1165 4651 1453 4744 mundati,
1487 4652 1649 4709 nulla
1680 4659 1875 4711 tamen
1909 4656 2123 4715 debent
2153 4680 2199 4744 Ι)
2238 4657 2532 4725 ducimus,
2555 4655 2746 4713 solent
2773 4655 3025 4728 objicerc
3050 4674 3064 4727 ;
3089 4656 3304 4730 quibus
3325 4656 3376 4714 si
3403 4656 3634 4715 facilem
3664 4659 3885 4732 praebe-

477 4742 867 4818 gerendorum
878 4746 1381 4797 sacramentorum
1396 4741 1785 4799 instrumenta
1801 4746 2118 4819 suscipere,

479 4832 580 4907 qui
602 4832 827 4888 dudum
847 4831 1071 4886 fuerint
1100 4847 1239 4886 vasa
1274 4831 1572 4889 vitiorum.
1598 4855 1625 4883 ››
1652 4834 1721 4888 Et
1743 4832 1895 4889 sicut
1924 4835 1983 4890 in
2015 4837 2121 4892 ali-

479 4938 598 4994 qua
616 4919 876 4993 corporis
907 4923 1073 4992 parte
1101 4918 1400 4991 praecisus,
1422 4924 1525 4974 aut
1545 4919 1776 4992 publice
1814 4924 2121 4994 paenitens,

481 5010 553 5066 ad
570 5008 1029 5066 ecclesiasticum
1052 5008 1299 5080 gradum
1323 5009 1597 5064 canonice
1618 5026 1733 5064 non
1760 5016 1947 5082 potest
1972 5030 2130 5071 acce-

479 5101 635 5169 dere,
658 5099 745 5156 vel
772 5098 829 5155 in
854 5097 1248 5154 ecclesiastico
1268 5099 1453 5170 gradu
1495 5115 1766 5154 manere:
1792 5099 1873 5155 ita
1902 5119 2007 5157 nec
2035 5103 2123 5158 di-

481 5204 706 5255 camus,
729 5189 831 5262 qui
852 5193 988 5246 ante
1009 5187 1367 5261 baptismum
1388 5186 1476 5242 vel
1504 5192 1636 5260 post
1656 5188 2012 5260 baptismum
2034 5192 2125 5247 in-

481 5283 687 5334 ventus
717 5280 909 5348 fuerit,
943 5276 1318 5334 ecclesiastici
1377 5276 1597 5351 gradus
1646 5294 1886 5334 munere
1935 5286 2128 5352 potest

481 5367 695 5440 perfrui
706 5384 891 5433 ,sacra
900 5367 1244 5424 auctoritate
1255 5368 1657 5423 docentezcum
1670 5367 1870 5423 eadem
1886 5368 2131 5425 auctori-

483 5460 577 5512 tas
592 5458 886 5529 prazcisos,
906 5457 993 5514 vel
1018 5456 1250 5531 publice
1272 5457 1328 5512 in
1351 5455 1745 5513 adolescentia
1761 5457 2125 5529 pwnitentes,

482 5544 605 5602 sive
624 5545 862 5617 nuptias
895 5546 1166 5619 digamiae
1202 5545 1261 5601 in
1288 5543 1479 5602 laicali
1497 5543 1701 5600 ordine
1723 5560 1837 5599 non
1868 5546 2080 5603 refutet
2110 5564 2124 5606 :

483 5632 761 5708 quoniam
775 5633 930 5690 sicut
939 5634 1097 5690 aliud
1110 5634 1368 5692 cilicium
1387 5632 1681 5706 capitis,et
1695 5630 1851 5688 aliud
1876 5636 2126 5694 membri

483 5722 726 5787 alterius
737 5739 842 5799 pro
866 5724 1200 5783 diversitate
1215 5728 1306 5783 est
1319 5721 1599 5797 corporis,
1616 5721 1701 5791 ita
1714 5718 1828 5779 alia
1842 5738 2021 5787 causa
2035 5730 2127 5786 est

2234 4764 2434 4804 remus
2451 4762 2781 4813 assensum,
2794 4745 3107 4801 innumera
3122 4750 3521 4818 separatorum
3539 4747 3890 4804 turbainsti-

2234 4837 2341 4893 tuti
2363 4854 2398 4891 a
2418 4835 2666 4892 Domino
2688 4834 2944 4907 conjugii
2975 4833 3185 4907 legalia
3213 4835 3431 4892 fmdera
3455 4834 3725 4902 violaret,
3747 4836 3889 4910 quia

2233 4927 2281 4981 si
2303 4940 2654 4998 quocunque
2671 4928 2734 4978 ut
2753 4923 2965 4979 vellent
2986 4925 3178 4993 modo,
3197 4924 3303 4980 viri
3329 4928 3431 4980 aut
3460 4925 3692 4981 femine
3714 4924 3885 4982 lasci-

2232 5014 2454 5071 vientes
2476 5030 2511 5068 a
2522 5012 2670 5084 jngo
2699 5011 2955 5086 conjugii
2985 5013 3241 5085 separari
3263 5017 3522 5086 possent,
3537 5018 3607 5070 ut
3626 5019 3733 5071 aut
3754 5013 3888 5070 aliis

2234 5101 2546 5158 connubiis
2565 5101 2977 5174 jungerentur,
3003 5106 3105 5157 aut
3135 5101 3363 5158 furtivis
3394 5102 3886 5160 mmcbationibns

2236 5189 3045 5266 polluerentur,libentissime
3065 5207 3128 5245 se
3139 5196 3346 5247 mutuo
3367 5191 3888 5264 separarent,sicut

2234 5281 2294 5337 in
2325 5279 2783 5336 adulescentulis
2810 5279 3002 5336 viduis
3031 5280 3424 5353 pervidemus,
3437 5294 3569 5352 qua:
3586 5279 3722 5337 ideo
3752 5284 3886 5354 post

2237 5368 2663 5426 absolutionem
2694 5369 2951 5426 virorum
2980 5368 3243 5426 velamen
3265 5385 3497 5426 sacrum
3528 5368 3882 5443 suscipiunt,

2237 5464 2302 5516 ut
2330 5459 2600 5516 licentius
2652 5458 2926 5533 pluribus
2977 5457 3317 5516 abutantur.
3349 5458 3460 5516 Sed
3500 5461 3560 5515 et
3586 5457 3882 5515 interdum

2232 5549 2340 5605 viri
2359 5566 2395 5606 a
2414 5548 2674 5624 legitimo
2705 5565 2767 5604 se
2796 5548 3165 5622 suspendunt
3192 5547 3489 5622 conjugio,
3511 5552 3581 5605 ut
3607 5546 3887 5621 plurima-

2236 5655 2367 5696 rum
2389 5638 2728 5712 complexus
2748 5640 3034 5712 usurpant
3053 5637 3680 5706 concubinarumﬂua
3690 5634 3881 5711 Spiri-

2235 5732 2299 5788 tu
2340 5732 2543 5788 sancto
2578 5726 2922 5805 praevidens,
2945 5730 3004 5787 et
3023 5743 3223 5788 cavere
3242 5727 3480 5802 docens,
3500 5725 3658 5788 inter
3673 5728 3885 5790 σφισι-ι
