4148 6452
476 390 592 456 647

1405 385 1786 456 HINGMARI
1835 382 2284 453 BHEMENSIS
2331 370 2948 455 ARCHIEPISCOPI.

3762 390 3883 462 648

475 521 791 594 quentibus
824 519 1032 582 litteris
1078 520 1577 588 commendatum,
1612 519 1840 576 mittere
1871 533 2116 592 nequeo,
2144 517 2202 590 Α
2231 525 2636 597 cautogressu
2665 523 2952 591 incedere,
2985 526 3043 578 et
3071 538 3364 596 quemque
3393 521 3798 598 Christianum
3848 540 3885 609 ξε

475 611 613 686 quia
639 610 925 672 instantia
955 609 1256 666 missionis
1286 615 1346 666 et
1374 610 1626 666 brevitas
1677 608 1976 682 temporis,
2011 626 2124 663 non

471 700 757 773 permittit
781 703 848 756 ut
878 699 1148 756 dominos
1168 702 1225 754 et
1244 699 1618 772 coepiscopos
1639 715 1801 754 meos
1823 698 1885 753 in
1909 696 2124 752 talibus

474 783 805 854 consulam,
838 789 966 844 sine
1025 805 1274 862 quorum
1335 785 1626 856 consultu,
1661 791 1727 842 ut
1769 777 1982 842 melius
2012 783 2124 858 ipsi

473 877 863 956 nostis,nihil,
895 877 1006 934 nisi
1039 881 1325 950 quantum
1353 877 1426 932 ad
1456 876 1794 950 parochiam
1826 874 2122 948 propriam

471 967 749 1040 pertinet,
783 983 953 1043 agere
985 984 1020 1022 a
1046 966 1394 1024 venerandis
1423 965 1641 1038 regulis
1673 964 1819 1022 mihi
1845 961 2125 1037 permitti-

471 1059 798 1124 tur,contra
827 1073 972 1130 quas
995 1073 1109 1112 non
1128 1055 1256 1112 sine
1278 1053 1520 1111 ultionis
1551 1053 1808 1128 periculo
1839 1051 2119 1126 quiddam

472 1145 866 1216 praesumitur,
891 1143 1064 1200 timeo
1089 1161 1158 1200 ne
1184 1143 1434 1200 domnus
1449 1161 1546 1199 rex
1567 1147 1734 1216 putet
1755 1159 1942 1198 meam
1959 1141 2119 1196 debi-

470 1237 590 1288 tam
616 1233 950 1290 servitutem
973 1251 1034 1290 se
1054 1235 1126 1292 ab
1147 1233 1426 1307 obsequio
1449 1249 1556 1288 suo
1577 1231 1720 1288 velle
1740 1231 2115 1306 suspendere,

471 1326 528 1381 et
541 1323 853 1380 venerandi
877 1322 1130 1396 episcopi
1157 1321 1554 1396 suspicentur,
1569 1321 1616 1378 si
1633 1321 1772 1394 quid
1791 1321 2116 1376 secundum

470 1429 670 1468 sacras
701 1411 933 1485 regulas
964 1411 1328 1477 difﬁnicrint,
1363 1429 1574 1486 cupere
1608 1411 1764 1484 quod
1807 1410 1950 1467 mihi
1999 1425 2115 1466 non

469 1500 737 1557 convenit
763 1500 1264 1558 retractare.Unde
1292 1506 1483 1556 vestra
1513 1501 1898 1572 dilectio,quae
1923 1517 2113 1557 meam

468 1589 831 1645 devotionem
863 1607 960 1646 ore
1003 1589 1074 1644 ad
1127 1607 1192 1645 os
1245 1589 1583 1662 colloquens
1615 1589 1840 1655 didicit,
1863 1589 2015 1645 sicut
2041 1591 2114 1646 de

466 1683 657 1734 vestra
685 1678 944 1734 bonitate
969 1679 1216 1748 confido,
1272 1679 1398 1734 sine
1448 1678 1723 1750 scrupulo
1775 1678 1970 1751 aliquo
2019 1697 2112 1736 me

466 1766 641 1823 faciat
669 1772 1032 1836 excusatum,
1069 1767 1207 1840 quia
1256 1767 1410 1824 sicut
1461 1767 1760 1824 salubrius
1807 1769 1985 1836 sensi,
2017 1787 2110 1824 sa-

2234 611 2388 663 recto
2419 609 2624 665 itinere
2659 611 2768 665 non
2813 609 3060 667 deviare.
3095 609 3394 683 Oportebit
3438 627 3540 665 vos
3587 609 3882 690 siquidem

2233 697 2550 768 apostolico
2581 697 2724 754 talia
2751 698 3028 757 intimare
3058 717 3184 772 quae
3215 716 3285 755 ex
3313 699 3486 758 corde
3512 703 3571 754 et
3599 684 3886 778 creveras

2233 785 2374 843 citer
2403 786 2648 858 prolata,
2680 787 2834 844 sicut
2881 788 3001 845 scio
3055 788 3334 862 quoniam
3383 788 3630 858 facietis,
3665 787 3886 866 divinis

2231 875 2416 934 oculis
2441 877 2690 934 debeant
2719 896 3014 952 apparere,
3049 883 3105 934 et
3157 881 3221 932 ut
3263 895 3434 936 nemo
3475 877 3650 936 aliter
3678 882 3883 950 postea

2229 963 2418 1020 valeat
2446 965 2798 1036 invenire,de
2831 967 3126 1024 nullorum
3159 965 3604 1036 consensu,sive
3653 957 3886 1041 episco¥

2231 1070 2458 1126 parum,
2483 1055 2570 1112 vel
2601 1057 3000 1132 quorumlibet
3027 1057 3440 1130 laicorum,pro
3471 1057 3880 1132 cujuscunque

2228 1144 2500 1202 obtentus
2532 1145 2854 1203 intentione
2884 1146 3214 1220 apostolica:
3246 1147 3368 1203 sedi
3401 1162 3738 1221 suggerere,
3764 1147 3882 1205 nisi

2227 1232 2297 1311 de
2355 1251 2604 1306 quorum
2661 1235 2826 1292 scitis
2883 1239 3133 1292 tractatu
3182 1252 3421 1292 causam
3457 1239 3765 1303 constare;
3798 1235 3880 1291 ita

2226 1319 2612 1377 nihilominus
2643 1340 2770 1396 qua:
2805 1323 3069 1396 injuncta
3119 1329 3260 1380 sunt
3310 1323 3643 1400 exsequi,ut
3681 1341 3875 1400 quan-

2224 1411 2351 1464 tum
2384 1410 2506 1466 fieri
2538 1413 2768 1484 poterit,
2820 1413 3107 1470 seniorem
3155 1418 3416 1470 vestrum
3466 1430 3582 1468 non
3633 1411 3876 1486 possitis

2222 1497 2532 1569 offendere,
2567 1504 2624 1556 et
2651 1501 2938 1575 prmcipue
2986 1503 3142 1575 quod
3172 1501 3408 1576 egeritis
3437 1501 3622 1558 sacris
3655 1501 3876 1576 regulis

2223 1603 2335 1642 non
2371 1589 2579 1648 debeat
2606 1590 2857 1660 obviare,
2889 1591 3000 1663 vel,
3033 1592 3188 1665 quod
3217 1591 3390 1661 absit,
3434 1591 3644 1647 divinae
3693 1591 3872 1666 aequi-

2219 1677 2322 1731 tati
2356 1681 2530 1748 atque
2553 1679 2795 1750 justitiae
2826 1681 3134 1750 contraire.
3168 1681 3318 1750 Haec,
3367 1679 3500 1736 licet
3547 1697 3617 1750 ex
3661 1698 3872 1754 super-

2218 1765 2356 1834 ﬂuo,
2389 1767 2687 1840 sapientiae
2717 1774 2919 1825 vestra:
2953 1770 3164 1840 scribo,
3206 1769 3345 1843 quia
3375 1769 3619 1826 charum
3642 1787 3748 1826 vos
3768 1769 3870 1825 ha-

465 1848 694 1932 pientire
723 1859 925 1911 vestra:
955 1855 1214 1930 exposui,
1238 1861 1296 1912 et
1326 1854 1594 1912 tantillus
1621 1857 1936 1912 homuncio
1966 1856 2026 1912 in
2050 1875 2109 1914 re
2137 1891 2188 1958 Β
2218 1854 2345 1922 beo,
2377 1860 2434 1914 et
2464 1857 2608 1913 mihi
2648 1857 2871 1932 dignati
2913 1859 3065 1958 .estis
3115 1861 3475 1933 promittere,
3526 1859 3687 1932 quod
3736 1858 3870 1918 ﬁdei

465 1948 584 2000 tam
617 1945 891 2015 maxima,
925 1950 981 2000 et
1009 1945 1278 2018 personis
1307 1945 1814 2015 eminentissimis,
1847 1947 1919 2002 de
1941 1965 2056 2020 qua
2077 1965 2111 2002 a

464 2023 644 2090 tantis
675 2034 813 2089 viris
841 2032 984 2089 talia
1011 2039 1143 2090 acta
1173 2039 1330 2102 sunt,
1361 2039 1418 2090 et
1447 2052 1514 2090 ex
1549 2035 1698 2092 585
1731 2052 1847 2107 qua
1876 2037 2018 2090 tanti
2043 2054 2110 2092 ac

465 2119 612 2178 tales
661 2122 916 2180 consulti
964 2126 1122 2191 sunt,
1172 2123 1298 2179 sine
1344 2123 1733 2196 plurimorum
1781 2124 2108 2193 collatione,

467 2209 666 2266 consul
679 2211 894 2279 tu,sive
925 2216 1296 2278 consensu,et
1324 2215 1637 2285 antequam
1671 2213 1740 2269 de
1770 2211 2109 2284 bujusmodi

467 2299 904 2372 Scripturarum
937 2300 1312 2356 auctoritates
1331 2305 1386 2356 et
1409 2301 1647 2356 Patrum
1677 2302 1907 2357 decreta
1933 2301 2114 2356 revol-

464 2404 620 2456 vam,
653 2387 737 2442 ita
767 2385 1118 2442 sententiam
1151 2387 1431 2444 ﬁnitivam
1464 2389 1801 2461 depromere
1849 2389 1934 2444 vel
1977 2407 2110 2445 con-

467 2493 708 2532 sensum
742 2494 858 2532 non
889 2475 1074 2533 audeo
1105 2475 1401 2544 adhibere,
1441 2477 1528 2532 uti
1571 2478 1852 2552 quidquid
1886 2496 1921 2534 a
1948 2479 2113 2534 vobis

466 2565 776 2626 definitum
805 2564 1146 2639 regulariter
1176 2565 1368 2635 fuerit,
1397 2565 1484 2622 vel
1516 2567 1728 2623 melius
1758 2585 1825 2624 ac
1855 2568 2113 2624 rationa-

468 2651 644 2710 bilius
673 2669 851 2726 quam
884 2654 1029 2710 mihi
1058 2653 1249 2710 visum
1280 2654 1377 2728 sit,
1401 2673 1436 2710 a
1465 2655 1796 2728 Deoplacito
1827 2663 2112 2713 conventu

466 2745 658 2799 vestro
692 2743 866 2798 fuerit
893 2743 1294 2810 terminatum,
1347 2744 1693 2817 priusquam
1743 2745 1800 2801 id
1852 2747 2112 2814 audiam,

467 2823 706 2887 laudare
748 2829 836 2887 vel
868 2835 1178 2888 retractare
1225 2849 1342 2888 non
1391 2834 1593 2890 debeo.
1643 2836 2004 2908 Quapropter
2053 2835 2112 2891 in

469 2919 625 2976 calce
657 2919 836 2993 hujus
882 2925 1094 2977 nostra;
1132 2920 1468 2994 exiguitatis
1499 2921 1808 2996 schedulae,
1838 2941 1952 2980 non
1985 2941 2116 2980 mea

468 3008 568 3065 sed
601 3009 801 3082 magni
833 3009 1042 3066 Leonis
1063 3010 1239 3066 verba
1255 3011 1326 3066 ad
1345 3011 1650 3068 Rusticum
1673 3013 2112 3070 Narbonensem

465 3097 804 3172 episcopum
836 3115 1047 3171 ponere
1079 3098 1323 3172 dignum
1355 3101 1502 3157 duco
1535 3119 1550 3156 :
1583 3125 1610 3152 «
1646 3101 1719 3157 Ut
1765 3101 1824 3157 in
1875 3103 1983 3160 his.
2022 3103 2110 3158 in-

469 3208 496 3236 ‹‹
531 3186 1104 3260 quit(episl.95),quae
1134 3187 1222 3244 vel
1253 3189 1433 3245 dubia
1463 3190 1698 3259 fuerint,
1723 3190 1810 3246 vel
1841 3193 2107 3262 obseura,

2223 1948 2426 2000 vestrae
2457 1963 2549 2002 me
2581 1964 2714 2002 cum
2740 1947 3052 2004 securitate
3074 1966 3308 2022 possem
3338 1949 3730 2015 committere,
3755 1953 3814 2003 et
3840 1965 3872 2004 a

2221 2049 2312 2088 me
2364 2034 2629 2091 voluistis
2677 2037 2903 2108 exigere
2955 2043 3021 2092 ut
3053 2039 3419 2094 devotionem
3469 2054 3665 2110 meam
3705 2037 3872 2093 vobis

2221 2123 2521 2179 studerem
2553 2126 2888 2198 rependere.
2923 2149 2951 2176 »

2299 2211 2428 2267 Alia
2455 2218 2651 2269 autem
2683 2214 2908 2271 litteras
2938 2232 3043 2271 nec
3076 2214 3196 2270 sedi
3229 2215 3580 2288 apostolicae,
3613 2231 3724 2272 nec
3753 2215 3875 2272 cui-

2227 2317 2405 2372 quam
2434 2303 2864 2376 episcoporum,
2888 2304 3174 2361 hactenus
3203 2323 3306 2378 pro
3337 2305 3446 2361 hac
3476 2297 3657 2361 causa
3689 2290 3879 2388 trans—

2231 2406 2388 2444 mlSl.

2613 2533 2766 2609 586
2805 2535 3341 2594 INTERROGATIO
3381 2536 3471 2593 IV.

2294 2656 2560 2735 Sequndo
2590 2659 2845 2732 capitulo
2870 2660 3036 2718 nobis
3059 2661 3389 2721 remandari
3412 2661 3872 2735 deposcimus,si

2221 2745 2292 2800 de
2313 2747 2627 2805 commisso
2651 2754 2780 2820 post
2800 2750 3012 2806 initum
3035 2751 3377 2824 conjugium
3400 2755 3877 2832 reputatur,quag

2220 2833 2352 2890 liter
2375 2836 2583 2894 debeat
2606 2837 2740 2893 iniri
2763 2839 3445 2912 conjugium,qua1isque
3467 2839 3559 2897 lex
3581 2840 3876 2904 habeatur

2219 2925 2564 3000 conjugii,et
2591 2926 2843 2999 qualiter
2869 2927 2958 2985 vel
2990 2945 3094 3002 pro
3125 2928 3344 3000 quibus
3372 2929 3547 2988 rebus
3567 2929 3770 2989 valent
3789 2946 3873 2988 se-

2219 3014 2434 3085 parari,
2466 3019 2524 3072 et
2553 3015 2602 3071 si
2633 3021 2764 3089 post
2794 3017 3271 3089 disjunctionem,
3305 3023 3504 3076 utrum
3533 3019 3624 3078 vir
3653 3023 3760 3076 aut
3790 3020 3869 3084 fe-

2219 3101 2382 3158 mina
2411 3103 2483 3159 ad
2513 3103 2690 3160 aliam
2721 3105 2925 3162 debeat
2954 3106 3227 3180 copulam
3259 3106 3540 3180 aspirare,
3562 3106 3654 3166 vel
3688 3108 3736 3164 si
3767 3125 3868 3180 pa-

2219 3190 2514 3262 rijudicio
2541 3194 2908 3267 quiscunque
2936 3212 3138 3252 eorum
3188 3197 3247 3251 in
3294 3197 3568 3270 conjugio
3617 3213 3870 3270 peccans

472 3299 500 3327 ε(
531 3274 588 3332 id
631 3275 967 3332 noverimus
999 3279 1386 3350 sequendum,
1438 3280 1592 3351 quod
1655 3297 1760 3336 nec
1806 3282 2111 3354 praeceptis
2141 3263 2186 3330 C
2221 3281 2426 3337 debeat
2447 3263 2725 3354 judicari.

471 3387 499 3416 «
531 3364 878 3438 evangelicis
910 3365 1288 3435 contrarium,
1335 3384 1440 3422 nec
1486 3369 1736 3425 decretis
1775 3375 2110 3426 sanctorum

471 3478 497 3504 ‹‹
531 3457 772 3508 Patrum
803 3453 1133 3511 inveniatur
1159 3455 1487 3511 adversum.
1515 3479 1535 3506 η
1575 3457 1707 3512 Peto
1738 3458 1988 3531 denique
2017 3477 2110 3516 ve-

469 3547 654 3599 stram
712 3541 1026 3598 amabilem
1084 3543 1456 3612 charitatem,
1490 3549 1555 3600 ut
1601 3563 1705 3618 pro
1743 3547 2112 3606 excusatione

469 3647 600 3686 mea
626 3629 686 3686 in
715 3635 907 3687 vestro
951 3635 1152 3688 sancto
1207 3633 1452 3689 concilio
1501 3633 1690 3690 verbis
1736 3641 1938 3692 vestra:
1969 3655 2110 3710 pru-

466 3719 676 3775 dentiae
697 3720 966 3793 jungatis
997 3721 1175 3793 hujus
1211 3721 1548 3794 diplomatis
1577 3723 1903 3782 lectionem.
1942 3750 1968 3776 ››

537 3809 816 3865 Processu
838 3810 1089 3882 denique
1111 3811 1390 3883 temporis
1415 3811 1597 3868 isdem
1624 3814 1878 3871 domnus
1893 3817 2112 3873 Adven-

464 3897 582 3954 tius
611 3898 683 3953 ad
718 3915 809 3956 me
841 3898 1089 3954 missum
1123 3917 1301 3955 suum
1333 3901 1686 3975 dixerat,per
1713 3920 1886 3975 quem
1917 3905 1968 3960 ei
2003 3905 2110 3964 has
2154 3923 2165 3932 '

465 3986 679 4042 iterum
711 3985 933 4042 litteras
963 3987 1272 4044 destinavi.

533 4074 928 4130 «Hincmarus
962 4077 1318 4132 Rhemorum
1350 4079 1680 4152 episcopus,
1713 4081 1924 4139 dilecto
1948 4086 2108 4142 fratri

463 4165 522 4216 et
547 4162 862 4217 venerabili
891 4163 1162 4236 episcopo
1193 4166 1472 4222 Adventio
1503 4168 1817 4240 plurimam
1838 4172 1898 4228 in
1921 4174 2112 4232 Salva-

462 4253 586 4305 tore
615 4249 886 4306 salutem.
923 4274 951 4299 ››

533 4336 604 4394 Et
631 4342 765 4410 post
795 4339 1063 4412 quaedam
1095 4343 1406 4414 praeposita
1455 4362 1524 4399 ex
1571 4349 1822 4421 negotio,
1857 4367 1960 4422 pro
1993 4369 2106 4424 quo

463 4425 713 4482 missum
745 4445 920 4483 suum
952 4428 1240 4485 direxerat
1272 4433 1608 4490 :«Caeterum
1641 4434 1773 4494 licet
1795 4439 1937 4496 mihi
1960 4442 2105 4498 nihil

462 4513 598 4570 inde
627 4514 1093 4588 significassetis,
1118 4517 1362 4590 conjicio
1394 4520 1743 4595 legationem
1765 4531 2105 4600 vestram,in

2839 3409 3255 3467 RESPONSIO.

2291 3549 2438 3616 Quia
2467 3567 2598 3606 vero
2631 3550 2690 3606 in
2720 3551 3008 3624 praemissi
3039 3549 3246 3622 libelli,
3280 3555 3346 3608 ut
3375 3551 3872 3622 ostendimus,oc-

2219 3641 2349 3694 tavo
2379 3637 2633 3711 capitulo
2664 3639 2950 3712 scriptum
2974 3640 3244 3709 habetur,
3265 3645 3331 3696 ut
3361 3645 3714 3715 argumenta
3742 3640 3875 3703 hac-

2221 3732 2394 3784 tenus
2427 3727 2660 3784 latentis
2689 3747 2876 3786 causa:
2908 3729 3293 3802 percipientes
3321 3745 3578 3786 errorem
3619 3728 3872 3804 expella-

2220 3835 2374 3887 mus,
2407 3823 2466 3874 et
2513 3835 2713 3874 verum
2762 3822 3096 3875 statuamus
3129 3835 3142 3874 :
3175 3823 3232 3874 et
3275 3823 3693 3892 argumentum
3741 3835 3873 3881 esse

2219 3906 2653 3980 legimus,quod
2684 3907 2818 3963 licet
2848 3908 3109 3964 nondum
3141 3908 3237 3975 sit,
3273 3907 3398 3963 ﬁeri
3431 3911 3631 3970 tamen
3651 3912 3868 3981 potest,

2217 4001 2275 4052 et
2304 3996 2374 4052 de
2405 3997 2676 4069 conjugio
2706 3996 2918 4070 agitur,
2952 4001 3086 4053 ante
3115 3997 3272 4069 quod
3305 4014 3458 4070 saepe
3489 3997 3562 4054 ab
3605 3997 3870 4058 humana

2220 4085 2528 4160 fragilitate
2559 4085 3100 4159 delinquitur,saepe
3131 4086 3189 4142 in
3219 4085 3346 4158 ipso
3377 4085 3637 4142 ineundo
3661 4087 3870 4159 conju-

2215 4175 2332 4248 gio,
2367 4192 2518 4248 saepe
2549 4180 2746 4232 autem
2777 4181 2912 4250 post
2940 4175 3172 4232 initium
3205 4175 3570 4250 conjugium,
3613 4177 3868 4250 graviori

2218 4282 2368 4320 noxa
2391 4269 2690 4337 peccatur;
2724 4265 2796 4320 ab
2827 4264 2950 4338 ipsa
2975 4265 3170 4321 radice
3203 4263 3868 4340 incipientes,ponamus

2217 4353 2468 4431 qualiter
2495 4354 2702 4410 debeat
2731 4353 2866 4410 iniri
2897 4346 3475 4428 conjugium,deinde
3503 4354 3696 4430 legem
3730 4373 3867 4412 con-

2206 4443 2360 4516 jugii
2373 4443 2773 4510 ostendamus,
2782 4447 2913 4517 post
2928 4448 3124 4500 autem
3142 4443 3190 4499 si
3206 4443 3264 4499 in
3281 4444 3555 4518 conjugio
3566 4449 3866 4518 peccatur,

2207 4532 2502 4604 judicium
2517 4531 2794 4605 etjudicii
2815 4533 3081 4588 ordinem
3095 4533 3569 4592 demonstremus
3592 4553 3607 4604 ;
3643 4540 3707 4591 ut
3721 4553 3865 4608 quo-

507 4621 580 4658 ua
607 4603 793 4702 vobis,
825 4603 977 4660 sicut
1024 4605 1138 4660 Deo
1184 4608 1403 4702 gratias
1452 4613 1762 4680 prudentia
1788 4625 1982 4677 vestra
2007 4639 2108 4684 vos
2139 4637 2186 4702 D
2212 4603 2379 4678 iniam
2393 4603 2930 4694 peccatummalam
2947 4625 3119 4691 est,et
3140 4621 3364 4679 malum
3386 4627 3598 4680 natura
3618 4641 3738 4682 non
3757 4630 3866 4694 est,

507 4621 580 4658 ua
607 4621 793 4675 voms,
825 4621 977 4660 sicut
1024 4621 1138 4660 ueo
1184 4621 1403 4679 gratias
1452 4621 1762 4680 prudentia
1788 4625 1982 4677 vestra
2007 4639 2102 4684 vos

461 4621 648 4761 fiocet,
671 4691 816 4748 satis
847 4697 1013 4748 caute
1041 4697 1097 4750 et
1130 4695 1364 4767 provide
1407 4703 1496 4753 est
1543 4719 1781 4760 necesse
1813 4707 2102 4786 incedere,

462 4781 602 4867 quia
633 4780 766 4838 talis
795 4786 884 4837 est
915 4798 1113 4848 causa,
1140 4787 1197 4838 et
1227 4783 1286 4870 in
1319 4789 1440 4841 tam
1472 4790 1958 4856 eminentissimis
1987 4780 2110 4874 per;

462 4871 642 4939 sonis,
675 4876 732 4928 et
763 4871 822 4927 in
853 4871 1192 4944 bujusmodi
1225 4875 1580 4948 ordine,quze
1611 4881 1682 4935 ab
1705 4871 2109 4947 omnibus—erit

462 4966 528 5016 ut
555 4978 793 5017 necesse
823 4961 1206 5035 cognosci,ita
1224 4963 1398 5018 etiam
1425 4967 1771 5036 ponderari:
1803 4978 2105 5048 quoniam,

462 5054 527 5104 ut
555 5049 902 5108 Ccelestinus
933 5051 1156 5121 scribit,
1191 5051 1536 5110 universalis
1559 5056 1816 5117 Ecclesia
1845 5081 2106 5136 quacun-

462 5154 576 5210 que
609 5139 859 5196 novitate
880 5139 1276 5214 pulsatur.Est
1303 5141 1458 5198 enim
1478 5144 1629 5200 inter
1648 5146 1861 5221 Regem
1877 5169 2104 5228 regum,

462 5230 520 5282 et
547 5244 740 5302 regem
773 5234 1090 5299 terrenum,
1114 5228 1174 5285 in
1204 5231 1330 5304 lege
1360 5231 1552 5304 prima
1579 5233 1768 5307 primo
1800 5239 2020 5300 homini
2045 5246 2106 5303 in

463 5317 734 5386 paradiso
767 5319 993 5387 data,et
1022 5336 1056 5375 a
1085 5319 1202 5375 Deo
1233 5324 1291 5376 et
1320 5319 1556 5378 homine
1587 5323 1647 5380 in
1677 5325 1984 5403 Evangelia
2015 5352 2106 5392 ro-

463 5403 792 5462 borata.Est
821 5407 996 5464 etiam
1027 5408 1098 5466 de
1128 5427 1306 5466 causa
1329 5411 1496 5468 nobis
1527 5412 1813 5475 hactenus
1844 5418 2109 5481 inaudita

464 5508 532 5547 ex
563 5509 680 5565 qua
709 5495 1004 5553 subtiliter
1024 5515 1257 5556 necesse
1279 5499 1390 5556 erit
1408 5504 1786 5563 auctoritates
1807 5525 2004 5569 sacras
2026 5531 2107 5573 re-

463 5579 708 5670 volvere,
742 5588 799 5638 et
829 5584 985 5660 leges
1013 5587 1374 5645 Christianas
1406 5590 1776 5667 interrogare,
1809 5601 2108 5670 pontifica-

464 5668 580 5730 lem
613 5673 1014 5732 auctoritatem
1061 5676 1120 5732 in
1179 5679 1270 5734 sui
1321 5679 1746 5744 examinatione
1796 5668 2022 5753 sincero
2051 5697 2108 5754 et

2215 4730 2281 4774 ac
2314 4729 2416 4786 per
2445 4710 2552 4767 hoc
2583 4711 2970 4767 substantiale
3021 4728 3135 4767 non
3184 4715 3293 4781 est,
3329 4713 3431 4768 sed
3461 4711 3526 4769 in
3556 4713 3697 4770 boni
3727 4714 3867 4769 sub-

2216 4805 2437 4862 stantia
2465 4799 2820 4869 coalescit,et
2841 4805 2906 4856 ut
2935 4801 3206 4857 accidens
3235 4800 3550 4860 inﬁrmitas
3574 4803 3868 4859 medicina

2215 4894 2550 4968 depellitur,
2586 4907 2721 4946 cum
2750 4889 2972 4963 regula,
3001 4891 3272 4947 videlicet
3301 4891 3680 4950 incolumitas
3702 4899 3864 4950 natu-

2217 4985 2376 5051 ralis,
2411 4987 2468 5038 et
2497 4980 2788 5037 medicina
2817 4978 3178 5036 infirmitatis
3208 4980 3400 5052 posita
3429 4980 3626 5052 fuerit,
3659 4983 3862 5056 depre-

2215 5073 2504 5129 hendetur
2553 5069 2769 5126 certius
2812 5068 3088 5124 fortitudo
3138 5073 3314 5141 atque
3363 5067 3638 5128 accidens
3683 5070 3860 5140 laesio,

2216 5163 2562 5231 argumento
2593 5157 2760 5230 quasi
2793 5156 3078 5227 hactenus
3107 5155 3344 5214 latentis
3385 5175 3576 5216 causa;
3623 5176 3858 5234 percep-

2215 5251 2294 5315 to,
2327 5262 2582 5303 errorem
2621 5244 2925 5320 expellere,
2977 5249 3035 5302 et
3075 5263 3281 5304 verum
3331 5247 3563 5306 facilius
3607 5253 3862 5311 statuere

2215 5334 2681 5408 praevalebimus.

2285 5423 2544 5492 Qualiter
2575 5425 2916 5498 conjugium
2948 5425 3083 5482 iniri
3115 5425 3405 5500 debeat,et
3430 5430 3600 5485 vetus
3629 5432 3690 5485 et
3717 5444 3864 5486 nova

2215 5513 2306 5574 lex
2337 5513 2811 5583 edocet,Domino
2862 5532 2965 5588 per
3007 5515 3262 5590 Moysem
3291 5517 3687 5592 praecipiente,
3715 5522 3772 5575 et
3799 5517 3860 5573 in

2214 5603 2524 5679 Evangelia
2556 5603 2992 5661 dcmonstrante
3025 5607 3249 5680 (Matth.
3282 5624 3323 5678 ι,
3357 5607 3448 5680 18)
3479 5606 3666 5667 :Cum
3687 5610 3858 5675 esset,

2216 5693 2794 5771 inquit,desponsata
2823 5699 3009 5756 mater
3034 5695 3177 5758 Jesu
3219 5695 3403 5758 Maria
3429 5695 3670 5776 Joseph,
3700 5699 3858 5757 ante-
