4148 6480
239 439 360 501 649

1156 441 1258 502 DE
1302 443 1680 504 DIVORTIO
1727 442 2093 506 LOTHARII
2139 447 2238 506 ET
2280 448 2738 512 TETBEHGIE.

3532 459 3653 522 650

237 575 427 661 Quam:
477 568 728 661 nuptiali
759 569 1162 661 celebratione
1217 575 1610 641 convenirent,
1643 575 1797 634 sicut
1825 573 1886 630 in
1914 575 1968 644 Α
2000 580 2164 632 conte
2193 579 2571 653 suscipimus,
2601 587 2659 638 et
2687 587 2886 640 sancto
2921 585 3108 642 Leone
3138 604 3286 661 papa
3314 590 3376 646 in
3393 589 3648 650 decretis

238 659 465 732 nuptiis
497 657 808 716 celebratis
836 659 990 718 idem
1021 663 1296 732 ostendit,
1317 681 1463 736 quas
1495 681 1604 720 sua
1633 680 1890 736 praesen-

235 747 326 806 tia:
340 748 1086 816 sanctiﬁcare,etmiraculo
1108 749 1325 807 ibidem
1349 757 1576 825 patrato
1599 753 1892 810 illustrare

233 837 515 912 dignatus
545 839 655 905 est,
688 837 789 894 sed
816 843 876 896 et
906 843 1150 895 sanctus
1179 841 1480 898 Evaristus
1505 859 1662 914 papa
1682 842 1891 898 Roma-

234 945 351 988 nus
381 929 630 1002 quartus
650 943 684 982 a
707 927 874 984 beato
903 927 1070 984 Petro
1089 928 1148 984 in
1171 929 1560 986 decretalibus
1591 931 1664 986 ad
1697 929 1892 986 locum

229 1017 319 1074 ita
343 1015 554 1074 scribit
581 1017 758 1088 (epist.
795 1017 822 1078 1
856 1018 914 1076 in
942 1019 1242 1092 principio)
1273 1037 1292 1074 :
1321 1006 1342 1070 ἓ
1378 1017 1665 1075 Similiter
1697 1023 1893 1076 custo-

229 1106 426 1167 ditum
451 1109 515 1165 ct
543 1105 826 1166 traditum
859 1106 1166 1176 habemus,
1198 1113 1264 1168 ut
1294 1126 1439 1165 uxor
1468 1108 1730 1182 legitime
1771 1107 1894 1166 vim

219 1197 538 1270 jungatur.
568 1193 752 1252 Aliter
778 1193 936 1256 enim
966 1195 1319 1270 legitimum,
1349 1201 1470 1254 uta
1501 1197 1772 1258 Patribus
1803 1215 1892 1256 ars-

227 1285 588 1358 cepimus,et
619 1301 654 1342 a
684 1283 906 1342 sanctis
937 1284 1217 1358 apostolis
1247 1302 1571 1360 eorumque
1602 1303 1900 1344 succenso.

224 1375 399 1432 ribus
430 1373 716 1434 traditum
746 1373 1099 1444 invenimus,
1134 1392 1250 1432 non
1283 1376 1349 1432 ﬁt
1379 1377 1744 1450 conjugium,
1780 1376 1895 1434 nisi

224 1464 302 1520 ab
341 1462 438 1518 bis
470 1463 572 1536 qui
603 1479 780 1535 super
808 1462 1000 1536 ipsam
1032 1463 1310 1522 feminam
1335 1465 1795 1524 dominationem
1818 1466 1896 1524 vi.

229 1553 453 1610 dentur
481 1549 782 1620 habere,et
808 1568 848 1610 a
875 1551 1092 1624 quibus
1122 1555 1620 1624 custoditur,uxor
1641 1559 1890 1628 petatur,

224 1645 290 1704 et
318 1658 356 1698 a
383 1641 729 1720 parentibus
753 1644 857 1702 aut
885 1643 1405 1719 propinquioribus
1453 1649 1788 1717 sponsetur,
1837 1651 1895 1702 et

227 1731 469 1808 legibus
499 1732 753 1804 dotetur,
781 1735 844 1790 et
874 1749 981 1792 suo
1030 1737 1290 1806 tempore
1338 1733 1796 1802 sacerdotaliter,
1827 1739 1893 1795 ut

229 1838 368 1879 rnos
415 1825 526 1888 est,
555 1839 690 1880 cum
721 1821 994 1894 precibus
1023 1825 1080 1882 et
1108 1821 1502 1883 oblationibus
1527 1841 1562 1883 a
1593 1825 1891 1882 sacerdote

227 1909 703 1977 benedicatur,et
723 1927 758 1966 a
776 1909 1291 1986 paranympbis,ut
1319 1913 1678 1970 consuetudo
1703 1913 1888 1980 docet,

231 1999 536 2059 custodita
558 2003 622 2060 et
659 1999 1009 2070 consociata,
1062 2017 1098 2056 a
1137 1999 1420 2072 proximis
1465 2005 1725 2074 tempore
1754 2019 1890 2066 con-

223 2103 382 2162 gruo
413 2086 620 2166 petita,
651 2085 880 2160 legibus
909 2087 1164 2156 dotetur,
1197 2092 1254 2146 et
1279 2087 1620 2154 solemniter
1646 2089 1892 2163 accipia-

230 2181 354 2245 tur,
387 2180 447 2232 et
471 2175 654 2234 biduo
681 2175 772 2232 vel
804 2175 1000 2234 triduo
1045 2176 1409 2234 orationibus
1457 2181 1680 2244 vacent,
1713 2183 1770 2238 et
1795 2196 1888 2238 caa-

222 2266 497 2323 stitatem-
525 2264 878 2332 custodiant,
912 2268 978 2322 ut
1031 2265 1197 2322 bona;
1252 2265 1483 2323 soboles
1513 2271 1886 2340 generentur,

222 2361 283 2412 et
317 2355 570 2413 Domino
600 2353 660 2410 in
692 2353 920 2412 actibus
965 2353 1095 2412 suis
1145 2353 1432 2428 placeant.
1463 2355 1682 2414 Taliter
1727 2355 1882 2415 enim

223 2448 284 2502 et
373 2443 624 2502 Domino
682 2441 1020 2517 placebunt,
1103 2447 1160 2500 et
1243 2443 1396 2500 ﬁlios
1455 2462 1570 2502 non
1625 2445 1881 2518 spnrios,

220 2533 372 2596 581
408 2534 511 2590 sed
532 2531 826 2608 legitimos
845 2536 1022 2607 atque
1043 2531 1470 2590 hmreditabiles
1498 2534 1882 2606 generabunt,

217 2625 598 2702 Quapropter
625 2621 732 2678 ﬁlii
761 2620 1096 2679 charissimi
1127 2625 1185 2678 et
1212 2621 1421 2680 merito
1451 2621 1727 2692 illustres,
1767 2624 1882 2686 ﬁde

217 2711 519 2773 catholica
548 2712 928 2786 suffragante,
961 2709 1044 2770 ita
1087 2715 1325 2784 peracta
1369 2710 1628 2784 legitima
1676 2711 1880 2770 scitote

221 2819 357 2862 esse
387 2797 872 2880 conjugiaAliter
901 2817 1032 2862 vero
1064 2805 1560 2876 praesumptamon
1583 2803 1875 2874 conjugis,

213 2892 320 2954 sed
353 2893 460 2953 aut
489 2889 910 2964 adulterimaut
937 2889 1339 2956 contubernia,
1373 2894 1475 2946 aut
1523 2893 1748 2962 stupra,
1789 2891 1876 2948 vel

215 2979 640 3040 fornicationes
669 2979 866 3053 potius
911 2995 1089 3054 quam
1136 2977 1402 3054 legitima
1447 2979 1722 3052 conjugis
1748 2996 1877 3040 esse

212 3087 335 3130 non
365 3068 774 3137 dubitate,nisi
804 3068 1079 3142 voluntas
1111 3067 1348 3143 propria
1372 3069 1796 3142 suﬁragaverit,
1819 3073 1877 3132 et

210 3163 351 3219 vota
381 3157 783 3218 succurrerint
812 3155 1246 3231 legitima.Nam
1278 3157 1503 3216 fructus
1522 3157 1758 3216 divinus
1783 3163 1875 3222 est

211 3251 510 3326 przecepta
565 3245 763 3310 divina
819 3247 1132 3306 custodire.
1163 3247 1528 3320 Ea.quoque
1583 3249 1870 3316 deserere,

2001 664 2074 720 ad
2133 666 2440 724 Rusticum
2490 670 2929 729 Narbonensem
2978 675 3340 748 episcopum,
3399 678 3648 750 qualiter
3690 669 3694 672 ’

2001 751 2134 808 iniri
2167 755 2436 829 debeant,
2485 763 2848 818 monstrante
2897 763 3324 835 cognoscimus.
3357 767 3450 822 Ait
3490 767 3647 829 enim

2003 842 2191 914 capite
2222 845 2448 902 decimo
2480 851 2680 904 octavo
2708 851 2886 921 (epist.
2918 851 3009 920 95)
3044 867 3057 906 :
3097 875 3118 902 α
3155 853 3280 908 Non
3309 855 3520 924 omnis,
3550 856 3648 912 in-

2005 932 2232 1004 quiens,
2265 935 2476 991 mulier
2517 936 2640 994 viro
2681 941 3014 1010 conjuncta,
3057 958 3203 998 uxor
3227 947 3320 998 est
3348 943 3476 1012 viri,
3509 948 3647 1018 quia

2004 1037 2110 1076 nec
2137 1023 2330 1079 omnis
2363 1023 2520 1082 ﬁlius
2549 1025 2732 1084 haeres
2753 1032 2841 1085 est
2865 1029 3426 1103 patris.Nuptiarum
3455 1037 3648 1091 autem

2005 1109 2222 1166 fmdera
2269 1112 2422 1169 inter
2468 1113 2713 1187 ingenos
2765 1122 2906 1173 sunt
2953 1117 3232 1192 legitima,
3266 1119 3420 1176 inter
3457 1138 3649 1194 acqua-

2003 1196 2174 1268 les,et
2203 1199 2388 1257 multo
2418 1203 2582 1274 prius
2614 1203 2722 1260 hoc
2743 1204 2938 1278 ipsum
2960 1206 3207 1264 Domino
3237 1209 3649 1276 constituentes,

2005 1303 2184 1359 quam
2215 1289 2452 1346 initium
2485 1291 2903 1365 Romanijuris
2933 1295 3224 1352 existeret.
3259 1296 3462 1370 Itaque
3491 1297 3648 1360 aliud

2004 1380 2094 1432 est
2144 1394 2304 1446 uxor,
2353 1379 2512 1436 aliud
2560 1382 2886 1438 concubina
2933 1401 2948 1442 :
2999 1383 3152 1441 sicut
3199 1384 3361 1443 aliud
3409 1386 3646 1455 ancilla,

2006 1465 2165 1522 aliud
2200 1465 2399 1524 libera.
2426 1469 2664 1542 Propter
2691 1473 2848 1547 quod
2879 1471 3054 1529 etiam
3083 1460 3652 1546 Apestolusad'ma-

2003 1553 2400 1612 nifestandum
2431 1557 2642 1616 harum
2671 1577 3055 1632 personarum
3087 1562 3643 1638 discretionemwal.

2002 1660 2079 1713 Iv,
2109 1646 2222 1718 30),
2253 1647 2654 1704 testimonium
2703 1651 2868 1722 ponit
2913 1668 2982 1708 ex
3027 1651 3260 1721 Genesi,
3291 1653 3391 1710 ubi
3431 1654 3650 1722 dicitw‘

1999 1733 2242 1790 Abrahae
2295 1751 2308 1791 :
2361 1737 2506 1808 Ejice
2553 1741 2818 1796 amittam
2865 1748 2915 1796 ct
2959 1741 3142 1812 filium
3168 1743 3320 1814 ejus;
3349 1759 3463 1799 non
3497 1745 3646 1808 enim

2001 1820 2176 1879 hxres
2193 1825 2300 1880 erit
2317 1825 2468 1896 ﬁlius
2489 1827 2714 1886 ancilla:
2730 1844 2857 1885 eum
2870 1830 2988 1900 ﬁlio
3005 1846 3122 1886 meo
3145 1831 3294 1886 Isaae
3335 1830 3490 1904 (Gen.
3527 1849 3644 1902 xxt,

2003 1911 2281 1985 lO).Unde
2304 1931 2439 1970 cum
2469 1915 2718 1972 societas
2747 1917 3086 1989 nuptiarum
3115 1918 3200 1975 ita
3225 1919 3300 1975 ab
3325 1919 3489 1976 initio
3507 1937 3645 1981 con»

2001 2001 2206 2057 stituta
2231 2001 2400 2070 sit,ut
2419 2007 2628 2074 preter
2646 2021 2890 2062 sexuum
2914 2007 3383 2079 conjunctionem.
3404 2008 3645 2070 haberet

1999 2089 2060 2144 in
2092 2107 2152 2146 se
2183 2089 2397 2146 Christi
2419 2099 2477 2148 et
2495 2091 2762 2149 Ecclesiae
2794 2095 3501 2164 sacramentum,dubium
3523 2114 3640 2159 non

1998 2183 2087 2234 est
2115 2195 2244 2235 eam
2276 2179 2582 2237 mulierem
2615 2199 2730 2238 non
2761 2182 3052 2256 pertinere
3077 2185 3150 2240 ad
3174 2184 3639 2258 matrimonium,

1995 2267 2055 2322 in
2087 2284 2204 2340 qua
2229 2268 2476 2324 docetur
2516 2269 2777 2343 nuptiale
2797 2287 2913 2328 non
2944 2271 3129 2328 fuisse
3155 2271 3642 2346 mysteriumJgi-

1995 2361 2093 2412 tur
2121 2357 2170 2412 si
2202 2357 2336 2431 quis
2367 2356 2549 2414 ﬁliam
2571 2375 2740 2414 suam
2761 2359 2884 2416 viro
2905 2359 3144 2416 habenti
3164 2361 3553 2420 concubinam
3581 2361 3642 2428 in

1994 2446 2370 2504 matrimonio
2398 2446 2764 2514 dedcrit,non
2795 2449 2877 2504 ita
2907 2447 3312 2522 accipiendum
3340 2451 3657 2523 est,quasi‘

1991 2552 2120 2592 eam
2161 2537 2473 2608 conjugato
2513 2535 2758 2604 dederit,
2791 2537 2903 2594 nisi
2935 2538 3082 2594 forte
3114 2537 3218 2594 illa
3240 2538 3458 2596 mulier
3487 2539 3640 2606 58,8

1990 2627 2046 2682 et
2076 2623 2330 2698 ingenua
2361 2626 2592 2694 facta,et
2621 2625 2822 2682 dotata
2847 2625 3126 2699 legitime,
3159 2632 3218 2683 et
3241 2627 3492 2702 publicis
3523 2647 3638 2689 nu-

1988 2713 2129 2785 ptiis
2157 2713 2465 2770 honestate
2495 2713 3031 2771 videatur.Paterno
3057 2715 3298 2772 arbitrio
3326 2717 3468 2772 viris
3489 2719 3633 2790 jun-

1989 2805 2094 2856 cta:
2121 2805 2318 2858 carent
2343 2802 2536 2875 culpa,
2570 2801 2621 2858 si
2653 2803 2929 2859 mulieres
2959 2821 3086 2876 quas
3117 2822 3152 2860 a
3173 2805 3316 2862 viris
3345 2805 3634 2874 habeban-

1985 2894 2082 2948 tur
2101 2891 2159 2946 in
2181 2891 2553 2948 matrimonio
2575 2907 2690 2947 non
2717 2892 3120 2964 fuerunt,quia
3131 2893 3292 2949 aliud
3310 2898 3399 2950 est
3426 2899 3628 2968 nupta,

1985 2979 2147 3036 aliud
2177 2979 2504 3040 concubina
2549 2985 2606 3036 et
2654 2979 2930 3044 ancillam
2977 2998 3012 3037 a
3056 2981 3224 3038 thoro
3253 2982 3524 3055 abjicere,
3572 2987 3648 3048 et
3755 3017 3758 3022 -

1984 3086 2222 3126 uxorem
2253 3074 2425 3126 certae
2452 3069 2834 3142 ingenuitatis
2865 3071 3144 3143 accipere,
3177 3088 3291 3127 non
3311 3070 3628 3144 duplicatio

1983 3157 2370 3232 conjugii,sed
2400 3157 2695 3232 profectus
2724 3161 2814 3214 est
2841 3157 3183 3216 honestatis.
3221 3182 3251 3211 »
3281 3161 3351 3216 Et
3389 3164 3628 3220 sanctus

1978 3247 2324 3304 Ambrosius
2354 3247 2414 3302 in
2447 3247 2592 3303 libro
2625 3247 2697 3303 de
2725 3247 2919 3320 Lapsu
2945 3248 3191 3322 virginis
3220 3249 3423 3323 (cap.5)
3436 3247 3580 3306 dicit
3609 3267 3622 3307 ι

210 3321 736 3412 praesumptionem
771 3337 894 3395 ﬁeri
923 3335 1068 3394 nulli
1099 3337 1346 3394 dubium
1384 3342 1490 3392 est.
1527 3360 1555 3390 »
1585 3338 1702 3394 Cur
1729 3355 1867 3412 ergo
1898 3321 1946 3390 Ο
1981 3360 2009 3388 ι(
2043 3337 2190 3404 Quia
2217 3337 2369 3394 inter
2407 3337 2607 3394 decem
2659 3341 2836 3393 testes
2880 3321 3164 3394 confectis
3203 3321 3539 3410 sponsaliis,
3570 3343 3628 3402 et

209 3413 528 3501 indignum
543 3431 636 3484 est
653 3425 936 3484 unitatem
952 3424 1231 3498 Ecclesiae.
1243 3425 1524 3482 custodiri
1536 3427 1563 3482 ‘I
1591 3427 1866 3500 Idemque

210 3532 424 3574 omnes
451 3515 671 3590 pariter
709 3517 768 3572 et
813 3514 1142 3570 sentiamus
1189 3517 1248 3570 et
1291 3513 1762 3588 pronuntiemus.
1805 3516 1866 3576 Si

208 3603 370 3664 enim
425 3605 597 3667 aliter
644 3608 1006 3680 praesumpta
1051 3603 1286 3673 fuerint,
1331 3605 1583 3678 perdunt
1609 3607 1865 3678 profecto

206 3694 329 3768 ipsi
367 3697 838 3768 transgressores
881 3693 1128 3768 seipsos,
1169 3693 1272 3766 qui
1315 3694 1660 3768 semetipsos
1709 3694 1863 3752 decis

209 3783 408 3866 piunt.
442 3783 555 3841 Sed
584 3787 642 3840 et
671 3783 742 3842 de
772 3782 1062 3860 ejusmodi
1091 3799 1302 3858 genere
1334 3784 1461 3856 conj
1474 3784 1591 3856 ugii
1621 3784 1865 3858 angelus

209 3873 284 3929 ad
337 3871 558 3952 Joseph
607 3871 688 3928 ait
734 3869 939 3946 (Μαιιι.
973 3889 1056 3940 ιιι,
1087 3872 1178 3946 20)
1211 3887 1228 3928 :
1259 3871 1478 3943 Joseph
1527 3873 1610 3928 ﬁli
1659 3874 1865 3946 David,

207 3961 332 4020 noli
359 3962 570 4022 timere
599 3959 861 4034 accipere
918 3960 1161 4026 Mariam
1221 3962 1529 4036 conjugem
1588 3968 1772 4030 tuam,
1803 3964 1862 4024 id

209 4055 320 4121 est,
341 4051 859 4125 desponsatam.Et
887 4049 1094 4108 beatus
1124 4049 1366 4107 Siricius
1397 4068 1549 4124 papa
1578 4052 1637 4108 in
1669 4054 1864 4110 dceres

209 4141 287 4200 tis
307 4142 380 4198 ad
394 4139 722 4202 Himerium
743 4141 1240 4196 Tarraconensem
1259 4140 1862 4215 episcopum(epist.l),

211 4230 474 4306 capitulo
505 4233 715 4304 quarto
747 4229 829 4286 ita
857 4228 1001 4289 dicit
1031 4247 1082 4284 :«
1097 4230 1261 4297 Quod
1289 4247 1403 4292 non
1435 4229 1606 4287 liceat
1625 4232 1866 4292 alterius

213 4336 498 4394 sponsam
527 4318 588 4376 in
619 4317 979 4376 matrimonii
999 4319 1141 4395 jura
1177 4318 1391 4378 sortiri.
1444 4321 1526 4378 De
1572 4323 1867 4396 conjugali

211 4414 414 4470 autem
458 4407 771 4468 violatione
819 4407 1150 4482 requisistis
1207 4407 1258 4465 si
1311 4409 1725 4482 desponsatam
1767 4411 1869 4474 alii

209 4497 473 4573 puellam
507 4497 656 4557 alter
684 4497 744 4554 in
777 4496 1222 4554 matrimonium
1251 4497 1438 4572 possit
1464 4499 1866 4572 aceipere.Hoc

210 4606 282 4648 ne
313 4590 422 4646 ttat
448 4586 645 4645 modis
676 4585 953 4644 omnibus
981 4585 1342 4655 inbibemus,
1375 4587 1516 4660 quia
1544 4588 1646 4644 illa
1691 4589 1866 4646 bene-

1976 3425 2198 3499 nuptiis
2225 3425 2896 3498 consummatisgurevis
2922 3425 3043 3481 viro
3065 3425 3285 3482 femina
3311 3428 3626 3500 conjuncta

1975 3515 2352 3586 mortali,non
2385 3514 2510 3571 sine
2540 3531 2752 3588 magno
2782 3515 3040 3588 periculo
3070 3519 3366 3588 perpetrat
3392 3516 3621 3577 adulte-

1974 3604 2150 3664 rium.
2201 3625 2232 3656 ››
2266 3604 2377 3660 Sed
2425 3609 2486 3660 et
2529 3604 2670 3676 quia
2725 3608 2887 3662 extra
2931 3603 3279 3672 ordinarios,
3329 3605 3472 3666 ordo
3505 3621 3619 3666 non

1973 3693 2365 3767 praetermittit
2392 3693 2679 3762 Ecclesia},
2733 3693 2876 3766 quin
2907 3699 3011 3750 aut
3041 3693 3452 3766 resipiscentes
3483 3694 3624 3751 reci-

1976 3781 2116 3855 piat,
2149 3787 2252 3838 aut
2281 3785 2722 3839 contemnentes
2751 3782 3009 3853 abjiciat,
3061 3783 3134 3837 de
3179 3783 3529 3842 multinubis
3559 3783 3621 3846 in

1974 3871 2220 3930 concilio
2251 3871 2701 3928 Neocaesariensi
2758 3871 2949 3943 capite
3003 3871 3192 3939 tertio,
3225 3871 3305 3926 ita
3333 3871 3620 3946 scriptum

1973 3964 2063 4018 est
2094 3978 2107 4016 :
2143 3982 2171 4012 ιι
2203 3961 2284 4016 De
2315 3959 2406 4015 his
2436 3959 2538 4032 qui
2568 3959 2626 4014 in
2658 3959 2944 4032 plurimas
2987 3959 3222 4031 nuptias
3265 3959 3620 4028 inciderunt,

1973 4054 2030 4108 et
2058 4055 2291 4123 tempus
2321 4049 2558 4122 quidem
2589 4047 2940 4122 praeﬁnitum
2971 4049 3350 4106 manifestum
3377 4053 3486 4118 est,
3519 4049 3623 4116 sed

1974 4139 2334 4197 conversatio
2365 4155 2567 4195 eorum
2598 4142 2654 4194 et
2684 4140 2830 4195 ﬁdes
2851 4143 3086 4212 tempus
3115 4137 3621 4198 abbreviat.»Eve-

1975 4229 2064 4285 nit
2093 4229 2268 4284 etiam
2319 4245 2422 4301 per
2468 4227 2734 4284 bellicam
2765 4227 3077 4296 eladem,ct
3105 4228 3486 4302 gravissimos
3512 4227 3620 4286 ho-

1975 4317 2236 4376 stilitatis
2263 4317 2633 4386 ineursus,ut
2663 4335 2806 4374 uxor
2833 4316 2941 4374 viri
2971 4317 3146 4390 capiti
3176 4317 3345 4374 alteri
3375 4319 3621 4390 conjun-

1974 4412 2167 4482 gatur.
2202 4407 2532 4481 Rapiuntur
2579 4423 2814 4480 quoque
2843 4411 3044 4463 contra
3075 4407 3161 4464 l'as
3191 4411 3248 4464 et
3269 4408 3410 4478 jura
3435 4407 3629 4470 vidua

1973 4497 2058 4554 vel
2094 4496 2368 4570 virgines,
2401 4513 2467 4552 ac
2495 4495 3166 4566 sanctimoniales,unde
3197 4495 3499 4560 medicinas
3528 4512 3620 4554 sa-

1975 4587 2090 4642 cris
2134 4585 2518 4658 designantur
2563 4585 2909 4654 canonibus,
2940 4602 3069 4658 quae
3117 4584 3211 4641 hic
3260 4601 3474 4658 ponere
3503 4601 3622 4652 non

209 4677 416 4746 dictio,
447 4693 629 4750 quam
662 4679 933 4750 nupturae
965 4676 1240 4734 sacerdos
1258 4675 1692 4766 imponit,apud
1723 4679 1865 4734 ﬁde-
1899 4699 1944 4766 ι)
1975 4674 2850 4766 necessariumducimusEcce
2878 4675 3096 4748 quibus
3114 4675 3304 4733 modis
3325 4675 3623 4732 sociantur

208 4765 294 4826 les
325 4765 642 4840 cujusdam
673 4763 966 4838 sacrilegii
1005 4763 1194 4822 instar
1239 4769 1349 4835 est,
1401 4765 1452 4821 si
1501 4765 1625 4822 ulla
1675 4771 1866 4826 trans-

210 4856 515 4930 gressione
561 4853 828 4912 violetur.
860 4876 890 4908 »
914 4855 998 4912 Ex
1026 4854 1270 4912 concilio
1315 4855 1620 4929 Ancyrano
1679 4857 1871 4930 capite

210 4945 440 5006 decimo
475 4961 490 5000 :
527 4949 604 5004 De
640 4944 1003 5018 desponsatas.
1021 4945 1243 5018 puellis,
1291 4951 1344 5000 et
1389 4945 1457 5000 ab
1503 4946 1635 5001 aliis
1677 4963 1868 5008 corru-

205 5036 315 5107 ptis
347 5052 366 5088 :
399 5034 796 5108 Desponsatas
825 5032 1072 5112 puellas,
1115 5038 1172 5090 et
1218 5039 1350 5108 post
1379 5034 1450 5090 ab
1484 5033 1614 5091 aliis
1645 5040 1867 5109 raptas,

209 5122 435 5197 placuit
463 5123 612 5193 erui,
646 5127 704 5180 et
732 5122 816 5179 eis
846 5123 1031 5191 reddi,
1067 5123 1282 5196 quibus
1313 5127 1448 5179 ante
1479 5124 1708 5182 fuerant
1735 5125 1867 5184 des-

211 5216 500 5292 ponsatas,
533 5210 764 5273 etiamsi
796 5213 880 5270 eis
911 5229 946 5268 a
975 5213 1310 5288 raptoribus
1339 5213 1426 5270 vis
1470 5213 1634 5270 illata
1660 5215 1870 5272 consti-

209 5298 369 5363 terit.
423 5301 590 5364 Unde
617 5301 794 5358 etiam
822 5318 1221 5376 saepenumero
1271 5306 1327 5358 et
1371 5301 1760 5375 pluripliciter
1805 5305 1865 5362 in

212 5395 556 5452 sanctorum
583 5389 1035 5450 difﬁnitionibus
1073 5391 1326 5464 legimus
1360 5408 1373 5446 :
1408 5391 1511 5447 sed
1558 5392 1632 5447 ad
1681 5397 1868 5450 esten.

212 5477 474 5542 dendurn
505 5480 681 5538 istius
711 5496 898 5554 genus
927 5481 1210 5554 conjugii,
1240 5480 1384 5537 satis
1414 5495 1705 5553 superque
1753 5483 1867 5540 ista

211 5567 540 5628 sufﬁciunt.
1533 5563 1544 5570 ’

281 5658 430 5727 Quia
458 5675 594 5716 vero
625 5657 914 5722 secundas
945 5657 1184 5734 nuptias
1214 5675 1329 5714 non
1360 5658 1866 5726 damnamusﬁmu

211 5747 554 5824 recipimus,
598 5747 758 5806 aliud
805 5763 992 5822 genus
1039 5747 1298 5822 conjugii
1347 5751 1404 5806 et
1446 5745 1721 5824 Apostolo
1761 5748 1861 5808 de-

538 5859 806 5939 Pa'raon.
853 5873 1076 5939 CXXV.

1975 4763 2268 4839 conjugis,
2304 4763 2390 4820 vel
2421 4765 2803 4822 contubernia
2831 4769 3210 4838 usurpentur.

2475 4889 3018 4947 INTERROGATIO
3055 4889 3122 4944 V.

2049 4996 2329 5066 Qualiter,
2361 4997 2449 5056 vel
2470 5015 2572 5072 pro
2605 4997 2822 5070 quibus
2851 4997 3050 5069 rebus,
3082 4996 3406 5052 secundum
3427 4999 3620 5054 aucto-

1978 5087 2210 5143 ritatem
2242 5087 2386 5142 inita
2417 5086 2690 5158 conj‘ugia
2719 5085 2976 5159 separari
3007 5085 3317 5153 valcant,et
3346 5083 3470 5140 sine
3500 5083 3624 5156 qui-

1977 5179 2088 5234 bus
2119 5177 2374 5250 separari
2411 5193 2523 5231 non
2553 5177 2882 5240 debeant,et
2905 5173 2953 5230 si
2982 5178 3115 5248 post
3143 5172 3618 5245 disjunctionem,

1979 5267 2068 5322 vir
2097 5270 2197 5324 aut
2229 5265 2445 5320 femina
2475 5270 2718 5336 uterque
2749 5263 2944 5319 vivens
2971 5263 3044 5318 ad
3075 5261 3248 5318 aliam
3293 5263 3500 5323 debeat
3535 5281 3624 5320 co-

1975 5355 2174 5430 pulam
2207 5354 2484 5428 aspirare,
2517 5352 2606 5410 vel
2637 5353 2685 5408 si
2715 5351 2842 5424 pari
2873 5351 3097 5424 judicio
3128 5350 3497 5426 quiscunque
3525 5369 3620 5411 eo-

1975 5463 2106 5502 rum
2139 5445 2198 5500 in
2230 5443 2503 5517 conjugis
2535 5459 2782 5516 peccans
2813 5440 3022 5498 debeat
3042 5441 3314 5513 judicari.

2589 5547 3006 5605 RESPONSIO.

2046 5660 2258 5730 Primo,
2300 5657 2402 5732 qui
2441 5656 2764 5714 secundum
2823 5655 3213 5730 evangelicum
3272 5657 3620 5720 admonitio.

1976 5765 2129 5822 nem,
2165 5755 2230 5808 ut
2258 5749 2466 5806 beatus
2493 5745 2859 5822 Augustinus
2883 5746 2942 5804 in
2973 5745 3122 5806 libro
3155 5764 3168 5805 :
3203 5747 3275 5808 de
3302 5748 3460 5812 Bono
3488 5757 3628 5812 con-.

3215 5877 3294 5942 24
3367 5979 3378 5987 .
