4148 6476
240 437 364 498 653

1163 449 1266 508 DE
1307 449 1679 514 DIVOltTlO
1721 453 2092 516 LOTHARII
2139 456 2236 516 ΕΤ
2279 455 2737 518 ΤΕΤΒΕΗΘΛΕ.

3527 461 3646 522 654

241 572 448 665 tumax
497 571 693 665 fuerit,
743 575 1272 648 comprehendatur
1301 599 1335 636 a
1371 583 1604 652 comite,
1637 589 1697 640 et
1743 583 1893 640 ferro
1920 586 1977 654 Α
2005 585 2174 642 victio
2207 587 2264 642 in
2299 587 2710 644 ecclesiasticis
2749 590 3048 662 gradibus,
3069 607 3195 663 quae
3241 592 3336 648 hic
3379 596 3646 665 ponenda

237 659 554 730 vinciatur,
585 665 643 719 et
671 661 734 718 in
771 665 1102 722 custodiam
1148 669 1436 737 mittatur,
1468 673 1649 728 donec
1682 690 1774 728 res
1819 675 1892 730 ad

239 753 509 806 nostram
541 751 814 808 notitiam
841 753 1218 813 deducatur.»
1243 757 1510 816 Christus
1533 777 1762 834 quoque
1792 761 1894 818 Dei

235 839 452 908 virtus,
475 842 532 896 et
557 839 651 897 Dei
683 841 974 914 sapientia
1001 862 1104 917 per
1134 863 1195 902 se
1225 846 1413 919 ipsam
1437 848 1592 906 dicat
1616 867 1629 906 :
1654 854 1770 922 Ego
1799 851 1896 907 Sa-

231 931 453 1002 pientia
482 929 664 987 habito
693 933 753 987 in
799 933 1048 1004 consilio,
1070 943 1121 991 et
1148 935 1378 993 eruditis
1409 939 1674 994 intersum
1701 942 1896 1012 cogita-

237 1018 522 1086 tionibus;
549 1035 650 1091 per
676 1036 764 1076 me
809 1037 957 1092 reges
1005 1033 1251 1095 regnant,
1284 1033 1335 1081 et
1379 1027 1677 1084 conditores
1707 1030 1894 1103 legum

225 1111 381 1182 jasta
410 1109 738 1178 decernunt;
765 1127 865 1182 per
885 1129 972 1168 me
993 1115 1272 1188 principes
1301 1118 1592 1190 imperant,
1625 1127 1677 1174 et
1700 1127 1892 1192 poten-

233 1206 318 1254 tes
346 1197 646 1254 decernunt
677 1201 958 1272 justitiam
989 1203 1171 1276 (Prov.
1198 1221 1316 1272 vui,
1343 1206 1450 1279 12).
1477 1207 1588 1262 Sed
1625 1207 1755 1263 ideo
1785 1208 1893 1265 has

234 1285 402 1360 leges
431 1290 488 1344 et
517 1286 601 1342 illi
625 1287 842 1345 Christi
872 1290 1092 1358 vicarii,
1113 1293 1628 1368 apostolorum'que
1657 1313 1893 1354 succes»

233 1393 405 1433 sores
426 1376 878 1446 constituerunt,
897 1383 955 1436 et
977 1397 1082 1436 nos
1103 1381 1542 1456 qualescunque
1564 1385 1635 1440 ad
1658 1386 1811 1442 vices
1831 1385 1896 1441 i1-

234 1464 435 1522 lorum
460 1465 562 1520 Dei
583 1467 962 1538 praesidentes
982 1469 1268 1540 Ecclesiae,
1295 1471 1388 1527 hic
1412 1471 1542 1528 illas
1563 1473 1891 1546 posuimus,

234 1557 304 1610 ut
325 1553 485 1610 sicut
508 1553 671 1610 illam
694 1555 1178 1627 benedictionem,
1197 1577 1374 1632 quam
1397 1561 1682 1619 Dominus
1703 1563 1892 1636 primo

233 1643 404 1699 dedit
424 1643 484 1699 in
506 1644 779 1728 paradiso
795 1646 982 1702 Adam
997 1651 1053 1703 et
1069 1649 1233 1704 uxori
1255 1651 1403 1720 ejus,
1419 1651 1646 1708 dicens:
1664 1653 1895 1709 Crescite

233 1739 289 1789 et
319 1732 779 1806 multiplicamini
811 1734 1296 1810 (Gen.1,28).Quze
1327 1739 1506 1795 semel
1539 1741 1677 1797 data
1707 1757 1892 1814 usque

235 1821 417 1878 hodie
446 1826 504 1878 et
526 1839 715 1896 usque
741 1822 800 1879 in
827 1823 1024 1894 finem,
1043 1842 1160 1881 non
1180 1825 1370 1882 solum
1395 1828 1890 1898 ﬁdelibus,verum

235 1915 296 1968 et
318 1911 659 1968 infidelibus
677 1929 790 1968 non
811 1916 1453 1986 negatur,sacerdotum
1469 1934 1566 1974 ore
1587 1919 1658 1974 ad
1683 1920 1870 1975 sancti
1883 1949 1897 1960 -

237 2001 783 2075 ficationem,quam
797 2002 1063 2059 Christus
1081 2005 1425 2078 nuptiis,ubi
1441 2008 1512 2063 de
1529 2025 1683 2080 aqua
1693 2008 1894 2066 vinum

238 2091 402 2162 fecit,
418 2108 527 2147 sua
547 2091 860 2164 praesentia
877 2092 1142 2162 contulit,
1160 2093 1431 2152 fidelibus
1451 2101 1509 2152 ct
1529 2087 1752 2154 dovo'tis
1767 2097 1897 2154 viri-

235 2179 348 2235 tim
369 2179 638 2251 largitur,
655 2179 738 2234 ita
757 2179 884 2235 sine
905 2179 1139 2236 illorum
1163 2181 1406 2238 scicntia
1421 2199 1520 2256 per
1536 2183 1740 2253 Deum,
1757 2185 1896 2257 quia

237 2285 348 2341 per
366 2267 763 2324 ministerium
784 2267 934 2325 508
954 2267 1189 2325 illorum
1211 2272 1527 2343 conjuncti,
1548 2271 1775 2345 legibus
1796 2293 1897 2330 sae-

239 2355 381 2421 culi,
397 2373 527 2429 quae
550 2355 652 2412 Dei
670 2355 904 2428 justitia
921 2357 1368 2416 sanctificantur
1389 2377 1506 2432 qua
1516 2361 1722 2433 justus
1741 2363 1898 2434 quis-

242 2463 356 2518 que
378 2445 656 2512 etIicitur,
671 2462 788 2502 non
809 2451 1172 2519 separentur,
1187 2452 1244 2504 et
1265 2449 1312 2504 si
1341 2454 1577 2522 pr0pter
1596 2451 1780 2507 Deum
1812 2468 1897 2508 se-

242 2537 532 2607 parantur
552 2533 896 2608 spiritaliter
910 2552 945 2591 a
960 2534 1179 2592 carnali
1192 2537 1697 2606 commixtionc,ut
1711 2539 1897 2596 adhae-

241 2629 440 2680 rentes
461 2624 711 2680 Domino
737 2641 888 2680 unus
919 2625 1251 2681 efficiantur
1279 2626 1541 2699 spiritus,
1563 2629 1720 2684 velut
1750 2631 1894 2686 Pau-

240 2713 334 2770 lus
353 2715 426 2771 de
452 2713 658 2770 multis
679 2713 740 2769 in
771 2713 1029 2770 Ecclesia
1049 2715 1402 2784 constitutis,
1426 2716 1578 2772 inter
1597 2735 1746 2790 quos
1765 2720 1894 2792 qui-

241 2804 378 2860 dam
410 2802 712 2876 publicani
743 2807 800 2860 et
828 2803 1182 2873 meretrices,
1215 2803 1521 2861 homicidae
1552 2805 1807 2876 fuerunt,
1841 2813 1898 2864 et

241 2891 518 2961 adulteri,
539 2891 820 2964 loquitur,
843 2892 1183 2965 Desponendi
1213 2910 1302 2950 vos
1328 2897 1432 2950 uni
1460 2911 1600 2963 vero,
1627 2898 1896 2967 virginem

241 2991 448 3038 castam
469 2980 726 3038 exhibere
738 2980 954 3038 Christo
971 2980 1047 3054 (II
1062 2981 1348 3052 Cor.11,2),
1363 3000 1499 3038 cum
1521 2985 1898 3042 sacerdotalis

241 3069 616 3128 conscientiae
656 3069 1059 3128 benedictione
1101 3070 1332 3144 plenius
1366 3073 1611 3130 Domino
1651 3076 1894 3146 conjun-

241 3164 478 3234 gantur.
504 3159 565 3216 Si
590 3163 786 3216 autem
810 3164 868 3216 et
895 3158 1021 3233 lege
1043 3159 1196 3216 civili
1219 3161 1384 3234 justa
1405 3166 1462 3218 et
1481 3167 1685 3219 sancta
1703 3181 1771 3220 ac
1792 3165 1898 3222 Do-

242 3248 462 3308 miuico
486 3250 1206 3322 praeceptoconcordante,
1231 3254 1468 3323 propter
1495 3251 1896 3311 fornicationis

2004 691 2118 730 non
2143 676 2378 732 ducitur
2402 693 2416 733 :
2443 681 2500 732 et
2521 677 2696 733 habet
2714 677 2955 733 modum
2975 695 3041 734 ac
3063 680 3325 736 ordinem
3349 698 3523 747 suum
3544 700 3647 756 pu-

2002 762 2155 820 blica
2185 765 2470 822 confessio
2493 765 2577 822 vel
2605 767 2887 823 convictio
2920 767 3286 824 saecularium
3316 769 3644 840 hominum,

2002 868 2118 924 quo
2162 853 2394 926 publice
2441 855 2691 911 debeant
2735 855 3014 928 judicari.
3047 856 3173 912 Non
3232 873 3346 929 quo
3401 858 3648 915 crimina

2001 941 2200 1013 gravia
2229 960 2345 999 non
2389 943 2689 1000 solvantur
2715 945 2894 1001 etiam
2930 951 3150 1001 secreta
3189 947 3550 1004 confessione
3581 963 3646 1004 ac

2002 1031 2362 1102 paenitentia,
2395 1049 2466 1087 ne
2493 1031 2713 1088 infirmi
2755 1033 2816 1088 in
2864 1033 3122 1090 Ecclesia
3149 1035 3643 1106 ~scandalizentur,

1999 1119 2264 1176 videntes
2295 1137 2497 1177 eorum
2536 1139 2758 1194 poenas,
2793 1139 3044 1194 quorum
3090 1123 3338 1196 penitus
3375 1125 3647 1198 ignorant

2002 1221 2212 1262 causas
2245 1223 2257 1262 :
2292 1207 2394 1262 sed
2426 1209 2582 1280 quod
2625 1207 2948 1282 plurimum
2988 1215 3219 1268 constat
3247 1216 3648 1284 perpetratum

2002 1294 2228 1363 notitia,
2261 1295 2364 1350 ﬁat
2410 1300 2681 1352 sanatum
2719 1297 2986 1366 scientia,
3015 1303 3074 1354 et
3121 1299 3221 1372 qui
3270 1299 3330 1356 in
3379 1301 3648 1357 Ecclesiae

2003 1383 2260 1455 peccavit
2289 1384 2705 1456 sinceritatem,
2729 1385 2814 1440 illi
2843 1386 3100 1442 debitam
3121 1387 3390 1445 exhibere
3415 1390 3650 1446 studeat

2003 1471 2554 1542 satisfactionem,et
2595 1474 2696 1545 qui
2728 1473 2945 1546 plures,
2979 1481 3269 1548 quantum
3307 1493 3376 1532 ex
3413 1493 3475 1534 se
3513 1477 3644 1546 fuit,

2001 1577 2108 1616 suo
2129 1561 2413 1616 destruxit
2433 1561 2716 1635 exemplo,
2742 1563 2946 1636 plures
2967 1569 3132 1620 sanet
3153 1582 3272 1621 suae
3297 1565 3648 1622 humilitatis

2001 1647 2280 1717 antidoto,
2304 1647 2457 1704 sicut
2485 1651 2556 1706 de
2613 1667 2674 1707 se
2734 1651 2948 1708 l'aulus
2977 1651 3119 1708 dicit
3151 1671 3164 1709 :
3199 1658 3313 1726 Qui
3354 1657 3516 1726 prius
3559 1656 3648 1726 fui

2003 1737 2363 1810 blasqhemus,
2415 1747 2466 1794 et
2507 1748 2838 1811 persecutor,
2883 1749 2934 1796 et
2981 1743 3401 1798 contumeliosus
3431 1743 3481 1815 (Ι
3509 1744 3652 1798 Tim}

2000 1826 2184 1899 1,11).
2227 1828 2316 1895 Et,
2365 1827 2645 1894 videbant,
2695 1828 2988 1901 inquiens,
3041 1831 3300 1902 quoniam
3347 1833 3444 1903 qui
3487 1833 3646 1903 prius

1998 1915 2346 1986 expugnabat
2383 1917 2526 1972 hanc
2569 1917 2749 1988 ﬁdem,
2783 1917 2955 1972 isdem
2981 1934 3128 1974 nunc
3157 1919 3315 1974 illam
3353 1920 3646 1991 praedicat,

2000 2011 2052 2058 et
2083 2007 2143 2058 in
2178 2020 2266 2058 me
2309 2005 2685 2076 glori/icabant
2713 2007 2882 2060 Deum
2920 2006 3062 2075 (Gal.
3089 2024 3130 2072 1,
3156 2008 3265 2077 13).
3295 2009 3398 2063 Est
3444 2009 3644 2074 etiam,

2003 2095 2068 2148 ut
2095 2091 2196 2164 qui
2227 2091 2286 2148 in
2318 2092 2588 2164 pluribus
2631 2094 2815 2150 Deum
2855 2095 3116 2158 offendit,
3149 2094 3417 2166 pluribus
3446 2113 3550 2168 pro
3579 2111 3646 2151 eo

2002 2180 2317 2237 Dominum
2338 2181 2785 2254 deprecantibus
2809 2182 2984 2239 citius
3004 2183 3328 2238 remedium
3350 2183 3502 2240 594
3519 2199 3652 2239 con-

2003 2275 2304 2342 sequatur,
2327 2269 2480 2326 sicut
2507 2277 2747 2327 sanctus
2778 2271 3090 2344 Gregorius
3121 2273 3192 2328 ad
3227 2273 3473 2329 Felicem
3503 2272 3648 2329 Sici-

2004 2356 2248 2414 liensem
2271 2358 2611 2431 episcopum
2633 2359 2837 2415 scribit
2855 2360 2976 2432 (lib.
2993 2377 3093 2429 x11,
3111 2363 3266 2432 epist.
3289 2361 3378 2435 32)
3403 2378 3416 2418 :
3442 2384 3471 2412 «
3500 2362 3650 2418 Sunt

2003 2447 2180 2514 enim,
2205 2447 2499 2518 inquiens,
2523 2447 2663 2502 mali
2687 2447 3031 2521 segregandi
3051 2466 3086 2504 a
3105 2449 3296 2517 bonis,
3321 2455 3378 2506 et
3404 2449 3592 2522 iniqui
3615 2467 3650 2506 a

1997 2535 2198 2608 justis,
2220 2539 2282 2591 ut
2311 2534 2518 2592 saltem
2549 2536 2758 2592 rubore
2779 2554 2884 2593 suo
2906 2537 3295 2594 conscientias
3325 2556 3466 2595 suas
3490 2554 3648 2594 reco-

2004 2629 2308 2698 gnoscant,
2333 2630 2390 2680 et
2419 2630 2830 2681 convertantur
2860 2645 2896 2682 a
2923 2627 3310 2699 pravitatibus
3345 2627 3488 2699 suis,
3511 2632 3570 2683 et
3598 2627 3648 2683 si

2004 2712 2431 2794 incorr'igibiles
2469 2715 2868 2785 apparuerint,
2902 2720 3284 2787 segregantur
3311 2732 3346 2770 a
3375 2715 3648 2771 ﬁdelibus

2005 2819 2191 2874 usque
2223 2803 2295 2857 ad
2345 2801 2824 2870 satisfactionem,
2849 2803 3020 2873 juxta
3051 2802 3366 2858 Salvatoris
3417 2803 3650 2858 Domini

2003 2889 2376 2958 sententiam,
2392 2908 2520 2962 quae
2542 2890 2694 2944 inter
2712 2896 2921 2946 caetera
2937 2891 3007 2946 de
3023 2896 3298 2962 peccante
3315 2891 3490 2948 fratre
3511 2908 3652 2963 prae-

2003 2979 2270 3052 cipiendo
2299 2979 2414 3034 ait:
2447 2979 2511 3034 Si
2550 2980 2853 3050 peccaverit
2882 2981 2942 3035 in
2991 2987 3041 3034 te
3083 2981 3259 3051 frater
3286 2989 3411 3036 tuus
3441 2979 3646 3052 (Matth.

2001 3085 2162 3137 xvm,
2198 3069 2307 3138 15),
2345 3085 2528 3140 usque
2557 3067 2630 3123 ad
2671 3067 2729 3123 id
2777 3069 2932 3140 quod
2949 3068 3196 3137 .dicitur,
3237 3070 3309 3124 sit
3359 3069 3465 3126 tibi
3506 3069 3652 3126 sicut

1971 3159 2248 3236 ethnicus
2302 3165 2353 3212 et
2399 3156 2751 3229 publicanus.
2797 3156 2896 3212 llis
2951 3173 3088 3230 ergo
3143 3161 3203 3214 et
3257 3156 3389 3214 aliis
3443 3157 3650 3216 multis

2000 3251 2338 3302 sanctorum
2373 3247 2606 3302 Patrum
2637 3245 3104 3316 auctoritatibus,
3133 3246 3480 3320 segregandi
3507 3251 3650 3302 sunt

241 3337 746 3412 peccatum,quod
781 3336 1051 3392 humanae
1074 3336 1374 3410 fragilitati
1395 3337 1544 3394 solet
1573 3339 1895 3413 subripere,
1928 3329 1971 3396 C
2007 3334 2146 3390 mali
2176 3334 2434 3412 a_bonis,
2462 3351 2534 3390 ne
2577 3338 2816 3406 pereant
2855 3335 3007 3406 justi
3051 3351 3156 3406 pro
3206 3335 3463 3406 injustis,
3497 3335 3650 3392 sicut

241 3429 534 3500 cunjuges
564 3424 783 3482 fuerint
813 3425 1087 3498 separati,
1112 3425 1458 3499 episcopalis
1479 3444 1631 3483 curae
1653 3429 1893 3502 quassis-

241 3517 360 3574 rint
381 3514 735 3572 medicinale
751 3513 1156 3582 consilium,ut
1173 3517 1318 3572 sciat
1333 3515 1642 3590 episcOpus
1658 3536 1894 3592 quomo-

241 3607 315 3664 do
326 3606 506 3678 juxta
522 3603 863 3678 qualitatem
883 3607 940 3660 et
956 3604 1342 3676 quantitatem
1361 3605 1636 3676 vulneris,
1651 3609 1894 3664 modum

244 3713 309 3752 ac
321 3695 628 3766 virtutem,
643 3691 917 3750 adhibere
939 3693 1147 3749 debeat
1166 3694 1486 3750 curationis
1512 3695 1894 3753 medicamen.

243 3789 393 3846 tum.
430 3783 528 3841 Sic
559 3799 815 3855 namque
847 3780 1132 3838 Dominus
1163 3783 1342 3839 semel
1387 3783 1447 3840 in
1493 3802 1676 3854 ccsna,
1709 3786 1894 3858 pridie

244 3890 424 3948 quam
475 3890 580 3946 pro
630 3871 994 3944 reparatione
1026 3874 1082 3926 et
1123 3870 1312 3928 salute
1359 3871 1624 3930 omnium
1673 3875 1773 3946 qui
1833 3875 1893 3930 in

241 3964 430 4020 Adam
461 3961 757 4035 perierant
799 3963 1115 4032 pateretur,
1143 3961 1214 4016 de
1245 3979 1393 4034 pane
1422 3962 1610 4018 farina
1639 3969 1698 4019 et
1744 3982 1897 4038 aqua

245 4053 533 4118 confecto,
555 4054 614 4107 et
657 4049 834 4107 calice
883 4050 1238 4106 sacrosancti
1279 4049 1498 4120 altaris,
1524 4051 1622 4124 qui
1681 4070 1894 4125 aquam

244 4143 550 4209 miscetur,
579 4137 996 4196 eucharistiam
1029 4138 1155 4204 suis
1186 4139 1459 4196 manibus
1491 4141 1805 4208 benedixit,
1838 4147 1896 4198 et

245 4249 342 4288 ore
363 4227 822 4300 commendavit,
841 4245 1016 4302 quam
1039 4228 1298 4301 quotidie
1329 4227 1388 4284 in
1421 4229 1577 4285 omni
1599 4231 1898 4288 catholica

245 4319 507 4377 Ecclesia
524 4317 696 4392 longe
714 4311 944 4389 lateque
969 4333 1071 4388 per
1089 4316 1288 4372 orbem
1312 4317 1543 4386 diffusa,
1568 4317 1898 4376 indeficien-

246 4409 407 4467 tibus
436 4407 662 4464 eisdem
693 4405 818 4462 suis
844 4405 1056 4477 verbis,
1091 4423 1195 4478 per
1223 4423 1436 4463 manus
1473 4412 1532 4463 et
1570 4425 1673 4464 ora
1701 4426 1897 4466 sacer-

245 4499 474 4567 dotum,
517 4497 579 4552 in
629 4493 1089 4568 redemptionem
1137 4499 1195 4550 et
1239 4496 1664 4567 reparationem
1724 4503 1898 4570 atque

246 4587 499 4644 salutem
517 4584 881 4642 credentium
897 4586 1224 4652 consecrat;
1243 4601 1278 4639 a
1293 4585 1462 4656 cujus
1480 4587 1890 4644 communione

245 4677 476 4734 vivifica
505 4677 814 4748 peccantes
845 4671 1077 4746 publice
1097 4671 1372 4744 gravibus
1396 4673 1896 4748 criminibus,qute

246 4765 404 4840 leges
437 4763 836 4821 condemnant
879 4760 1130 4846 publice,
1165 4760 1496 4816 medicinali
1549 4762 1900 4822 ferramento

249 4855 580 4912 sacerdotes
641 4850 974 4920 abscidunt,
1007 4854 1064 4906 et
1121 4853 1254 4922 post
1307 4850 1786 4921 satisfactionem,
1836 4859 1902 4910 ut

249 4960 572 5018 congruere
601 4938 872 5009 viderint,
897 4939 1141 4996 salutari
1171 4939 1480 4996 refectione
1509 4941 1900 5016 redintegrare

248 5035 588 5107 procurant.
622 5028 906 5097 Quoniam
934 5028 1201 5086 Ecclesiae
1233 5028 1443 5085 medici
1476 5029 1790 5102 spiritales,
1825 5033 1902 5089 vi-

252 5122 462 5179 delicet
491 5119 725 5177 Domini
756 5120 1104 5188 sacerdotes,
1128 5119 1198 5176 de
1229 5123 1449 5175 secrete
1476 5120 1587 5176 sibi
1617 5123 1900 5179 confessis

238 5216 625 5285 peccatorum
659 5207 1102 5264 infirmitatibus
1135 5207 1506 5264 medicinalis
1542 5213 1715 5282 atque
1745 5211 1900 5267 salu-

253 5301 378 5356 bria
398 5301 652 5373 possunt
673 5299 812 5354 dare
831 5295 1077 5356 consilia
1099 5315 1112 5354 :
1134 5296 1353 5369 judicio
1375 5301 1568 5352 autem
1593 5299 1902 5357 ecclesias-

253 5389 386 5458 tico,
411 5389 469 5445 id
493 5392 585 5444 est
616 5385 980 5460 separatione
1011 5403 1044 5443 a
1071 5385 1485 5442 communione
1505 5387 1792 5458 Ecclesiae,
1818 5389 1904 5446 vel

253 5495 286 5535 a
313 5479 524 5553 gradu,
552 5475 671 5534 sive
693 5493 724 5532 a
748 5475 1040 5533 consortio
1061 5474 1376 5549 conjugali,
1404 5475 1696 5532 neminem
1729 5479 1904 5534 ratio-

253 5567 530 5624 nabiliter
554 5569 806 5639 possunt
835 5581 1154 5634 secernere,
1179 5564 1292 5620 nisi
1324 5564 1394 5619 de
1425 5564 1772 5620 criminibus
1804 5573 1907 5624 aut

255 5655 489 5732 publice
538 5659 746 5728 sponte
776 5655 1134 5724 confessum,
1166 5657 1268 5708 aut
1313 5657 1509 5725 aperte
1553 5654 1902 5712 convictum.

255 5746 326 5808 Et
347 5745 527 5806 habet
547 5745 788 5806 modum
809 5748 868 5806 et
885 5743 1152 5805 ordinem
1173 5759 1349 5802 suum
1365 5743 1652 5802 confessio
1673 5742 1761 5806 vel
1779 5762 1908 5807 con-

2004 3425 2290 3496 scriptum
2323 3428 2412 3479 est
2435 3441 2448 3480 :
2470 3425 2622 3480 Perit
2640 3425 2824 3498 justus
2853 3441 2953 3497 pro
2982 3426 3150 3496 impio
3178 3423 3390 3496 (li‘ccle.
3412 3441 3513 3498 v11,
3537 3425 3646 3499 16).

2004 3513 2184 3570 Debet
2228 3513 2384 3570 enim
2441 3529 2673 3586 semper
2699 3513 2970 3570 discretio
3016 3513 3142 3569 ﬁeri
3200 3513 3354 3570 inter
3379 3515 3563 3570 bonos
3592 3517 3650 3570 et

2005 3602 2212 3674 malos,
2247 3603 2399 3659 sicut
2443 3607 2533 3658 est
2589 3602 2744 3658 inter
2789 3603 2986 3659 haedos
3039 3607 3099 3658 et
3153 3618 3308 3659 oves.
3341 3603 3652 3661 Manifesta

2005 3708 2235 3764 quoque
2257 3695 2494 3765 peccata
2523 3708 2639 3747 non
2671 3695 2810 3748 sunt
2838 3691 3066 3748 occulta
3103 3691 3463 3764 correptione
3510 3708 3648 3764 pur-

2003 3781 2215 3854 ganda,
2229 3781 2330 3836 sed
2362 3779 2556 3852 palam
2585 3785 2724 3836 sunt
2753 3779 3036 3852 arguendi
3063 3779 3164 3852 qui
3194 3781 3386 3852 palam
3417 3787 3648 3849 nocent,

2005 3874 2070 3926 ut
2096 3871 2237 3925 dum
2277 3873 2476 3940 aperta
2527 3868 2932 3942 objurgatione
2972 3875 3276 3936 sanantur,
3307 3867 3368 3923 hi
3400 3869 3500 3940 qui
3549 3885 3648 3924 eos

2003 3957 2290 4014 imitando
2320 3955 2686 4028 deliquerant
2714 3957 3100 4030 corrigantur.
3124 3957 3275 4012 Dum
3300 3957 3462 4013 enim
3495 3973 3649 4014 unus

2004 4047 2334 4120 corripitur,
2357 4046 2593 4120 plurimi
2615 4046 3021 4116 emcndantur,
3045 4050 3102 4101 et
3123 4044 3334 4102 melius
3352 4049 3442 4102 est
3461 4049 3525 4102 ut
3544 4057 3648 4119 pro

2003 4137 2324 4194 multorum
2357 4135 2671 4192 salvationc
2698 4153 2854 4191 unus
2883 4135 3324 4200 condemnetur,
3346 4150 3524 4208 quam
3545 4152 3650 4208 per

2005 4227 2182 4282 unius
2211 4224 2506 4281 licentiam
2539 4223 2709 4280 multi
2752 4223 3170 4297 periclitentur.
3193 4225 3308 4280 Nec
3347 4223 3564 4280 mirum
3596 4225 3647 4281 si

2005 4316 2158 4372 inter
2205 4315 2474 4371 homines
2517 4313 2637 4370 haec
2667 4314 2812 4369 ratio
2843 4313 3192 4379 custoditur,
3214 4329 3350 4369 cum
3397 4317 3455 4369 et
3494 4315 3650 4371 inter

1997 4409 2268 4479 jumenta
2297 4405 2421 4460 ﬁeri
2465 4419 2721 4476 persaepe
2749 4403 3147 4476 cognovimus,
3173 4407 3238 4458 ut
3265 4420 3337 4460 ea
3364 4417 3648 4476 quiesca-

2004 4497 2160 4553 hiem
2179 4494 2268 4552 vel
2287 4492 2690 4566 impetiginem
2710 4491 2924 4548 habere
2945 4492 3236 4561 videntur,
3251 4498 3598 4567 separentur
3617 4511 3652 4551 a

2005 4585 2190 4650 sanis,
2214 4601 2285 4640 ne
2316 4581 2550 4638 illorum
2583 4582 2785 4638 morbo
2819 4585 3026 4638 czetera
3053 4583 3408 4638 damnentur
3431 4583 3519 4640 vel
3551 4601 3648 4657 pe-

2008 4680 2190 4731 reant.
2215 4671 2412 4730 Satius
2441 4676 2531 4728 est
2559 4670 2716 4727 enim
2747 4675 2812 4727 ut
2840 4671 2997 4738 mali
3023 4671 3333 4741 manifeste
3362 4675 3652 4746 corrigan-

2011 4771 2122 4834 tur,
2147 4779 2324 4836 quam
2353 4778 2458 4834 pro
2485 4761 2605 4816 illis
2637 4761 2772 4816 boui
2804 4764 3062 4834 pereant.
3087 4783 3116 4812 ››

2081 4855 2210 4910 1ῘὶΒο
2241 4853 2371 4908 ideo
2401 4852 2555 4908 dicta
2585 4855 2742 4919 sunt,
2757 4869 2862 4906 cur
2891 4849 3046 4924 leges
3078 4851 3404 4924 posuimus,
3429 4853 3493 4905 ut
3513 4867 3648 4904 cou-

1997 4943 2192 5016 jugati
2217 4942 2336 4998 sive
2365 4959 2561 4997 amore
2592 4940 2714 5012 Dei,
2729 4939 2847 4996 sive
2877 4941 3232 4996 admissione
3253 4939 3496 5012 peccati,
3514 4955 3650 4994 cum

2009 5031 2350 5089 sacerdotali
2375 5031 2733 5087 conscientia
2752 5034 3110 5100 separentur,
3127 5029 3282 5084 unde
3307 5028 3650 5084 benedictio-

2011 5140 2144 5178 nem
2170 5120 2411 5177 ineundi
2459 5123 2806 5191 acceperunt
2857 5117 3217 5190 conjugium.
3249 5118 3360 5173 Sed
3393 5115 3534 5190 quia
3580 5117 3653 5172 de

2011 5211 2374 5284 separatione
2403 5209 2508 5264 viri
2539 5212 2595 5263 et
2623 5207 2820 5262 uxoris
2851 5223 3006 5261 nunc
3046 5205 3256 5278 agitur,
3281 5223 3407 5278 qua:
3440 5222 3556 5262 non
3587 5207 3654 5262 tit

2013 5317 2210 5357 amore
2250 5303 2539 5372 perpetuae
2571 5295 2958 5365 continentiae,
2994 5312 3098 5350 nee
3128 5295 3320 5350 adhuc
3359 5299 3557 5368 aperto
3589 5301 3656 5353 ut

2014 5391 2228 5446 dicitur
2274 5386 2540 5454 crimine,
2582 5385 2681 5441 sed
2721 5385 2976 5456 quadam
3025 5383 3378 5456 suspicione,
3417 5401 3655 5443 necesse

2013 5483 2103 5536 est
2131 5484 2198 5534 ut
2229 5494 2333 5552 per
2364 5475 2524 5532 illius
2544 5473 2764 5530 ordinis
2786 5473 2958 5540 viros,
2980 5473 3245 5529 videlicet
3263 5490 3365 5546 per
3383 5475 3657 5549 conjuge-

2014 5574 2124 5637 tos,
2149 5568 2270 5624 haec
2293 5565 2438 5621 ratio
2457 5562 2785 5630 ventilatur,
2803 5565 2861 5618 et
2880 5562 3206 5619 secundum
3230 5562 3388 5638 leges
3403 5564 3658 5622 Christo.-

2016 5677 2123 5716 nas
2153 5676 2190 5714 a
2217 5657 2333 5714 Deo
2363 5652 2680 5727 dispositas
2709 5652 3044 5724 aequissimo
3069 5653 3334 5712 examine
3355 5654 3658 5726 judicetur

2015 5765 2082 5809 ac
2110 5746 2477 5820 terminetur,
2500 5747 2557 5802 et
2596 5741 2933 5821 ubicunque
2961 5741 3022 5807 in
3061 5743 3170 5806 hoc
3199 5743 3431 5822 negotio
3461 5743 3654 5805 locum
