  <div class='ocr_page' id='page_1' title='image "/cluster/home/n/w/nwhite01/storage/ocr_20150623/125/umn.31951002477418t/357.png"; bbox 0 0 4148 6474; ppageno 0'>
   <div class='ocr_carea' id='block_1_1' title="bbox 511 435 629 498">
    <p class='ocr_par' dir='ltr' id='par_1_1' title="bbox 511 435 629 498">
     <span class='ocr_line' id='line_1_1' title="bbox 511 435 629 498; baseline 0 -4"><span class='ocrx_word' id='word_1_1' title='bbox 511 435 629 498; x_wconf 72' lang='grc' dir='ltr'>6ΰό</span> 
     </span>
    </p>
   </div>
   <div class='ocr_carea' id='block_1_2' title="bbox 1437 427 2983 492">
    <p class='ocr_par' dir='ltr' id='par_1_2' title="bbox 1437 427 2983 492">
     <span class='ocr_line' id='line_1_2' title="bbox 1437 427 2983 492; baseline -0.002 0"><span class='ocrx_word' id='word_1_2' title='bbox 1437 431 1820 492; x_wconf 81' lang='lat' dir='ltr'>HlNCMAIlI</span> <span class='ocrx_word' id='word_1_3' title='bbox 1867 427 2319 492; x_wconf 72' lang='lat' dir='ltr'>RHEMENBIS</span> <span class='ocrx_word' id='word_1_4' title='bbox 2365 429 2983 492; x_wconf 78' lang='lat' dir='ltr'>ARCHIEPISCOPI.</span> 
     </span>
    </p>
   </div>
   <div class='ocr_carea' id='block_1_3' title="bbox 3791 427 3913 490">
    <p class='ocr_par' dir='ltr' id='par_1_3' title="bbox 3791 427 3913 490">
     <span class='ocr_line' id='line_1_3' title="bbox 3791 427 3913 490; baseline 0 -3"><span class='ocrx_word' id='word_1_5' title='bbox 3791 427 3913 490; x_wconf 74' lang='lat'>658</span> 
     </span>
    </p>
   </div>
   <div class='ocr_carea' id='block_1_4' title="bbox 509 562 3914 637">
    <p class='ocr_par' dir='ltr' id='par_1_4' title="bbox 509 562 3914 637">
     <span class='ocr_line' id='line_1_4' title="bbox 509 562 3914 637; baseline -0.001 -12"><span class='ocrx_word' id='word_1_6' title='bbox 509 579 684 626; x_wconf 81' lang='lat' dir='ltr'>suum</span> <span class='ocrx_word' id='word_1_7' title='bbox 713 565 1000 626; x_wconf 82' lang='lat' dir='ltr'>invenerit</span> <span class='ocrx_word' id='word_1_8' title='bbox 1025 565 1112 622; x_wconf 85' lang='lat' dir='ltr'>vel</span> <span class='ocrx_word' id='word_1_9' title='bbox 1144 565 1523 624; x_wconf 79' lang='lat' dir='ltr'>sacerdotalis</span> <span class='ocrx_word' id='word_1_10' title='bbox 1555 564 1758 637; x_wconf 88' lang='lat' dir='ltr'>pietas,</span> <span class='ocrx_word' id='word_1_11' title='bbox 1783 563 1869 620; x_wconf 88' lang='lat' dir='ltr'>vel</span> <span class='ocrx_word' id='word_1_12' title='bbox 1899 563 2149 620; x_wconf 87' lang='lat' dir='ltr'>auctori-</span> <span class='ocrx_word' id='word_1_13' title='bbox 2179 565 2234 632; x_wconf 72' lang='grc' dir='ltr'>Α</span> <span class='ocrx_word' id='word_1_14' title='bbox 2261 563 2326 618; x_wconf 88' lang='lat' dir='ltr'>Si</span> <span class='ocrx_word' id='word_1_15' title='bbox 2353 563 2431 618; x_wconf 85' lang='lat' dir='ltr'>ita</span> <span class='ocrx_word' id='word_1_16' title='bbox 2458 569 2537 618; x_wconf 74' lang='lat' dir='ltr'>est</span> <span class='ocrx_word' id='word_1_17' title='bbox 2562 579 2730 618; x_wconf 79' lang='lat' dir='ltr'>causa</span> <span class='ocrx_word' id='word_1_18' title='bbox 2757 563 2997 619; x_wconf 79' lang='lat' dir='ltr'>hominis</span> <span class='ocrx_word' id='word_1_19' title='bbox 3033 579 3157 619; x_wconf 78' lang='lat' dir='ltr'>cum</span> <span class='ocrx_word' id='word_1_20' title='bbox 3193 579 3383 632; x_wconf 70' lang='lat' dir='ltr'>uxore,</span> <span class='ocrx_word' id='word_1_21' title='bbox 3413 579 3525 620; x_wconf 88' lang='lat' dir='ltr'>non</span> <span class='ocrx_word' id='word_1_22' title='bbox 3553 562 3778 637; x_wconf 65' lang='lat' dir='ltr'>expedit</span> <span class='ocrx_word' id='word_1_23' title='bbox 3800 579 3914 623; x_wconf 66' lang='lat' dir='ltr'>nuo</span> 
     </span>
    </p>
   </div>
   <div class='ocr_carea' id='block_1_5' title="bbox 503 653 2157 724">
    <p class='ocr_par' dir='ltr' id='par_1_5' title="bbox 503 653 2157 724">
     <span class='ocr_line' id='line_1_5' title="bbox 503 653 2157 724; baseline -0.004 -9"><span class='ocrx_word' id='word_1_24' title='bbox 503 655 648 715; x_wconf 73' lang='lat' dir='ltr'>tatis</span> <span class='ocrx_word' id='word_1_25' title='bbox 675 655 1084 712; x_wconf 71' lang='lat' dir='ltr'>ecclesiasticae</span> <span class='ocrx_word' id='word_1_26' title='bbox 1117 654 1485 712; x_wconf 79' lang='lat' dir='ltr'>medicinalis</span> <span class='ocrx_word' id='word_1_27' title='bbox 1521 655 1818 724; x_wconf 79' lang='lat' dir='ltr'>severitas,</span> <span class='ocrx_word' id='word_1_28' title='bbox 1853 654 1976 709; x_wconf 86' lang='lat' dir='ltr'>sine</span> <span class='ocrx_word' id='word_1_29' title='bbox 2005 653 2157 708; x_wconf 84' lang='lat' dir='ltr'>difﬁ-</span> 
     </span>
    </p>
   </div>
   <div class='ocr_carea' id='block_1_6' title="bbox 505 743 2160 825">
    <p class='ocr_par' dir='ltr' id='par_1_6' title="bbox 505 743 2160 825">
     <span class='ocr_line' id='line_1_6' title="bbox 505 743 2160 825; baseline -0.003 -20"><span class='ocrx_word' id='word_1_30' title='bbox 505 744 721 806; x_wconf 80' lang='lat' dir='ltr'>cultate</span> <span class='ocrx_word' id='word_1_31' title='bbox 762 761 899 803; x_wconf 90' lang='lat' dir='ltr'>cum</span> <span class='ocrx_word' id='word_1_32' title='bbox 946 744 1216 802; x_wconf 63' lang='lat' dir='ltr'>Ecclesiae</span> <span class='ocrx_word' id='word_1_33' title='bbox 1260 744 1419 817; x_wconf 79' lang='lat' dir='ltr'>filiis,</span> <span class='ocrx_word' id='word_1_34' title='bbox 1451 750 1509 802; x_wconf 89' lang='lat' dir='ltr'>et</span> <span class='ocrx_word' id='word_1_35' title='bbox 1547 744 1793 817; x_wconf 74' lang='lat' dir='ltr'>justitim</span> <span class='ocrx_word' id='word_1_36' title='bbox 1833 743 2160 825; x_wconf 62' lang='lat' dir='ltr'>judicibus,</span> 
     </span>
    </p>
   </div>
   <div class='ocr_carea' id='block_1_7' title="bbox 505 832 2158 907">
    <p class='ocr_par' dir='ltr' id='par_1_7' title="bbox 505 832 2158 907">
     <span class='ocr_line' id='line_1_7' title="bbox 505 832 2158 907; baseline -0.003 -15"><span class='ocrx_word' id='word_1_37' title='bbox 505 852 622 892; x_wconf 90' lang='lat' dir='ltr'>non</span> <span class='ocrx_word' id='word_1_38' title='bbox 643 835 836 892; x_wconf 72' lang='lat' dir='ltr'>mlum</span> <span class='ocrx_word' id='word_1_39' title='bbox 858 851 921 890; x_wconf 89' lang='lat' dir='ltr'>se</span> <span class='ocrx_word' id='word_1_40' title='bbox 950 835 1178 905; x_wconf 67' lang='lat' dir='ltr'>atterat,</span> <span class='ocrx_word' id='word_1_41' title='bbox 1197 851 1399 890; x_wconf 89' lang='lat' dir='ltr'>verum</span> <span class='ocrx_word' id='word_1_42' title='bbox 1421 838 1479 890; x_wconf 92' lang='lat' dir='ltr'>et</span> <span class='ocrx_word' id='word_1_43' title='bbox 1508 834 1756 907; x_wconf 80' lang='lat' dir='ltr'>ingerat.</span> <span class='ocrx_word' id='word_1_44' title='bbox 1775 835 1846 890; x_wconf 90' lang='lat' dir='ltr'>Et</span> <span class='ocrx_word' id='word_1_45' title='bbox 1875 832 2158 906; x_wconf 89' lang='lat' dir='ltr'>quoniam</span> 
     </span>
    </p>
   </div>
   <div class='ocr_carea' id='block_1_8' title="bbox 505 923 2160 996">
    <p class='ocr_par' dir='ltr' id='par_1_8' title="bbox 505 923 2160 996">
     <span class='ocr_line' id='line_1_8' title="bbox 505 923 2160 996; baseline -0.002 -16"><span class='ocrx_word' id='word_1_46' title='bbox 505 925 792 996; x_wconf 81' lang='lat' dir='ltr'>scriptum</span> <span class='ocrx_word' id='word_1_47' title='bbox 821 927 938 994; x_wconf 84' lang='lat' dir='ltr'>est,</span> <span class='ocrx_word' id='word_1_48' title='bbox 955 923 1033 981; x_wconf 80' lang='lat' dir='ltr'>Nc</span> <span class='ocrx_word' id='word_1_49' title='bbox 1060 923 1488 996; x_wconf 72' lang='lat' dir='ltr'>transgrediaris</span> <span class='ocrx_word' id='word_1_50' title='bbox 1518 925 1778 980; x_wconf 80' lang='lat' dir='ltr'>terminos</span> <span class='ocrx_word' id='word_1_51' title='bbox 1811 940 1943 996; x_wconf 83' lang='lat' dir='ltr'>quos</span> <span class='ocrx_word' id='word_1_52' title='bbox 1969 937 2160 995; x_wconf 82' lang='lat' dir='ltr'>posue-</span> 
     </span>
    </p>
   </div>
   <div class='ocr_carea' id='block_1_9' title="bbox 503 1011 2162 1086">
    <p class='ocr_par' dir='ltr' id='par_1_9' title="bbox 503 1011 2162 1086">
     <span class='ocr_line' id='line_1_9' title="bbox 503 1011 2162 1086; baseline -0.002 -15"><span class='ocrx_word' id='word_1_53' title='bbox 503 1021 638 1072; x_wconf 60' lang='lat' dir='ltr'>runt</span> <span class='ocrx_word' id='word_1_54' title='bbox 691 1021 872 1086; x_wconf 59' lang='lat' dir='ltr'>patres</span> <span class='ocrx_word' id='word_1_55' title='bbox 919 1014 1006 1070; x_wconf 80' lang='lat' dir='ltr'>tui</span> <span class='ocrx_word' id='word_1_56' title='bbox 1038 1014 1222 1086; x_wconf 83' lang='lat' dir='ltr'>(Prov.</span> <span class='ocrx_word' id='word_1_57' title='bbox 1253 1031 1392 1081; x_wconf 81' lang='lat' dir='ltr'>xxn,</span> <span class='ocrx_word' id='word_1_58' title='bbox 1421 1014 1535 1083; x_wconf 84' lang='lat'>28),</span> <span class='ocrx_word' id='word_1_59' title='bbox 1575 1029 1828 1086; x_wconf 89' lang='lat' dir='ltr'>quorum</span> <span class='ocrx_word' id='word_1_60' title='bbox 1875 1011 2162 1068; x_wconf 86' lang='lat' dir='ltr'>imitanda</span> 
     </span>
    </p>
   </div>
   <div class='ocr_carea' id='block_1_10' title="bbox 504 1101 2160 1174">
    <p class='ocr_par' dir='ltr' id='par_1_10' title="bbox 504 1101 2160 1174">
     <span class='ocr_line' id='line_1_10' title="bbox 504 1101 2160 1174; baseline -0.001 -16"><span class='ocrx_word' id='word_1_61' title='bbox 504 1102 770 1174; x_wconf 81' lang='lat' dir='ltr'>exempla</span> <span class='ocrx_word' id='word_1_62' title='bbox 800 1102 970 1159; x_wconf 85' lang='lat' dir='ltr'>nobis</span> <span class='ocrx_word' id='word_1_63' title='bbox 1009 1107 1155 1160; x_wconf 89' lang='lat' dir='ltr'>sunt</span> <span class='ocrx_word' id='word_1_64' title='bbox 1199 1120 1338 1160; x_wconf 88' lang='lat' dir='ltr'>vera</span> <span class='ocrx_word' id='word_1_65' title='bbox 1379 1102 1665 1170; x_wconf 77' lang='lat' dir='ltr'>doctrina,</span> <span class='ocrx_word' id='word_1_66' title='bbox 1698 1103 1770 1158; x_wconf 91' lang='lat' dir='ltr'>ad</span> <span class='ocrx_word' id='word_1_67' title='bbox 1817 1101 2160 1158; x_wconf 83' lang='lat' dir='ltr'>memoriam</span> 
     </span>
    </p>
   </div>
   <div class='ocr_carea' id='block_1_11' title="bbox 504 1191 2155 1264">
    <p class='ocr_par' dir='ltr' id='par_1_11' title="bbox 504 1191 2155 1264">
     <span class='ocr_line' id='line_1_11' title="bbox 504 1191 2155 1264; baseline -0.003 -15"><span class='ocrx_word' id='word_1_68' title='bbox 504 1203 774 1249; x_wconf 69' lang='lat' dir='ltr'>nucem</span> <span class='ocrx_word' id='word_1_69' title='bbox 814 1193 1214 1249; x_wconf 84' lang='lat' dir='ltr'>necessarium</span> <span class='ocrx_word' id='word_1_70' title='bbox 1261 1193 1556 1260; x_wconf 80' lang='lat' dir='ltr'>duximus,</span> <span class='ocrx_word' id='word_1_71' title='bbox 1591 1191 1866 1264; x_wconf 90' lang='lat' dir='ltr'>quoniam</span> <span class='ocrx_word' id='word_1_72' title='bbox 1913 1191 2155 1264; x_wconf 84' lang='lat' dir='ltr'>quidam</span> 
     </span>
    </p>
   </div>
   <div class='ocr_carea' id='block_1_12' title="bbox 505 1280 2161 1354">
    <p class='ocr_par' dir='ltr' id='par_1_12' title="bbox 505 1280 2161 1354">
     <span class='ocr_line' id='line_1_12' title="bbox 505 1280 2161 1354; baseline 0 -16"><span class='ocrx_word' id='word_1_73' title='bbox 505 1285 800 1351; x_wconf 78' lang='lat' dir='ltr'>nostrmn,</span> <span class='ocrx_word' id='word_1_74' title='bbox 821 1285 1083 1354; x_wconf 81' lang='lat' dir='ltr'>tempore</span> <span class='ocrx_word' id='word_1_75' title='bbox 1104 1286 1318 1337; x_wconf 67' lang='lat' dir='ltr'>sanctae</span> <span class='ocrx_word' id='word_1_76' title='bbox 1346 1281 1639 1337; x_wconf 80' lang='lat' dir='ltr'>memoriae</span> <span class='ocrx_word' id='word_1_77' title='bbox 1661 1282 1863 1336; x_wconf 87' lang='lat' dir='ltr'>domni</span> <span class='ocrx_word' id='word_1_78' title='bbox 1883 1280 2161 1338; x_wconf 80' lang='lat' dir='ltr'>Ludovici</span> 
     </span>
    </p>
   </div>
   <div class='ocr_carea' id='block_1_13' title="bbox 505 1369 2158 1447">
    <p class='ocr_par' dir='ltr' id='par_1_13' title="bbox 505 1369 2158 1447">
     <span class='ocr_line' id='line_1_13' title="bbox 505 1369 2158 1447; baseline -0.001 -23"><span class='ocrx_word' id='word_1_79' title='bbox 505 1369 589 1442; x_wconf 86' lang='lat' dir='ltr'>pii</span> <span class='ocrx_word' id='word_1_80' title='bbox 644 1371 916 1444; x_wconf 63' lang='lat' dir='ltr'>Augusti,</span> <span class='ocrx_word' id='word_1_81' title='bbox 961 1371 1022 1427; x_wconf 85' lang='lat' dir='ltr'>in</span> <span class='ocrx_word' id='word_1_82' title='bbox 1077 1372 1370 1428; x_wconf 78' lang='lat' dir='ltr'>Attiniaco</span> <span class='ocrx_word' id='word_1_83' title='bbox 1431 1371 1646 1444; x_wconf 89' lang='lat' dir='ltr'>palatio</span> <span class='ocrx_word' id='word_1_84' title='bbox 1705 1376 1844 1426; x_wconf 88' lang='lat' dir='ltr'>tunc</span> <span class='ocrx_word' id='word_1_85' title='bbox 1901 1371 2158 1447; x_wconf 62' lang='lat' dir='ltr'>fuerunt,</span> 
     </span>
    </p>
   </div>
   <div class='ocr_carea' id='block_1_14' title="bbox 505 1459 2161 1535">
    <p class='ocr_par' dir='ltr' id='par_1_14' title="bbox 505 1459 2161 1535">
     <span class='ocr_line' id='line_1_14' title="bbox 505 1459 2161 1535; baseline -0.001 -20"><span class='ocrx_word' id='word_1_86' title='bbox 505 1461 744 1532; x_wconf 74' lang='lat' dir='ltr'>quando</span> <span class='ocrx_word' id='word_1_87' title='bbox 773 1459 835 1516; x_wconf 86' lang='lat' dir='ltr'>in</span> <span class='ocrx_word' id='word_1_88' title='bbox 869 1460 1185 1517; x_wconf 78' lang='lat' dir='ltr'>universali</span> <span class='ocrx_word' id='word_1_89' title='bbox 1227 1462 1447 1535; x_wconf 84' lang='lat' dir='ltr'>synodo</span> <span class='ocrx_word' id='word_1_90' title='bbox 1480 1462 1662 1518; x_wconf 80' lang='lat' dir='ltr'>totius</span> <span class='ocrx_word' id='word_1_91' title='bbox 1711 1459 1961 1532; x_wconf 85' lang='lat' dir='ltr'>imperii,</span> <span class='ocrx_word' id='word_1_92' title='bbox 1983 1460 2161 1514; x_wconf 84' lang='lat' dir='ltr'>etiam</span> 
     </span>
    </p>
   </div>
   <div class='ocr_carea' id='block_1_15' title="bbox 503 1549 2156 1624">
    <p class='ocr_par' dir='ltr' id='par_1_15' title="bbox 503 1549 2156 1624">
     <span class='ocr_line' id='line_1_15' title="bbox 503 1549 2156 1624; baseline 0.001 -19"><span class='ocrx_word' id='word_1_93' title='bbox 503 1563 644 1605; x_wconf 82' lang='lat' dir='ltr'>cum</span> <span class='ocrx_word' id='word_1_94' title='bbox 671 1549 830 1606; x_wconf 80' lang='lat' dir='ltr'>sedis</span> <span class='ocrx_word' id='word_1_95' title='bbox 881 1550 1157 1606; x_wconf 67' lang='lat' dir='ltr'>Romanis</span> <span class='ocrx_word' id='word_1_96' title='bbox 1187 1550 1416 1623; x_wconf 80' lang='lat' dir='ltr'>legatis,</span> <span class='ocrx_word' id='word_1_97' title='bbox 1451 1555 1506 1606; x_wconf 88' lang='lat' dir='ltr'>et</span> <span class='ocrx_word' id='word_1_98' title='bbox 1535 1550 1592 1606; x_wconf 91' lang='lat' dir='ltr'>in</span> <span class='ocrx_word' id='word_1_99' title='bbox 1623 1549 1878 1624; x_wconf 80' lang='lat' dir='ltr'>generali</span> <span class='ocrx_word' id='word_1_100' title='bbox 1924 1549 2156 1622; x_wconf 68' lang='lat' dir='ltr'>placito.</span> 
     </span>
    </p>
   </div>
   <div class='ocr_carea' id='block_1_16' title="bbox 505 1637 2162 1713">
    <p class='ocr_par' dir='ltr' id='par_1_16' title="bbox 505 1637 2162 1713">
     <span class='ocr_line' id='line_1_16' title="bbox 505 1637 2162 1713; baseline 0.001 -19"><span class='ocrx_word' id='word_1_101' title='bbox 505 1637 729 1695; x_wconf 69' lang='lat' dir='ltr'>femina</span> <span class='ocrx_word' id='word_1_102' title='bbox 747 1639 1020 1712; x_wconf 67' lang='lat' dir='ltr'>quadam</span> <span class='ocrx_word' id='word_1_103' title='bbox 1054 1656 1169 1695; x_wconf 88' lang='lat' dir='ltr'>non</span> <span class='ocrx_word' id='word_1_104' title='bbox 1199 1639 1476 1713; x_wconf 79' lang='lat' dir='ltr'>ignobilis</span> <span class='ocrx_word' id='word_1_105' title='bbox 1505 1655 1732 1712; x_wconf 88' lang='lat' dir='ltr'>genere,</span> <span class='ocrx_word' id='word_1_106' title='bbox 1755 1639 1989 1696; x_wconf 86' lang='lat' dir='ltr'>nomine</span> <span class='ocrx_word' id='word_1_107' title='bbox 2020 1640 2162 1696; x_wconf 91' lang='lat' dir='ltr'>Nor-</span> 
     </span>
    </p>
   </div>
   <div class='ocr_carea' id='block_1_17' title="bbox 503 1725 2162 1801">
    <p class='ocr_par' dir='ltr' id='par_1_17' title="bbox 503 1725 2162 1801">
     <span class='ocr_line' id='line_1_17' title="bbox 503 1725 2162 1801; baseline 0.001 -18"><span class='ocrx_word' id='word_1_108' title='bbox 503 1725 732 1797; x_wconf 70' lang='lat' dir='ltr'>thildis,</span> <span class='ocrx_word' id='word_1_109' title='bbox 752 1729 829 1784; x_wconf 81' lang='lat' dir='ltr'>de</span> <span class='ocrx_word' id='word_1_110' title='bbox 859 1727 1215 1801; x_wconf 84' lang='lat' dir='ltr'>quibusdam</span> <span class='ocrx_word' id='word_1_111' title='bbox 1248 1728 1578 1786; x_wconf 82' lang='lat' dir='ltr'>inhonestis</span> <span class='ocrx_word' id='word_1_112' title='bbox 1607 1729 1760 1784; x_wconf 90' lang='lat' dir='ltr'>inter</span> <span class='ocrx_word' id='word_1_113' title='bbox 1789 1745 1854 1785; x_wconf 85' lang='lat' dir='ltr'>se</span> <span class='ocrx_word' id='word_1_114' title='bbox 1883 1733 1941 1784; x_wconf 88' lang='lat' dir='ltr'>et</span> <span class='ocrx_word' id='word_1_115' title='bbox 1968 1731 2162 1784; x_wconf 85' lang='lat' dir='ltr'>virum</span> 
     </span>
    </p>
   </div>
   <div class='ocr_carea' id='block_1_18' title="bbox 511 1815 2164 1890">
    <p class='ocr_par' dir='ltr' id='par_1_18' title="bbox 511 1815 2164 1890">
     <span class='ocr_line' id='line_1_18' title="bbox 511 1815 2164 1890; baseline 0 -18"><span class='ocrx_word' id='word_1_116' title='bbox 511 1831 688 1873; x_wconf 86' lang='lat' dir='ltr'>suum</span> <span class='ocrx_word' id='word_1_117' title='bbox 707 1815 994 1873; x_wconf 75' lang='lat' dir='ltr'>vocabulo</span> <span class='ocrx_word' id='word_1_118' title='bbox 1004 1817 1520 1890; x_wconf 83' lang='lat' dir='ltr'>Agembertum,ad</span> <span class='ocrx_word' id='word_1_119' title='bbox 1537 1817 1948 1890; x_wconf 88' lang='lat' dir='ltr'>imperatorem</span> <span class='ocrx_word' id='word_1_120' title='bbox 1971 1817 2164 1890; x_wconf 55' lang='lat' dir='ltr'>publi.</span> 
     </span>
    </p>
   </div>
   <div class='ocr_carea' id='block_1_19' title="bbox 2267 651 3916 725">
    <p class='ocr_par' dir='ltr' id='par_1_19' title="bbox 2267 651 3916 725">
     <span class='ocr_line' id='line_1_19' title="bbox 2267 651 3916 725; baseline 0.004 -19"><span class='ocrx_word' id='word_1_121' title='bbox 2267 651 2390 707; x_wconf 82' lang='lat' dir='ltr'>bere</span> <span class='ocrx_word' id='word_1_122' title='bbox 2417 651 2618 724; x_wconf 78' lang='lat' dir='ltr'>(Matth.</span> <span class='ocrx_word' id='word_1_123' title='bbox 2644 670 2759 718; x_wconf 62' lang='grc' dir='ltr'>χιχ,</span> <span class='ocrx_word' id='word_1_124' title='bbox 2785 653 2892 725; x_wconf 90' lang='grc'>10).</span> <span class='ocrx_word' id='word_1_125' title='bbox 2917 653 3098 709; x_wconf 85' lang='lat' dir='ltr'>Grave</span> <span class='ocrx_word' id='word_1_126' title='bbox 3147 654 3378 725; x_wconf 89' lang='lat' dir='ltr'>pondus</span> <span class='ocrx_word' id='word_1_127' title='bbox 3415 671 3665 710; x_wconf 80' lang='lat' dir='ltr'>uxorum</span> <span class='ocrx_word' id='word_1_128' title='bbox 3696 659 3808 723; x_wconf 87' lang='lat' dir='ltr'>est,</span> <span class='ocrx_word' id='word_1_129' title='bbox 3839 655 3916 725; x_wconf 87' lang='lat' dir='ltr'>sl,</span> 
     </span>
    </p>
   </div>
   <div class='ocr_carea' id='block_1_20' title="bbox 2267 740 3918 812">
    <p class='ocr_par' dir='ltr' id='par_1_20' title="bbox 2267 740 3918 812">
     <span class='ocr_line' id='line_1_20' title="bbox 2267 740 3918 812; baseline 0.002 -16"><span class='ocrx_word' id='word_1_130' title='bbox 2267 743 2506 812; x_wconf 81' lang='lat' dir='ltr'>excepta</span> <span class='ocrx_word' id='word_1_131' title='bbox 2525 740 2927 797; x_wconf 84' lang='lat' dir='ltr'>fornicationis</span> <span class='ocrx_word' id='word_1_132' title='bbox 2949 757 3145 806; x_wconf 88' lang='lat' dir='ltr'>causa,</span> <span class='ocrx_word' id='word_1_133' title='bbox 3169 757 3268 798; x_wconf 90' lang='lat' dir='ltr'>eas</span> <span class='ocrx_word' id='word_1_134' title='bbox 3289 741 3582 799; x_wconf 80' lang='lat' dir='ltr'>dimittere</span> <span class='ocrx_word' id='word_1_135' title='bbox 3606 760 3728 800; x_wconf 87' lang='lat' dir='ltr'>non</span> <span class='ocrx_word' id='word_1_136' title='bbox 3758 743 3918 801; x_wconf 83' lang='lat' dir='ltr'>licet.</span> 
     </span>
    </p>
   </div>
   <div class='ocr_carea' id='block_1_21' title="bbox 2267 829 3924 902">
    <p class='ocr_par' dir='ltr' id='par_1_21' title="bbox 2267 829 3924 902">
     <span class='ocr_line' id='line_1_21' title="bbox 2267 829 3924 902; baseline 0.003 -18"><span class='ocrx_word' id='word_1_137' title='bbox 2267 829 2412 895; x_wconf 84' lang='lat' dir='ltr'>Quid</span> <span class='ocrx_word' id='word_1_138' title='bbox 2442 830 2600 886; x_wconf 90' lang='lat' dir='ltr'>enim</span> <span class='ocrx_word' id='word_1_139' title='bbox 2631 831 2680 886; x_wconf 91' lang='lat' dir='ltr'>si</span> <span class='ocrx_word' id='word_1_140' title='bbox 2711 830 3030 888; x_wconf 85' lang='lat' dir='ltr'>temulenta</span> <span class='ocrx_word' id='word_1_141' title='bbox 3049 831 3243 898; x_wconf 89' lang='lat' dir='ltr'>fuerit,</span> <span class='ocrx_word' id='word_1_142' title='bbox 3266 831 3314 888; x_wconf 90' lang='lat' dir='ltr'>si</span> <span class='ocrx_word' id='word_1_143' title='bbox 3340 830 3644 902; x_wconf 83' lang='lat' dir='ltr'>iracunda,</span> <span class='ocrx_word' id='word_1_144' title='bbox 3669 833 3722 889; x_wconf 89' lang='lat' dir='ltr'>si</span> <span class='ocrx_word' id='word_1_145' title='bbox 3745 833 3924 894; x_wconf 73' lang='lat' dir='ltr'>malis</span> 
     </span>
    </p>
   </div>
   <div class='ocr_carea' id='block_1_22' title="bbox 2269 919 3926 996">
    <p class='ocr_par' dir='ltr' id='par_1_22' title="bbox 2269 919 3926 996">
     <span class='ocr_line' id='line_1_22' title="bbox 2269 919 3926 996; baseline 0.003 -22"><span class='ocrx_word' id='word_1_146' title='bbox 2269 919 2554 988; x_wconf 91' lang='lat' dir='ltr'>moribus,</span> <span class='ocrx_word' id='word_1_147' title='bbox 2589 919 2638 974; x_wconf 88' lang='lat' dir='ltr'>si</span> <span class='ocrx_word' id='word_1_148' title='bbox 2671 919 2988 989; x_wconf 86' lang='lat' dir='ltr'>luxuriosa,</span> <span class='ocrx_word' id='word_1_149' title='bbox 3023 920 3071 978; x_wconf 89' lang='lat' dir='ltr'>si</span> <span class='ocrx_word' id='word_1_150' title='bbox 3101 919 3329 994; x_wconf 87' lang='lat' dir='ltr'>gulosa,</span> <span class='ocrx_word' id='word_1_151' title='bbox 3358 921 3407 977; x_wconf 91' lang='lat' dir='ltr'>si</span> <span class='ocrx_word' id='word_1_152' title='bbox 3441 923 3606 995; x_wconf 80' lang='lat' dir='ltr'>vag’a,</span> <span class='ocrx_word' id='word_1_153' title='bbox 3637 923 3688 978; x_wconf 89' lang='lat' dir='ltr'>si</span> <span class='ocrx_word' id='word_1_154' title='bbox 3712 924 3926 996; x_wconf 82' lang='lat' dir='ltr'>jurga-</span> 
     </span>
    </p>
   </div>
   <div class='ocr_carea' id='block_1_23' title="bbox 2268 1007 3925 1079">
    <p class='ocr_par' dir='ltr' id='par_1_23' title="bbox 2268 1007 3925 1079">
     <span class='ocr_line' id='line_1_23' title="bbox 2268 1007 3925 1079; baseline 0.004 -16"><span class='ocrx_word' id='word_1_155' title='bbox 2268 1009 2400 1076; x_wconf 83' lang='lat' dir='ltr'>trix,</span> <span class='ocrx_word' id='word_1_156' title='bbox 2421 1012 2478 1064; x_wconf 90' lang='lat' dir='ltr'>et</span> <span class='ocrx_word' id='word_1_157' title='bbox 2498 1007 2800 1076; x_wconf 85' lang='lat' dir='ltr'>maledica,</span> <span class='ocrx_word' id='word_1_158' title='bbox 2825 1010 3076 1066; x_wconf 86' lang='lat' dir='ltr'>tenenda</span> <span class='ocrx_word' id='word_1_159' title='bbox 3094 1010 3204 1066; x_wconf 91' lang='lat' dir='ltr'>erit</span> <span class='ocrx_word' id='word_1_160' title='bbox 3223 1009 3925 1079; x_wconf 75' lang='lat' dir='ltr'>istiusmodi‘tVolumus,</span> 
     </span>
    </p>
   </div>
   <div class='ocr_carea' id='block_1_24' title="bbox 2271 1097 3926 1173">
    <p class='ocr_par' dir='ltr' id='par_1_24' title="bbox 2271 1097 3926 1173">
     <span class='ocr_line' id='line_1_24' title="bbox 2271 1097 3926 1173; baseline 0.002 -19"><span class='ocrx_word' id='word_1_161' title='bbox 2271 1097 2569 1167; x_wconf 87' lang='lat' dir='ltr'>nolumus,</span> <span class='ocrx_word' id='word_1_162' title='bbox 2597 1099 2848 1154; x_wconf 87' lang='lat' dir='ltr'>tenenda</span> <span class='ocrx_word' id='word_1_163' title='bbox 2889 1099 3019 1154; x_wconf 86' lang='lat' dir='ltr'>erit.</span> <span class='ocrx_word' id='word_1_164' title='bbox 3051 1099 3196 1156; x_wconf 86' lang='lat' dir='ltr'>Cum</span> <span class='ocrx_word' id='word_1_165' title='bbox 3228 1100 3386 1158; x_wconf 89' lang='lat' dir='ltr'>enim</span> <span class='ocrx_word' id='word_1_166' title='bbox 3425 1116 3698 1159; x_wconf 84' lang='lat' dir='ltr'>essemus</span> <span class='ocrx_word' id='word_1_167' title='bbox 3729 1101 3926 1173; x_wconf 83' lang='lat' dir='ltr'>liberi,</span> 
     </span>
    </p>
   </div>
   <div class='ocr_carea' id='block_1_25' title="bbox 2269 1187 3928 1266">
    <p class='ocr_par' dir='ltr' id='par_1_25' title="bbox 2269 1187 3928 1266">
     <span class='ocr_line' id='line_1_25' title="bbox 2269 1187 3928 1266; baseline 0.003 -23"><span class='ocrx_word' id='word_1_168' title='bbox 2269 1187 2594 1244; x_wconf 81' lang='lat' dir='ltr'>voluntarie</span> <span class='ocrx_word' id='word_1_169' title='bbox 2613 1203 2720 1244; x_wconf 91' lang='lat' dir='ltr'>nos</span> <span class='ocrx_word' id='word_1_170' title='bbox 2743 1187 3104 1260; x_wconf 87' lang='lat' dir='ltr'>subjecimus</span> <span class='ocrx_word' id='word_1_171' title='bbox 3123 1189 3448 1246; x_wconf 83' lang='lat' dir='ltr'>servituti.»</span> <span class='ocrx_word' id='word_1_172' title='bbox 3461 1191 3530 1245; x_wconf 88' lang='lat' dir='ltr'>Et</span> <span class='ocrx_word' id='word_1_173' title='bbox 3548 1190 3690 1248; x_wconf 87' lang='lat' dir='ltr'>item</span> <span class='ocrx_word' id='word_1_174' title='bbox 3713 1191 3776 1247; x_wconf 84' lang='lat' dir='ltr'>in</span> <span class='ocrx_word' id='word_1_175' title='bbox 3797 1194 3928 1266; x_wconf 81' lang='lat' dir='ltr'>cpi-</span> 
     </span>
    </p>
   </div>
   <div class='ocr_carea' id='block_1_26' title="bbox 2271 1275 3930 1352">
    <p class='ocr_par' dir='ltr' id='par_1_26' title="bbox 2271 1275 3930 1352">
     <span class='ocr_line' id='line_1_26' title="bbox 2271 1275 3930 1352; baseline 0.004 -21"><span class='ocrx_word' id='word_1_176' title='bbox 2271 1275 2421 1332; x_wconf 84' lang='lat' dir='ltr'>stola</span> <span class='ocrx_word' id='word_1_177' title='bbox 2441 1276 2827 1348; x_wconf 67' lang='grc' dir='ltr'>(θρὶςςιοιίι147)</span> <span class='ocrx_word' id='word_1_178' title='bbox 2843 1278 2914 1332; x_wconf 89' lang='lat' dir='ltr'>ad</span> <span class='ocrx_word' id='word_1_179' title='bbox 2934 1278 3267 1334; x_wconf 89' lang='lat' dir='ltr'>Amandum</span> <span class='ocrx_word' id='word_1_180' title='bbox 3291 1279 3698 1352; x_wconf 83' lang='lat' dir='ltr'>presbyterum</span> <span class='ocrx_word' id='word_1_181' title='bbox 3721 1299 3772 1336; x_wconf 75' lang='grc' dir='ltr'><strong><em>τα</em></strong></span> <span class='ocrx_word' id='word_1_182' title='bbox 3793 1283 3930 1338; x_wconf 85' lang='lat' dir='ltr'>0m-</span> 
     </span>
    </p>
   </div>
   <div class='ocr_carea' id='block_1_27' title="bbox 2273 1366 3922 1444">
    <p class='ocr_par' dir='ltr' id='par_1_27' title="bbox 2273 1366 3922 1444">
     <span class='ocr_line' id='line_1_27' title="bbox 2273 1366 3922 1444; baseline 0.005 -24"><span class='ocrx_word' id='word_1_183' title='bbox 2273 1382 2376 1421; x_wconf 90' lang='lat' dir='ltr'>nes</span> <span class='ocrx_word' id='word_1_184' title='bbox 2419 1366 2600 1436; x_wconf 88' lang='lat' dir='ltr'>igitur</span> <span class='ocrx_word' id='word_1_185' title='bbox 2627 1367 2997 1422; x_wconf 87' lang='lat' dir='ltr'>causationes</span> <span class='ocrx_word' id='word_1_186' title='bbox 3033 1367 3345 1439; x_wconf 83' lang='lat' dir='ltr'>Apostolus</span> <span class='ocrx_word' id='word_1_187' title='bbox 3373 1373 3714 1442; x_wconf 80' lang='lat' dir='ltr'>amputans,</span> <span class='ocrx_word' id='word_1_188' title='bbox 3748 1387 3922 1444; x_wconf 51' lang='lat' dir='ltr'>aper»</span> 
     </span>
    </p>
   </div>
   <div class='ocr_carea' id='block_1_28' title="bbox 2272 1455 3927 1524">
    <p class='ocr_par' dir='ltr' id='par_1_28' title="bbox 2272 1455 3927 1524">
     <span class='ocr_line' id='line_1_28' title="bbox 2272 1455 3927 1524; baseline 0.005 -14"><span class='ocrx_word' id='word_1_189' title='bbox 2272 1455 2498 1511; x_wconf 85' lang='lat' dir='ltr'>tissime</span> <span class='ocrx_word' id='word_1_190' title='bbox 2543 1455 2826 1524; x_wconf 80' lang='lat' dir='ltr'>definivit,</span> <span class='ocrx_word' id='word_1_191' title='bbox 2856 1456 3082 1512; x_wconf 86' lang='lat' dir='ltr'>vivente</span> <span class='ocrx_word' id='word_1_192' title='bbox 3110 1455 3231 1512; x_wconf 90' lang='lat' dir='ltr'>viro</span> <span class='ocrx_word' id='word_1_193' title='bbox 3267 1457 3592 1515; x_wconf 83' lang='lat' dir='ltr'>adulteram</span> <span class='ocrx_word' id='word_1_194' title='bbox 3625 1477 3758 1516; x_wconf 86' lang='lat' dir='ltr'>esse</span> <span class='ocrx_word' id='word_1_195' title='bbox 3791 1477 3927 1518; x_wconf 85' lang='lat' dir='ltr'>mu-</span> 
     </span>
    </p>
   </div>
   <div class='ocr_carea' id='block_1_29' title="bbox 2271 1543 3929 1619">
    <p class='ocr_par' dir='ltr' id='par_1_29' title="bbox 2271 1543 3929 1619">
     <span class='ocr_line' id='line_1_29' title="bbox 2271 1543 3929 1619; baseline 0.005 -20"><span class='ocrx_word' id='word_1_196' title='bbox 2271 1543 2494 1612; x_wconf 90' lang='lat' dir='ltr'>lierem,</span> <span class='ocrx_word' id='word_1_197' title='bbox 2519 1563 2644 1618; x_wconf 67' lang='lat' dir='ltr'>qua:</span> <span class='ocrx_word' id='word_1_198' title='bbox 2689 1545 2853 1602; x_wconf 87' lang='lat' dir='ltr'>alteri</span> <span class='ocrx_word' id='word_1_199' title='bbox 2903 1547 3244 1619; x_wconf 55' lang='lat' dir='ltr'>nupserim!</span> <span class='ocrx_word' id='word_1_200' title='bbox 3265 1549 3390 1604; x_wconf 84' lang='lat' dir='ltr'>Cor.</span> <span class='ocrx_word' id='word_1_201' title='bbox 3421 1553 3543 1616; x_wconf 80' lang='lat' dir='ltr'>vn).</span> <span class='ocrx_word' id='word_1_202' title='bbox 3577 1549 3725 1607; x_wconf 87' lang='lat' dir='ltr'>Nolo</span> <span class='ocrx_word' id='word_1_203' title='bbox 3775 1551 3929 1608; x_wconf 72' lang='lat' dir='ltr'>mihi</span> 
     </span>
    </p>
   </div>
   <div class='ocr_carea' id='block_1_30' title="bbox 2274 1633 3927 1710">
    <p class='ocr_par' dir='ltr' id='par_1_30' title="bbox 2274 1633 3927 1710">
     <span class='ocr_line' id='line_1_30' title="bbox 2274 1633 3927 1710; baseline 0.005 -22"><span class='ocrx_word' id='word_1_204' title='bbox 2274 1634 2533 1706; x_wconf 82' lang='lat' dir='ltr'>proferas</span> <span class='ocrx_word' id='word_1_205' title='bbox 2591 1633 2842 1707; x_wconf 87' lang='lat' dir='ltr'>raptoris</span> <span class='ocrx_word' id='word_1_206' title='bbox 2897 1633 3262 1705; x_wconf 87' lang='lat' dir='ltr'>violentiam,</span> <span class='ocrx_word' id='word_1_207' title='bbox 3315 1635 3520 1694; x_wconf 83' lang='lat' dir='ltr'>matris</span> <span class='ocrx_word' id='word_1_208' title='bbox 3586 1641 3927 1710; x_wconf 85' lang='lat' dir='ltr'>persuasio-</span> 
     </span>
    </p>
   </div>
   <div class='ocr_carea' id='block_1_31' title="bbox 2274 1723 3924 1799">
    <p class='ocr_par' dir='ltr' id='par_1_31' title="bbox 2274 1723 3924 1799">
     <span class='ocr_line' id='line_1_31' title="bbox 2274 1723 3924 1799; baseline 0.005 -22"><span class='ocrx_word' id='word_1_209' title='bbox 2274 1739 2430 1790; x_wconf 86' lang='lat' dir='ltr'>nem,</span> <span class='ocrx_word' id='word_1_210' title='bbox 2463 1723 2644 1796; x_wconf 86' lang='lat' dir='ltr'>patris</span> <span class='ocrx_word' id='word_1_211' title='bbox 2688 1723 3114 1793; x_wconf 86' lang='lat' dir='ltr'>auctoritatem,</span> <span class='ocrx_word' id='word_1_212' title='bbox 3143 1723 3606 1798; x_wconf 82' lang='lat' dir='ltr'>propinquorum</span> <span class='ocrx_word' id='word_1_213' title='bbox 3635 1732 3924 1799; x_wconf 76' lang='lat' dir='ltr'>catervas,</span> 
     </span>
    </p>
   </div>
   <div class='ocr_carea' id='block_1_32' title="bbox 2273 1811 3928 1887">
    <p class='ocr_par' dir='ltr' id='par_1_32' title="bbox 2273 1811 3928 1887">
     <span class='ocr_line' id='line_1_32' title="bbox 2273 1811 3928 1887; baseline 0.004 -19"><span class='ocrx_word' id='word_1_214' title='bbox 2273 1828 2573 1868; x_wconf 86' lang='lat' dir='ltr'>servorum</span> <span class='ocrx_word' id='word_1_215' title='bbox 2595 1811 2841 1869; x_wconf 88' lang='lat' dir='ltr'>insidias</span> <span class='ocrx_word' id='word_1_216' title='bbox 2863 1816 3036 1885; x_wconf 87' lang='lat' dir='ltr'>atque</span> <span class='ocrx_word' id='word_1_217' title='bbox 3055 1817 3479 1887; x_wconf 83' lang='lat' dir='ltr'>contemptum,</span> <span class='ocrx_word' id='word_1_218' title='bbox 3501 1816 3723 1877; x_wconf 85' lang='lat' dir='ltr'>damna</span> <span class='ocrx_word' id='word_1_219' title='bbox 3743 1817 3826 1874; x_wconf 88' lang='lat' dir='ltr'>rei</span> <span class='ocrx_word' id='word_1_220' title='bbox 3846 1817 3928 1874; x_wconf 72' lang='lat' dir='ltr'>fa-</span> 
     </span>
    </p>
   </div>
   <div class='ocr_carea' id='block_1_33' title="bbox 509 1900 3930 2003">
    <p class='ocr_par' dir='ltr' id='par_1_33' title="bbox 509 1900 3930 2003">
     <span class='ocr_line' id='line_1_33' title="bbox 509 1900 3930 2003; baseline 0.002 -43"><span class='ocrx_word' id='word_1_221' title='bbox 509 1915 578 1962; x_wconf 85' lang='lat' dir='ltr'>ce</span> <span class='ocrx_word' id='word_1_222' title='bbox 596 1905 1016 1978; x_wconf 82' lang='lat' dir='ltr'>proclamavit:</span> <span class='ocrx_word' id='word_1_223' title='bbox 1039 1923 1220 1980; x_wconf 83' lang='lat' dir='ltr'>quam</span> <span class='ocrx_word' id='word_1_224' title='bbox 1245 1907 1567 1980; x_wconf 85' lang='lat' dir='ltr'>imperator</span> <span class='ocrx_word' id='word_1_225' title='bbox 1584 1909 1655 1964; x_wconf 87' lang='lat' dir='ltr'>ad</span> <span class='ocrx_word' id='word_1_226' title='bbox 1679 1909 1968 1981; x_wconf 75' lang='lat' dir='ltr'>synodum</span> <span class='ocrx_word' id='word_1_227' title='bbox 1990 1908 2167 1965; x_wconf 79' lang='lat' dir='ltr'>desti.</span> <span class='ocrx_word' id='word_1_228' title='bbox 2194 1937 2242 2002; x_wconf 80' lang='grc' dir='ltr'><strong>Β</strong></span> <span class='ocrx_word' id='word_1_229' title='bbox 2276 1900 2542 2003; x_wconf 49' lang='lat' dir='ltr'>militaris:</span> <span class='ocrx_word' id='word_1_230' title='bbox 2554 1901 2986 2003; x_wconf 57' lang='lat' dir='ltr'>Quandiuvivit</span> <span class='ocrx_word' id='word_1_231' title='bbox 3003 1902 3116 2003; x_wconf 64' lang='lat' dir='ltr'>vir,</span> <span class='ocrx_word' id='word_1_232' title='bbox 3135 1902 3270 1960; x_wconf 91' lang='lat' dir='ltr'>licet</span> <span class='ocrx_word' id='word_1_233' title='bbox 3293 1904 3522 2003; x_wconf 79' lang='lat' dir='ltr'>adulter</span> <span class='ocrx_word' id='word_1_234' title='bbox 3547 1905 3648 2003; x_wconf 79' lang='lat' dir='ltr'>sit,</span> <span class='ocrx_word' id='word_1_235' title='bbox 3671 1905 3808 2003; x_wconf 73' lang='lat' dir='ltr'>licet</span> <span class='ocrx_word' id='word_1_236' title='bbox 3835 1924 3930 1966; x_wconf 85' lang='lat' dir='ltr'>so-</span> 
     </span>
    </p>
   </div>
   <div class='ocr_carea' id='block_1_34' title="bbox 501 1990 3928 2070">
    <p class='ocr_par' dir='ltr' id='par_1_34' title="bbox 501 1990 3928 2070">
     <span class='ocr_line' id='line_1_34' title="bbox 501 1990 3928 2070; baseline 0.001 -19"><span class='ocrx_word' id='word_1_237' title='bbox 501 1993 688 2060; x_wconf 79' lang='lat' dir='ltr'>navit,</span> <span class='ocrx_word' id='word_1_238' title='bbox 705 1998 770 2050; x_wconf 86' lang='lat' dir='ltr'>ut</span> <span class='ocrx_word' id='word_1_239' title='bbox 796 1995 936 2052; x_wconf 74' lang='lat' dir='ltr'>inde</span> <span class='ocrx_word' id='word_1_240' title='bbox 964 1996 1314 2069; x_wconf 85' lang='lat' dir='ltr'>episcopalis</span> <span class='ocrx_word' id='word_1_241' title='bbox 1344 1997 1661 2053; x_wconf 70' lang='lat' dir='ltr'>auctoritas</span> <span class='ocrx_word' id='word_1_242' title='bbox 1685 1997 1826 2070; x_wconf 91' lang='lat' dir='ltr'>quid</span> <span class='ocrx_word' id='word_1_243' title='bbox 1867 1999 2160 2070; x_wconf 83' lang='lat' dir='ltr'>agendum</span> <span class='ocrx_word' id='word_1_244' title='bbox 2194 1990 2241 2002; x_wconf 82' lang='grc'>⁴’</span> <span class='ocrx_word' id='word_1_245' title='bbox 2271 1990 2664 2059; x_wconf 89' lang='lat' dir='ltr'>domita,licet</span> <span class='ocrx_word' id='word_1_246' title='bbox 2687 1990 2924 2064; x_wconf 86' lang='lat' dir='ltr'>ﬂagitiis</span> <span class='ocrx_word' id='word_1_247' title='bbox 2939 1991 3214 2048; x_wconf 89' lang='lat' dir='ltr'>omnibus</span> <span class='ocrx_word' id='word_1_248' title='bbox 3233 1997 3628 2067; x_wconf 86' lang='lat' dir='ltr'>coopertus,et</span> <span class='ocrx_word' id='word_1_249' title='bbox 3647 1996 3722 2052; x_wconf 88' lang='lat' dir='ltr'>ab</span> <span class='ocrx_word' id='word_1_250' title='bbox 3745 2013 3928 2054; x_wconf 81' lang='lat' dir='ltr'>uxore</span> 
     </span>
    </p>
   </div>
   <div class='ocr_carea' id='block_1_35' title="bbox 501 2083 2162 2159">
    <p class='ocr_par' dir='ltr' id='par_1_35' title="bbox 501 2083 2162 2159">
     <span class='ocr_line' id='line_1_35' title="bbox 501 2083 2162 2159; baseline 0.002 -21"><span class='ocrx_word' id='word_1_251' title='bbox 501 2087 659 2138; x_wconf 75' lang='lat' dir='ltr'>esset</span> <span class='ocrx_word' id='word_1_252' title='bbox 673 2083 1030 2140; x_wconf 76' lang='lat' dir='ltr'>decerneret.</span> <span class='ocrx_word' id='word_1_253' title='bbox 1045 2085 1156 2140; x_wconf 85' lang='lat' dir='ltr'>Sed</span> <span class='ocrx_word' id='word_1_254' title='bbox 1173 2085 1582 2158; x_wconf 85' lang='lat' dir='ltr'>episcoporum</span> <span class='ocrx_word' id='word_1_255' title='bbox 1601 2085 1953 2159; x_wconf 85' lang='lat' dir='ltr'>generalitas</span> <span class='ocrx_word' id='word_1_256' title='bbox 1970 2089 2041 2143; x_wconf 89' lang='lat' dir='ltr'>ad</span> <span class='ocrx_word' id='word_1_257' title='bbox 2061 2086 2162 2142; x_wconf 89' lang='lat' dir='ltr'>lai-</span> 
     </span>
    </p>
   </div>
   <div class='ocr_carea' id='block_1_36' title="bbox 505 2174 2158 2249">
    <p class='ocr_par' dir='ltr' id='par_1_36' title="bbox 505 2174 2158 2249">
     <span class='ocr_line' id='line_1_36' title="bbox 505 2174 2158 2249; baseline 0.003 -22"><span class='ocrx_word' id='word_1_258' title='bbox 505 2183 709 2227; x_wconf 63' lang='grc' dir='ltr'>σοιν-α]</span> <span class='ocrx_word' id='word_1_259' title='bbox 719 2175 1250 2247; x_wconf 78' lang='lat' dir='ltr'>acccnjugatorum</span> <span class='ocrx_word' id='word_1_260' title='bbox 1263 2191 1391 2230; x_wconf 88' lang='lat' dir='ltr'>eam</span> <span class='ocrx_word' id='word_1_261' title='bbox 1412 2175 1638 2230; x_wconf 85' lang='lat' dir='ltr'>remisit</span> <span class='ocrx_word' id='word_1_262' title='bbox 1646 2174 2030 2247; x_wconf 87' lang='lat' dir='ltr'>judicium,ut</span> <span class='ocrx_word' id='word_1_263' title='bbox 2046 2177 2158 2249; x_wconf 82' lang='lat' dir='ltr'>ipsi</span> 
     </span>
    </p>
   </div>
   <div class='ocr_carea' id='block_1_37' title="bbox 511 2256 2155 2338">
    <p class='ocr_par' dir='ltr' id='par_1_37' title="bbox 511 2256 2155 2338">
     <span class='ocr_line' id='line_1_37' title="bbox 511 2256 2155 2338; baseline 0.001 -20"><span class='ocrx_word' id='word_1_264' title='bbox 511 2256 662 2318; x_wconf 59' lang='lat'>695</span> <span class='ocrx_word' id='word_1_265' title='bbox 684 2261 842 2318; x_wconf 82' lang='lat' dir='ltr'>inter</span> <span class='ocrx_word' id='word_1_266' title='bbox 871 2259 1031 2318; x_wconf 77' lang='lat' dir='ltr'>illam</span> <span class='ocrx_word' id='word_1_267' title='bbox 1053 2267 1111 2318; x_wconf 87' lang='lat' dir='ltr'>et</span> <span class='ocrx_word' id='word_1_268' title='bbox 1138 2280 1312 2318; x_wconf 89' lang='lat' dir='ltr'>suum</span> <span class='ocrx_word' id='word_1_269' title='bbox 1339 2264 1649 2337; x_wconf 86' lang='lat' dir='ltr'>conjugem</span> <span class='ocrx_word' id='word_1_270' title='bbox 1673 2265 2029 2336; x_wconf 84' lang='lat' dir='ltr'>judicareut,</span> <span class='ocrx_word' id='word_1_271' title='bbox 2055 2265 2155 2338; x_wconf 87' lang='lat' dir='ltr'>qui</span> 
     </span>
    </p>
   </div>
   <div class='ocr_carea' id='block_1_38' title="bbox 505 2349 2156 2427">
    <p class='ocr_par' dir='ltr' id='par_1_38' title="bbox 505 2349 2156 2427">
     <span class='ocr_line' id='line_1_38' title="bbox 505 2349 2156 2427; baseline 0.003 -22"><span class='ocrx_word' id='word_1_272' title='bbox 505 2349 581 2405; x_wconf 86' lang='lat' dir='ltr'>de</span> <span class='ocrx_word' id='word_1_273' title='bbox 609 2349 832 2406; x_wconf 84' lang='lat' dir='ltr'>talibus</span> <span class='ocrx_word' id='word_1_274' title='bbox 859 2351 1108 2423; x_wconf 85' lang='lat' dir='ltr'>negotiis</span> <span class='ocrx_word' id='word_1_275' title='bbox 1138 2356 1304 2408; x_wconf 87' lang='lat' dir='ltr'>erant</span> <span class='ocrx_word' id='word_1_276' title='bbox 1345 2352 1583 2426; x_wconf 84' lang='lat' dir='ltr'>cogniti,</span> <span class='ocrx_word' id='word_1_277' title='bbox 1614 2357 1673 2408; x_wconf 89' lang='lat' dir='ltr'>et</span> <span class='ocrx_word' id='word_1_278' title='bbox 1701 2353 1931 2427; x_wconf 84' lang='lat' dir='ltr'>legibus</span> <span class='ocrx_word' id='word_1_279' title='bbox 1960 2354 2156 2410; x_wconf 78' lang='lat' dir='ltr'>saeculi</span> 
     </span>
    </p>
   </div>
   <div class='ocr_carea' id='block_1_39' title="bbox 505 2438 2156 2516">
    <p class='ocr_par' dir='ltr' id='par_1_39' title="bbox 505 2438 2156 2516">
     <span class='ocr_line' id='line_1_39' title="bbox 505 2438 2156 2516; baseline 0.005 -23"><span class='ocrx_word' id='word_1_280' title='bbox 505 2438 1010 2499; x_wconf 66' lang='lat' dir='ltr'>sufﬁcientlssime</span> <span class='ocrx_word' id='word_1_281' title='bbox 1025 2440 1598 2514; x_wconf 68' lang='lat' dir='ltr'>praediti,eorumque</span> <span class='ocrx_word' id='word_1_282' title='bbox 1613 2441 1899 2516; x_wconf 85' lang='lat' dir='ltr'>legalibus</span> <span class='ocrx_word' id='word_1_283' title='bbox 1913 2444 2156 2515; x_wconf 85' lang='lat' dir='ltr'>judiciis</span> 
     </span>
    </p>
   </div>
   <div class='ocr_carea' id='block_1_40' title="bbox 503 2528 2155 2606">
    <p class='ocr_par' dir='ltr' id='par_1_40' title="bbox 503 2528 2155 2606">
     <span class='ocr_line' id='line_1_40' title="bbox 503 2528 2155 2606; baseline 0.005 -23"><span class='ocrx_word' id='word_1_284' title='bbox 503 2528 713 2584; x_wconf 82' lang='lat' dir='ltr'>eadem</span> <span class='ocrx_word' id='word_1_285' title='bbox 759 2528 978 2584; x_wconf 78' lang='lat' dir='ltr'>femina</span> <span class='ocrx_word' id='word_1_286' title='bbox 1013 2545 1077 2585; x_wconf 89' lang='lat' dir='ltr'>se</span> <span class='ocrx_word' id='word_1_287' title='bbox 1111 2531 1432 2602; x_wconf 82' lang='lat' dir='ltr'>subjieiret,</span> <span class='ocrx_word' id='word_1_288' title='bbox 1455 2533 1694 2604; x_wconf 85' lang='lat' dir='ltr'>etquod</span> <span class='ocrx_word' id='word_1_289' title='bbox 1727 2533 1800 2588; x_wconf 91' lang='lat' dir='ltr'>de</span> <span class='ocrx_word' id='word_1_290' title='bbox 1837 2535 2155 2606; x_wconf 66' lang='lat' dir='ltr'>quaestione</span> 
     </span>
    </p>
   </div>
   <div class='ocr_carea' id='block_1_41' title="bbox 504 2617 2154 2693">
    <p class='ocr_par' dir='ltr' id='par_1_41' title="bbox 504 2617 2154 2693">
     <span class='ocr_line' id='line_1_41' title="bbox 504 2617 2154 2693; baseline 0.004 -20"><span class='ocrx_word' id='word_1_291' title='bbox 504 2633 620 2672; x_wconf 80' lang='lat' dir='ltr'>sua</span> <span class='ocrx_word' id='word_1_292' title='bbox 648 2617 1058 2688; x_wconf 80' lang='lat' dir='ltr'>decrevissent,</span> <span class='ocrx_word' id='word_1_293' title='bbox 1083 2619 1210 2675; x_wconf 88' lang='lat' dir='ltr'>sine</span> <span class='ocrx_word' id='word_1_294' title='bbox 1256 2621 1597 2693; x_wconf 87' lang='lat' dir='ltr'>repetitione</span> <span class='ocrx_word' id='word_1_295' title='bbox 1643 2625 1864 2678; x_wconf 73' lang='lat' dir='ltr'>teneret</span> <span class='ocrx_word' id='word_1_296' title='bbox 1896 2639 1910 2678; x_wconf 89' lang='lat'><strong>:</strong></span> <span class='ocrx_word' id='word_1_297' title='bbox 1945 2625 1992 2678; x_wconf 89' lang='lat' dir='ltr'>si</span> <span class='ocrx_word' id='word_1_298' title='bbox 2022 2639 2154 2680; x_wconf 81' lang='lat' dir='ltr'>vero</span> 
     </span>
    </p>
   </div>
   <div class='ocr_carea' id='block_1_42' title="bbox 504 2705 2156 2784">
    <p class='ocr_par' dir='ltr' id='par_1_42' title="bbox 504 2705 2156 2784">
     <span class='ocr_line' id='line_1_42' title="bbox 504 2705 2156 2784; baseline 0.005 -24"><span class='ocrx_word' id='word_1_299' title='bbox 504 2705 730 2762; x_wconf 78' lang='lat' dir='ltr'>crimen</span> <span class='ocrx_word' id='word_1_300' title='bbox 755 2706 990 2780; x_wconf 81' lang='lat' dir='ltr'>aliquod</span> <span class='ocrx_word' id='word_1_301' title='bbox 1017 2712 1190 2777; x_wconf 88' lang='lat' dir='ltr'>esset,</span> <span class='ocrx_word' id='word_1_302' title='bbox 1207 2708 1342 2764; x_wconf 89' lang='lat' dir='ltr'>inde</span> <span class='ocrx_word' id='word_1_303' title='bbox 1369 2709 1720 2782; x_wconf 67' lang='lat' dir='ltr'>poenitentiae</span> <span class='ocrx_word' id='word_1_304' title='bbox 1741 2713 2002 2782; x_wconf 91' lang='lat' dir='ltr'>modum,</span> <span class='ocrx_word' id='word_1_305' title='bbox 2022 2716 2156 2784; x_wconf 84' lang='lat' dir='ltr'>post</span> 
     </span>
    </p>
   </div>
   <div class='ocr_carea' id='block_1_43' title="bbox 503 2793 2157 2874">
    <p class='ocr_par' dir='ltr' id='par_1_43' title="bbox 503 2793 2157 2874">
     <span class='ocr_line' id='line_1_43' title="bbox 503 2793 2157 2874; baseline 0.005 -24"><span class='ocrx_word' id='word_1_306' title='bbox 503 2793 743 2852; x_wconf 62' lang='lat' dir='ltr'>illorum</span> <span class='ocrx_word' id='word_1_307' title='bbox 757 2797 1072 2869; x_wconf 74' lang='lat' dir='ltr'>judicium,</span> <span class='ocrx_word' id='word_1_308' title='bbox 1093 2799 1166 2854; x_wconf 88' lang='lat' dir='ltr'>ab</span> <span class='ocrx_word' id='word_1_309' title='bbox 1186 2799 1500 2872; x_wconf 86' lang='lat' dir='ltr'>episcopali</span> <span class='ocrx_word' id='word_1_310' title='bbox 1521 2801 1867 2858; x_wconf 88' lang='lat' dir='ltr'>auctoritate</span> <span class='ocrx_word' id='word_1_311' title='bbox 1887 2803 2157 2874; x_wconf 86' lang='lat' dir='ltr'>deposce-</span> 
     </span>
    </p>
   </div>
   <div class='ocr_carea' id='block_1_44' title="bbox 507 2887 2154 2964">
    <p class='ocr_par' dir='ltr' id='par_1_44' title="bbox 507 2887 2154 2964">
     <span class='ocr_line' id='line_1_44' title="bbox 507 2887 2154 2964; baseline 0.005 -23"><span class='ocrx_word' id='word_1_312' title='bbox 507 2887 616 2954; x_wconf 81' lang='lat' dir='ltr'>ret,</span> <span class='ocrx_word' id='word_1_313' title='bbox 640 2887 966 2942; x_wconf 82' lang='lat' dir='ltr'>secundum</span> <span class='ocrx_word' id='word_1_314' title='bbox 997 2889 1154 2961; x_wconf 89' lang='lat' dir='ltr'>quod</span> <span class='ocrx_word' id='word_1_315' title='bbox 1198 2887 1350 2944; x_wconf 87' lang='lat' dir='ltr'>sacri</span> <span class='ocrx_word' id='word_1_316' title='bbox 1379 2905 1632 2946; x_wconf 85' lang='lat' dir='ltr'>canones</span> <span class='ocrx_word' id='word_1_317' title='bbox 1679 2892 2069 2964; x_wconf 82' lang='lat' dir='ltr'>praeﬁxerunt,</span> <span class='ocrx_word' id='word_1_318' title='bbox 2101 2892 2154 2949; x_wconf 86' lang='lat' dir='ltr'>ei</span> 
     </span>
    </p>
   </div>
   <div class='ocr_carea' id='block_1_45' title="bbox 499 2973 2152 3051">
    <p class='ocr_par' dir='ltr' id='par_1_45' title="bbox 499 2973 2152 3051">
     <span class='ocr_line' id='line_1_45' title="bbox 499 2973 2152 3051; baseline 0.006 -21"><span class='ocrx_word' id='word_1_319' title='bbox 499 2973 808 3047; x_wconf 66' lang='lat' dir='ltr'>inponere</span> <span class='ocrx_word' id='word_1_320' title='bbox 835 2991 951 3032; x_wconf 82' lang='lat' dir='ltr'>non</span> <span class='ocrx_word' id='word_1_321' title='bbox 983 2981 1282 3051; x_wconf 82' lang='lat' dir='ltr'>negarent.</span> <span class='ocrx_word' id='word_1_322' title='bbox 1315 2977 1620 3036; x_wconf 90' lang='lat' dir='ltr'>Nobilibus</span> <span class='ocrx_word' id='word_1_323' title='bbox 1647 2984 1841 3038; x_wconf 87' lang='lat' dir='ltr'>autem</span> <span class='ocrx_word' id='word_1_324' title='bbox 1872 2982 2038 3038; x_wconf 88' lang='lat' dir='ltr'>laicis</span> <span class='ocrx_word' id='word_1_325' title='bbox 2061 2999 2152 3040; x_wconf 86' lang='lat' dir='ltr'>sa-</span> 
     </span>
    </p>
   </div>
   <div class='ocr_carea' id='block_1_46' title="bbox 503 3063 2154 3145">
    <p class='ocr_par' dir='ltr' id='par_1_46' title="bbox 503 3063 2154 3145">
     <span class='ocr_line' id='line_1_46' title="bbox 503 3063 2154 3145; baseline 0.006 -27"><span class='ocrx_word' id='word_1_326' title='bbox 503 3063 816 3120; x_wconf 78' lang='lat' dir='ltr'>cerdotalis</span> <span class='ocrx_word' id='word_1_327' title='bbox 836 3065 1114 3122; x_wconf 81' lang='lat' dir='ltr'>discretio</span> <span class='ocrx_word' id='word_1_328' title='bbox 1141 3066 1534 3141; x_wconf 82' lang='lat' dir='ltr'>placuit,quia</span> <span class='ocrx_word' id='word_1_329' title='bbox 1558 3069 1629 3125; x_wconf 91' lang='lat' dir='ltr'>de</span> <span class='ocrx_word' id='word_1_330' title='bbox 1655 3070 1778 3126; x_wconf 88' lang='lat' dir='ltr'>suis</span> <span class='ocrx_word' id='word_1_331' title='bbox 1803 3072 2154 3145; x_wconf 87' lang='lat' dir='ltr'>conjugibus</span> 
     </span>
    </p>
   </div>
   <div class='ocr_carea' id='block_1_47' title="bbox 501 3152 2154 3232">
    <p class='ocr_par' dir='ltr' id='par_1_47' title="bbox 501 3152 2154 3232">
     <span class='ocr_line' id='line_1_47' title="bbox 501 3152 2154 3232; baseline 0.005 -24"><span class='ocrx_word' id='word_1_332' title='bbox 501 3152 592 3209; x_wconf 84' lang='lat' dir='ltr'>eis</span> <span class='ocrx_word' id='word_1_333' title='bbox 612 3166 730 3209; x_wconf 78' lang='lat' dir='ltr'>non</span> <span class='ocrx_word' id='word_1_334' title='bbox 751 3153 1068 3212; x_wconf 83' lang='lat' dir='ltr'>tollebatur</span> <span class='ocrx_word' id='word_1_335' title='bbox 1077 3157 1393 3227; x_wconf 83' lang='lat' dir='ltr'>judicium,</span> <span class='ocrx_word' id='word_1_336' title='bbox 1409 3173 1513 3214; x_wconf 89' lang='lat' dir='ltr'>nec</span> <span class='ocrx_word' id='word_1_337' title='bbox 1535 3175 1569 3214; x_wconf 85' lang='lat' dir='ltr'>a</span> <span class='ocrx_word' id='word_1_338' title='bbox 1588 3160 2154 3232; x_wconf 71' lang='lat' dir='ltr'>sacerdotaliprdinc</span> 
     </span>
    </p>
   </div>
   <div class='ocr_carea' id='block_1_48' title="bbox 501 3239 2154 3323">
    <p class='ocr_par' dir='ltr' id='par_1_48' title="bbox 501 3239 2154 3323">
     <span class='ocr_line' id='line_1_48' title="bbox 501 3239 2154 3323; baseline 0.008 -29"><span class='ocrx_word' id='word_1_339' title='bbox 501 3239 868 3301; x_wconf 72' lang='lat' dir='ltr'>intbrcbatur</span> <span class='ocrx_word' id='word_1_340' title='bbox 895 3241 1124 3316; x_wconf 80' lang='lat' dir='ltr'>legibus</span> <span class='ocrx_word' id='word_1_341' title='bbox 1141 3243 1412 3301; x_wconf 82' lang='lat' dir='ltr'>civilibus</span> <span class='ocrx_word' id='word_1_342' title='bbox 1443 3247 1948 3319; x_wconf 69' lang='lat' dir='ltr'>prsejudicium,-et</span> <span class='ocrx_word' id='word_1_343' title='bbox 1966 3249 2154 3323; x_wconf 84' lang='lat' dir='ltr'>legem</span> 
     </span>
    </p>
   </div>
   <div class='ocr_carea' id='block_1_49' title="bbox 399 3327 2155 3410">
    <p class='ocr_par' dir='ltr' id='par_1_49' title="bbox 399 3327 2155 3410">
     <span class='ocr_line' id='line_1_49' title="bbox 399 3327 2155 3410; baseline 0.009 -30"><span class='ocrx_word' id='word_1_344' title='bbox 399 3339 414 3356; x_wconf 71' lang='grc' dir='ltr'><em>ο</em></span> <span class='ocrx_word' id='word_1_345' title='bbox 511 3327 953 3398; x_wconf 75' lang='lat' dir='ltr'>proclamatloni</span> <span class='ocrx_word' id='word_1_346' title='bbox 984 3331 1214 3389; x_wconf 70' lang='lat' dir='ltr'>feminea</span> <span class='ocrx_word' id='word_1_347' title='bbox 1235 3333 1622 3404; x_wconf 86' lang='lat' dir='ltr'>protulerunt,</span> <span class='ocrx_word' id='word_1_348' title='bbox 1647 3352 1712 3392; x_wconf 92' lang='lat' dir='ltr'>ac</span> <span class='ocrx_word' id='word_1_349' title='bbox 1735 3335 1904 3409; x_wconf 82' lang='lat' dir='ltr'>legali</span> <span class='ocrx_word' id='word_1_350' title='bbox 1930 3338 2155 3410; x_wconf 87' lang='lat' dir='ltr'>judicio</span> 
     </span>
    </p>
   </div>
   <div class='ocr_carea' id='block_1_50' title="bbox 508 3411 2156 3486">
    <p class='ocr_par' dir='ltr' id='par_1_50' title="bbox 508 3411 2156 3486">
     <span class='ocr_line' id='line_1_50' title="bbox 508 3411 2156 3486; baseline 0.007 -13"><span class='ocrx_word' id='word_1_351' title='bbox 508 3411 821 3486; x_wconf 62' lang='grc' dir='ltr'>(μεθειῦωί</span> <span class='ocrx_word' id='word_1_352' title='bbox 849 3419 1170 3476; x_wconf 80' lang='lat' dir='ltr'>terminum</span> <span class='ocrx_word' id='word_1_353' title='bbox 1199 3421 1592 3479; x_wconf 88' lang='lat' dir='ltr'>contulerunt.</span> <span class='ocrx_word' id='word_1_354' title='bbox 1628 3424 1722 3480; x_wconf 83' lang='lat' dir='ltr'>Sic</span> <span class='ocrx_word' id='word_1_355' title='bbox 1752 3429 1811 3480; x_wconf 91' lang='lat' dir='ltr'>et</span> <span class='ocrx_word' id='word_1_356' title='bbox 1839 3425 1990 3482; x_wconf 88' lang='lat' dir='ltr'>hanc</span> <span class='ocrx_word' id='word_1_357' title='bbox 2018 3444 2156 3484; x_wconf 88' lang='lat' dir='ltr'>cau-</span> 
     </span>
    </p>
   </div>
   <div class='ocr_carea' id='block_1_51' title="bbox 507 3508 2155 3591">
    <p class='ocr_par' dir='ltr' id='par_1_51' title="bbox 507 3508 2155 3591">
     <span class='ocr_line' id='line_1_51' title="bbox 507 3508 2155 3591; baseline 0.008 -31"><span class='ocrx_word' id='word_1_358' title='bbox 507 3517 660 3591; x_wconf 82' lang='lat' dir='ltr'>sam,</span> <span class='ocrx_word' id='word_1_359' title='bbox 675 3517 803 3578; x_wconf 65' lang='lat' dir='ltr'>quis</span> <span class='ocrx_word' id='word_1_360' title='bbox 823 3508 896 3564; x_wconf 85' lang='lat' dir='ltr'>de</span> <span class='ocrx_word' id='word_1_361' title='bbox 923 3509 1192 3580; x_wconf 85' lang='lat' dir='ltr'>personis</span> <span class='ocrx_word' id='word_1_362' title='bbox 1215 3509 1719 3570; x_wconf 86' lang='lat' dir='ltr'>excellentissimis</span> <span class='ocrx_word' id='word_1_363' title='bbox 1741 3515 2071 3591; x_wconf 86' lang='lat' dir='ltr'>ventilatur,</span> <span class='ocrx_word' id='word_1_364' title='bbox 2095 3519 2155 3574; x_wconf 81' lang='lat' dir='ltr'>in</span> 
     </span>
    </p>
   </div>
   <div class='ocr_carea' id='block_1_52' title="bbox 509 3590 2155 3680">
    <p class='ocr_par' dir='ltr' id='par_1_52' title="bbox 509 3590 2155 3680">
     <span class='ocr_line' id='line_1_52' title="bbox 509 3590 2155 3680; baseline 0.01 -32"><span class='ocrx_word' id='word_1_365' title='bbox 509 3590 770 3651; x_wconf 85' lang='lat' dir='ltr'>medium</span> <span class='ocrx_word' id='word_1_366' title='bbox 806 3596 1018 3669; x_wconf 85' lang='lat' dir='ltr'>judicii</span> <span class='ocrx_word' id='word_1_367' title='bbox 1063 3597 1157 3654; x_wconf 87' lang='lat' dir='ltr'>sui</span> <span class='ocrx_word' id='word_1_368' title='bbox 1203 3599 1502 3668; x_wconf 79' lang='lat' dir='ltr'>devocent,</span> <span class='ocrx_word' id='word_1_369' title='bbox 1519 3606 1578 3657; x_wconf 93' lang='lat' dir='ltr'>et</span> <span class='ocrx_word' id='word_1_370' title='bbox 1627 3605 1952 3662; x_wconf 89' lang='lat' dir='ltr'>secundum</span> <span class='ocrx_word' id='word_1_371' title='bbox 1999 3590 2155 3680; x_wconf 87' lang='lat' dir='ltr'>quod</span> 
     </span>
    </p>
   </div>
   <div class='ocr_carea' id='block_1_53' title="bbox 501 3682 2154 3764">
    <p class='ocr_par' dir='ltr' id='par_1_53' title="bbox 501 3682 2154 3764">
     <span class='ocr_line' id='line_1_53' title="bbox 501 3682 2154 3764; baseline 0.008 -25"><span class='ocrx_word' id='word_1_372' title='bbox 501 3682 760 3743; x_wconf 55' lang='grc' dir='ltr'>ἥξοι-ἰδὲ</span> <span class='ocrx_word' id='word_1_373' title='bbox 775 3685 1072 3759; x_wconf 67' lang='lat' dir='ltr'>aquitatis</span> <span class='ocrx_word' id='word_1_374' title='bbox 1083 3687 1310 3759; x_wconf 88' lang='lat' dir='ltr'>judicio</span> <span class='ocrx_word' id='word_1_375' title='bbox 1331 3688 1638 3747; x_wconf 81' lang='lat' dir='ltr'>convenire</span> <span class='ocrx_word' id='word_1_376' title='bbox 1663 3691 1986 3764; x_wconf 90' lang='lat' dir='ltr'>dijudicent</span> <span class='ocrx_word' id='word_1_377' title='bbox 2009 3713 2022 3750; x_wconf 92' lang='lat'><strong>:</strong></span> <span class='ocrx_word' id='word_1_378' title='bbox 2045 3695 2154 3752; x_wconf 88' lang='lat' dir='ltr'>hoc</span> 
     </span>
    </p>
   </div>
   <div class='ocr_carea' id='block_1_54' title="bbox 497 3771 2154 3855">
    <p class='ocr_par' dir='ltr' id='par_1_54' title="bbox 497 3771 2154 3855">
     <span class='ocr_line' id='line_1_54' title="bbox 497 3771 2154 3855; baseline 0.007 -23"><span class='ocrx_word' id='word_1_379' title='bbox 497 3771 893 3832; x_wconf 70' lang='lat' dir='ltr'>solertissime</span> <span class='ocrx_word' id='word_1_380' title='bbox 943 3782 1384 3850; x_wconf 83' lang='lat' dir='ltr'>cognoscentes,</span> <span class='ocrx_word' id='word_1_381' title='bbox 1431 3780 1570 3853; x_wconf 88' lang='lat' dir='ltr'>quia</span> <span class='ocrx_word' id='word_1_382' title='bbox 1623 3781 1887 3855; x_wconf 86' lang='lat' dir='ltr'>legaliter</span> <span class='ocrx_word' id='word_1_383' title='bbox 1942 3785 2154 3843; x_wconf 85' lang='lat' dir='ltr'>initum</span> 
     </span>
    </p>
   </div>
   <div class='ocr_carea' id='block_1_55' title="bbox 507 3865 2157 3948">
    <p class='ocr_par' dir='ltr' id='par_1_55' title="bbox 507 3865 2157 3948">
     <span class='ocr_line' id='line_1_55' title="bbox 507 3865 2157 3948; baseline 0.008 -29"><span class='ocrx_word' id='word_1_384' title='bbox 507 3865 850 3938; x_wconf 83' lang='lat' dir='ltr'>conjugium</span> <span class='ocrx_word' id='word_1_385' title='bbox 873 3865 1036 3923; x_wconf 85' lang='lat' dir='ltr'>nulla</span> <span class='ocrx_word' id='word_1_386' title='bbox 1056 3872 1248 3939; x_wconf 88' lang='lat' dir='ltr'>potest</span> <span class='ocrx_word' id='word_1_387' title='bbox 1269 3869 1491 3927; x_wconf 87' lang='lat' dir='ltr'>ratione</span> <span class='ocrx_word' id='word_1_388' title='bbox 1507 3871 1766 3942; x_wconf 86' lang='lat' dir='ltr'>dissolvi,</span> <span class='ocrx_word' id='word_1_389' title='bbox 1782 3874 1918 3946; x_wconf 88' lang='lat' dir='ltr'>nisi,</span> <span class='ocrx_word' id='word_1_390' title='bbox 1934 3879 1999 3931; x_wconf 92' lang='lat' dir='ltr'>ut</span> <span class='ocrx_word' id='word_1_391' title='bbox 2018 3893 2157 3948; x_wconf 70' lang='lat' dir='ltr'>pra:-</span> 
     </span>
    </p>
   </div>
   <div class='ocr_carea' id='block_1_56' title="bbox 505 3953 2155 4034">
    <p class='ocr_par' dir='ltr' id='par_1_56' title="bbox 505 3953 2155 4034">
     <span class='ocr_line' id='line_1_56' title="bbox 505 3953 2155 4034; baseline 0.008 -25"><span class='ocrx_word' id='word_1_392' title='bbox 505 3953 803 4022; x_wconf 74' lang='lat' dir='ltr'>misimus,</span> <span class='ocrx_word' id='word_1_393' title='bbox 837 3957 1153 4028; x_wconf 80' lang='lat' dir='ltr'>conjuncta</span> <span class='ocrx_word' id='word_1_394' title='bbox 1187 3960 1554 4032; x_wconf 81' lang='lat' dir='ltr'>separatione</span> <span class='ocrx_word' id='word_1_395' title='bbox 1592 3963 1862 4034; x_wconf 86' lang='lat' dir='ltr'>spiritali,</span> <span class='ocrx_word' id='word_1_396' title='bbox 1893 3969 1996 4020; x_wconf 90' lang='lat' dir='ltr'>aut</span> <span class='ocrx_word' id='word_1_397' title='bbox 2027 3982 2155 4022; x_wconf 80' lang='lat' dir='ltr'>ma-</span> 
     </span>
    </p>
   </div>
   <div class='ocr_carea' id='block_1_57' title="bbox 498 4042 2155 4123">
    <p class='ocr_par' dir='ltr' id='par_1_57' title="bbox 498 4042 2155 4123">
     <span class='ocr_line' id='line_1_57' title="bbox 498 4042 2155 4123; baseline 0.007 -24"><span class='ocrx_word' id='word_1_398' title='bbox 498 4042 720 4101; x_wconf 58' lang='lat' dir='ltr'>uidesta</span> <span class='ocrx_word' id='word_1_399' title='bbox 747 4045 1134 4114; x_wconf 84' lang='lat' dir='ltr'>confessione,</span> <span class='ocrx_word' id='word_1_400' title='bbox 1154 4047 1243 4105; x_wconf 87' lang='lat' dir='ltr'>vel</span> <span class='ocrx_word' id='word_1_401' title='bbox 1275 4055 1476 4123; x_wconf 87' lang='lat' dir='ltr'>aperta</span> <span class='ocrx_word' id='word_1_402' title='bbox 1513 4053 1892 4122; x_wconf 85' lang='lat' dir='ltr'>convictione,</span> <span class='ocrx_word' id='word_1_403' title='bbox 1927 4071 1996 4110; x_wconf 83' lang='lat' dir='ltr'>ex</span> <span class='ocrx_word' id='word_1_404' title='bbox 2023 4071 2155 4111; x_wconf 84' lang='lat' dir='ltr'>cor--</span> 
     </span>
    </p>
   </div>
   <div class='ocr_carea' id='block_1_58' title="bbox 506 4131 2152 4215">
    <p class='ocr_par' dir='ltr' id='par_1_58' title="bbox 506 4131 2152 4215">
     <span class='ocr_line' id='line_1_58' title="bbox 506 4131 2152 4215; baseline 0.009 -30"><span class='ocrx_word' id='word_1_405' title='bbox 506 4131 692 4204; x_wconf 78' lang='lat' dir='ltr'>porali</span> <span class='ocrx_word' id='word_1_406' title='bbox 712 4132 1093 4192; x_wconf 83' lang='lat' dir='ltr'>fornicatione</span> <span class='ocrx_word' id='word_1_407' title='bbox 1115 4152 1165 4192; x_wconf 70' lang='grc' dir='ltr'>ζα</span> <span class='ocrx_word' id='word_1_408' title='bbox 1189 4138 1356 4208; x_wconf 82' lang='lat' dir='ltr'>Quia,</span> <span class='ocrx_word' id='word_1_409' title='bbox 1380 4144 1445 4196; x_wconf 89' lang='lat' dir='ltr'>ut</span> <span class='ocrx_word' id='word_1_410' title='bbox 1467 4141 1670 4198; x_wconf 89' lang='lat' dir='ltr'>beatus</span> <span class='ocrx_word' id='word_1_411' title='bbox 1695 4143 2064 4215; x_wconf 82' lang='lat' dir='ltr'>Augustinus</span> <span class='ocrx_word' id='word_1_412' title='bbox 2093 4144 2152 4200; x_wconf 86' lang='lat' dir='ltr'>in</span> 
     </span>
    </p>
   </div>
   <div class='ocr_carea' id='block_1_59' title="bbox 503 4219 2155 4306">
    <p class='ocr_par' dir='ltr' id='par_1_59' title="bbox 503 4219 2155 4306">
     <span class='ocr_line' id='line_1_59' title="bbox 503 4219 2155 4306; baseline 0.01 -31"><span class='ocrx_word' id='word_1_413' title='bbox 503 4219 658 4276; x_wconf 78' lang='lat' dir='ltr'>libro</span> <span class='ocrx_word' id='word_1_414' title='bbox 677 4221 750 4278; x_wconf 84' lang='lat' dir='ltr'>de</span> <span class='ocrx_word' id='word_1_415' title='bbox 787 4223 946 4280; x_wconf 84' lang='lat' dir='ltr'>Bono</span> <span class='ocrx_word' id='word_1_416' title='bbox 974 4227 1268 4300; x_wconf 84' lang='lat' dir='ltr'>conjugali</span> <span class='ocrx_word' id='word_1_417' title='bbox 1290 4231 1432 4302; x_wconf 78' lang='lat' dir='ltr'>(cap.</span> <span class='ocrx_word' id='word_1_418' title='bbox 1461 4229 1730 4302; x_wconf 78' lang='lat' dir='ltr'>i5)dicit,</span> <span class='ocrx_word' id='word_1_419' title='bbox 1754 4248 1860 4288; x_wconf 89' lang='lat' dir='ltr'>nec</span> <span class='ocrx_word' id='word_1_420' title='bbox 1889 4249 1995 4304; x_wconf 90' lang='lat' dir='ltr'>pro</span> <span class='ocrx_word' id='word_1_421' title='bbox 2027 4233 2155 4306; x_wconf 88' lang='lat' dir='ltr'>ipsa</span> 
     </span>
    </p>
   </div>
   <div class='ocr_carea' id='block_1_60' title="bbox 505 4309 2151 4388">
    <p class='ocr_par' dir='ltr' id='par_1_60' title="bbox 505 4309 2151 4388">
     <span class='ocr_line' id='line_1_60' title="bbox 505 4309 2151 4388; baseline 0.009 -23"><span class='ocrx_word' id='word_1_422' title='bbox 505 4309 683 4366; x_wconf 70' lang='lat' dir='ltr'>etiam</span> <span class='ocrx_word' id='word_1_423' title='bbox 715 4311 1021 4370; x_wconf 82' lang='lat' dir='ltr'>sterilitate</span> <span class='ocrx_word' id='word_1_424' title='bbox 1050 4314 1185 4372; x_wconf 88' lang='lat' dir='ltr'>licet</span> <span class='ocrx_word' id='word_1_425' title='bbox 1214 4333 1453 4374; x_wconf 82' lang='lat' dir='ltr'>uxorem</span> <span class='ocrx_word' id='word_1_426' title='bbox 1483 4319 1626 4388; x_wconf 89' lang='lat' dir='ltr'>viro,</span> <span class='ocrx_word' id='word_1_427' title='bbox 1647 4319 1737 4376; x_wconf 93' lang='lat' dir='ltr'>vel</span> <span class='ocrx_word' id='word_1_428' title='bbox 1769 4321 1933 4377; x_wconf 85' lang='lat' dir='ltr'>uxori</span> <span class='ocrx_word' id='word_1_429' title='bbox 1963 4322 2151 4380; x_wconf 85' lang='lat' dir='ltr'>virum</span> 
     </span>
    </p>
   </div>
   <div class='ocr_carea' id='block_1_61' title="bbox 499 4398 2152 4482">
    <p class='ocr_par' dir='ltr' id='par_1_61' title="bbox 499 4398 2152 4482">
     <span class='ocr_line' id='line_1_61' title="bbox 499 4398 2152 4482; baseline 0.01 -29"><span class='ocrx_word' id='word_1_430' title='bbox 499 4398 822 4470; x_wconf 75' lang='lat' dir='ltr'>dimittere,</span> <span class='ocrx_word' id='word_1_431' title='bbox 846 4419 952 4460; x_wconf 88' lang='lat' dir='ltr'>nec</span> <span class='ocrx_word' id='word_1_432' title='bbox 982 4421 1162 4462; x_wconf 86' lang='lat' dir='ltr'>causa</span> <span class='ocrx_word' id='word_1_433' title='bbox 1188 4405 1464 4477; x_wconf 73' lang='lat' dir='ltr'>filiorum,</span> <span class='ocrx_word' id='word_1_434' title='bbox 1485 4425 1589 4480; x_wconf 91' lang='lat' dir='ltr'>pro</span> <span class='ocrx_word' id='word_1_435' title='bbox 1619 4409 1835 4482; x_wconf 89' lang='lat' dir='ltr'>quibus</span> <span class='ocrx_word' id='word_1_436' title='bbox 1867 4428 2011 4468; x_wconf 85' lang='lat' dir='ltr'>uxor</span> <span class='ocrx_word' id='word_1_437' title='bbox 2037 4413 2152 4470; x_wconf 83' lang='lat' dir='ltr'>du-</span> 
     </span>
    </p>
   </div>
   <div class='ocr_carea' id='block_1_62' title="bbox 497 4489 2151 4576">
    <p class='ocr_par' dir='ltr' id='par_1_62' title="bbox 497 4489 2151 4576">
     <span class='ocr_line' id='line_1_62' title="bbox 497 4489 2151 4576; baseline 0.01 -33"><span class='ocrx_word' id='word_1_438' title='bbox 497 4489 680 4559; x_wconf 75' lang='lat' dir='ltr'>citur,</span> <span class='ocrx_word' id='word_1_439' title='bbox 709 4507 772 4548; x_wconf 87' lang='lat' dir='ltr'>se</span> <span class='ocrx_word' id='word_1_440' title='bbox 807 4491 941 4549; x_wconf 83' lang='lat' dir='ltr'>aliis</span> <span class='ocrx_word' id='word_1_441' title='bbox 967 4494 1280 4568; x_wconf 83' lang='lat' dir='ltr'>copulare:</span> <span class='ocrx_word' id='word_1_442' title='bbox 1305 4497 1460 4568; x_wconf 86' lang='lat' dir='ltr'>quod</span> <span class='ocrx_word' id='word_1_443' title='bbox 1491 4497 1540 4553; x_wconf 89' lang='lat' dir='ltr'>si</span> <span class='ocrx_word' id='word_1_444' title='bbox 1571 4498 1832 4570; x_wconf 87' lang='lat' dir='ltr'>fecerint,</span> <span class='ocrx_word' id='word_1_445' title='bbox 1857 4517 1990 4557; x_wconf 90' lang='lat' dir='ltr'>cum</span> <span class='ocrx_word' id='word_1_446' title='bbox 2021 4503 2151 4576; x_wconf 83' lang='lat' dir='ltr'>qui-</span> 
     </span>
    </p>
   </div>
   <div class='ocr_carea' id='block_1_63' title="bbox 503 4578 2148 4658">
    <p class='ocr_par' dir='ltr' id='par_1_63' title="bbox 503 4578 2148 4658">
     <span class='ocr_line' id='line_1_63' title="bbox 503 4578 2148 4658; baseline 0.009 -24"><span class='ocrx_word' id='word_1_447' title='bbox 503 4578 617 4638; x_wconf 76' lang='lat' dir='ltr'>bus</span> <span class='ocrx_word' id='word_1_448' title='bbox 647 4595 709 4636; x_wconf 89' lang='lat' dir='ltr'>se</span> <span class='ocrx_word' id='word_1_449' title='bbox 739 4581 1140 4654; x_wconf 83' lang='lat' dir='ltr'>copulaverint</span> <span class='ocrx_word' id='word_1_450' title='bbox 1159 4588 1216 4640; x_wconf 88' lang='lat' dir='ltr'>et</span> <span class='ocrx_word' id='word_1_451' title='bbox 1238 4584 1350 4658; x_wconf 82' lang='lat' dir='ltr'>ipsi</span> <span class='ocrx_word' id='word_1_452' title='bbox 1373 4587 1752 4644; x_wconf 89' lang='lat' dir='ltr'>committunt</span> <span class='ocrx_word' id='word_1_453' title='bbox 1773 4590 2148 4648; x_wconf 88' lang='lat' dir='ltr'>adulterium.</span> 
     </span>
    </p>
   </div>
   <div class='ocr_carea' id='block_1_64' title="bbox 2267 2077 3926 2160">
    <p class='ocr_par' dir='ltr' id='par_1_64' title="bbox 2267 2077 3926 2160">
     <span class='ocr_line' id='line_1_64' title="bbox 2267 2077 3926 2160; baseline 0.006 -27"><span class='ocrx_word' id='word_1_454' title='bbox 2267 2082 2502 2150; x_wconf 87' lang='lat' dir='ltr'>propter</span> <span class='ocrx_word' id='word_1_455' title='bbox 2531 2078 2654 2134; x_wconf 81' lang='lat' dir='ltr'>haec</span> <span class='ocrx_word' id='word_1_456' title='bbox 2691 2077 2912 2135; x_wconf 91' lang='lat' dir='ltr'>scelera</span> <span class='ocrx_word' id='word_1_457' title='bbox 2941 2079 3274 2150; x_wconf 88' lang='lat' dir='ltr'>derelictus,</span> <span class='ocrx_word' id='word_1_458' title='bbox 3309 2082 3558 2140; x_wconf 88' lang='lat' dir='ltr'>maritus</span> <span class='ocrx_word' id='word_1_459' title='bbox 3586 2084 3720 2155; x_wconf 86' lang='lat' dir='ltr'>ejus</span> <span class='ocrx_word' id='word_1_460' title='bbox 3748 2103 3926 2160; x_wconf 83' lang='lat' dir='ltr'>repu-</span> 
     </span>
    </p>
   </div>
   <div class='ocr_carea' id='block_1_65' title="bbox 2265 2166 3922 2242">
    <p class='ocr_par' dir='ltr' id='par_1_65' title="bbox 2265 2166 3922 2242">
     <span class='ocr_line' id='line_1_65' title="bbox 2265 2166 3922 2242; baseline 0.005 -20"><span class='ocrx_word' id='word_1_461' title='bbox 2265 2170 2445 2234; x_wconf 86' lang='lat' dir='ltr'>tatur,</span> <span class='ocrx_word' id='word_1_462' title='bbox 2474 2167 2568 2222; x_wconf 92' lang='lat' dir='ltr'>eui</span> <span class='ocrx_word' id='word_1_463' title='bbox 2615 2166 2866 2223; x_wconf 86' lang='lat' dir='ltr'>alterum</span> <span class='ocrx_word' id='word_1_464' title='bbox 2896 2168 3086 2223; x_wconf 90' lang='lat' dir='ltr'>virum</span> <span class='ocrx_word' id='word_1_465' title='bbox 3135 2169 3396 2242; x_wconf 88' lang='lat' dir='ltr'>accipere</span> <span class='ocrx_word' id='word_1_466' title='bbox 3444 2188 3561 2228; x_wconf 91' lang='lat' dir='ltr'>non</span> <span class='ocrx_word' id='word_1_467' title='bbox 3610 2171 3771 2230; x_wconf 86' lang='lat' dir='ltr'>licet.</span> <span class='ocrx_word' id='word_1_468' title='bbox 3805 2175 3922 2231; x_wconf 84' lang='lat' dir='ltr'>Nec</span> 
     </span>
    </p>
   </div>
   <div class='ocr_carea' id='block_1_66' title="bbox 2265 2255 3922 2335">
    <p class='ocr_par' dir='ltr' id='par_1_66' title="bbox 2265 2255 3922 2335">
     <span class='ocr_line' id='line_1_66' title="bbox 2265 2255 3922 2335; baseline 0.006 -24"><span class='ocrx_word' id='word_1_469' title='bbox 2265 2255 2374 2311; x_wconf 89' lang='lat' dir='ltr'>hoc</span> <span class='ocrx_word' id='word_1_470' title='bbox 2421 2257 2573 2312; x_wconf 75' lang='lat'>596</span> <span class='ocrx_word' id='word_1_471' title='bbox 2619 2256 2932 2330; x_wconf 83' lang='lat' dir='ltr'>Apostolus</span> <span class='ocrx_word' id='word_1_472' title='bbox 2977 2258 3212 2331; x_wconf 87' lang='lat' dir='ltr'>propria</span> <span class='ocrx_word' id='word_1_473' title='bbox 3257 2262 3601 2318; x_wconf 86' lang='lat' dir='ltr'>auctoritate</span> <span class='ocrx_word' id='word_1_474' title='bbox 3631 2264 3922 2335; x_wconf 80' lang='lat' dir='ltr'>decernit,</span> 
     </span>
    </p>
   </div>
   <div class='ocr_carea' id='block_1_67' title="bbox 2261 2346 3915 2426">
    <p class='ocr_par' dir='ltr' id='par_1_67' title="bbox 2261 2346 3915 2426">
     <span class='ocr_line' id='line_1_67' title="bbox 2261 2346 3915 2426; baseline 0.005 -25"><span class='ocrx_word' id='word_1_475' title='bbox 2261 2347 2363 2401; x_wconf 88' lang='lat' dir='ltr'>sed</span> <span class='ocrx_word' id='word_1_476' title='bbox 2395 2346 2624 2402; x_wconf 85' lang='lat' dir='ltr'>Christo</span> <span class='ocrx_word' id='word_1_477' title='bbox 2655 2346 2714 2402; x_wconf 90' lang='lat' dir='ltr'>in</span> <span class='ocrx_word' id='word_1_478' title='bbox 2746 2363 2808 2404; x_wconf 90' lang='lat' dir='ltr'>se</span> <span class='ocrx_word' id='word_1_479' title='bbox 2851 2346 3146 2420; x_wconf 85' lang='lat' dir='ltr'>loquente,</span> <span class='ocrx_word' id='word_1_480' title='bbox 3181 2349 3282 2422; x_wconf 91' lang='lat' dir='ltr'>qui</span> <span class='ocrx_word' id='word_1_481' title='bbox 3313 2349 3397 2406; x_wconf 89' lang='lat' dir='ltr'>ait</span> <span class='ocrx_word' id='word_1_482' title='bbox 3441 2349 3501 2408; x_wconf 92' lang='lat' dir='ltr'>in</span> <span class='ocrx_word' id='word_1_483' title='bbox 3553 2351 3868 2426; x_wconf 87' lang='lat' dir='ltr'>Evangelio</span> <span class='ocrx_word' id='word_1_484' title='bbox 3898 2371 3915 2410; x_wconf 91' lang='lat'>:</span> 
     </span>
    </p>
   </div>
   <div class='ocr_carea' id='block_1_68' title="bbox 2265 2435 3915 2513">
    <p class='ocr_par' dir='ltr' id='par_1_68' title="bbox 2265 2435 3915 2513">
     <span class='ocr_line' id='line_1_68' title="bbox 2265 2435 3915 2513; baseline 0.007 -23"><span class='ocrx_word' id='word_1_485' title='bbox 2265 2437 2370 2503; x_wconf 79' lang='lat' dir='ltr'>Qui</span> <span class='ocrx_word' id='word_1_486' title='bbox 2389 2435 2618 2492; x_wconf 81' lang='lat' dir='ltr'>dimittit</span> <span class='ocrx_word' id='word_1_487' title='bbox 2644 2453 2870 2494; x_wconf 69' lang='lat' dir='ltr'>uxorem</span> <span class='ocrx_word' id='word_1_488' title='bbox 2886 2453 3065 2507; x_wconf 79' lang='lat' dir='ltr'>suam,</span> <span class='ocrx_word' id='word_1_489' title='bbox 3079 2447 3300 2512; x_wconf 77' lang='lat' dir='ltr'>excepta</span> <span class='ocrx_word' id='word_1_490' title='bbox 3319 2456 3485 2496; x_wconf 67' lang='lat' dir='ltr'>causa</span> <span class='ocrx_word' id='word_1_491' title='bbox 3503 2443 3915 2513; x_wconf 67' lang='lat' dir='ltr'>fornicationis,</span> 
     </span>
    </p>
   </div>
   <div class='ocr_carea' id='block_1_69' title="bbox 2261 2526 3918 2604">
    <p class='ocr_par' dir='ltr' id='par_1_69' title="bbox 2261 2526 3918 2604">
     <span class='ocr_line' id='line_1_69' title="bbox 2261 2526 3918 2604; baseline 0.007 -24"><span class='ocrx_word' id='word_1_492' title='bbox 2261 2526 2395 2599; x_wconf 74' lang='lat' dir='ltr'>facit</span> <span class='ocrx_word' id='word_1_493' title='bbox 2421 2543 2543 2581; x_wconf 84' lang='lat' dir='ltr'>eam</span> <span class='ocrx_word' id='word_1_494' title='bbox 2567 2526 2864 2595; x_wconf 65' lang='lat' dir='ltr'>meechari;</span> <span class='ocrx_word' id='word_1_495' title='bbox 2883 2535 2934 2584; x_wconf 86' lang='lat' dir='ltr'>et</span> <span class='ocrx_word' id='word_1_496' title='bbox 2956 2529 3053 2600; x_wconf 87' lang='lat' dir='ltr'>qui</span> <span class='ocrx_word' id='word_1_497' title='bbox 3079 2527 3365 2586; x_wconf 76' lang='lat' dir='ltr'>dimissam</span> <span class='ocrx_word' id='word_1_498' title='bbox 3391 2534 3674 2604; x_wconf 73' lang='lat' dir='ltr'>acceperit,</span> <span class='ocrx_word' id='word_1_499' title='bbox 3697 2533 3918 2592; x_wconf 63' lang='lat' dir='ltr'>adulter</span> 
     </span>
    </p>
   </div>
   <div class='ocr_carea' id='block_1_70' title="bbox 2257 2615 3913 2696">
    <p class='ocr_par' dir='ltr' id='par_1_70' title="bbox 2257 2615 3913 2696">
     <span class='ocr_line' id='line_1_70' title="bbox 2257 2615 3913 2696; baseline 0.005 -26"><span class='ocrx_word' id='word_1_500' title='bbox 2257 2622 2339 2671; x_wconf 77' lang='lat' dir='ltr'>est</span> <span class='ocrx_word' id='word_1_501' title='bbox 2367 2615 2570 2687; x_wconf 82' lang='lat' dir='ltr'>(Matth.</span> <span class='ocrx_word' id='word_1_502' title='bbox 2591 2633 2708 2687; x_wconf 77' lang='lat' dir='ltr'>xrx,</span> <span class='ocrx_word' id='word_1_503' title='bbox 2733 2616 2808 2688; x_wconf 84' lang='lat'>9).</span> <span class='ocrx_word' id='word_1_504' title='bbox 2836 2639 2863 2667; x_wconf 82' lang='lat'>»</span> <span class='ocrx_word' id='word_1_505' title='bbox 2882 2617 3027 2672; x_wconf 90' lang='lat' dir='ltr'>Huic</span> <span class='ocrx_word' id='word_1_506' title='bbox 3055 2618 3396 2692; x_wconf 66' lang='lat' dir='ltr'>evangelicae</span> <span class='ocrx_word' id='word_1_507' title='bbox 3420 2621 3644 2677; x_wconf 83' lang='lat' dir='ltr'>veritati</span> <span class='ocrx_word' id='word_1_508' title='bbox 3679 2627 3739 2678; x_wconf 87' lang='lat' dir='ltr'>et</span> <span class='ocrx_word' id='word_1_509' title='bbox 3769 2639 3913 2696; x_wconf 78' lang='lat' dir='ltr'>apo-</span> 
     </span>
    </p>
   </div>
   <div class='ocr_carea' id='block_1_71' title="bbox 2257 2702 3911 2778">
    <p class='ocr_par' dir='ltr' id='par_1_71' title="bbox 2257 2702 3911 2778">
     <span class='ocr_line' id='line_1_71' title="bbox 2257 2702 3911 2778; baseline 0.006 -20"><span class='ocrx_word' id='word_1_510' title='bbox 2257 2702 2476 2760; x_wconf 71' lang='lat' dir='ltr'>stolicae</span> <span class='ocrx_word' id='word_1_511' title='bbox 2500 2705 2774 2760; x_wconf 69' lang='lat' dir='ltr'>doctrina:</span> <span class='ocrx_word' id='word_1_512' title='bbox 2801 2705 2910 2762; x_wconf 85' lang='lat' dir='ltr'>hoc</span> <span class='ocrx_word' id='word_1_513' title='bbox 2938 2707 3111 2763; x_wconf 90' lang='lat' dir='ltr'>modo</span> <span class='ocrx_word' id='word_1_514' title='bbox 3131 2707 3488 2765; x_wconf 87' lang='lat' dir='ltr'>concordant</span> <span class='ocrx_word' id='word_1_515' title='bbox 3507 2709 3911 2778; x_wconf 80' lang='lat' dir='ltr'>Innocentius,</span> 
     </span>
    </p>
   </div>
   <div class='ocr_carea' id='block_1_72' title="bbox 2263 2793 3915 2874">
    <p class='ocr_par' dir='ltr' id='par_1_72' title="bbox 2263 2793 3915 2874">
     <span class='ocr_line' id='line_1_72' title="bbox 2263 2793 3915 2874; baseline 0.006 -26"><span class='ocrx_word' id='word_1_516' title='bbox 2263 2793 2375 2849; x_wconf 91' lang='lat' dir='ltr'>Leo</span> <span class='ocrx_word' id='word_1_517' title='bbox 2433 2798 2492 2850; x_wconf 89' lang='lat' dir='ltr'>et</span> <span class='ocrx_word' id='word_1_518' title='bbox 2545 2794 2857 2866; x_wconf 85' lang='lat' dir='ltr'>Gregorius</span> <span class='ocrx_word' id='word_1_519' title='bbox 2913 2795 3238 2868; x_wconf 86' lang='lat' dir='ltr'>apostolici,</span> <span class='ocrx_word' id='word_1_520' title='bbox 3279 2798 3618 2854; x_wconf 84' lang='lat' dir='ltr'>Africanum</span> <span class='ocrx_word' id='word_1_521' title='bbox 3675 2815 3915 2874; x_wconf 74' lang='lat' dir='ltr'>quoque</span> 
     </span>
    </p>
   </div>
   <div class='ocr_carea' id='block_1_73' title="bbox 2259 2881 3912 2963">
    <p class='ocr_par' dir='ltr' id='par_1_73' title="bbox 2259 2881 3912 2963">
     <span class='ocr_line' id='line_1_73' title="bbox 2259 2881 3912 2963; baseline 0.005 -25"><span class='ocrx_word' id='word_1_522' title='bbox 2259 2881 2597 2952; x_wconf 89' lang='lat' dir='ltr'>concilium,</span> <span class='ocrx_word' id='word_1_523' title='bbox 2645 2884 3010 2956; x_wconf 85' lang='lat' dir='ltr'>Ambrosius,</span> <span class='ocrx_word' id='word_1_524' title='bbox 3057 2884 3316 2942; x_wconf 85' lang='lat' dir='ltr'>Joannes</span> <span class='ocrx_word' id='word_1_525' title='bbox 3365 2887 3912 2963; x_wconf 84' lang='lat' dir='ltr'>Constantinopoli-</span> 
     </span>
    </p>
   </div>
   <div class='ocr_carea' id='block_1_74' title="bbox 2261 2971 3916 3052">
    <p class='ocr_par' dir='ltr' id='par_1_74' title="bbox 2261 2971 3916 3052">
     <span class='ocr_line' id='line_1_74' title="bbox 2261 2971 3916 3052; baseline 0.005 -25"><span class='ocrx_word' id='word_1_526' title='bbox 2261 2976 2457 3040; x_wconf 88' lang='lat' dir='ltr'>tanus,</span> <span class='ocrx_word' id='word_1_527' title='bbox 2491 2971 2766 3044; x_wconf 88' lang='lat' dir='ltr'>Origenes</span> <span class='ocrx_word' id='word_1_528' title='bbox 2809 2972 2869 3027; x_wconf 90' lang='lat' dir='ltr'>in</span> <span class='ocrx_word' id='word_1_529' title='bbox 2917 2973 3242 3030; x_wconf 85' lang='lat' dir='ltr'>emendatis</span> <span class='ocrx_word' id='word_1_530' title='bbox 3269 2991 3305 3030; x_wconf 85' lang='lat' dir='ltr'>a</span> <span class='ocrx_word' id='word_1_531' title='bbox 3341 2975 3508 3032; x_wconf 88' lang='lat' dir='ltr'>beato</span> <span class='ocrx_word' id='word_1_532' title='bbox 3559 2973 3916 3052; x_wconf 71' lang='lat' dir='ltr'>Hieronymo</span> 
     </span>
    </p>
   </div>
   <div class='ocr_carea' id='block_1_75' title="bbox 2260 3059 3917 3140">
    <p class='ocr_par' dir='ltr' id='par_1_75' title="bbox 2260 3059 3917 3140">
     <span class='ocr_line' id='line_1_75' title="bbox 2260 3059 3917 3140; baseline 0.006 -25"><span class='ocrx_word' id='word_1_533' title='bbox 2260 3059 2448 3126; x_wconf 84' lang='lat' dir='ltr'>libris,</span> <span class='ocrx_word' id='word_1_534' title='bbox 2473 3061 2627 3116; x_wconf 88' lang='lat' dir='ltr'>Beda</span> <span class='ocrx_word' id='word_1_535' title='bbox 2649 3063 2952 3134; x_wconf 80' lang='lat' dir='ltr'>presbyter</span> <span class='ocrx_word' id='word_1_536' title='bbox 2969 3061 3338 3132; x_wconf 87' lang='lat' dir='ltr'>venerabilis,</span> <span class='ocrx_word' id='word_1_537' title='bbox 3362 3065 3681 3140; x_wconf 86' lang='lat' dir='ltr'>cunctique</span> <span class='ocrx_word' id='word_1_538' title='bbox 3708 3067 3917 3125; x_wconf 79' lang='lat' dir='ltr'>docto-</span> 
     </span>
    </p>
   </div>
   <div class='ocr_carea' id='block_1_76' title="bbox 2261 3149 3919 3214">
    <p class='ocr_par' dir='ltr' id='par_1_76' title="bbox 2261 3149 3919 3214">
     <span class='ocr_line' id='line_1_76' title="bbox 2261 3149 3919 3214; baseline 0.005 -9"><span class='ocrx_word' id='word_1_539' title='bbox 2261 3167 2353 3206; x_wconf 84' lang='lat' dir='ltr'>res</span> <span class='ocrx_word' id='word_1_540' title='bbox 2381 3149 2671 3207; x_wconf 89' lang='lat' dir='ltr'>catholici.</span> <span class='ocrx_word' id='word_1_541' title='bbox 2703 3151 2866 3207; x_wconf 90' lang='lat' dir='ltr'>Unde</span> <span class='ocrx_word' id='word_1_542' title='bbox 2913 3150 2963 3208; x_wconf 89' lang='lat' dir='ltr'>si</span> <span class='ocrx_word' id='word_1_543' title='bbox 3011 3151 3381 3210; x_wconf 90' lang='lat' dir='ltr'>Dominicum</span> <span class='ocrx_word' id='word_1_544' title='bbox 3411 3159 3472 3210; x_wconf 89' lang='lat' dir='ltr'>et</span> <span class='ocrx_word' id='word_1_545' title='bbox 3501 3160 3623 3212; x_wconf 86' lang='lat' dir='ltr'>tam</span> <span class='ocrx_word' id='word_1_546' title='bbox 3671 3155 3919 3214; x_wconf 80' lang='lat' dir='ltr'>evidens</span> 
     </span>
    </p>
   </div>
   <div class='ocr_carea' id='block_1_77' title="bbox 2259 3243 3920 3320">
    <p class='ocr_par' dir='ltr' id='par_1_77' title="bbox 2259 3243 3920 3320">
     <span class='ocr_line' id='line_1_77' title="bbox 2259 3243 3920 3320; baseline 0.004 -24"><span class='ocrx_word' id='word_1_547' title='bbox 2259 3245 2612 3314; x_wconf 67' lang='lat' dir='ltr'>praeceptum</span> <span class='ocrx_word' id='word_1_548' title='bbox 2640 3257 2756 3297; x_wconf 89' lang='lat' dir='ltr'>non</span> <span class='ocrx_word' id='word_1_549' title='bbox 2787 3243 2960 3313; x_wconf 89' lang='lat' dir='ltr'>esset,</span> <span class='ocrx_word' id='word_1_550' title='bbox 2987 3243 3248 3298; x_wconf 88' lang='lat' dir='ltr'>utetiam</span> <span class='ocrx_word' id='word_1_551' title='bbox 3276 3243 3490 3301; x_wconf 90' lang='lat' dir='ltr'>Paulus</span> <span class='ocrx_word' id='word_1_552' title='bbox 3514 3245 3920 3320; x_wconf 82' lang='lat' dir='ltr'>interrogatus</span> 
     </span>
    </p>
   </div>
   <div class='ocr_carea' id='block_1_78' title="bbox 2263 3329 3922 3407">
    <p class='ocr_par' dir='ltr' id='par_1_78' title="bbox 2263 3329 3922 3407">
     <span class='ocr_line' id='line_1_78' title="bbox 2263 3329 3922 3407; baseline 0.005 -22"><span class='ocrx_word' id='word_1_553' title='bbox 2263 3329 2334 3385; x_wconf 91' lang='lat' dir='ltr'>de</span> <span class='ocrx_word' id='word_1_554' title='bbox 2362 3331 2688 3403; x_wconf 87' lang='lat' dir='ltr'>virginibus</span> <span class='ocrx_word' id='word_1_555' title='bbox 2715 3331 2864 3386; x_wconf 89' lang='lat' dir='ltr'>dans</span> <span class='ocrx_word' id='word_1_556' title='bbox 2892 3329 3228 3400; x_wconf 89' lang='lat' dir='ltr'>consilium,</span> <span class='ocrx_word' id='word_1_557' title='bbox 3250 3332 3322 3388; x_wconf 88' lang='lat' dir='ltr'>de</span> <span class='ocrx_word' id='word_1_558' title='bbox 3350 3331 3461 3389; x_wconf 90' lang='lat' dir='ltr'>hoc</span> <span class='ocrx_word' id='word_1_559' title='bbox 3489 3334 3777 3407; x_wconf 86' lang='lat' dir='ltr'>quiddam</span> <span class='ocrx_word' id='word_1_560' title='bbox 3809 3336 3922 3394; x_wconf 79' lang='lat' dir='ltr'>im-</span> 
     </span>
    </p>
   </div>
   <div class='ocr_carea' id='block_1_79' title="bbox 2263 3421 3916 3496">
    <p class='ocr_par' dir='ltr' id='par_1_79' title="bbox 2263 3421 3916 3496">
     <span class='ocr_line' id='line_1_79' title="bbox 2263 3421 3916 3496; baseline 0.005 -21"><span class='ocrx_word' id='word_1_561' title='bbox 2263 3423 2495 3476; x_wconf 75' lang='lat' dir='ltr'>mutare</span> <span class='ocrx_word' id='word_1_562' title='bbox 2511 3435 2882 3493; x_wconf 88' lang='lat' dir='ltr'>nequaquam</span> <span class='ocrx_word' id='word_1_563' title='bbox 2899 3421 3358 3494; x_wconf 67' lang='lat' dir='ltr'>praesumpserit,</span> <span class='ocrx_word' id='word_1_564' title='bbox 3371 3423 3574 3480; x_wconf 89' lang='lat' dir='ltr'>dicens</span> <span class='ocrx_word' id='word_1_565' title='bbox 3593 3439 3607 3478; x_wconf 76' lang='grc' dir='ltr'>ε</span> <span class='ocrx_word' id='word_1_566' title='bbox 3625 3426 3702 3482; x_wconf 83' lang='lat' dir='ltr'>De</span> <span class='ocrx_word' id='word_1_567' title='bbox 3719 3440 3916 3496; x_wconf 69' lang='lat' dir='ltr'>uxore,</span> 
     </span>
    </p>
   </div>
   <div class='ocr_carea' id='block_1_80' title="bbox 2261 3508 3917 3582">
    <p class='ocr_par' dir='ltr' id='par_1_80' title="bbox 2261 3508 3917 3582">
     <span class='ocr_line' id='line_1_80' title="bbox 2261 3508 3917 3582; baseline 0.005 -18"><span class='ocrx_word' id='word_1_568' title='bbox 2261 3508 2474 3581; x_wconf 88' lang='lat' dir='ltr'>inquit,</span> <span class='ocrx_word' id='word_1_569' title='bbox 2506 3512 2774 3582; x_wconf 62' lang='lat' dir='ltr'>praecipio</span> <span class='ocrx_word' id='word_1_570' title='bbox 2826 3526 2938 3566; x_wconf 85' lang='lat' dir='ltr'>non</span> <span class='ocrx_word' id='word_1_571' title='bbox 2988 3526 3106 3579; x_wconf 84' lang='lat' dir='ltr'>ego,</span> <span class='ocrx_word' id='word_1_572' title='bbox 3163 3511 3258 3567; x_wconf 76' lang='lat' dir='ltr'>sed</span> <span class='ocrx_word' id='word_1_573' title='bbox 3311 3512 3593 3580; x_wconf 76' lang='lat' dir='ltr'>Dominus,</span> <span class='ocrx_word' id='word_1_574' title='bbox 3625 3529 3852 3571; x_wconf 63' lang='lat' dir='ltr'>umorem</span> <span class='ocrx_word' id='word_1_575' title='bbox 3879 3533 3917 3572; x_wconf 77' lang='grc' dir='ltr'><strong>α</strong></span> 
     </span>
    </p>
   </div>
   <div class='ocr_carea' id='block_1_81' title="bbox 2259 3599 3916 3672">
    <p class='ocr_par' dir='ltr' id='par_1_81' title="bbox 2259 3599 3916 3672">
     <span class='ocr_line' id='line_1_81' title="bbox 2259 3599 3916 3672; baseline 0.005 -18"><span class='ocrx_word' id='word_1_576' title='bbox 2259 3600 2379 3654; x_wconf 76' lang='lat' dir='ltr'>viro</span> <span class='ocrx_word' id='word_1_577' title='bbox 2425 3615 2537 3656; x_wconf 86' lang='lat' dir='ltr'>non</span> <span class='ocrx_word' id='word_1_578' title='bbox 2559 3599 2851 3668; x_wconf 76' lang='lat' dir='ltr'>discedere,</span> <span class='ocrx_word' id='word_1_579' title='bbox 2873 3599 3013 3672; x_wconf 83' lang='lat' dir='ltr'>quod</span> <span class='ocrx_word' id='word_1_580' title='bbox 3039 3601 3091 3655; x_wconf 82' lang='lat' dir='ltr'>si</span> <span class='ocrx_word' id='word_1_581' title='bbox 3117 3599 3426 3658; x_wconf 75' lang='lat' dir='ltr'>discesserit</span> <span class='ocrx_word' id='word_1_582' title='bbox 3469 3618 3696 3660; x_wconf 79' lang='lat' dir='ltr'>manere</span> <span class='ocrx_word' id='word_1_583' title='bbox 3735 3605 3916 3662; x_wconf 82' lang='lat' dir='ltr'>innu-</span> 
     </span>
    </p>
   </div>
   <div class='ocr_carea' id='block_1_82' title="bbox 2259 3689 3920 3764">
    <p class='ocr_par' dir='ltr' id='par_1_82' title="bbox 2259 3689 3920 3764">
     <span class='ocr_line' id='line_1_82' title="bbox 2259 3689 3920 3764; baseline 0.004 -19"><span class='ocrx_word' id='word_1_584' title='bbox 2259 3697 2429 3761; x_wconf 78' lang='lat' dir='ltr'>ptam.</span> <span class='ocrx_word' id='word_1_585' title='bbox 2477 3696 2574 3745; x_wconf 86' lang='lat' dir='ltr'>aut</span> <span class='ocrx_word' id='word_1_586' title='bbox 2617 3691 2736 3745; x_wconf 86' lang='lat' dir='ltr'>viro</span> <span class='ocrx_word' id='word_1_587' title='bbox 2780 3705 2880 3745; x_wconf 78' lang='lat' dir='ltr'>suo</span> <span class='ocrx_word' id='word_1_588' title='bbox 2929 3690 3279 3746; x_wconf 78' lang='lat' dir='ltr'>reconciliari</span> <span class='ocrx_word' id='word_1_589' title='bbox 3304 3690 3354 3760; x_wconf 87' lang='lat' dir='ltr'>(I</span> <span class='ocrx_word' id='word_1_590' title='bbox 3389 3689 3510 3748; x_wconf 84' lang='lat' dir='ltr'>Cor.</span> <span class='ocrx_word' id='word_1_591' title='bbox 3530 3709 3632 3760; x_wconf 84' lang='lat' dir='ltr'>vn,</span> <span class='ocrx_word' id='word_1_592' title='bbox 3667 3693 3777 3764; x_wconf 75' lang='grc'>10),</span> <span class='ocrx_word' id='word_1_593' title='bbox 3811 3700 3920 3752; x_wconf 78' lang='lat' dir='ltr'>aut</span> 
     </span>
    </p>
   </div>
   <div class='ocr_carea' id='block_1_83' title="bbox 2261 3778 3918 3852">
    <p class='ocr_par' dir='ltr' id='par_1_83' title="bbox 2261 3778 3918 3852">
     <span class='ocr_line' id='line_1_83' title="bbox 2261 3778 3918 3852; baseline 0.004 -16"><span class='ocrx_word' id='word_1_594' title='bbox 2261 3780 2399 3836; x_wconf 88' lang='lat' dir='ltr'>talis</span> <span class='ocrx_word' id='word_1_595' title='bbox 2427 3783 2584 3836; x_wconf 87' lang='lat' dir='ltr'>esset</span> <span class='ocrx_word' id='word_1_596' title='bbox 2612 3779 2775 3835; x_wconf 90' lang='lat' dir='ltr'>locus</span> <span class='ocrx_word' id='word_1_597' title='bbox 2795 3778 3128 3852; x_wconf 63' lang='lat' dir='ltr'>Scriptura,</span> <span class='ocrx_word' id='word_1_598' title='bbox 3151 3782 3217 3836; x_wconf 93' lang='lat' dir='ltr'>ut</span> <span class='ocrx_word' id='word_1_599' title='bbox 3235 3784 3502 3840; x_wconf 83' lang='lat' dir='ltr'>auctores</span> <span class='ocrx_word' id='word_1_600' title='bbox 3527 3781 3666 3839; x_wconf 86' lang='lat' dir='ltr'>inde</span> <span class='ocrx_word' id='word_1_601' title='bbox 3683 3781 3918 3843; x_wconf 73' lang='lat' dir='ltr'>diversa</span> 
     </span>
    </p>
   </div>
   <div class='ocr_carea' id='block_1_84' title="bbox 2264 3869 3918 3939">
    <p class='ocr_par' dir='ltr' id='par_1_84' title="bbox 2264 3869 3918 3939">
     <span class='ocr_line' id='line_1_84' title="bbox 2264 3869 3918 3939; baseline 0.004 -15"><span class='ocrx_word' id='word_1_602' title='bbox 2264 3869 2400 3926; x_wconf 90' lang='lat' dir='ltr'>licet</span> <span class='ocrx_word' id='word_1_603' title='bbox 2421 3869 2557 3924; x_wconf 84' lang='lat' dir='ltr'>ﬁdei</span> <span class='ocrx_word' id='word_1_604' title='bbox 2588 3886 2702 3924; x_wconf 90' lang='lat' dir='ltr'>non</span> <span class='ocrx_word' id='word_1_605' title='bbox 2724 3869 2967 3926; x_wconf 88' lang='lat' dir='ltr'>adversa</span> <span class='ocrx_word' id='word_1_606' title='bbox 2989 3869 3295 3939; x_wconf 89' lang='lat' dir='ltr'>sentirent,</span> <span class='ocrx_word' id='word_1_607' title='bbox 3322 3869 3476 3926; x_wconf 88' lang='lat' dir='ltr'>sicut</span> <span class='ocrx_word' id='word_1_608' title='bbox 3506 3871 3566 3926; x_wconf 89' lang='lat' dir='ltr'>in</span> <span class='ocrx_word' id='word_1_609' title='bbox 3586 3873 3918 3931; x_wconf 79' lang='lat' dir='ltr'>canonibus</span> 
     </span>
    </p>
   </div>
   <div class='ocr_carea' id='block_1_85' title="bbox 2265 3957 3917 4031">
    <p class='ocr_par' dir='ltr' id='par_1_85' title="bbox 2265 3957 3917 4031">
     <span class='ocr_line' id='line_1_85' title="bbox 2265 3957 3917 4031; baseline 0.005 -17"><span class='ocrx_word' id='word_1_610' title='bbox 2265 3959 2570 4024; x_wconf 87' lang='lat' dir='ltr'>habemus,</span> <span class='ocrx_word' id='word_1_611' title='bbox 2593 3957 2981 4031; x_wconf 85' lang='lat' dir='ltr'>plurimorum</span> <span class='ocrx_word' id='word_1_612' title='bbox 3021 3963 3078 4014; x_wconf 92' lang='lat' dir='ltr'>et</span> <span class='ocrx_word' id='word_1_613' title='bbox 3117 3959 3356 4031; x_wconf 87' lang='lat' dir='ltr'>majoris</span> <span class='ocrx_word' id='word_1_614' title='bbox 3405 3962 3774 4020; x_wconf 82' lang='lat' dir='ltr'>auctoritatis</span> <span class='ocrx_word' id='word_1_615' title='bbox 3821 3981 3917 4022; x_wconf 85' lang='lat' dir='ltr'>sc-</span> 
     </span>
    </p>
   </div>
   <div class='ocr_carea' id='block_1_86' title="bbox 2263 4047 3918 4120">
    <p class='ocr_par' dir='ltr' id='par_1_86' title="bbox 2263 4047 3918 4120">
     <span class='ocr_line' id='line_1_86' title="bbox 2263 4047 3918 4120; baseline 0.005 -16"><span class='ocrx_word' id='word_1_616' title='bbox 2263 4063 2578 4120; x_wconf 87' lang='lat' dir='ltr'>queremur</span> <span class='ocrx_word' id='word_1_617' title='bbox 2597 4047 2968 4104; x_wconf 89' lang='lat' dir='ltr'>sententiam.</span> <span class='ocrx_word' id='word_1_618' title='bbox 2993 4047 3160 4104; x_wconf 88' lang='lat' dir='ltr'>Nunc</span> <span class='ocrx_word' id='word_1_619' title='bbox 3179 4052 3376 4104; x_wconf 86' lang='lat' dir='ltr'>autem</span> <span class='ocrx_word' id='word_1_620' title='bbox 3402 4049 3574 4107; x_wconf 86' lang='lat' dir='ltr'>aliter</span> <span class='ocrx_word' id='word_1_621' title='bbox 3592 4053 3813 4110; x_wconf 84' lang='lat' dir='ltr'>sentire</span> <span class='ocrx_word' id='word_1_622' title='bbox 3825 4055 3918 4112; x_wconf 86' lang='lat' dir='ltr'>vel</span> 
     </span>
    </p>
   </div>
   <div class='ocr_carea' id='block_1_87' title="bbox 2261 4137 3920 4210">
    <p class='ocr_par' dir='ltr' id='par_1_87' title="bbox 2261 4137 3920 4210">
     <span class='ocr_line' id='line_1_87' title="bbox 2261 4137 3920 4210; baseline 0.005 -16"><span class='ocrx_word' id='word_1_623' title='bbox 2261 4137 2589 4194; x_wconf 89' lang='lat' dir='ltr'>consentire</span> <span class='ocrx_word' id='word_1_624' title='bbox 2621 4155 2737 4194; x_wconf 91' lang='lat' dir='ltr'>non</span> <span class='ocrx_word' id='word_1_625' title='bbox 2778 4153 3117 4210; x_wconf 90' lang='lat' dir='ltr'>possumus,</span> <span class='ocrx_word' id='word_1_626' title='bbox 3139 4153 3245 4194; x_wconf 88' lang='lat' dir='ltr'>nec</span> <span class='ocrx_word' id='word_1_627' title='bbox 3273 4139 3580 4209; x_wconf 88' lang='lat' dir='ltr'>debemus,</span> <span class='ocrx_word' id='word_1_628' title='bbox 3614 4141 3731 4200; x_wconf 85' lang='lat' dir='ltr'>nisi</span> <span class='ocrx_word' id='word_1_629' title='bbox 3763 4143 3920 4202; x_wconf 66' lang='lat' dir='ltr'>sicut</span> 
     </span>
    </p>
   </div>
   <div class='ocr_carea' id='block_1_88' title="bbox 2263 4225 3917 4302">
    <p class='ocr_par' dir='ltr' id='par_1_88' title="bbox 2263 4225 3917 4302">
     <span class='ocr_line' id='line_1_88' title="bbox 2263 4225 3917 4302; baseline 0.005 -21"><span class='ocrx_word' id='word_1_630' title='bbox 2263 4227 2321 4281; x_wconf 91' lang='lat' dir='ltr'>in</span> <span class='ocrx_word' id='word_1_631' title='bbox 2353 4226 2558 4282; x_wconf 54' lang='lat' dir='ltr'>litters</span> <span class='ocrx_word' id='word_1_632' title='bbox 2580 4226 2859 4283; x_wconf 90' lang='lat' dir='ltr'>divinitus</span> <span class='ocrx_word' id='word_1_633' title='bbox 2883 4225 3183 4300; x_wconf 89' lang='lat' dir='ltr'>inspiratis</span> <span class='ocrx_word' id='word_1_634' title='bbox 3214 4227 3551 4302; x_wconf 90' lang='lat' dir='ltr'>relegimus.</span> <span class='ocrx_word' id='word_1_635' title='bbox 3577 4231 3832 4290; x_wconf 80' lang='lat' dir='ltr'>Sanctus</span> <span class='ocrx_word' id='word_1_636' title='bbox 3863 4233 3917 4290; x_wconf 82' lang='lat' dir='ltr'>si</span> 
     </span>
    </p>
   </div>
   <div class='ocr_carea' id='block_1_89' title="bbox 2261 4314 3918 4388">
    <p class='ocr_par' dir='ltr' id='par_1_89' title="bbox 2261 4314 3918 4388">
     <span class='ocr_line' id='line_1_89' title="bbox 2261 4314 3918 4388; baseline 0.005 -18"><span class='ocrx_word' id='word_1_637' title='bbox 2261 4314 2497 4388; x_wconf 87' lang='lat' dir='ltr'>quidem</span> <span class='ocrx_word' id='word_1_638' title='bbox 2529 4315 2744 4373; x_wconf 89' lang='lat' dir='ltr'>Paulus</span> <span class='ocrx_word' id='word_1_639' title='bbox 2766 4315 3144 4372; x_wconf 85' lang='lat' dir='ltr'>fornicatores</span> <span class='ocrx_word' id='word_1_640' title='bbox 3173 4319 3232 4372; x_wconf 88' lang='lat' dir='ltr'>et</span> <span class='ocrx_word' id='word_1_641' title='bbox 3260 4316 3559 4378; x_wconf 79' lang='lat' dir='ltr'>adulteros</span> <span class='ocrx_word' id='word_1_642' title='bbox 3590 4319 3770 4378; x_wconf 87' lang='lat' dir='ltr'>idolis</span> <span class='ocrx_word' id='word_1_643' title='bbox 3799 4339 3918 4379; x_wconf 83' lang='lat' dir='ltr'>ser-</span> 
     </span>
    </p>
   </div>
   <div class='ocr_carea' id='block_1_90' title="bbox 2260 4405 3916 4484">
    <p class='ocr_par' dir='ltr' id='par_1_90' title="bbox 2260 4405 3916 4484">
     <span class='ocr_line' id='line_1_90' title="bbox 2260 4405 3916 4484; baseline 0.004 -22"><span class='ocrx_word' id='word_1_644' title='bbox 2260 4405 2554 4462; x_wconf 88' lang='lat' dir='ltr'>vientibus</span> <span class='ocrx_word' id='word_1_645' title='bbox 2580 4405 3180 4478; x_wconf 83' lang='lat' dir='ltr'>juuxit,dicens,quia</span> <span class='ocrx_word' id='word_1_646' title='bbox 3215 4422 3447 4478; x_wconf 78' lang='lat' dir='ltr'>regnum</span> <span class='ocrx_word' id='word_1_647' title='bbox 3475 4409 3576 4464; x_wconf 84' lang='lat' dir='ltr'>Dei</span> <span class='ocrx_word' id='word_1_648' title='bbox 3604 4426 3717 4467; x_wconf 79' lang='lat' dir='ltr'>non</span> <span class='ocrx_word' id='word_1_649' title='bbox 3743 4413 3916 4484; x_wconf 69' lang='lat' dir='ltr'>possi-</span> 
     </span>
    </p>
   </div>
   <div class='ocr_carea' id='block_1_91' title="bbox 2259 4494 3911 4568">
    <p class='ocr_par' dir='ltr' id='par_1_91' title="bbox 2259 4494 3911 4568">
     <span class='ocr_line' id='line_1_91' title="bbox 2259 4494 3911 4568; baseline 0.004 -16"><span class='ocrx_word' id='word_1_650' title='bbox 2259 4496 2459 4552; x_wconf 83' lang='lat' dir='ltr'>debunt</span> <span class='ocrx_word' id='word_1_651' title='bbox 2486 4495 2532 4568; x_wconf 91' lang='grc' dir='ltr'>(ι</span> <span class='ocrx_word' id='word_1_652' title='bbox 2559 4494 2679 4552; x_wconf 83' lang='lat' dir='ltr'>Cor.</span> <span class='ocrx_word' id='word_1_653' title='bbox 2699 4511 2776 4563; x_wconf 75' lang='lat' dir='ltr'>v1,</span> <span class='ocrx_word' id='word_1_654' title='bbox 2799 4494 2877 4567; x_wconf 87' lang='lat'>9),</span> <span class='ocrx_word' id='word_1_655' title='bbox 2899 4498 2958 4550; x_wconf 90' lang='lat' dir='ltr'>et</span> <span class='ocrx_word' id='word_1_656' title='bbox 2984 4509 3120 4551; x_wconf 89' lang='lat' dir='ltr'>cum</span> <span class='ocrx_word' id='word_1_657' title='bbox 3160 4494 3254 4551; x_wconf 84' lang='lat' dir='ltr'>his</span> <span class='ocrx_word' id='word_1_658' title='bbox 3292 4511 3397 4554; x_wconf 88' lang='lat' dir='ltr'>nec</span> <span class='ocrx_word' id='word_1_659' title='bbox 3427 4496 3628 4555; x_wconf 87' lang='lat' dir='ltr'>cibum</span> <span class='ocrx_word' id='word_1_660' title='bbox 3672 4513 3911 4558; x_wconf 65' lang='lat' dir='ltr'>sumen</span> 
     </span>
    </p>
   </div>
   <div class='ocr_carea' id='block_1_92' title="bbox 2251 4583 3912 4658">
    <p class='ocr_par' dir='ltr' id='par_1_92' title="bbox 2251 4583 3912 4658">
     <span class='ocr_line' id='line_1_92' title="bbox 2251 4583 3912 4658; baseline 0.002 -16"><span class='ocrx_word' id='word_1_661' title='bbox 2251 4587 2452 4658; x_wconf 88' lang='lat' dir='ltr'>jussit.</span> <span class='ocrx_word' id='word_1_662' title='bbox 2477 4587 2547 4642; x_wconf 86' lang='lat' dir='ltr'>Et</span> <span class='ocrx_word' id='word_1_663' title='bbox 2583 4584 2722 4642; x_wconf 89' lang='lat' dir='ltr'>item</span> <span class='ocrx_word' id='word_1_664' title='bbox 2753 4583 2989 4658; x_wconf 88' lang='lat' dir='ltr'>scripsit</span> <span class='ocrx_word' id='word_1_665' title='bbox 3012 4601 3026 4639; x_wconf 92' lang='lat'><strong>:</strong></span> <span class='ocrx_word' id='word_1_666' title='bbox 3049 4585 3192 4654; x_wconf 80' lang='lat' dir='ltr'>Quia</span> <span class='ocrx_word' id='word_1_667' title='bbox 3230 4586 3591 4656; x_wconf 71' lang='lat' dir='ltr'>fornicatores</span> <span class='ocrx_word' id='word_1_668' title='bbox 3617 4596 3675 4645; x_wconf 73' lang='lat' dir='ltr'>et</span> <span class='ocrx_word' id='word_1_669' title='bbox 3699 4589 3912 4647; x_wconf 70' lang='lat' dir='ltr'>adulis-</span> 
     </span>
    </p>
   </div>
   <div class='ocr_carea' id='block_1_93' title="bbox 495 4667 3916 4754">
    <p class='ocr_par' dir='ltr' id='par_1_93' title="bbox 495 4667 3916 4754">
     <span class='ocr_line' id='line_1_93' title="bbox 495 4667 3916 4754; baseline 0.003 -26"><span class='ocrx_word' id='word_1_670' title='bbox 495 4667 702 4728; x_wconf 64' lang='lat' dir='ltr'>ﬂaret</span> <span class='ocrx_word' id='word_1_671' title='bbox 727 4670 887 4726; x_wconf 84' lang='lat' dir='ltr'>enim</span> <span class='ocrx_word' id='word_1_672' title='bbox 916 4671 1216 4729; x_wconf 83' lang='lat' dir='ltr'>vinculum</span> <span class='ocrx_word' id='word_1_673' title='bbox 1265 4673 1630 4747; x_wconf 86' lang='lat' dir='ltr'>nuptiarum,</span> <span class='ocrx_word' id='word_1_674' title='bbox 1659 4676 1888 4736; x_wconf 84' lang='lat' dir='ltr'>etiamsi</span> <span class='ocrx_word' id='word_1_675' title='bbox 1937 4681 2150 4754; x_wconf 90' lang='lat' dir='ltr'>proles,</span> <span class='ocrx_word' id='word_1_676' title='bbox 2183 4688 2229 4754; x_wconf 81' lang='grc' dir='ltr'>ι)</span> <span class='ocrx_word' id='word_1_677' title='bbox 2257 4693 2346 4732; x_wconf 78' lang='lat' dir='ltr'>ros</span> <span class='ocrx_word' id='word_1_678' title='bbox 2365 4676 2640 4752; x_wconf 82' lang='lat' dir='ltr'>judicabit</span> <span class='ocrx_word' id='word_1_679' title='bbox 2682 4676 2822 4732; x_wconf 83' lang='lat' dir='ltr'>Deus</span> <span class='ocrx_word' id='word_1_680' title='bbox 2857 4675 2908 4746; x_wconf 87' lang='grc' dir='ltr'>(Ι</span> <span class='ocrx_word' id='word_1_681' title='bbox 2923 4677 3048 4734; x_wconf 84' lang='lat' dir='ltr'>Cor.</span> <span class='ocrx_word' id='word_1_682' title='bbox 3070 4692 3128 4747; x_wconf 82' lang='grc' dir='ltr'>ν,</span> <span class='ocrx_word' id='word_1_683' title='bbox 3151 4676 3210 4730; x_wconf 90' lang='grc'>11</span> <span class='ocrx_word' id='word_1_684' title='bbox 3234 4693 3248 4744; x_wconf 91' lang='grc'>;</span> <span class='ocrx_word' id='word_1_685' title='bbox 3274 4676 3437 4732; x_wconf 84' lang='lat' dir='ltr'>Hebr.</span> <span class='ocrx_word' id='word_1_686' title='bbox 3459 4693 3585 4744; x_wconf 80' lang='lat' dir='ltr'>xm,</span> <span class='ocrx_word' id='word_1_687' title='bbox 3610 4679 3689 4748; x_wconf 73' lang='grc'>4).</span> <span class='ocrx_word' id='word_1_688' title='bbox 3711 4680 3826 4736; x_wconf 86' lang='lat' dir='ltr'>Sed</span> <span class='ocrx_word' id='word_1_689' title='bbox 3849 4685 3916 4738; x_wconf 74' lang='lat' dir='ltr'>et</span> 
     </span>
    </p>
   </div>
   <div class='ocr_carea' id='block_1_94' title="bbox 502 4759 2148 4831">
    <p class='ocr_par' dir='ltr' id='par_1_94' title="bbox 502 4759 2148 4831">
     <span class='ocr_line' id='line_1_94' title="bbox 502 4759 2148 4831; baseline 0.009 -17"><span class='ocrx_word' id='word_1_690' title='bbox 502 4759 676 4831; x_wconf 90' lang='lat' dir='ltr'>cujus</span> <span class='ocrx_word' id='word_1_691' title='bbox 704 4775 884 4816; x_wconf 89' lang='lat' dir='ltr'>causa</span> <span class='ocrx_word' id='word_1_692' title='bbox 927 4760 1141 4819; x_wconf 87' lang='lat' dir='ltr'>initum</span> <span class='ocrx_word' id='word_1_693' title='bbox 1181 4767 1291 4830; x_wconf 88' lang='lat' dir='ltr'>est,</span> <span class='ocrx_word' id='word_1_694' title='bbox 1323 4763 1634 4822; x_wconf 84' lang='lat' dir='ltr'>manifesta</span> <span class='ocrx_word' id='word_1_695' title='bbox 1679 4768 1982 4826; x_wconf 87' lang='lat' dir='ltr'>sterilitate</span> <span class='ocrx_word' id='word_1_696' title='bbox 2033 4789 2148 4829; x_wconf 90' lang='lat' dir='ltr'>non</span> 
     </span>
    </p>
   </div>
   <div class='ocr_carea' id='block_1_95' title="bbox 495 4849 2154 4932">
    <p class='ocr_par' dir='ltr' id='par_1_95' title="bbox 495 4849 2154 4932">
     <span class='ocr_line' id='line_1_95' title="bbox 495 4849 2154 4932; baseline 0.008 -27"><span class='ocrx_word' id='word_1_697' title='bbox 495 4849 923 4922; x_wconf 79' lang='lat' dir='ltr'>subsequatur.</span> <span class='ocrx_word' id='word_1_698' title='bbox 948 4874 978 4901; x_wconf 85' lang='lat'>»</span> <span class='ocrx_word' id='word_1_699' title='bbox 1008 4853 1080 4908; x_wconf 88' lang='lat' dir='ltr'>Et</span> <span class='ocrx_word' id='word_1_700' title='bbox 1110 4853 1251 4910; x_wconf 90' lang='lat' dir='ltr'>item</span> <span class='ocrx_word' id='word_1_701' title='bbox 1305 4853 1363 4908; x_wconf 91' lang='lat' dir='ltr'>in</span> <span class='ocrx_word' id='word_1_702' title='bbox 1417 4855 1618 4912; x_wconf 91' lang='lat' dir='ltr'>eodem</span> <span class='ocrx_word' id='word_1_703' title='bbox 1668 4857 1818 4913; x_wconf 92' lang='lat' dir='ltr'>libro</span> <span class='ocrx_word' id='word_1_704' title='bbox 1845 4861 1988 4932; x_wconf 84' lang='lat' dir='ltr'>(cap.</span> <span class='ocrx_word' id='word_1_705' title='bbox 2026 4863 2154 4932; x_wconf 78' lang='lat' dir='ltr'>l6):</span> 
     </span>
    </p>
   </div>
   <div class='ocr_carea' id='block_1_96' title="bbox 2260 4764 3918 4840">
    <p class='ocr_par' dir='ltr' id='par_1_96' title="bbox 2260 4764 3918 4840">
     <span class='ocr_line' id='line_1_96' title="bbox 2260 4764 3918 4840; baseline 0.004 -19"><span class='ocrx_word' id='word_1_706' title='bbox 2260 4767 2370 4839; x_wconf 90' lang='lat' dir='ltr'>ipsi</span> <span class='ocrx_word' id='word_1_707' title='bbox 2399 4767 2506 4822; x_wconf 84' lang='lat' dir='ltr'>viri</span> <span class='ocrx_word' id='word_1_708' title='bbox 2528 4766 2651 4838; x_wconf 91' lang='lat' dir='ltr'>qui,</span> <span class='ocrx_word' id='word_1_709' title='bbox 2678 4769 2744 4820; x_wconf 90' lang='lat' dir='ltr'>ut</span> <span class='ocrx_word' id='word_1_710' title='bbox 2764 4764 3150 4834; x_wconf 90' lang='lat' dir='ltr'>ostendimus,</span> <span class='ocrx_word' id='word_1_711' title='bbox 3175 4765 3300 4838; x_wconf 82' lang='lat' dir='ltr'>pari</span> <span class='ocrx_word' id='word_1_712' title='bbox 3331 4765 3477 4840; x_wconf 86' lang='lat' dir='ltr'>legis</span> <span class='ocrx_word' id='word_1_713' title='bbox 3496 4767 3728 4838; x_wconf 85' lang='lat' dir='ltr'>judicio</span> <span class='ocrx_word' id='word_1_714' title='bbox 3758 4769 3918 4828; x_wconf 71' lang='lat' dir='ltr'>sicut</span> 
     </span>
    </p>
   </div>
   <div class='ocr_carea' id='block_1_97' title="bbox 2265 4855 3914 4927">
    <p class='ocr_par' dir='ltr' id='par_1_97' title="bbox 2265 4855 3914 4927">
     <span class='ocr_line' id='line_1_97' title="bbox 2265 4855 3914 4927; baseline 0.002 -15"><span class='ocrx_word' id='word_1_715' title='bbox 2265 4859 2323 4912; x_wconf 91' lang='lat' dir='ltr'>et</span> <span class='ocrx_word' id='word_1_716' title='bbox 2351 4855 2626 4912; x_wconf 90' lang='lat' dir='ltr'>mulieres</span> <span class='ocrx_word' id='word_1_717' title='bbox 2653 4856 2806 4927; x_wconf 88' lang='lat' dir='ltr'>apud</span> <span class='ocrx_word' id='word_1_718' title='bbox 2837 4855 3022 4910; x_wconf 91' lang='lat' dir='ltr'>Deum</span> <span class='ocrx_word' id='word_1_719' title='bbox 3046 4859 3336 4924; x_wconf 86' lang='lat' dir='ltr'>tenentur,</span> <span class='ocrx_word' id='word_1_720' title='bbox 3361 4855 3412 4911; x_wconf 92' lang='lat' dir='ltr'>si</span> <span class='ocrx_word' id='word_1_721' title='bbox 3433 4855 3914 4927; x_wconf 78' lang='lat' dir='ltr'>adulteraverint,</span> 
     </span>
    </p>
   </div>
   <div class='ocr_carea' id='block_1_98' title="bbox 497 4939 3916 5023">
    <p class='ocr_par' dir='ltr' id='par_1_98' title="bbox 497 4939 3916 5023">
     <span class='ocr_line' id='line_1_98' title="bbox 497 4939 3916 5023; baseline 0.004 -33"><span class='ocrx_word' id='word_1_722' title='bbox 497 4963 528 4990; x_wconf 88' lang='grc'>‹‹</span> <span class='ocrx_word' id='word_1_723' title='bbox 554 4939 720 4996; x_wconf 80' lang='lat' dir='ltr'>Sicut</span> <span class='ocrx_word' id='word_1_724' title='bbox 739 4955 881 5016; x_wconf 86' lang='lat' dir='ltr'>ergo</span> <span class='ocrx_word' id='word_1_725' title='bbox 907 4941 1096 4997; x_wconf 88' lang='lat' dir='ltr'>satius</span> <span class='ocrx_word' id='word_1_726' title='bbox 1114 4947 1205 4999; x_wconf 88' lang='lat' dir='ltr'>est</span> <span class='ocrx_word' id='word_1_727' title='bbox 1235 4943 1384 4999; x_wconf 91' lang='lat' dir='ltr'>mori</span> <span class='ocrx_word' id='word_1_728' title='bbox 1415 4945 1588 5015; x_wconf 82' lang='lat' dir='ltr'>fame,</span> <span class='ocrx_word' id='word_1_729' title='bbox 1605 4963 1786 5018; x_wconf 90' lang='lat' dir='ltr'>quam</span> <span class='ocrx_word' id='word_1_730' title='bbox 1816 4947 2156 5023; x_wconf 79' lang='lat' dir='ltr'>idolothytis</span> <span class='ocrx_word' id='word_1_731' title='bbox 2263 4950 2320 5001; x_wconf 87' lang='lat' dir='ltr'>et</span> <span class='ocrx_word' id='word_1_732' title='bbox 2345 4949 2508 5001; x_wconf 88' lang='lat' dir='ltr'>tanto</span> <span class='ocrx_word' id='word_1_733' title='bbox 2538 4945 2715 5000; x_wconf 87' lang='lat' dir='ltr'>etiam</span> <span class='ocrx_word' id='word_1_734' title='bbox 2763 4945 3009 5019; x_wconf 87' lang='lat' dir='ltr'>graviori</span> <span class='ocrx_word' id='word_1_735' title='bbox 3060 4961 3232 5018; x_wconf 65' lang='lat' dir='ltr'>paena</span> <span class='ocrx_word' id='word_1_736' title='bbox 3275 4945 3652 5016; x_wconf 87' lang='lat' dir='ltr'>damnentur,</span> <span class='ocrx_word' id='word_1_737' title='bbox 3689 4952 3916 5020; x_wconf 77' lang='lat' dir='ltr'>quanto</span> 
     </span>
    </p>
   </div>
   <div class='ocr_carea' id='block_1_99' title="bbox 495 5029 3920 5110">
    <p class='ocr_par' dir='ltr' id='par_1_99' title="bbox 495 5029 3920 5110">
     <span class='ocr_line' id='line_1_99' title="bbox 495 5029 3920 5110; baseline 0.002 -25"><span class='ocrx_word' id='word_1_738' title='bbox 495 5029 673 5098; x_wconf 83' lang='lat' dir='ltr'>vesci,</span> <span class='ocrx_word' id='word_1_739' title='bbox 707 5030 792 5086; x_wconf 83' lang='lat' dir='ltr'>ita</span> <span class='ocrx_word' id='word_1_740' title='bbox 821 5031 1011 5087; x_wconf 89' lang='lat' dir='ltr'>satius</span> <span class='ocrx_word' id='word_1_741' title='bbox 1039 5035 1130 5087; x_wconf 90' lang='lat' dir='ltr'>est</span> <span class='ocrx_word' id='word_1_742' title='bbox 1176 5031 1416 5106; x_wconf 87' lang='lat' dir='ltr'>defungi</span> <span class='ocrx_word' id='word_1_743' title='bbox 1451 5035 1578 5091; x_wconf 90' lang='lat' dir='ltr'>sine</span> <span class='ocrx_word' id='word_1_744' title='bbox 1623 5035 1842 5106; x_wconf 87' lang='lat' dir='ltr'>liberis,</span> <span class='ocrx_word' id='word_1_745' title='bbox 1878 5055 2056 5110; x_wconf 90' lang='lat' dir='ltr'>quam</span> <span class='ocrx_word' id='word_1_746' title='bbox 2085 5057 2154 5096; x_wconf 84' lang='lat' dir='ltr'>ex</span> <span class='ocrx_word' id='word_1_747' title='bbox 2261 5034 2452 5107; x_wconf 88' lang='lat' dir='ltr'>capita</span> <span class='ocrx_word' id='word_1_748' title='bbox 2481 5038 2539 5090; x_wconf 89' lang='lat' dir='ltr'>et</span> <span class='ocrx_word' id='word_1_749' title='bbox 2559 5039 2811 5091; x_wconf 88' lang='lat' dir='ltr'>rectores</span> <span class='ocrx_word' id='word_1_750' title='bbox 2831 5040 2972 5091; x_wconf 91' lang='lat' dir='ltr'>sunt</span> <span class='ocrx_word' id='word_1_751' title='bbox 2993 5034 3328 5106; x_wconf 83' lang='lat' dir='ltr'>mulierum,</span> <span class='ocrx_word' id='word_1_752' title='bbox 3351 5035 3669 5109; x_wconf 82' lang='lat' dir='ltr'>fragilicris</span> <span class='ocrx_word' id='word_1_753' title='bbox 3689 5037 3920 5096; x_wconf 81' lang='lat' dir='ltr'>scilicet</span> 
     </span>
    </p>
   </div>
   <div class='ocr_carea' id='block_1_100' title="bbox 499 5117 3922 5196">
    <p class='ocr_par' dir='ltr' id='par_1_100' title="bbox 499 5117 3922 5196">
     <span class='ocr_line' id='line_1_100' title="bbox 499 5117 3922 5196; baseline 0.005 -23"><span class='ocrx_word' id='word_1_754' title='bbox 499 5117 702 5176; x_wconf 86' lang='lat' dir='ltr'>illicito</span> <span class='ocrx_word' id='word_1_755' title='bbox 721 5119 1036 5176; x_wconf 85' lang='lat' dir='ltr'>concubitu</span> <span class='ocrx_word' id='word_1_756' title='bbox 1072 5121 1314 5194; x_wconf 87' lang='lat' dir='ltr'>stirpem</span> <span class='ocrx_word' id='word_1_757' title='bbox 1351 5141 1667 5196; x_wconf 66' lang='lat' dir='ltr'>quaerere.»</span> <span class='ocrx_word' id='word_1_758' title='bbox 1690 5127 1759 5182; x_wconf 89' lang='lat' dir='ltr'>Et</span> <span class='ocrx_word' id='word_1_759' title='bbox 1788 5125 1848 5182; x_wconf 90' lang='lat' dir='ltr'>in</span> <span class='ocrx_word' id='word_1_760' title='bbox 1880 5127 2048 5185; x_wconf 89' lang='lat' dir='ltr'>libris</span> <span class='ocrx_word' id='word_1_761' title='bbox 2077 5131 2150 5186; x_wconf 89' lang='lat' dir='ltr'>ad</span> <span class='ocrx_word' id='word_1_762' title='bbox 2260 5141 2433 5180; x_wconf 78' lang='lat' dir='ltr'>sexus</span> <span class='ocrx_word' id='word_1_763' title='bbox 2463 5128 2521 5179; x_wconf 75' lang='lat' dir='ltr'>et</span> <span class='ocrx_word' id='word_1_764' title='bbox 2548 5123 2703 5180; x_wconf 75' lang='lat' dir='ltr'>vasis</span> <span class='ocrx_word' id='word_1_765' title='bbox 2733 5123 3092 5194; x_wconf 71' lang='lat' dir='ltr'>inﬁrmioris,</span> <span class='ocrx_word' id='word_1_766' title='bbox 3117 5123 3354 5180; x_wconf 69' lang='lat' dir='ltr'>licentia</span> <span class='ocrx_word' id='word_1_767' title='bbox 3375 5125 3638 5183; x_wconf 68' lang='lat' dir='ltr'>indebita</span> <span class='ocrx_word' id='word_1_768' title='bbox 3668 5144 3788 5184; x_wconf 78' lang='lat' dir='ltr'>non</span> <span class='ocrx_word' id='word_1_769' title='bbox 3821 5129 3922 5184; x_wconf 67' lang='lat' dir='ltr'>dO-</span> 
     </span>
    </p>
   </div>
   <div class='ocr_carea' id='block_1_101' title="bbox 497 5207 3917 5288">
    <p class='ocr_par' dir='ltr' id='par_1_101' title="bbox 497 5207 3917 5288">
     <span class='ocr_line' id='line_1_101' title="bbox 497 5207 3917 5288; baseline 0.002 -25"><span class='ocrx_word' id='word_1_770' title='bbox 497 5207 851 5266; x_wconf 84' lang='lat' dir='ltr'>Pollentium</span> <span class='ocrx_word' id='word_1_771' title='bbox 897 5211 968 5267; x_wconf 91' lang='lat' dir='ltr'>de</span> <span class='ocrx_word' id='word_1_772' title='bbox 1018 5211 1363 5269; x_wconf 85' lang='lat' dir='ltr'>adulterinis</span> <span class='ocrx_word' id='word_1_773' title='bbox 1412 5214 1724 5288; x_wconf 87' lang='lat' dir='ltr'>conjugiis,</span> <span class='ocrx_word' id='word_1_774' title='bbox 1767 5215 2066 5275; x_wconf 90' lang='lat' dir='ltr'>multoties</span> <span class='ocrx_word' id='word_1_775' title='bbox 2093 5224 2150 5276; x_wconf 90' lang='lat' dir='ltr'>et</span> <span class='ocrx_word' id='word_1_776' title='bbox 2257 5213 2396 5269; x_wconf 88' lang='lat' dir='ltr'>bent</span> <span class='ocrx_word' id='word_1_777' title='bbox 2425 5229 2793 5286; x_wconf 72' lang='lat' dir='ltr'>praesumere,</span> <span class='ocrx_word' id='word_1_778' title='bbox 2818 5219 2882 5270; x_wconf 91' lang='lat' dir='ltr'>ut</span> <span class='ocrx_word' id='word_1_779' title='bbox 2907 5229 3116 5270; x_wconf 84' lang='lat' dir='ltr'>uxores</span> <span class='ocrx_word' id='word_1_780' title='bbox 3137 5231 3276 5270; x_wconf 88' lang='lat' dir='ltr'>suas</span> <span class='ocrx_word' id='word_1_781' title='bbox 3311 5214 3712 5273; x_wconf 81' lang='lat' dir='ltr'>adulterantes</span> <span class='ocrx_word' id='word_1_782' title='bbox 3741 5218 3917 5274; x_wconf 81' lang='lat' dir='ltr'>dam-</span> 
     </span>
    </p>
   </div>
   <div class='ocr_carea' id='block_1_102' title="bbox 493 5297 3914 5378">
    <p class='ocr_par' dir='ltr' id='par_1_102' title="bbox 493 5297 3914 5378">
     <span class='ocr_line' id='line_1_102' title="bbox 493 5297 3914 5378; baseline 0.004 -25"><span class='ocrx_word' id='word_1_783' title='bbox 493 5297 862 5370; x_wconf 69' lang='lat' dir='ltr'>trequentius</span> <span class='ocrx_word' id='word_1_784' title='bbox 882 5299 1242 5358; x_wconf 85' lang='lat' dir='ltr'>inculcatum</span> <span class='ocrx_word' id='word_1_785' title='bbox 1262 5301 1444 5360; x_wconf 87' lang='lat' dir='ltr'>lector</span> <span class='ocrx_word' id='word_1_786' title='bbox 1461 5303 1736 5372; x_wconf 90' lang='lat' dir='ltr'>inveniet,</span> <span class='ocrx_word' id='word_1_787' title='bbox 1757 5329 1785 5355; x_wconf 85' lang='grc'>‹‹</span> <span class='ocrx_word' id='word_1_788' title='bbox 1811 5306 1950 5378; x_wconf 91' lang='lat' dir='ltr'>quia</span> <span class='ocrx_word' id='word_1_789' title='bbox 1967 5306 2056 5362; x_wconf 89' lang='lat' dir='ltr'>vir</span> <span class='ocrx_word' id='word_1_790' title='bbox 2074 5308 2146 5364; x_wconf 90' lang='lat' dir='ltr'>ab</span> <span class='ocrx_word' id='word_1_791' title='bbox 2255 5306 2394 5360; x_wconf 90' lang='lat' dir='ltr'>nent</span> <span class='ocrx_word' id='word_1_792' title='bbox 2423 5303 2549 5360; x_wconf 90' lang='lat' dir='ltr'>sine</span> <span class='ocrx_word' id='word_1_793' title='bbox 2571 5303 2816 5377; x_wconf 90' lang='lat' dir='ltr'>judicio,</span> <span class='ocrx_word' id='word_1_794' title='bbox 2841 5304 3070 5360; x_wconf 89' lang='lat' dir='ltr'>dicente</span> <span class='ocrx_word' id='word_1_795' title='bbox 3100 5303 3160 5359; x_wconf 90' lang='lat' dir='ltr'>in</span> <span class='ocrx_word' id='word_1_796' title='bbox 3191 5303 3316 5378; x_wconf 88' lang='lat' dir='ltr'>lege</span> <span class='ocrx_word' id='word_1_797' title='bbox 3346 5305 3594 5361; x_wconf 89' lang='lat' dir='ltr'>Domino</span> <span class='ocrx_word' id='word_1_798' title='bbox 3613 5306 3688 5362; x_wconf 88' lang='lat' dir='ltr'>de</span> <span class='ocrx_word' id='word_1_799' title='bbox 3719 5324 3914 5375; x_wconf 84' lang='lat' dir='ltr'>servo,</span> 
     </span>
    </p>
   </div>
   <div class='ocr_carea' id='block_1_103' title="bbox 495 5390 3916 5467">
    <p class='ocr_par' dir='ltr' id='par_1_103' title="bbox 495 5390 3916 5467">
     <span class='ocr_line' id='line_1_103' title="bbox 495 5390 3916 5467; baseline 0.004 -27"><span class='ocrx_word' id='word_1_800' title='bbox 495 5399 693 5455; x_wconf 79' lang='lat' dir='ltr'>uxore,</span> <span class='ocrx_word' id='word_1_801' title='bbox 715 5392 776 5444; x_wconf 84' lang='lat' dir='ltr'>et</span> <span class='ocrx_word' id='word_1_802' title='bbox 805 5406 950 5446; x_wconf 84' lang='lat' dir='ltr'>uxor</span> <span class='ocrx_word' id='word_1_803' title='bbox 977 5407 1011 5447; x_wconf 87' lang='lat' dir='ltr'>a</span> <span class='ocrx_word' id='word_1_804' title='bbox 1041 5390 1162 5448; x_wconf 90' lang='lat' dir='ltr'>viro</span> <span class='ocrx_word' id='word_1_805' title='bbox 1206 5393 1460 5465; x_wconf 83' lang='lat' dir='ltr'>separari</span> <span class='ocrx_word' id='word_1_806' title='bbox 1493 5411 1608 5450; x_wconf 90' lang='lat' dir='ltr'>non</span> <span class='ocrx_word' id='word_1_807' title='bbox 1641 5399 1850 5466; x_wconf 89' lang='lat' dir='ltr'>potest,</span> <span class='ocrx_word' id='word_1_808' title='bbox 1875 5395 1989 5451; x_wconf 89' lang='lat' dir='ltr'>nisi</span> <span class='ocrx_word' id='word_1_809' title='bbox 2021 5396 2148 5454; x_wconf 90' lang='lat' dir='ltr'>sola</span> <span class='ocrx_word' id='word_1_810' title='bbox 2255 5393 2356 5466; x_wconf 86' lang='lat' dir='ltr'>qui</span> <span class='ocrx_word' id='word_1_811' title='bbox 2387 5395 2632 5467; x_wconf 89' lang='lat' dir='ltr'>pecunia</span> <span class='ocrx_word' id='word_1_812' title='bbox 2654 5393 2874 5450; x_wconf 89' lang='lat' dir='ltr'>domini</span> <span class='ocrx_word' id='word_1_813' title='bbox 2905 5393 2996 5449; x_wconf 86' lang='lat' dir='ltr'>sui</span> <span class='ocrx_word' id='word_1_814' title='bbox 3027 5399 3152 5449; x_wconf 90' lang='lat' dir='ltr'>est:</span> <span class='ocrx_word' id='word_1_815' title='bbox 3187 5396 3304 5467; x_wconf 81' lang='lat' dir='ltr'>Qui</span> <span class='ocrx_word' id='word_1_816' title='bbox 3328 5397 3657 5466; x_wconf 78' lang='lat' dir='ltr'>percusserit</span> <span class='ocrx_word' id='word_1_817' title='bbox 3685 5412 3916 5455; x_wconf 72' lang='lat' dir='ltr'>mum</span> 
     </span>
    </p>
   </div>
   <div class='ocr_carea' id='block_1_104' title="bbox 491 5473 3916 5557">
    <p class='ocr_par' dir='ltr' id='par_1_104' title="bbox 491 5473 3916 5557">
     <span class='ocr_line' id='line_1_104' title="bbox 491 5473 3916 5557; baseline 0.005 -28"><span class='ocrx_word' id='word_1_818' title='bbox 491 5473 896 5536; x_wconf 73' lang='lat' dir='ltr'>fornicationis</span> <span class='ocrx_word' id='word_1_819' title='bbox 927 5496 1124 5551; x_wconf 86' lang='lat' dir='ltr'>causa,</span> <span class='ocrx_word' id='word_1_820' title='bbox 1158 5487 1407 5554; x_wconf 88' lang='lat' dir='ltr'>possunt</span> <span class='ocrx_word' id='word_1_821' title='bbox 1438 5487 1630 5540; x_wconf 88' lang='lat' dir='ltr'>autem</span> <span class='ocrx_word' id='word_1_822' title='bbox 1663 5501 1730 5540; x_wconf 81' lang='lat' dir='ltr'>ea</span> <span class='ocrx_word' id='word_1_823' title='bbox 1759 5485 2038 5557; x_wconf 87' lang='lat' dir='ltr'>separari,</span> <span class='ocrx_word' id='word_1_824' title='bbox 2062 5487 2145 5544; x_wconf 86' lang='lat' dir='ltr'>ita</span> <span class='ocrx_word' id='word_1_825' title='bbox 2251 5500 2432 5554; x_wconf 79' lang='lat' dir='ltr'>suum,</span> <span class='ocrx_word' id='word_1_826' title='bbox 2457 5485 2540 5541; x_wconf 85' lang='lat' dir='ltr'>vel</span> <span class='ocrx_word' id='word_1_827' title='bbox 2560 5485 2822 5540; x_wconf 71' lang='lat' dir='ltr'>ancillam</span> <span class='ocrx_word' id='word_1_828' title='bbox 2841 5485 3018 5553; x_wconf 86' lang='lat' dir='ltr'>virga,</span> <span class='ocrx_word' id='word_1_829' title='bbox 3043 5492 3094 5539; x_wconf 82' lang='lat' dir='ltr'>et</span> <span class='ocrx_word' id='word_1_830' title='bbox 3110 5485 3316 5540; x_wconf 78' lang='lat' dir='ltr'>mortui</span> <span class='ocrx_word' id='word_1_831' title='bbox 3331 5485 3544 5556; x_wconf 79' lang='lat' dir='ltr'>fuerint</span> <span class='ocrx_word' id='word_1_832' title='bbox 3563 5485 3626 5540; x_wconf 85' lang='lat' dir='ltr'>in</span> <span class='ocrx_word' id='word_1_833' title='bbox 3643 5489 3916 5545; x_wconf 70' lang='lat' dir='ltr'>mmiiblc</span> 
     </span>
    </p>
   </div>
   <div class='ocr_carea' id='block_1_105' title="bbox 489 5567 3914 5648">
    <p class='ocr_par' dir='ltr' id='par_1_105' title="bbox 489 5567 3914 5648">
     <span class='ocr_line' id='line_1_105' title="bbox 489 5567 3914 5648; baseline 0.005 -31"><span class='ocrx_word' id='word_1_834' title='bbox 489 5567 714 5630; x_wconf 70' lang='lat' dir='ltr'>tamen,</span> <span class='ocrx_word' id='word_1_835' title='bbox 729 5569 799 5621; x_wconf 88' lang='lat' dir='ltr'>ut</span> <span class='ocrx_word' id='word_1_836' title='bbox 827 5573 930 5624; x_wconf 86' lang='lat' dir='ltr'>aut</span> <span class='ocrx_word' id='word_1_837' title='bbox 959 5569 1190 5643; x_wconf 85' lang='lat' dir='ltr'>innupti</span> <span class='ocrx_word' id='word_1_838' title='bbox 1223 5577 1623 5643; x_wconf 86' lang='lat' dir='ltr'>permaneant,</span> <span class='ocrx_word' id='word_1_839' title='bbox 1653 5577 1755 5628; x_wconf 85' lang='lat' dir='ltr'>aut</span> <span class='ocrx_word' id='word_1_840' title='bbox 1785 5573 2030 5630; x_wconf 88' lang='lat' dir='ltr'>invicem</span> <span class='ocrx_word' id='word_1_841' title='bbox 2055 5591 2142 5632; x_wconf 88' lang='lat' dir='ltr'>re-</span> <span class='ocrx_word' id='word_1_842' title='bbox 2249 5575 2386 5648; x_wconf 82' lang='lat' dir='ltr'>ejus,</span> <span class='ocrx_word' id='word_1_843' title='bbox 2419 5575 2674 5630; x_wconf 82' lang='lat' dir='ltr'>criminis</span> <span class='ocrx_word' id='word_1_844' title='bbox 2703 5591 2828 5630; x_wconf 81' lang='lat' dir='ltr'>reus</span> <span class='ocrx_word' id='word_1_845' title='bbox 2856 5576 2963 5630; x_wconf 87' lang='lat' dir='ltr'>erit</span> <span class='ocrx_word' id='word_1_846' title='bbox 2980 5573 3172 5644; x_wconf 73' lang='lat' dir='ltr'>(Exod.</span> <span class='ocrx_word' id='word_1_847' title='bbox 3195 5591 3309 5643; x_wconf 71' lang='lat' dir='ltr'>xxx,</span> <span class='ocrx_word' id='word_1_848' title='bbox 3328 5574 3439 5647; x_wconf 84' lang='lat'>20).</span> <span class='ocrx_word' id='word_1_849' title='bbox 3467 5573 3630 5630; x_wconf 88' lang='lat' dir='ltr'>Unde</span> <span class='ocrx_word' id='word_1_850' title='bbox 3659 5580 3720 5632; x_wconf 86' lang='lat' dir='ltr'>et</span> <span class='ocrx_word' id='word_1_851' title='bbox 3751 5581 3914 5634; x_wconf 77' lang='lat' dir='ltr'>sacri</span> 
     </span>
    </p>
   </div>
   <div class='ocr_carea' id='block_1_106' title="bbox 494 5650 3916 5738">
    <p class='ocr_par' dir='ltr' id='par_1_106' title="bbox 494 5650 3916 5738">
     <span class='ocr_line' id='line_1_106' title="bbox 494 5650 3916 5738; baseline 0.005 -31"><span class='ocrx_word' id='word_1_852' title='bbox 494 5650 928 5710; x_wconf 63' lang='lat' dir='ltr'>concilientur.»</span> <span class='ocrx_word' id='word_1_853' title='bbox 954 5657 1026 5712; x_wconf 77' lang='lat' dir='ltr'>Et</span> <span class='ocrx_word' id='word_1_854' title='bbox 1047 5663 1289 5715; x_wconf 88' lang='lat' dir='ltr'>sanctus</span> <span class='ocrx_word' id='word_1_855' title='bbox 1322 5660 1705 5732; x_wconf 80' lang='lat' dir='ltr'>Hieronymus</span> <span class='ocrx_word' id='word_1_856' title='bbox 1728 5660 1786 5716; x_wconf 89' lang='lat' dir='ltr'>in</span> <span class='ocrx_word' id='word_1_857' title='bbox 1809 5669 2141 5722; x_wconf 88' lang='lat' dir='ltr'>commento</span> <span class='ocrx_word' id='word_1_858' title='bbox 2249 5680 2522 5732; x_wconf 91' lang='lat' dir='ltr'>canones,</span> <span class='ocrx_word' id='word_1_859' title='bbox 2547 5665 2594 5720; x_wconf 88' lang='lat' dir='ltr'>si</span> <span class='ocrx_word' id='word_1_860' title='bbox 2628 5663 2762 5737; x_wconf 90' lang='lat' dir='ltr'>quis</span> <span class='ocrx_word' id='word_1_861' title='bbox 2781 5681 3013 5720; x_wconf 89' lang='lat' dir='ltr'>servum</span> <span class='ocrx_word' id='word_1_862' title='bbox 3044 5663 3347 5738; x_wconf 86' lang='lat' dir='ltr'>proprium</span> <span class='ocrx_word' id='word_1_863' title='bbox 3380 5664 3508 5720; x_wconf 87' lang='lat' dir='ltr'>sine</span> <span class='ocrx_word' id='word_1_864' title='bbox 3538 5666 3916 5726; x_wconf 76' lang='lat' dir='ltr'>conscientia</span> 
     </span>
    </p>
   </div>
   <div class='ocr_carea' id='block_1_107' title="bbox 489 5742 3912 5830">
    <p class='ocr_par' dir='ltr' id='par_1_107' title="bbox 489 5742 3912 5830">
     <span class='ocr_line' id='line_1_107' title="bbox 489 5742 3912 5830; baseline 0.003 -27"><span class='ocrx_word' id='word_1_865' title='bbox 489 5742 753 5803; x_wconf 55' lang='lat' dir='ltr'>unus»:</span> <span class='ocrx_word' id='word_1_866' title='bbox 782 5760 796 5803; x_wconf 89' lang='lat'><strong>:</strong></span> <span class='ocrx_word' id='word_1_867' title='bbox 823 5767 852 5798; x_wconf 72' lang='grc' dir='ltr'>κ</span> <span class='ocrx_word' id='word_1_868' title='bbox 883 5745 1097 5808; x_wconf 78' lang='lat' dir='ltr'>Dicunt</span> <span class='ocrx_word' id='word_1_869' title='bbox 1126 5749 1392 5819; x_wconf 80' lang='lat' dir='ltr'>Domino,</span> <span class='ocrx_word' id='word_1_870' title='bbox 1419 5749 1632 5823; x_wconf 90' lang='lat' dir='ltr'>inquit,</span> <span class='ocrx_word' id='word_1_871' title='bbox 1660 5750 1933 5830; x_wconf 88' lang='lat' dir='ltr'>discipuli</span> <span class='ocrx_word' id='word_1_872' title='bbox 1961 5755 2089 5830; x_wconf 87' lang='lat' dir='ltr'>ejus</span> <span class='ocrx_word' id='word_1_873' title='bbox 2122 5771 2136 5812; x_wconf 89' lang='lat'><strong>:</strong></span> <span class='ocrx_word' id='word_1_874' title='bbox 2243 5753 2462 5830; x_wconf 88' lang='lat' dir='ltr'>judicis</span> <span class='ocrx_word' id='word_1_875' title='bbox 2501 5753 2796 5825; x_wconf 87' lang='lat' dir='ltr'>occiderit,</span> <span class='ocrx_word' id='word_1_876' title='bbox 2818 5753 3418 5813; x_wconf 85' lang='lat' dir='ltr'>excommunicatione</span> <span class='ocrx_word' id='word_1_877' title='bbox 3463 5753 3688 5812; x_wconf 86' lang='lat' dir='ltr'>biennii</span> <span class='ocrx_word' id='word_1_878' title='bbox 3747 5757 3912 5816; x_wconf 73' lang='lat' dir='ltr'>etm-</span> 
     </span>
    </p>
   </div>
  </div>
