4148 6456
496 460 619 528 059

1415 450 1800 517 HINCMARI
1846 447 2292 513 RHEMENSIS
2339 445 2937 511 ARCHIEPISCOPI

3782 440 3906 506 660

499 589 683 667 gratia
712 589 785 647 ad
815 586 1048 647 Domini
1065 585 1362 661 judicium
1383 585 1667 664 perducta
1685 580 1905 657 cst,qui
1925 582 2146 654 nonju-
2169 579 2229 649 Α
2256 597 2326 637 ea
2343 596 2471 653 quae
2490 576 3247 648 videntur,satisfactionem
3268 574 3585 667 quisquam
3604 574 3902 667 habuerit,

497 681 721 739 dicium
748 677 977 746 abnuit,
1009 678 1111 736 sed
1144 677 1267 734 fieri
1289 677 1472 750 justo,
1497 678 1555 732 et
1580 692 1617 731 a
1634 673 1817 746 justis
1847 671 2138 747 praecepit.

569 770 952 844 Quapropter,
985 767 1036 824 si
1083 781 1449 840 quaecunque
1495 762 1709 821 mulier
1749 762 1808 818 in
1857 759 2144 818 adulterio

499 857 884 932 deprehensa,
908 857 981 913 de
1001 855 1128 930 lege
1149 854 1538 928 Moysi,quam
1561 851 1846 909 Dominus
1869 851 1929 907 in
1949 852 2147 910 Testa-

500 951 699 1007 mento
727 945 918 1003 Veteri
949 941 1453 1020 promulgavit,vel
1482 942 1555 999 de
1583 939 2050 999 Christianorum
2069 937 2145 995 le-

502 1037 679 1111 gibus
699 1034 973 1109 publicis,
994 1051 1146 1108 quas
1167 1031 1542 1106 amplectitur
1561 1034 1768 1088 sancta
1788 1028 2145 1092 Ecclesia,ad

502 1123 832 1200 episcopale
851 1123 1145 1196 judicium
1170 1121 1411 1189 venerit,
1435 1119 1727 1177 medicina
1748 1122 1844 1175 est
1871 1118 2146 1174 manifes-

504 1213 738 1272 tissima
764 1216 941 1286 atque
969 1209 1490 1279 sufiicientissima,
1515 1214 1573 1266 et
1603 1207 1822 1266 salubri
1864 1205 2148 1280 apostoli-

505 1320 709 1360 corum
740 1300 1052 1358 traditione
1079 1300 1337 1357 virorum
1384 1300 1666 1366 confecta,
1698 1314 1814 1369 qua
1859 1296 1986 1355 sine
2028 1295 2149 1354 ullo

505 1390 912 1466 ambiguitatis
937 1407 1150 1457 errore,
1181 1389 1379 1446 divina
1420 1387 1610 1462 gratia
1655 1391 1714 1444 et
1758 1385 2151 1444 ecclesiastica

505 1482 722 1556 pietate
749 1479 1029 1537 medicari
1056 1478 1290 1537 valebit.

989 1603 1531 1663 INTERROGATIO
1568 1602 1664 1661 Vl.

576 1712 769 1769 Tertio
798 1709 1054 1785 capitulo
1086 1709 1254 1768 nobis
1283 1710 1615 1768 remandari
1647 1725 1972 1783 precamur,
1999 1708 2050 1766 si
2080 1710 2152 1766 de

506 1805 710 1874 stupro
739 1804 796 1858 et
824 1801 1039 1858 aborsu
1085 1800 1324 1875 praefata
1370 1799 1592 1856 femina
1635 1799 1965 1867 denotatur,
1996 1799 2153 1855 unde

497 1893 626 1964 jam
655 1889 776 1964 egit
793 1889 1110 1963 judicium,
1131 1888 1273 1963 quid
1298 1889 1451 1948 599
1483 1889 1650 1945 vobis
1677 1906 1748 1946 ex
1770 1889 1974 1946 eodem
1987 1887 2149 1962 judi-

506 1980 598 2038 cio
622 1979 907 2047 videatur,
939 1978 1219 2051 quoniam
1262 1978 1506 2052 quidam
1537 1978 1744 2035 dicunt
1774 1977 1997 2036 nullius
2026 1995 2156 2035 esse

508 2068 898 2138 auctoritatis,
931 2069 1052 2126 sive
1079 2067 1441 2126 credulitatis
1470 2067 1788 2139 judicium,
1822 2069 1977 2140 quod
2025 2067 2151 2124 fieri

507 2157 655 2215 solet
682 2175 787 2233 per
813 2175 1027 2231 aquam
1056 2156 1328 2225 calidam,
1359 2158 1479 2215 sive
1507 2156 1803 2232 frigidam,
1835 2174 2025 2230 neque
2053 2175 2156 2230 per

511 2246 731 2303 ferrum
750 2245 1032 2317 calidum,
1058 2246 1160 2303 sed
1182 2245 1623 2303 adinventiones
1642 2251 1783 2303 sunt
1804 2245 2047 2302 humani
2068 2263 2150 2302 ar-

510 2335 694 2403 bitrii,
724 2336 786 2393 in
815 2336 1032 2409 quibus
1074 2333 1398 2408 saepissime
1444 2352 1548 2408 per
1592 2334 1881 2392 maleficia
1926 2334 2155 2392 falsitas

509 2424 708 2483 locum
736 2425 962 2483 obtinet
988 2424 1269 2491 veritatis,
1303 2427 1360 2480 et
1389 2424 1518 2480 ideo
1548 2425 1836 2480 credenda
1876 2441 2006 2481 esse
2037 2443 2153 2482 non

510 2514 862 2573 debent.Sed
892 2517 951 2571 et
978 2514 1049 2570 de
1076 2512 1422 2587 purgatione
1453 2512 1801 2570 sacramenti
1821 2513 1965 2587 quid
1989 2513 2155 2572 vobis

509 2604 795 2672 videatur,
829 2603 1001 2675 cujus
1029 2602 1395 2659 auctoritatis
1436 2601 1535 2669 sit,
1567 2602 1736 2659 nobis
1783 2603 2022 2659 rescribi
2053 2605 2154 2660 de-

511 2692 895 2767 poscimus,et
916 2695 1113 2748 utrum
1134 2708 1338 2748 verum
1364 2709 1492 2748 esse
1521 2690 1887 2766 qossit,quod
1909 2693 2150 2766 quidam

511 2781 736 2852 dicunt,
769 2780 910 2855 quia
939 2799 1043 2854 pro
1072 2786 1296 2838 secreta
1323 2779 1891 2855 confessione,quam
1918 2782 2048 2856 ipsa
2068 2783 2155 2840 fe-

510 2869 676 2928 mina
702 2870 857 2938 fecit,
890 2869 1043 2928 sicut
1071 2875 1129 2926 ct
1150 2869 1318 2927 testis
1346 2873 1438 2927 est
1465 2869 1565 2944 qui
1597 2868 1755 2926 illam
1788 2873 2154 2946 suscepit,vi-

509 2958 706 3017 carius
732 2958 920 3032 ipsius
942 2959 1001 3015 in
1015 2959 1309 3032 judicium
1329 2959 1526 3018 exiens
1549 2959 1814 3019 incoctus
1833 2963 2154 3020 evasit.Sed

511 3051 571 3104 et
598 3047 820 3117 dicunt,
853 3048 994 3123 quia
1024 3047 1269 3104 intentio
1313 3047 1477 3105 illius
1524 3049 1753 3106 feminae
1796 3050 1906 3108 fuit
1942 3052 2014 3109 de
2041 3052 2155 3110 alio

509 3137 775 3210 ejusdem
805 3136 1062 3194 nominis
1084 3137 1260 3194 fratre
1285 3140 1655 3211 suo,quando
1674 3139 1955 3196 vicarium
1979 3158 2154 3199 suum

511 3226 574 3283 in
598 3226 893 3298 judicium
925 3225 1104 3295 misit,
1135 3232 1194 3283 et
1221 3226 1436 3284 idcirco
1470 3245 1533 3286 se
1578 3229 1641 3285 in
1687 3230 1890 3287 eodem
1930 3230 2155 3302 judicio

515 3331 628 3371 non
669 3314 841 3371 coxit.
866 3314 1123 3383 Necnon,
1153 3319 1212 3371 et
1240 3314 1290 3372 si
1338 3315 1397 3371 in
1434 3315 1681 3388 judicio,
1710 3316 1802 3374 vel
1850 3317 1909 3375 in
1957 3335 2148 3377 sacra-
2179 3324 2224 3390 (ς

513 3409 732 3473 mento,
766 3403 927 3460 fraus
953 3421 1318 3478 quascunque
1346 3411 1574 3478 reperta
1604 3406 1777 3463 fuerit
1800 3424 1854 3480 p.
1876 3411 1932 3463 st
1952 3407 2150 3464 datam

510 3490 940 3566 purgationem,
973 3496 1170 3549 utrum
1215 3509 1394 3550 causa
1422 3493 1500 3550 .in
1539 3495 1788 3565 judicio,
1818 3497 1905 3553 vel
1954 3513 2152 3554 sacra-

508 3584 707 3638 mento
762 3585 1028 3655 purgata,
1088 3579 1146 3636 in
1196 3581 1491 3653 judicium
1549 3582 1760 3641 debeat
1814 3583 1998 3659 legale
2056 3602 2150 3642 re-

506 3670 664 3726 ducL

1117 3777 1537 3837 RESPONSIO.

573 3885 648 3941 At
674 3884 724 3942 si
755 3885 827 3942 de
856 3888 1060 3958 stupro
1089 3889 1150 3942 et
1176 3885 1391 3942 aborsu
1422 3890 1556 3943 ante
1575 3885 1787 3944 initum
1809 3887 2149 3962 eonjugium

505 3972 719 4048 agitur,
750 3975 825 4030 de
853 3973 1071 4048 quibus
1096 3974 1394 4048 praefatam
1417 3975 1696 4033 feminam
1719 3977 1975 4051 reputari
1996 3995 2149 4035 com-

506 4061 790 4135 perimus,
821 4063 1175 4119 veniendum
1205 4066 1295 4119 est
1314 4063 1480 4137 prius
1496 4065 1568 4122 ad
1589 4065 2037 4125 examinationis
2049 4068 2147 4140 ju-

507 4149 873 4223 dicium,quo
898 4164 1026 4206 eam
1058 4152 1225 4224 quasi
1257 4156 1566 4227 purgatam
1593 4155 1948 4225 audivimus,
1975 4160 2035 4213 et
2064 4157 2149 4214 sic

507 4238 747 4294 demum
781 4255 1070 4311 ponamus
1099 4256 1168 4296 ex
1191 4240 1324 4298 aliis
1354 4258 1482 4315 quae
1512 4244 1820 4314 sentimus,
1855 4248 1921 4300 ut
1948 4245 1996 4301 si
2026 4245 2150 4303 haec

507 4327 754 4384 fortasse
783 4330 912 4384 rata
936 4331 1029 4385 est
1069 4328 1335 4387 ducenda
1380 4332 1671 4403 purgatio,
1702 4332 1829 4390 sine
1877 4333 2148 4393 ulteriore

506 4413 704 4472 laboro
733 4414 976 4488 quaestio
995 4417 1455 4490 conquiescat,et
1475 4418 1524 4475 si
1546 4418 1712 4476 irrita
1729 4421 1961 4493 etjuste
1981 4424 2151 4480 ratio-

506 4502 777 4561 nabiliter
790 4504 966 4561 fuerit
979 4506 1359 4580 comprobata
1372 4507 1714 4580 quaestionis
1728 4508 1971 4584 pelagus
1991 4528 2148 4586 repe-

504 4594 876 4651 tamus.Nam
907 4593 1062 4651 sicut
1091 4595 1307 4653 Paulus
1337 4595 1480 4652 dicit
1512 4613 1525 4652 :
1560 4596 1716 4655 Fides
1740 4607 1820 4656 est
1844 4601 2146 4673 speranda-

2251 671 2376 738 Qua
2395 669 2466 725 de
2494 686 2557 726 re
2579 670 2648 725 ad
2674 667 3082 743 investiganda
3101 684 3168 725 ac
3192 665 3718 741 comprobanda,et
3735 664 3907 739 quasi

2251 758 2481 816 oculato
2509 757 2659 816 visui
2692 757 3097 831 praesentanda
3125 773 3255 830 quae
3285 754 3465 813 dubia
3490 754 3581 812 vel
3626 754 3904 825 obscura,

2253 866 2380 923 quae
2410 866 2479 906 ex
2508 847 2635 922 lege
2655 846 2972 921 judiciario
3002 846 3205 904 ordine
3248 845 3616 920 comprobari
3647 844 3739 901 vel
3769 861 3906 902 con-

2253 937 2405 994 vinci
2436 955 2552 994 non
2584 940 2852 1011 possunt,
2885 937 3003 994 duo
3033 935 3228 993 sanxit
3256 933 3906 1007 auctoritas,judicium

2255 1025 2500 1094 scilicet,
2522 1029 2581 1083 et
2590 1027 3020 1099 juramentum,
3034 1024 3190 1098 quod
3212 1024 3431 1081 usitato
3452 1022 3693 1080 nomine
3716 1020 3909 1097 appel-

2255 1116 2411 1173 latur
2437 1119 2496 1173 et
2523 1118 2982 1186 sacramentum,
3014 1112 3154 1189 quia
3176 1112 3237 1170 in
3266 1130 3334 1170 eo
3366 1111 3511 1170 illud
3542 1111 3734 1170 oculis
3774 1112 3907 1170 fidei

2256 1206 2608 1280 pervidetur,
2638 1205 2795 1280 quod
2826 1202 3087 1279 corporis
3115 1201 3303 1261 oculis
3336 1219 3451 1260 non
3480 1202 3870 1277 conspicitur.

2328 1297 2409 1353 De
2430 1295 2655 1368 judicio
2684 1293 2978 1369 siquidem
3015 1293 3076 1350 in
3124 1292 3274 1350 libro
3323 1291 3563 1350 Numeri
3614 1293 3905 1366 scriptum

2257 1389 2347 1442 est
2375 1386 2558 1460 (Num.
2590 1403 2646 1456 v,
2681 1384 2767 1458 12)
2800 1401 2814 1441 :
2849 1385 3078 1441 Locutus
3117 1390 3200 1441 est
3239 1383 3506 1440 Dominus
3548 1382 3623 1440 ad
3669 1381 3906 1456 logsen,

2256 1475 2444 1532 dicens
2474 1493 2494 1532 :
2525 1476 2762 1550 Loquere
2789 1473 2861 1530 ad
2887 1474 3032 1547 ﬁlios
3069 1473 3258 1545 Israel,
3289 1480 3342 1529 et
3369 1470 3516 1529 dices
3543 1471 3617 1528 ad
3643 1487 3736 1529 eos
3764 1490 3787 1528 :
3819 1472 3911 1529 Vir

2257 1566 2416 1639 cujus
2465 1581 2609 1622 uxor
2651 1564 2934 1633 erraverit,
2972 1564 3340 1636 maritumque
3390 1569 3740 1619 contemnens
3785 1561 3910 1619 dor-

2255 1657 2445 1712 mierit
2470 1671 2596 1711 cum
2620 1654 2790 1711 altero
2836 1654 2975 1721 viro,
3006 1658 3060 1710 et
3086 1651 3186 1709 hoc
3227 1651 3466 1709 maritus
3512 1650 3913 1725 deprehendere

2258 1761 2371 1800 non
2397 1744 2653 1817 quiverit,
2683 1741 2776 1799 sed
2805 1742 2935 1798 uitet
2979 1740 3338 1809 adulterium,
3366 1747 3419 1797 et
3465 1738 3696 1797 testibus
3744 1740 3912 1810 argui

2258 1850 2370 1891 non
2394 1841 2582 1907 potest,
2613 1833 2747 1906 quia
2775 1847 2888 1888 non
2915 1838 2997 1888 est
3021 1831 3242 1887 inventa
3271 1830 3334 1886 in
3359 1835 3544 1902 stupro
3565 1843 3587 1884 :
3606 1829 3662 1885 si
3678 1828 3911 1903 spiritus

2183 1953 2232 2019 Β
2260 1923 2547 1996 zelotypiaz
2593 1922 2944 1978 concitaverit
2995 1920 3181 1976 virum
3431 1924 3623 1974 contra
3687 1934 3913 1975 acorem

2259 2029 2437 2079 suam,
2469 2028 2594 2085 quae
2621 2011 2707 2067 vet
2730 2011 2941 2084 polluta
2969 2009 3163 2077 est,vet
3179 2007 3330 2082 falsa
3352 2009 3667 2080 suspicione
3696 2010 3911 2081 appeti-

2262 2110 2371 2159 tur.
2397 2102 2468 2157 Et
2486 2104 2619 2174 post
2647 2102 3050 2172 computatum
3074 2096 3369 2171 judicium
3391 2097 3463 2154 ad
3486 2096 3645 2170 quod
3669 2095 3912 2170 proinde

2259 2188 2413 2246 exire
2443 2189 2671 2260 debeat,
2705 2188 2868 2245 addit
2900 2204 2914 2244 :
2949 2186 3098 2257 Quod
3125 2187 3178 2243 si
3199 2186 3415 2260 polluta
3438 2201 3553 2242 non
3578 2187 3778 2258 fuerit,
3810 2188 3913 2243 erit

2260 2280 2531 2349 innoxia;
2559 2286 2611 2335 et
2637 2280 2690 2335 si
2716 2278 2926 2350 polluta
2974 2279 3194 2334 inventa
3232 2276 3424 2349 fuerit,
3449 2277 3692 2332 maritus
3714 2275 3913 2348 absque

2260 2369 2427 2441 culpa
2453 2368 2637 2437 erit,“
2657 2367 2759 2423 illa
2785 2367 3012 2439 recipiet
3040 2366 3393 2439 iniquitatem
3417 2380 3578 2421 suam
3601 2363 3907 2438 (ibid.,%).

2260 2457 2342 2514 De
2363 2457 2702 2530 juramento
2732 2457 2927 2513 autem
2957 2453 3046 2512 vel
3093 2456 3479 2522 sacramento,
3512 2453 3587 2509 ad
3634 2452 3907 2511 Hebraeos

2263 2544 2478 2603 Paulus
2500 2545 2644 2603 dicit
2672 2544 2972 2619 apostolus
3005 2560 3017 2601 :
3049 2543 3286 2602 Abrahae
3310 2559 3547 2616 namque
3584 2546 3908 2616 promittens

2260 2639 2424 2704 Deus,
2471 2637 2734 2709 quoniam
2784 2635 3060 2692 nemmem
3103 2632 3299 2690 habuit
3320 2640 3439 2705 'per
3480 2648 3646 2705 quem
3691 2634 3912 2706 juraret

2260 2727 2542 2799 majorem,
2564 2725 2781 2798 juravit
2812 2740 2912 2797 per
2954 2723 3318 2795 semetipsum.
3349 2723 3608 2778 Homines
3634 2723 3793 2779 enim
3816 2738 3913 2796 per

2259 2815 2526 2888 majorem
2576 2815 2668 2870 sui
2711 2813 2929 2887 jurant,
2958 2819 3013 2869 et
3063 2812 3239 2869 omnis
3281 2813 3673 2870 controversia:
3724 2828 3913 2869 eorum

2261 2905 2390 2977 finis
2415 2903 2488 2960 ad
2511 2904 2980 2976 conﬁrmationem
3011 2908 3092 2958 est
3107 2901 3491 2975 juramentum
3517 2903 3672 2970 (Heb.
3704 2902 3908 2972 vi,15).

2262 2992 2474 3050 Junior
2490 3008 2722 3066 quoque
2742 3008 2895 3066 papa
2915 2989 3228 3065 Gregorius
3248 2988 3737 3062 perDenualdum
3750 3007 3911 3064 pres~

2263 3081 2531 3156 byterum
2561 3080 2858 3138 Bouifacio
2876 3079 3146 3154 episcopo
3166 3077 3406 3152 scripsit
3426 3078 3636 3153 (epistJ
3649 3080 3674 3134 1
3686 3080 3906 3153 ,mp.3):

2265 3194 2295 3221 ‹‹
2321 3170 2642 3245 Presbyter,
2656 3168 3052 3243 inquiens,vel
3077 3166 3324 3242 quilibet
3343 3168 3617 3225 sacerdos
3636 3185 3673 3226 a
3696 3167 3911 3243 populo

2265 3263 2598 3331 accusatus,
2629 3259 2680 3317 si
2711 3259 2851 3316 certi
2883 3275 2997 3316 non
3030 3256 3248 3315 fuerint
3275 3260 3478 3326 testes,
3510 3256 3611 3330 qui
3643 3256 3912 3315 criminis

2260 3347 2407 3406 illati
2435 3349 2759 3424 approbent
2784 3348 3108 3417 veritatem,
3129 3346 3553 3420 jusjurandum
3572 3345 3686 3402 erit
3707 3346 3770 3404 in
3790 3363 3912 3404 me-

2259 3439 2378 3507 dio,
2411 3443 2471 3496 et
2496 3439 2665 3496 illum
2712 3442 2924 3497 testem
2972 3436 3227 3512 proferat
3272 3434 3345 3492 de
3394 3435 3746 3493 innocentia
3794 3454 3910 3494 sua

2260 3527 2532 3601 puritate,
2566 3528 2661 3584 cui
2712 3529 2872 3585 nuda
2916 3530 2974 3584 et
3016 3529 3218 3600 aperta
3265 3527 3406 3582 sunt
3451 3525 3674 3592 omnia,
3708 3525 3911 3600 sicque

2260 3621 2496 3674 maneat
2524 3617 2583 3674 in
2614 3616 2848 3692 proprio
2875 3615 3080 3691 gradu.
3111 3636 3139 3665 ››
3161 3615 3297 3682 Qua:
3318 3613 3672 3671 sacramenti
3702 3630 3914 3690 purga-

2259 3706 2342 3763 tio
2372 3711 2431 3764 et
2456 3705 2518 3763 in
2550 3704 2982 3774 ecclesiasticis,
3006 3708 3066 3762 et
3088 3703 3149 3760 in
3170 3702 3384 3761 exteris
3400 3701 3635 3777 legibus
3652 3702 3914 3762 usitatis-

2258 3794 2432 3868 sima,
2453 3800 2513 3852 et
2535 3795 2607 3852 de
2628 3795 2763 3852 ﬁdei
2782 3792 3025 3851 veritate
3041 3792 3220 3850 etiam
3245 3807 3282 3848 a
3298 3790 3509 3865 primis
3528 3791 3766 3850 saeculis
3784 3808 3913 3850 esse

2257 3889 2490 3942 constat
2534 3887 2750 3942 exorta.
2792 3883 2956 3940 Unde
3004 3879 3236 3940 silentio
3282 3884 3628 3938 venerantes
3669 3897 3803 3955 qua:
3850 3880 3908 3938 in

2254 3973 2448 4031 Veteri
2477 3974 2624 4031 etin
2665 3974 2820 4031 Novo
2865 3973 3239 4030 Testamento
3288 3973 3348 4026 et
3392 3969 3466 4027 ab
3513 3969 3647 4043 ipsa
3692 3969 3912 4031 dicitur

2256 4062 2499 4132 Deitate,
2532 4067 2616 4132 ut,
2648 4066 2756 4120 Per
2799 4062 3173 4134 memetipsum
3206 4060 3421 4132 iuravi,
3460 4058 3597 4115 dicit
3641 4061 3910 4116 Dominus

2254 4152 2411 4222 (Gen.
2442 4170 2578 4221 xm,
2614 4153 2723 4220 16).
2756 4152 2845 4219 Et,
2874 4151 3093 4207 Iuravit
3117 4149 3403 4216 Dominus,
3435 4155 3489 4205 et
3518 4164 3632 4205 non
3674 4150 3907 4221 panite-

2258 4240 2337 4297 bit
2359 4258 2486 4298 eum
2511 4242 2682 4311 (Psal.
2711 4257 2820 4308 cxx,
2854 4239 2928 4312 4),
2961 4243 3019 4296 et
3045 4237 3217 4312 plura
3247 4235 3382 4293 alia.
3410 4236 3502 4303 Et,
3525 4236 3718 4305 Amen,
3750 4254 3905 4295 mnes

2253 4329 2375 4388 dico
2422 4330 2588 4388 vobis.
2623 4329 2871 4386 Multum
2922 4326 3141 4402 quippe
3195 4325 3569 4383 csmmendat
3614 4326 3906 4384 Dominus

2255 4417 2413 4491 quod
2440 4417 2522 4475 ita
2552 4415 2910 4491 pronuntiat,
2943 4415 3083 4488 quia
3112 4414 3572 4488 quodammodo,
3594 4413 3647 4472 si
3669 4414 3789 4472 dici
3820 4416 3904 4473 fas

2255 4511 2365 4575 est,
2385 4505 2607 4580 juratio
2635 4507 2764 4578 ejus
2795 4508 2904 4574 est,
2936 4504 3105 4562 Amen
3148 4505 3269 4561 dico
3316 4503 3483 4561 vobis.
3511 4504 3701 4560 Amen
3749 4505 3905 4562 enim

2255 4596 2671 4668 interpretatur
2697 4610 2921 4661 verum,
2949 4596 3006 4650 et
3034 4597 3229 4651 tamen
3259 4609 3374 4649 non
3415 4595 3506 4649 est
3552 4589 3902 4668 interpreta-

504 4699 629 4739 rum
654 4685 959 4741 substantia
986 4700 1191 4753 rerum,
1225 4693 1616 4759 argumentum
1630 4703 1743 4743 non
1760 4693 2143 4762 apparentium
2178 4694 2227 4760 D
2256 4690 2404 4742 tum.
2439 4685 2584 4741 Cum
2632 4684 2919 4757 potuisset
2974 4682 3110 4752 diei,
3158 4698 3349 4739 verum
3403 4681 3525 4738 dico
3570 4684 3748 4752 vobis,
3801 4700 3904 4741 nec

502 4771 653 4844 (Πρὸ.
684 4789 763 4840 x1,
789 4771 862 4845 1).
896 4773 1055 4841 Quod
1086 4774 1324 4847 exponit
1350 4773 1604 4832 Joannes
1623 4775 2149 4852 Constantinopoli-

500 4865 679 4918 tanus
711 4879 726 4919 :
758 4885 789 4913 ‹‹
821 4862 1129 4935 Quoniam,
1160 4862 1454 4937 inquiens,
1470 4880 1540 4921 ea
1556 4881 1686 4938 quae
1707 4882 1823 4922 non
1852 4866 2142 4939 videntur,

501 4954 563 5008 et
589 4954 730 5007 sunt
757 4950 817 5008 in
849 4967 972 5025 spe,
1003 4951 1132 5009 sine
1160 4952 1494 5009 substantia
1534 4969 1663 5011 esse
1708 4958 2008 5028 putantur,
2042 4959 2142 5016 sed

501 5038 649 5096 fides
677 5040 763 5098 eis
794 5039 999 5098 tribuit
1028 5040 1621 5099 substantiam.Sicut
1640 5044 1984 5103 resurrectio
2007 5063 2147 5103 non-

502 5127 644 5182 dum
667 5128 820 5186 facta
836 5133 947 5196 est,
969 5134 1028 5186 et
1054 5131 1304 5187 necdum
1326 5136 1415 5187 est
1437 5131 1495 5186 in
1516 5132 1974 5205 substantia,sed
2000 5136 2144 5193 fides

500 5219 670 5272 certa
698 5217 822 5290 spei
843 5217 981 5274 facit
999 5236 1127 5275 eam
1150 5219 1471 5276 subsistere
1492 5219 1548 5275 in
1573 5221 1770 5278 anima
1789 5225 2143 5296 nostra,qua:

499 5312 935 5377 argumentum,
968 5309 1024 5365 id
1058 5313 1148 5365 est
1175 5310 1461 5377 conjectio
1491 5315 1579 5367 est
1608 5329 1810 5369 eorum
1855 5330 1982 5385 quae
2026 5331 2142 5370 non

497 5392 789 5451 videntur.
824 5419 852 5446 ››
878 5396 1172 5468 Conjeetio
1199 5399 1419 5473 quippe
1438 5405 1526 5456 est
1548 5399 1607 5456 in
1630 5401 1804 5458 rebus
1823 5402 2143 5460 admodum

499 5481 847 5539 manifestis.
877 5486 1046 5543 Fides
1076 5486 1257 5560 igitur
1286 5488 1432 5544 visio
1462 5493 1552 5545 est
1574 5507 1689 5546 non
1711 5489 2140 5563 apparentium,

500 5586 627 5642 qua:
659 5570 730 5625 ad
757 5574 1021 5630 eamdem
1054 5576 1511 5634 satisfactionem
1540 5578 1805 5647 ducit,ad
1839 5596 2015 5651 quam
2044 5579 2145 5637 illa

498 5656 676 5714 etiam
706 5674 834 5730 quo:
859 5661 1129 5720 videntur
1161 5681 1177 5720 :
1211 5683 1399 5740 neque
1431 5667 1577 5723 fides
1623 5666 1738 5724 dici
1786 5672 1995 5740 potest,
2028 5668 2142 5727 nisi

2255 4775 2491 4833 Grtecus
2518 4773 2628 4830 hoc
2657 4773 2942 4847 interpres
2962 4789 3147 4831 ausus
3165 4775 3257 4829 est
3275 4771 3483 4839 facere,
3501 4787 3607 4828 nec
3631 4772 3899 4830 Latinus.

2254 4864 2350 4921 Sic
2406 4862 2644 4930 mansit,
2675 4879 2791 4918 non
2847 4867 2937 4920 est
2988 4861 3456 4935 interpretatum,
3504 4863 3572 4918 ut
3617 4859 3900 4919 honorem

2252 4952 2495 5009 haberet
2521 4951 2846 5008 velamento
2878 4949 3106 5019 secreti,
3139 4967 3255 5008 non
3286 4953 3352 5006 ut
3394 4953 3550 5007 esset
3598 4956 3897 5024 negatum,

2252 5042 2355 5098 sed
2387 5058 2461 5098 ne
2489 5039 2788 5097 vilesceret
2815 5040 3124 5097 nudatum.
3149 5039 3334 5114 Igitur
3359 5054 3562 5096 verum
3585 5038 3720 5096 dico
3739 5039 3900 5096 vobis

2250 5129 2480 5187 Veritas
2509 5129 2671 5201 dicit,
2702 5146 2831 5203 qua:
2861 5129 3064 5204 utique
3091 5127 3202 5187 etsi
3231 5144 3348 5185 non
3391 5126 3631 5197 diceret,
3665 5127 3897 5185 mentiri

2251 5219 2491 5276 omnino
2535 5237 2650 5276 non
2702 5223 2916 5292 posset,
2950 5222 3146 5276 tamen
3193 5217 3588 5285 commendat,
3619 5216 3892 5284 inculcat,

2250 5308 2608 5365 dormientes
2619 5309 3050 5382 quodammodo
3070 5307 3561 5376 excitat,intentos
3582 5305 3742 5373 facit,
3755 5322 3889 5363 cou-

2250 5396 2433 5454 temni
2462 5414 2577 5454 non
2606 5396 2749 5454 vult.
2783 5398 2894 5455 Sed
2923 5402 2981 5455 et
3008 5396 3303 5454 Abraham
3334 5396 3407 5453 ad
3438 5411 3675 5452 servum
3719 5410 3889 5452 suum

2251 5486 2433 5543 dixit:
2456 5490 2620 5557 Pone,
2646 5486 2938 5560 inquiens,
2965 5504 3195 5544 manum
3222 5494 3375 5543 tuam
3400 5485 3500 5542 sub
3522 5488 3730 5558 feruore
3752 5500 3887 5551 meo,

2248 5586 2299 5634 et
2317 5578 2452 5650 jura
2482 5578 2623 5633 mihi
2639 5593 2739 5649 per
2766 5578 2934 5633 Deum
2961 5578 3087 5633 αι’ιί
3112 5577 3267 5647 (Gen.
3298 5592 3450 5642 xxrv,
3481 5577 3562 5643 2).
3598 5575 3667 5630 Et
3695 5590 3793 5630 rex
3818 5571 3887 5630 ad

2248 5667 2564 5735 Abraham,
2583 5668 2721 5723 Jura
2751 5666 2893 5722 mihi
2919 5683 3021 5740 per
3048 5668 3293 5732 Deum,et
3324 5664 3601 5721 Abraham
3627 5665 3711 5720 ait
3738 5681 3757 5718 :
3786 5662 3888 5733 Ego

500 5763 635 5804 cum
665 5745 819 5805 circa
837 5765 1051 5824 eaquae
1072 5769 1186 5809 non
1210 5752 1499 5821 videntur,
1513 5754 1769 5829 amplius
1789 5774 1967 5831 quam
1986 5758 2141 5817 circa
2241 5756 2444 5830 jurabo
2468 5755 2618 5827 (Gen.
2652 5772 2765 5823 xxi,
2795 5757 2909 5827 23).
2942 5755 3011 5813 Et
3039 5756 3199 5814 Isaac
3228 5757 3405 5826 atque
3435 5770 3535 5812 rex
3562 5748 3884 5810 Abimelech
