4148 6480
264 455 377 520 661

1184 464 1285 526 DE
1331 464 1702 530 DIVORTIO
1746 469 2117 532 LOTHARlI
2161 472 2262 534 ΕΤ
2307 473 2766 536 ΤΕΤΒΕΒϐιλΕ.

3556 473 3676 535 662

265 590 379 650 sibi
406 596 611 650 mutuo
638 592 980 667 juraverunt
1012 594 1216 668 (Genes.
1247 602 1421 669 xxvx).
1455 600 1525 656 Et
1555 600 1614 656 in
1645 601 1918 670 Jeremia,
1948 606 2003 674 Α
2033 622 2145 678 que
2178 606 2572 663 consentiunt.
2606 607 2676 663 Et
2722 606 2783 662 in
2838 606 3113 665 Zacharia
3170 606 3452 682 propheta
3483 624 3496 665 :
3533 607 3679 677 Quia

264 685 377 754 Ego
396 684 593 755 juraui
644 686 704 740 in
749 687 975 742 nomine
1000 704 1117 743 meo
1144 705 1359 760 magno,
1389 692 1471 746 ait
1495 692 1758 748 Dominus
1787 695 1916 764 (Jer.

263 791 415 842 κων,
435 774 550 843 26).
573 774 644 829 Et
660 774 839 830 David
858 778 1080 832 :Juravi
1097 785 1149 833 et
1168 781 1338 834 statui
1358 780 1527 851 (Psal.
1553 797 1745 849 cxvm,
1774 762 1918 851 1-06).

264 862 411 919 Etin
435 863 592 918 Novo
624 864 999 921 Testamento
1029 865 1280 939 legimus
1311 868 1529 924 dixisse
1560 869 1915 941 apostolum:

269 954 435 1009 Testis
489 962 568 1009 est
624 953 768 1008 mihi
823 956 964 1011 Deus
1021 955 1192 1028 (Rom.
1228 974 1265 1026 ι,
1299 958 1376 1026 9).
1411 959 1482 1013 Et
1516 975 1528 1014 :
1562 960 1691 1015 Ecce
1739 977 1924 1015 coram

263 1045 370 1099 Deo
429 1044 565 1115 quia
620 1059 731 1098 non
790 1046 1026 1099 mentior
1063 1045 1259 1114 (Galat.
1294 1065 1333 1115 1,
1365 1049 1476 1114 20).
1512 1049 1583 1103 Et
1616 1064 1628 1101 :
1665 1050 1923 1122 Quotidie

263 1132 494 1199 morior,
524 1147 626 1202 per
666 1139 901 1187 vestram
947 1134 1200 1204 gloriam,
1231 1138 1433 1207 fratres
1454 1139 1501 1206 (1
1531 1138 1651 1193 Cor.
1683 1155 1775 1205 xv,
1807 1138 1917 1210 31).

264 1220 336 1275 Et
365 1218 427 1275 in
460 1218 725 1292 epistolis
758 1220 971 1277 Leonis
1010 1227 1182 1295 atque
1214 1224 1490 1296 Gregorii,
1526 1225 1662 1280 hinc
1693 1226 1793 1297 qui
1824 1244 1920 1281 vo-

264 1308 445 1365 luerit
475 1326 734 1381 quterere
765 1310 1139 1367 abundanter
1166 1311 1742 1381 inveniet.Quantum
1765 1314 1924 1370 deni-

265 1416 383 1471 que
401 1396 779 1470 injuratione
807 1401 1132 1472 perjurium
1163 1401 1240 1457 sit
1269 1405 1613 1472 cavendum,
1637 1405 1921 1461 Dominus

265 1487 639 1543 demonstrat
670 1487 728 1542 in
759 1488 950 1544 Exodo
982 1488 1183 1546 dicens
1214 1508 1227 1545 :
1260 1492 1378 1547 Non
1433 1510 1682 1548 assumas
1726 1509 1924 1549 nomen

250 1577 493 1637 Domini
519 1579 621 1633 Dei
647 1578 731 1632 tui
759 1579 817 1633 in
849 1595 1050 1634 vanum
1073 1598 1091 1634 :
1111 1597 1210 1636 nec
1234 1584 1384 1636 enim
1414 1585 1679 1637 insmztem
1709 1583 1925 1638 habebit

263 1667 536 1722 Dominus
561 1682 685 1722 eum
714 1668 812 1739 qui
841 1672 1192 1740 assumpserit
1220 1687 1417 1726 nomen
1462 1673 1685 1726 Domini
1709 1674 1807 1727 Dei
1831 1674 1924 1727 sui

261 1757 481 1829 frustra
525 1756 719 1825 (Exod.
769 1773 861 1822 xx,
910 1758 986 1829 7).
1041 1758 1103 1812 In
1151 1776 1365 1814 vanum
1415 1760 1631 1833 quippe
1684 1764 1743 1815 et
1802 1761 1920 1816 fru-

264 1848 414 1911 stra,
438 1861 554 1900 non
587 1848 654 1900 ut
683 1844 829 1900 nihil
861 1844 956 1913 sit,
993 1848 1094 1902 sed
1130 1850 1190 1902 ut
1220 1848 1270 1902 ei
1304 1848 1405 1920 qui
1433 1866 1645 1905 nomen
1689 1849 1920 1905 Domini

264 1935 373 1991 Dei
406 1934 500 1990 sui
534 1934 595 1989 in
623 1951 841 1990 vanum
868 1938 925 1991 et
953 1936 1175 1992 frustra
1219 1937 1526 2009 acceperit,
1555 1938 1823 1993 nocivum
1856 1942 1922 1992 ut

263 2021 541 2079 criminis
572 2039 669 2078 reo
701 2023 797 2078 sit.
833 2023 976 2079 Item
1008 2024 1067 2079 in
1101 2025 1351 2087 Levitico
1401 2026 1684 2082 Dominus
1731 2026 1873 2082 dicit
1907 2043 1920 2081 :

261 2106 409 2169 Non
444 2113 762 2184 perjurabis
821 2115 883 2168 in
926 2115 1147 2169 nomine
1201 2130 1338 2181 meo,
1370 2130 1467 2169 nec
1492 2116 1702 2186 pollues
1728 2132 1923 2170 nomen

261 2202 496 2258 Domini
565 2203 666 2257 Dei
730 2203 832 2257 tui.
866 2203 977 2271 Ego
1052 2204 1313 2258 Dominus
1393 2205 1580 2271 (Leuit.
1641 2222 1752 2273 nx,
1814 2203 1921 2275 12).

262 2292 340 2347 Et
375 2295 621 2347 sanctus
678 2290 856 2347 David
903 2291 962 2346 in
1007 2290 1234 2363 psalmo
1269 2309 1281 2347 :
1315 2293 1421 2362 Qui
1463 2294 1622 2364 jurat
1673 2295 1925 2365 proximo

262 2397 390 2447 suo,
452 2387 507 2436 et
560 2395 672 2436 non
744 2380 944 2451 decipit
1008 2381 1177 2450 (Psal.
1232 2398 1344 2447 xxv,
1405 2382 1478 2450 4).
1541 2382 1749 2438 Jurare
1814 2386 1925 2449 est,

267 2471 422 2527 601
461 2468 656 2541 inquit
685 2468 1085 2537 Cassiodorus,
1122 2469 1451 2537 hominum,
1479 2471 1587 2526 sub
1621 2471 1929 2526 testatione

266 2558 474 2614 divina
515 2556 738 2630 aliquid
799 2557 1077 2630 polliceri.
1111 2558 1318 2614 Jurare
1366 2559 1521 2614 enim
1562 2560 1784 2614 dictum
1816 2563 1926 2627 est,

266 2646 446 2721 quasi
470 2647 608 2719 jure
641 2663 824 2716 orare,
860 2647 918 2702 id
968 2650 1058 2703 est
1096 2647 1258 2719 juste
1317 2646 1495 2719 loqui.
1530 2649 1692 2702 ’l‘unc
1734 2651 1928 2703 autem

267 2737 577 2811 quispiam
599 2737 761 2809 juste
807 2734 1088 2807 loquitur,
1121 2738 1356 2808 quando
1386 2754 1453 2791 ea
1484 2754 1609 2808 qum
1639 2736 1930 2809 promittit

268 2826 620 2899 implentur.
654 2826 723 2880 Et
752 2829 993 2880 sanctus
1022 2825 1366 2881 Ambrosius
1387 2825 1446 2879 in
1477 2825 1725 2897 epistola
1753 2824 1926 2897 (epist.

266 2915 364 2987 30)
395 2915 470 2970 ad
502 2912 982 2969 Valentinianum
1005 2912 1417 2985 imperatorem
1444 2930 1456 2967 :
1491 2936 1516 2963 ‹‹
1543 2913 1689 2979 Quid
1721 2917 1809 2969 est
1840 2913 1928 2985 iu-

269 3021 425 3069 rare,
451 3002 567 3059 nisi
593 3002 722 3074 ejus
747 3018 921 3073 qucm
947 3002 1181 3057 testaris
1216 3002 1347 3057 ﬁdei
1370 3006 1482 3057 tuac
1505 3001 1812 3074 praesulem
1843 3001 1928 3055 di-

270 3093 478 3148 vinam
540 3090 863 3164 potentiam
922 3090 1287 3145 confiteri?»
1320 3092 1392 3145 Et
1440 3091 1577 3145 item
1627 3090 1841 3145 dicitur
1874 3090 1931 3145 in

271 3183 509 3259 psalmo
537 3198 549 3236 :
577 3182 680 3236 Nec
692 3181 907 3252 juravit
930 3183 986 3235 in
1018 3179 1139 3235 dolo
1165 3182 1416 3252 pra-rimo
1444 3197 1540 3235 suo
1572 3181 1738 3248 (Psal.
1771 3197 1931 3248 xqu,

272 3272 352 3345 4).
379 3272 490 3328 Per
510 3269 713 3326 dolum
752 3270 946 3342 itaque
980 3270 1146 3340 jurat
1176 3268 1445 3340 quisquis
1479 3268 1645 3323 aliter
1675 3269 1933 3324 facturus

2030 699 2208 751 omnis
2235 700 2352 769 fur,
2383 699 2524 753 sicut
2547 698 2627 753 ibi
2643 699 2910 769 scriptum
2935 704 3032 765 est,
3056 697 3419 769 judicabitur,
3433 705 3486 754 et
3499 698 3677 755 omnis

2022 785 2223 855 jurans
2272 803 2340 841 ea:
2388 788 2484 841 hoc
2530 787 2790 842 similiter
2835 786 3200 858 judicabitur.
3232 787 3472 841 Edueam
3511 780 3672 853 illud,

2031 873 2166 929 dicit
2194 877 2456 931 Dominus
2490 878 2849 942 exercituum,
2881 884 2933 932 et
2960 878 3135 931 veniet
3167 876 3235 931 ad
3262 875 3479 931 domum
3505 877 3670 947 furis,

2029 973 2080 1021 et
2107 966 2177 1020 ad
2204 965 2425 1021 domum
2461 967 2706 1036 jurantis
2738 967 2792 1020 in
2824 966 3045 1021 nomine
3085 980 3202 1020 meo
3248 963 3599 1031 mendaciter,
3624 972 3676 1020 et

2030 1055 2456 1110 commorabitur
2484 1057 2542 1109 in
2580 1055 2757 1110 medio
2804 1055 2942 1127 ejus,
2975 1062 3026 1111 et
3047 1061 3320 1110 consumet
3348 1069 3492 1120 eum,
3524 1060 3576 1108 et
3604 1053 3674 1107 li-

2030 1161 2143 1213 gna
2165 1146 2301 1216 ejus,
2335 1152 2384 1200 et
2417 1145 2623 1215 lapides
2652 1145 2767 1216 ejus
2798 1145 2981 1212 (Zach.
3011 1161 3067 1210 v,
3089 1143 3164 1215 3).
3195 1143 3267 1198 Et
3293 1141 3352 1196 in
3378 1139 3677 1197 Ezechiele

2033 1232 2315 1305 propheta
2347 1250 2360 1287 :
2400 1234 2521 1289 Vivo
2565 1250 2680 1302 ego,
2711 1233 2846 1287 dicit
2880 1234 3160 1299 Dominus,
3196 1232 3460 1302 quoniam
3483 1231 3543 1285 in.
3566 1230 3679 1285 loco

2032 1322 2195 1388 regis,
2215 1322 2314 1390 qui
2343 1322 2621 1375 constituit
2644 1336 2770 1375 eum
2800 1336 2997 1388 regem,
3022 1319 3176 1391 cujus
3203 1320 3334 1390 fecit
3366 1320 3591 1373 irritum
3598 1317 3668 1388 ju

2030 1416 2360 1474 ramentum,
2393 1416 2443 1463 et
2469 1409 2629 1463 solvit
2657 1414 2877 1479 pactum
2924 1407 3063 1479 quod
3104 1406 3333 1462 habebat
3357 1423 3484 1461 cum
3508 1422 3589 1473 eo,
3622 1406 3683 1460 in

2029 1496 2207 1552 medio
2240 1496 2538 1569 Babylonis
2576 1499 2845 1552 morietur
2873 1498 3085 1566 (Ezech.
3117 1514 3254 1565 xvn,
3291 1494 3399 1567 16).
3432 1496 3678 1567 Spreve-

2031 1584 2512 1657 ratenim,inquit
2527 1584 3678 1657 llieronymus,Sedechiasjuramentum,

2033 1678 2099 1728 ut
2128 1673 2374 1729 solveret
2420 1675 2628 1742 fmdus,
2663 1679 2721 1729 et
2748 1691 2883 1729 cum
2932 1672 3130 1730 omnia
3158 1673 3279 1728 haec
3309 1673 3527 1739 fecerit,
3563 1688 3678 1726 non

2031 1763 2325 1835 effugiet.»
2347 1765 2417 1819 Et
2436 1764 2577 1819 item
2609 1764 3015 1836 Hieronymus,
3041 1785 3068 1812 ‹‹
3093 1763 3257 1832 Ecce,
3280 1760 3493 1833 inquit,
3518 1758 3679 1815 dedit

2033 1868 2275 1907 manum
2297 1869 2466 1908 suam
2490 1852 2609 1924 regi
2633 1851 2879 1924 Egypti,
2904 1856 2963 1907 et
2993 1849 3231 1907 tradidit
3251 1866 3333 1916 se,
3358 1852 3415 1904 et
3434 1847 3674 1921 perjurii

2032 1945 2235 1996 contra
2266 1941 2450 1996 Deum
2481 1939 2776 1996 commisit
2804 1938 3195 2012 sacrilegium.
3224 1960 3252 1987 »
3284 1938 3353 1993 Et
3377 1936 3515 1992 hinc
3534 1934 3676 1990 item

2032 2029 2420 2102 Hieronymus
2436 2047 2448 2085 :
2466 2053 2490 2079 ‹‹
2507 2031 2589 2085 Ne
2601 2033 2941 2102 putaremus
2946 2029 3371 2101 juramentum,
3392 2030 3450 2081 et
3465 2025 3674 2095 foedus,

2034 2123 2090 2173 et
2111 2123 2346 2191 pactum
2373 2119 2525 2191 regis
2547 2136 2675 2174 esse
2695 2117 3016 2191 Babylonii,
3034 2116 3122 2172 vel
3145 2113 3436 2172 Sedechiac
3460 2113 3558 2185 qui
3593 2112 3677 2167 fe-

2035 2212 2210 2277 cerat,
2235 2208 2502 2280 sequitur
2527 2225 2538 2263 :
2564 2208 2625 2262 in
2646 2206 3117 2280 praevaricatione
3144 2221 3260 2276 qua
3281 2201 3544 2275 despexit
3562 2218 3676 2256 me.

2034 2298 2183 2369 Ergo
2207 2297 2304 2369 qui
2328 2296 2652 2352 contemnit
2671 2296 3096 2367 juramentum,
3121 2292 3289 2347 illum
3315 2289 3561 2363 despicit
3580 2306 3683 2361 per

2037 2403 2212 2457 quem
2237 2388 2475 2458 juravit,
2511 2384 2713 2457 illique
2744 2385 2882 2440 facit
2910 2383 3211 2455 injuriam,
3244 2383 3414 2453 cujus
3457 2377 3683 2435 nomini

2038 2474 2285 2549 credidit
2312 2474 2702 2530 adversarius.
2737 2472 3030 2545 Quidquid
3063 2472 3245 2545 igitur
3275 2473 3480 2525 contra
3508 2469 3682 2524 Sede-

2039 2563 2231 2620 chiam
2283 2565 2439 2620 602
2488 2563 2622 2619 fecit
2678 2562 3212 2619 Nabuchodonosor
3259 2560 3346 2631 (IV
3374 2560 3496 2629 Reg.
3528 2559 3680 2625 xxv),

2039 2671 2152 2709 non
2178 2653 2301 2709 suis
2324 2653 2457 2708 fecit
2482 2653 2728 2719 viribus,
2751 2654 2849 2707 sed
2884 2651 2970 2707 ira
2998 2651 3122 2720 Dei,
3156 2648 3214 2704 in
3246 2650 3416 2719 cujus
3448 2645 3685 2702 nomine

2039 2745 2227 2800 fuerat
2242 2745 2361 2815 perj
2373 2742 2798 2815 uratus.Legim
2810 2759 2876 2797 us
2889 2741 3045 2796 enim
3061 2736 3405 2796 Sedechiam
3418 2740 3679 2808 captum,

2038 2834 2281 2889 ductum
2313 2833 2372 2886 in
2405 2831 2665 2898 Reblata,
2702 2830 2901 2902 ibique
2930 2828 3247 2884 interfectis
3277 2825 3412 2881 filiis
3439 2840 3687 2880 excaeca-

2037 2925 2185 2987 tum,
2211 2926 2268 2976 et
2295 2920 2479 2975 instar
2525 2920 2657 2974 ferae
2705 2919 2971 2973 clausum
3013 2933 3204 2984 cavea,
3237 2913 3588 2970 translatum
3619 2911 3681 2967 in

2040 3010 2409 3084 Babylonem.
2438 3033 2465 3059 »
2488 3011 2557 3064 Et
2581 3012 2819 3064 sanctus
2848 3006 3170 3078 Cyprianus
3190 3003 3249 3059 in
3273 3020 3424 3060 nono
3447 3000 3681 3058 abusio-

2040 3100 2132 3155 nis
2155 3100 2361 3173 gradu,
2395 3122 2421 3147 ‹‹
2450 3098 2602 3170 regis
2626 3095 3015 3151 ministerium
3039 3110 3165 3150 esse
3188 3091 3346 3160 dicit,
3369 3085 3583 3163 impios
3613 3090 3684 3146 de

2039 3193 2193 3244 terra
2212 3188 2469 3260 perdere,
2494 3186 2815 3258 parricidas
2845 3188 2903 3239 et
2933 3184 3199 3256 perjuros
3241 3181 3430 3236 vivere
3459 3196 3575 3235 non
3605 3177 3684 3235 si-

2042 3294 2197 3332 nere.
2232 3299 2259 3327 ››
2293 3277 2361 3330 Et
2400 3280 2638 3331 sanctus
2689 3272 3004 3346 Gregorius
3032 3271 3090 3325 in
3122 3269 3365 3326 homilia
3392 3266 3686 3339 Evangelii

274 3366 369 3417 est
390 3376 572 3433 quam
598 3359 906 3431 promittit,
932 3359 1173 3413 credens
1206 3357 1528 3429 perjurium
1560 3375 1674 3412 non
1696 3374 1823 3412 esse
1844 3358 1936 3412 de-

2044 3367 2116 3421 de
2147 3365 2498 3437 Martyribus
2524 3381 2537 3419 :
2584 3363 2715 3417 «Ad
2759 3361 3064 3426 exstincta,
3088 3360 3300 3432 inquit,
3329 3374 3531 3414 eorum
3561 3373 3686 3412 eor-

275 3451 510 3523 cepisse
540 3447 807 3520 nequiter
827 3446 1117 3503 credentis
1139 3464 1415 3501 errorem.
1448 3448 1519 3501 Et
1540 3446 1675 3501 hinc
1698 3450 1936 3501 sanctus

277 3540 678 3611 Hieronymus
701 3555 713 3592 :
741 3560 768 3587 «
795 3535 962 3592 Multi
983 3534 1356 3607 sunt,inquit,
1374 3535 1473 3607 qui
1497 3535 1933 3606 dolosejurant,

275 3634 343 3684 ut
360 3625 1190 3699 decipiantproximum,quod
1206 3624 1937 3680 abominaturPaterlumi-

275 3734 446 3784 num,
471 3716 701 3771 dicente
725 3715 890 3769 Petro
916 3731 929 3768 ε
966 3714 1081 3769 Νοη
1110 3730 1164 3768 es
1195 3713 1506 3769 hominibus
1536 3716 1813 3782 mentitus,
1847 3714 1938 3768 sed

274 3809 382 3864 Deo
413 3806 543 3875 (Act
573 3806 705 3872 LIV).
748 3804 816 3858 Et
872 3802 931 3856 in
991 3801 1139 3856 libro
1200 3802 1423 3874 Regum
1482 3801 1765 3873 scriptum
1827 3806 1935 3869 est,

276 3896 421 3969 quia
447 3894 683 3968 quando
725 3893 879 3948 facta
909 3894 998 3947 est
1016 3891 1199 3945 fames
1223 3889 1281 3944 in
1302 3890 1507 3945 diebus
1539 3890 1716 3946 David
1751 3891 1939 3946 tribus

278 3985 457 4041 annis
476 3982 788 4056 jugitcr,et
812 3977 1107 4035 consuluit
1136 3979 1311 4034 David
1347 3978 1653 4033 oraculum
1684 3977 1935 4046 Domini,

278 4073 429 4131 dixit
462 4071 751 4128 Dominus
785 4086 799 4124 :
830 4072 1056 4140 Propter
1083 4067 1240 4134 Saul,
1268 4076 1317 4122 et
1347 4066 1567 4122 domum
1583 4068 1718 4138 ejus,
1742 4075 1793 4123 et
1808 4085 1939 4122 san-

280 4167 533 4234 guinem,
568 4162 701 4233 quia
757 4158 953 4215 occidit
1003 4157 1324 4213 Gabaonitas
1381 4157 1457 4227 (II
1485 4158 1607 4225 Reg.
1641 4158 1777 4225 xxi).
1813 4155 1940 4211 Filii

283 4252 511 4325 quippe
533 4248 710 4305 Israel
725 4249 1071 4320 juravcrant
1091 4244 1257 4313 eis,et
1278 4245 1459 4300 voluit
1481 4245 1616 4301 Saul
1641 4250 1941 4318 percutere

286 4359 388 4398 eos
410 4339 556 4405 zelo,
581 4336 752 4410 quasi
774 4353 877 4414 pro
902 4334 1038 4390 ﬁliis
1062 4334 1239 4389 Israel
1264 4337 1319 4390 et
1335 4334 1367 4389 ,Ι
1375 4335 1508 4403 uda,
1533 4334 1734 4389 dicens
1763 4335 1942 4390 Josue

285 4431 474 4505 gratis
506 4428 743 4485 eosdem
773 4424 1130 4482 Gabaonitas
1171 4423 1359 4479 vivere
1408 4422 1762 4494 permisisse.
1799 4424 1943 4497 Hine

287 4523 452 4593 patet
488 4522 709 4590 quanta
735 4515 1010 4587 impietas
1038 4518 1128 4568 est
1158 4514 1502 4585 perjurium,
1536 4512 1627 4566 cui
1660 4512 1944 4568 Dominus

285 4613 518 4666 tantam
550 4604 834 4679 imposuit
865 4603 1168 4658 ultionem.
1198 4625 1224 4650 »
1250 4600 1619 4659 EtJeremias
1640 4601 1940 4672 propheta,

2046 3472 2185 3528 pora
2215 3454 2470 3509 viventes
2490 3452 2625 3525 aegri
2658 3452 2900 3508 veniunt
2918 3453 2975 3506 et
2996 3452 3279 3505 sanantur
3303 3465 3314 3504 :
3343 3446 3563 3520 perjuri
3594 3461 3688 3500 ve-

2046 3544 2239 3612 niunt,
2272 3547 2329 3598 et
2358 3561 2391 3598 a
2421 3541 2706 3597 daemonio
2737 3544 3053 3595 vexantur:
3079 3538 3420 3594 daemoniaci
3451 3535 3691 3592 veniunt

2038 3639 2103 3689 .et
2133 3634 2473 3688 liberantur.
2511 3654 2538 3680 »
2571 3631 2717 3685 Hine
2764 3646 2900 3702 ergo
2945 3628 3336 3701 colligendum
3368 3631 3476 3693 est,
3510 3641 3692 3696 quan-

2047 3727 2172 3777 tum
2207 3724 2505 3793 peccatum
2556 3719 2631 3774 sit
2674 3719 2969 3790 perjurare
2999 3716 3056 3770 in
3093 3715 3325 3771 nomine
3374 3712 3604 3768 Domini
3635 3714 3692 3766 et

2048 3816 2384 3866 sanctorum
2417 3810 2564 3878 ejus,
2616 3807 2772 3878 quod
2802 3810 2861 3860 et
2890 3803 3281 3874 sacrilegium,
3315 3804 3381 3857 ut
3404 3798 3688 3873 praemisi-
3778 3824 3788 3838 -

2049 3896 2350 3967 mus,dicit
2371 3914 2499 3952 esse
2523 3901 2762 3951 sanctus
2786 3890 3310 3965 Hieronymus.Sed
3331 3891 3689 3960 etquantum

2048 3986 2346 4044 temeritas
2359 3984 2596 4057 jurandi
2620 3981 2785 4038 vitari
2809 3982 3034 4051 debeat,
3058 3978 3169 4034 nisi
3195 3992 3411 4049 magna
3441 3973 3693 4047 exegerit

2049 4076 2390 4141 necessitas,
2421 4078 2525 4129 aut
2570 4071 2817 4128 aliorum
2863 4069 2963 4142 qui
3016 4085 3128 4123 non
3175 4066 3424 4122 credunt
3461 4062 3692 4120 veritati

2051 4165 2294 4235 utilitas,
2322 4168 2383 4219 ut
2405 4163 2661 4229 credant,
2687 4165 2743 4217 et
2772 4160 2899 4233 paci
2931 4177 2997 4214 ac
3027 4155 3346 4213 concordia:
3376 4171 3480 4227 per
3507 4169 3696 4209 saera-

2052 4246 2314 4311 mentum
2365 4251 2723 4318 consulatur,
2759 4248 3014 4305 cavenda
3061 4246 3156 4302 sit.
3190 4246 3261 4301 Et
3306 4242 3592 4300 Dominus
3634 4240 3696 4296 in

2049 4342 2359 4415 Evangelio
2390 4342 2753 4396 demonstrat
2790 4338 2990 4394 dicens
3024 4352 3037 4391 :
3069 4336 3246 4391 Nolite
3264 4335 3461 4406 jurare
3489 4331 3693 4405 (Matth.

2050 4453 2105 4499 ν,
2128 4436 2239 4502 34).
2264 4434 2333 4487 Et
2370 4430 2623 4486 Jacobus
2654 4429 2713 4483 in
2744 4425 2991 4499 epistola
3030 4440 3177 4481 sua:
3212 4423 3345 4479 Ante
3367 4423 3575 4489 omnia,
3608 4420 3697 4475 in-

2053 4523 2200 4595 quit,
2231 4524 2433 4593 fratres
2480 4521 2609 4585 mei,
2640 4519 2811 4572 nolite
2860 4517 3075 4587 jurare,
3108 4529 3281 4585 neque
3333 4528 3434 4584 per
3482 4511 3698 4577 caelum,

2050 4628 2222 4682 neque
2253 4626 2349 4682 per
2378 4617 2600 4673 terram,
2630 4623 2802 4677 neque
2827 4605 2983 4659 aliud
3021 4604 3373 4675 quodcunque
3411 4602 3698 4672 juramen-

290 4700 423 4754 Ecce
450 4714 539 4752 vos
577 4694 849 4766 conﬁditis
882 4695 1026 4747 vobis
1066 4694 1127 4746 in
1158 4691 1330 4745 verbis
1359 4690 1651 4757 mendacii,
1683 4705 1808 4761 qua?
1836 4708 1945 4745 non
1979 4726 2021 4789 Β
2054 4710 2170 4757 ωιτη
2201 4719 2218 4754 _-
2247 4701 2318 4754 sit
2367 4705 2549 4752 autem
2592 4712 2768 4751 διεντηο
2816 4703 3004 4760 vester,
3035 4694 3143 4760 Εδι,
3176 4700 3273 4757 εει,
3309 4691 3444 4757 Non,
3477 4704 3608 4757 non,
3640 4694 3702 4741 ut

286 4788 593 4860 proderunt
642 4784 808 4851 vobis,
854 4783 1060 4853 furari,
1105 4780 1361 4846 occidere,
1397 4780 1725 4847 adulterare,
1751 4780 1947 4851 jurare

2055 4807 2166 4845 non
2193 4788 2291 4843 sub
2312 4787 2526 4858 judicio
2549 4785 2810 4839 deeidatis
2841 4784 3042 4853 (Jacob.
3074 4782 3227 4848 v,l2)
3260 4797 3273 4835 :
3305 4778 3404 4833 illo
3432 4774 3702 4832 videlicet

291 4876 632 4934 mendaciter
661 4874 788 4945 (Jer.
821 4889 920 4936 vn,
951 4871 1029 4940 9).
1062 4868 1204 4924 Hinc
1251 4885 1385 4941 ergo
1436 4869 1803 4940 pensandum
1858 4874 1947 4925 est

2049 4877 2296 4950 judicio,
2329 4875 2442 4931 sub
2475 4892 2591 4946 quo
2638 4872 2857 4928 decidit
2899 4872 3173 4937 Herodes,
3208 4872 3274 4922 ut
3303 4865 3387 4921 vel
3420 4865 3698 4936 pejerare,

296 4968 588 5039 quantum
613 4963 834 5019 οῖ’ίῐηθη
854 4960 931 5015 δίε
950 4959 1153 5031 iurare
1174 4956 1715 5029 mendacltcrﬂlmd
1734 4959 1802 5013 ad
1814 4958 1951 5015 ωηο·
2056 4967 2144 5023 vel
2167 4963 2487 5038 perjurium
2509 4963 2762 5019 cavendo
2785 4960 2940 5016 aliud
2966 4974 3199 5015 necesse
3219 4956 3460 5011 haberet
3475 4956 3703 5025 patrare

297 5056 405 5124 rio,
431 5058 488 5111 et
518 5050 856 5117 homicidio,
881 5066 946 5105 ac
970 5049 1121 5103 furto
1144 5046 1447 5117 conjunxit
1478 5047 1778 5119 propheta,
1807 5066 1950 5120 quo-
2060 5055 2370 5128 ﬂagitium.
2395 5054 2466 5107 At
2494 5053 2571 5107 sit
2599 5051 2822 5122 aliquid
2854 5051 3002 5105 forte
3032 5064 3139 5103 nos
3162 5041 3704 5114 incautiusjurasse

300 5164 435 5203 rum
468 5145 896 5218 Papam-tores
933 5138 1246 5212 APOSmlus
1279 5138 1325 5209 (Ῑ
1355 5140 1470 5194 δον·
1508 5156 1585 5206 νιν
1617 5139 1673 5207 9)
1707 5156 1951 5212 regnum
2062 5143 2387 5215 contigerit,
2413 5142 2566 5214 quod
2591 5141 2961 5195 observatum
2984 5136 3204 5192 scilicet
3228 5133 3483 5206 pejorem
3506 5131 3706 5202 vergat

302 5236 401 5292 Dei
436 5233 580 5290 dixit
612 5249 729 5287 non
768 5229 1086 5302 possidere.
1110 5229 1180 5282 Et
1217 5226 1604 5298 Hieronymus
1637 5227 1696 5282 in
1727 5229 1947 5300 exposi-

2064 5235 2121 5289 in
2146 5230 2570 5300 exitum,libere
2589 5228 2727 5283 illud
2751 5225 2994 5281 consilio
3016 5222 3340 5280 salubriora
3358 5218 3707 5275 mutandum

304 5328 462 5382 tione
501 5323 768 5396 ejusdem
819 5318 1110 5391 prophetae
1141 5334 1152 5371 :
1206 5317 1489 5371 «Poterat
1526 5317 1645 5371 ﬁeri
1682 5321 1744 5372 ut
1775 5318 1947 5390 aliqui

2067 5324 2418 5384 noveriums,
2444 5338 2508 5374 ac
2550 5318 2738 5389 magis
2784 5317 3036 5370 instante
3069 5312 3414 5368 necessitate
3447 5310 3709 5381 pejeran-

306 5415 707 5472 invenirentur
730 5411 787 5464 in
812 5408 1046 5482 populo,
1071 5406 1169 5479 qui
1198 5398 1547 5460 simularent
1578 5407 1800 5461 cultum
1836 5409 1955 5480 Dei,
2066 5415 2206 5469 dum
2232 5411 2419 5473 nobis,
2445 5425 2623 5480 quam
2658 5424 2757 5477 pro
2794 5403 3026 5458 vitando
3062 5401 3316 5473 perjurio
3337 5400 3396 5454 in
3415 5398 3571 5454 aliud
3597 5396 3713 5451 cri-

309 5510 363 5561 et
394 5506 669 5578 jurarent
708 5517 810 5572 per
838 5498 1174 5554 Dominum.
1204 5495 1317 5549 Hoc
1344 5495 1639 5565 praevenit,
1677 5498 1831 5565 quod
1868 5516 1947 5551 ue‘

2069 5520 2202 5557 men
2226 5499 2460 5572 gravius
2496 5514 2621 5551 esse
2662 5493 3066 5548 divertendum
3091 5494 3139 5557 (Ι
3158 5492 3285 5559 Reg.
3307 5490 3421 5558 25).
3456 5486 3718 5559 Denique

310 5576 609 5669 quaquam
632 5593 787 5647 Deus
819 5589 985 5644 vanis
1008 5586 1399 5652 sermonibus,
1427 5586 1525 5637 sed
1557 5586 1794 5641 veritate
1826 5588 1961 5642 ﬁdei
2061 5592 2283 5664 juravit
2312 5588 2489 5643 David
2522 5602 2623 5656 per
2654 5582 2990 5647 Dominum,
3016 5581 3276 5636 occidere
3297 5577 3502 5647 Nabal,
3525 5576 3716 5633 virum

313 5664 634 5743 delectetur
662 5685 720 5737 et
750 5680 905 5735 dicet
937 5695 949 5733 :
986 5678 1109 5732 Non
1160 5693 1257 5731 eos
1297 5674 1474 5745 diligo
1505 5673 1603 5745 qui
1627 5675 1832 5744 jurant
1862 5695 1962 5748 per
2070 5680 2316 5736 stultum
2338 5682 2396 5732 et
2420 5675 2685 5746 impium,
2714 5677 2888 5743 atque
2906 5669 3103 5726 omnia
3121 5688 3247 5743 quae
3266 5670 3336 5725 ad
3353 5667 3520 5724 illum
3542 5664 3717 5738 perti-

316 5792 427 5846 me,
447 5773 723 5844 etjurant
744 5769 803 5825 in
825 5766 1151 5834 mendacio,
1177 5765 1276 5821 sed
1304 5780 1550 5836 quorum
1575 5764 1749 5821 corda
1780 5764 1962 5823 labia-
2072 5764 2583 5825 nerentdemoliri:
2604 5763 2704 5819 sed
2724 5762 2795 5818 ad
2814 5761 3067 5834 primam
3085 5758 3566 5817 intercessionem
3588 5753 3722 5809 Abi-
