4148 6486
1560 44 1617 48 --
1692 44 1707 47 -
1807 28 2545 51 __—m—-"‘--’a-t
2590 33 2885 50 omn-“un-
2950 39 2965 48 .-

273 483 402 546 669

1194 491 1296 552 DE
1339 491 1712 554 DIVORTIO
1755 473 2126 551 LOTHA’RII
2170 489 2270 551 ET
2312 492 2774 557 TETBERGzE.

3562 501 3682 564 6'70

267 617 592 676 oramentis
613 619 753 677 dicit
772 622 893 692 (lib.
915 639 1042 694 11,0.
1063 623 1176 695 7).‹‹
1203 625 1598 699 Interrogatus
1618 643 1700 693 es,
1725 625 1926 681 Credis
1953 620 2008 688 Α
2037 623 2166 695 ejus
2197 623 2254 678 in
2288 623 2414 696 ipso
2451 629 2562 696 est,
2584 626 2687 699 qui
2730 628 3032 686 mendacio
3061 631 3314 707 contegit
3353 634 3680 708 veritatem,

263 706 332 764 in
375 709 563 765 Deum
614 709 843 766 Patrem
891 712 1388 784 omnipotentem?
1419 714 1584 781 dixit,
1624 715 1827 783 Credo,
1869 721 1926 772 et

264 795 553 862 mersisti,
587 796 697 852 hoc
737 802 826 853 est
864 799 1132 872 sepultus
1163 819 1245 856 es.
1279 802 1491 858 Iterum
1534 804 1924 876 interrogatus

261 900 353 953 es,
377 885 580 941 Credis
604 885 663 940 in
685 887 1000 944 Dominum
1028 895 1294 947 nostrum
1317 893 1520 948 Jesum
1542 893 1926 962 Christum,et

259 973 326 1029 in
358 991 593 1031 crucem
627 977 798 1048 ejus?
827 977 1045 1047 dixisti,
1069 979 1270 1048 Credo,
1295 986 1350 1036 et
1385 981 1639 1038 mersisti
1667 1001 1680 1039 :
1709 983 1836 1039 ideo
1868 988 1924 1039 et

258 1062 499 1120 Christo
529 1081 592 1120 es
623 1067 1030 1139 consepultus;
1055 1068 1154 1142 qui
1175 1071 1332 1126 enim
1357 1070 1586 1128 Christo
1607 1072 1924 1145 consepeli-

257 1154 382 1221 tur,
411 1153 641 1210 Christo
693 1157 968 1229 resurgit.
992 1157 1186 1214 Tertio
1227 1159 1619 1234 interrogatus
1671 1179 1756 1232 es,
1789 1163 1920 1218 Cre-

260 1241 360 1297 dis
389 1247 447 1298 et
477 1241 536 1296 in
582 1243 868 1316 Spiritum
907 1248 1218 1303 sanctum?
1250 1247 1468 1314 dixisti,
1491 1250 1694 1305 Credo.
1728 1251 1921 1306 Tertio

260 1330 552 1399 mersisti,
575 1336 643 1387 ut
673 1333 1056 1406 multiplicem
1105 1335 1336 1408 lapsum
1387 1339 1706 1412 superioris
1735 1341 1923 1396 aetatis

262 1419 602 1476 absolveret
629 1421 784 1478 trina
813 1423 1121 1481 confessio.
1145 1426 1426 1498 Denique,
1451 1433 1517 1483 ut
1542 1429 1705 1484 vobis
1725 1430 1924 1485 all'era~

261 1526 404 1565 mus
435 1510 791 1584 exemplum,
817 1517 1057 1570 sanctus
1096 1515 1398 1588 apostolus
1435 1517 1660 1584 Petrus,
1693 1522 1918 1590 postea-

257 1615 446 1672 quam
472 1597 532 1654 in
565 1599 837 1672 passione
858 1601 1090 1658 Domini
1121 1603 1322 1676 lapsus
1341 1605 1568 1662 videtur
1589 1607 1920 1663 conditione

255 1687 654 1760 humana,qui
673 1693 846 1746 antea
862 1697 1193 1764 negaverat,
1207 1697 1409 1766 postea
1425 1698 1490 1750 ut
1503 1693 1668 1750 illum
1684 1695 1916 1768 lapsum

251 1776 523 1834 aboleret
552 1781 610 1833 et
639 1777 905 1847 solveret,
930 1780 1100 1836 tertio
1129 1781 1524 1856 interrogatus
1553 1801 1588 1840 a
1608 1785 1836 1842 Christo
1867 1787 1914 1842 si

249 1863 562 1921 Christum
598 1871 839 1936 amaret,
865 1873 992 1924 tum
1023 1869 1120 1926 ille
1143 1869 1303 1940 dicit,
1329 1873 1416 1927 'l‘u
1449 1874 1623 1942 nosti,
1649 1874 1911 1942 Domine,

2032 716 2091 768 et
2120 711 2334 768 idcirco
2366 714 2438 770 de
2477 715 2655 788 stirpe
2693 718 3037 773 sacerdotali
3071 738 3083 776 :
3118 721 3242 790 Nos,
3277 723 3486 796 inquit,
3511 743 3680 798 genus

2031 803 2278 870 electum,
2313 805 2490 873 regule
2515 805 2878 861 sacerdotium
2903 807 2951 879 (Ι
2977 809 3124 864 Petr.
3160 827 3221 876 ιι,
3251 811 3328 880 9),
3361 817 3416 868 et
3445 813 3505 869 in
3535 817 3681 889 Apo-

2033 890 2250 964 calypsi
2287 909 2300 946 :
2335 894 2529 948 Fecisti
2553 910 2652 950 nos
2681 911 2913 963 regnum
2944 897 3068 965 Deo,
3100 907 3152 953 et
3175 900 3470 958 sacerdotes
3499 904 3676 976 (Apoc.

2032 996 2085 1046 ν,
2114 980 2220 1052 10),
2247 981 2320 1035 ad
2361 997 2429 1036 ea
2479 999 2606 1054 quae
2659 988 2996 1041 consecrata
3042 991 3181 1042 sunt
3227 989 3472 1046 Domino
3519 1009 3678 1049 acce-

2032 1069 2197 1134 dens,
2230 1071 2492 1140 quandiu
2545 1071 2922 1130 immunditia
2965 1076 3094 1146 ejus
3139 1075 3198 1132 in
3248 1077 3376 1150 ipso
3423 1083 3532 1149 est,
3564 1099 3679 1138 non

2031 1157 2245 1228 poterit
2274 1157 2443 1230 aquis
2469 1159 2830 1217 invocatione
2853 1163 2952 1217 Dei
2979 1165 3360 1224 sanctiﬁcatis
3387 1167 3678 1243 immergi,

2032 1249 2096 1299 ut
2126 1246 2398 1301 innoxius
2445 1253 2664 1319 pareat,
2699 1251 2800 1306 sed
2852 1254 3185 1323 pereundus
3234 1259 3678 1324 monstrabitur.

2029 1334 2359 1406 Expurgute,
2382 1337 2573 1410 inquit
2600 1339 2934 1412 Apostolus,
2969 1350 3116 1397 vetus
3155 1345 3502 1414 fermentum,
3525 1355 3585 1404 ut
3610 1349 3683 1404 si-

2029 1425 2100 1477 tis
2129 1439 2267 1479 nova
2295 1428 2622 1497 conspersio,
2653 1429 2792 1483 sicut
2822 1431 2949 1484 estis
2977 1433 3164 1502 azymi
3191 1432 3240 1502 (I
3265 1433 3386 1490 Cor.
3418 1453 3472 1501 v,
3503 1435 3580 1508 7).
3601 1438 3680 1493 Ac

2029 1511 2078 1566 si
2118 1515 2385 1583 patenter
2433 1514 2588 1570 dicat
2619 1533 2632 1570 :
2669 1515 3025 1588 Reputatum
3075 1521 3146 1575 de
3197 1521 3464 1590 crimine,
3507 1529 3680 1598 atque

2027 1605 2550 1674 negantem,quem
2585 1603 2811 1661 idoneis
2852 1607 3102 1664 testibus
3132 1609 3448 1680 judiciario
3479 1613 3679 1670 ordine

2027 1691 2406 1762 comprobare
2429 1693 2708 1764 nequitis,
2731 1698 2839 1750 aut
2862 1702 3252 1768 sacramento,
3275 1705 3378 1756 aut
3401 1701 3500 1757 Dei
3523 1703 3682 1774 judi-

2026 1778 2134 1849 cio,
2151 1783 2483 1852 expurgate,
2505 1799 2577 1838 ne
2598 1782 2657 1836 in
2678 1784 2870 1840 medio
2887 1786 3063 1842 vestri
3081 1804 3326 1844 manens
3343 1791 3674 1863 anathema,

2024 1867 2254 1923 dicatur
2300 1868 2466 1925 vobis
2499 1886 2512 1924 :
2548 1871 2844 1928 Anathema
2892 1875 2952 1929 in
2996 1875 3173 1933 medio
3205 1879 3305 1946 tui,
3330 1879 3523 1948 Israel,
3564 1897 3678 1938 non

250 1952 400 2026 quia
423 1971 556 2010 amo
577 1958 633 2010 te
653 1955 828 2028 (Joan.
851 1974 966 2025 xxx,
993 1959 1102 2028 17).
1129 1959 1326 2015 Tertio
1347 1959 1511 2029 dixit,
1535 1965 1601 2016 ut
1627 1963 1794 2018 tertio
1821 1965 1916 2019 ab-
1945 1987 1993 2052 B
2019 1959 2248 2052 poteri§_
2273 1966 2419 2052 Stat?
2465 1977 2650 2052 00mm
2697 1963 2944 2019 inimicas
2991 1966 3102 2020 tuis
3141 1966 3275 2038 (los.
3298 1985 3421 2036 vm,
3466 1969 3574 2038 13).
3606 1970 3678 2026 Et

251 2042 642 2100 solveretur.»
665 2044 760 2100 Sic
781 2050 840 2100 et
858 2045 1129 2103 inventus
1151 2047 1450 2120 injudicio
1475 2051 1774 2121 noxius,'si
1803 2054 1920 2108 fue-

255 2132 339 2188 rit
371 2132 520 2190 forte
552 2150 732 2206 super
759 2134 930 2208 plura
968 2141 1298 2210 suspectus,
1323 2139 1528 2194 iterato
1567 2145 1656 2196 est
1691 2141 1916 2214 judicio

255 2221 712 2291 examinandus,
755 2241 1057 2298 quousque
1105 2225 1436 2283 inveniatur
1491 2231 1918 2288 emendationis

255 2311 632 2369 confessione
673 2315 974 2386 probatus.
1000 2317 1152 2372 θος)
1182 2318 1253 2372 Et
1282 2319 1354 2373 ad
1395 2319 1503 2374 hoc
1541 2337 1917 2378 assumamus

257 2400 455 2456 sancti
486 2401 776 2458 Ambrosii
808 2405 982 2460 verba
1010 2405 1260 2463 dicentis
1283 2423 1330 2463 :«
1358 2409 1638 2481 Denique,
1662 2414 1727 2466 ut
1755 2413 1918 2468 vobis

260 2489 588 2547 all'eramus
633 2492 989 2565 exemplum,
1035 2499 1274 2552 sanctus
1333 2497 1632 2570 apostolus
1691 2499 1914 2568 Petrus,

259 2584 654 2652 posteaquam
677 2580 736 2636 in
755 2581 1027 2654 passione
1044 2583 1275 2639 Domini
1297 2585 1499 2658 lapsus
1514 2587 1744 2643 videtur
1765 2588 1921 2644 infir-

260 2668 476 2724 mitate
524 2669 880 2728 conditionis
925 2671 1214 2741 humanae,
1249 2675 1348 2746 qui
1405 2679 1537 2730 ante
1590 2682 1916 2749 negaverat,

261 2761 494 2830 postea,
527 2762 595 2814 ut
625 2758 791 2828 illum
823 2760 1055 2832 lapsum
1098 2762 1354 2818 aboleret
1375 2768 1431 2819 et
1461 2764 1726 2832 solveret,
1750 2768 1919 2823 tertio

258 2847 664 2921 interrogatur
705 2848 992 2906 aChrist-o
1043 2849 1092 2906 si
1141 2851 1440 2908 Christum
1491 2860 1732 2910 amaret.
1767 2856 1917 2911 Tum

258 2934 362 2992 ille
414 2936 578 3005 dicit,
616 2938 704 2993 Tu
754 2938 930 3010 nosti,
971 2939 1234 3007 Domine,
1283 2940 1386 3014 qui
1430 2959 1562 2998 amo
1611 2945 1665 3000 te
1701 2960 1713 3000 :
1749 2946 1918 3003 tertio

264 3024 439 3094 dixit,
468 3030 533 3082 ut
563 3025 733 3082 tertio
755 3027 1172 3085 absolveretur.
1200 3053 1228 3078 »

334 3114 408 3170 Et
429 3115 728 3187 quoniam,
743 3116 897 3172 sicut
917 3135 1095 3190 supra
1113 3119 1480 3176 ostendimus
1503 3121 1698 3178 divina
1719 3127 1916 3178 aucto-

258 3202 438 3261 ritate
470 3204 835 3277 baptismum
875 3223 1002 3262 esse
1032 3207 1346 3280 judicium,
1377 3211 1528 3266 unde
1559 3215 1615 3266 et
1643 3211 1918 3270 Jordanis

256 3292 562 3368 baptisma
585 3293 904 3367 designans
934 3295 1350 3369 interpretatur
1380 3299 1536 3355 rivus
1557 3301 1766 3372 judicii
1799 3319 1915 3373 quo

257 3381 540 3456 princeps
572 3383 776 3439 mundi
811 3386 1060 3440 mendax
1090 3390 1148 3441 et
1185 3390 1350 3458 pater
1391 3389 1519 3460 ejus
1571 3390 1722 3446 foras
1752 3389 1914 3461 ejici-

256 3473 380 3537 tur,
405 3474 464 3526 et
494 3471 824 3544 baptismus
859 3473 959 3528 Dei
1006 3478 1096 3530 est
1141 3475 1472 3543 consilium,
1500 3475 1677 3532 divini
1705 3478 1808 3533 viri
1843 3479 1916 3534 ad

253 3560 467 3633 ignota
491 3560 899 3636 investiganda
935 3563 1279 3620 invenerunt
1299 3565 1593 3636 judicium
1626 3584 1787 3640 aquae
1821 3567 1914 3624 fri-

256 3649 442 3722 gidae;
480 3649 541 3705 in
575 3668 688 3724 quo
736 3668 901 3724 aqua:
953 3651 1171 3726 frigida
1211 3654 1458 3726 judicio,
1484 3657 1555 3711 ad
1600 3655 1914 3713 invocatio-

257 3755 398 3794 nem
441 3739 722 3808 veritatis,
747 3758 875 3814 qua:
925 3742 1079 3798 Deus
1129 3747 1239 3815 est,
1267 3743 1367 3816 qui
1399 3743 1699 3801 veritatem
1750 3763 1913 3802 men-

256 3827 429 3884 dacio
487 3828 652 3902 cupit
707 3831 996 3904 obtegere,
1033 3831 1091 3886 in
1155 3832 1344 3904 aquis,
1376 3851 1554 3906 super
1608 3852 1754 3906 quas
1806 3853 1914 3892 vox

254 3915 494 3974 Domini
525 3917 628 3974 Dei
659 3919 988 3992 majestatis
1027 3918 1302 3990 intonuit,
1336 3939 1450 3977 non
1483 3926 1673 3995 potest
1705 3925 1909 3997 mergi,

255 4007 400 4080 quia
443 4025 593 4081 pura
641 4012 854 4065 natura
899 4025 1061 4082 aquae
1113 4013 1382 4066 naturam
1433 4011 1776 4080 humanam,
1811 4031 1914 4086 per

253 4111 474 4168 aquam
497 4097 871 4170 baptismatis
893 4098 966 4153 ab
986 4099 1144 4154 omni
1167 4100 1455 4156 mendacii
1485 4101 1758 4173 ﬁgmento
1779 4120 1912 4174 pur-

251 4188 476 4258 gatam,
498 4184 711 4242 iterum
745 4186 1047 4243 mendacio
1079 4187 1376 4258 infectam,
1399 4207 1515 4246 non
1547 4193 1912 4264 recognoscit

251 4290 489 4346 puram,
512 4277 570 4330 et
597 4273 729 4331 ideo
759 4291 889 4330 eam
923 4293 1036 4330 non
1069 4275 1291 4349 recipit,
1325 4278 1425 4334 sed
1460 4279 1647 4351 rejicit
1679 4284 1743 4335 ut
1771 4281 1908 4338 alie-

253 4378 416 4419 nam.
446 4363 515 4418 Et
543 4367 610 4419 ut
639 4362 697 4418 in
739 4363 1092 4436 baptismate
1119 4367 1191 4422 ab
1222 4365 1459 4422 homine
1509 4368 1752 4440 spiritus
1797 4369 1907 4426 im-

253 4451 537 4520 mundus,
564 4451 621 4506 id
672 4455 763 4508 est
804 4451 1076 4526 princeps
1104 4453 1284 4527 hujus
1317 4455 1521 4511 mundi
1551 4457 1912 4528 ejicitur,fita

250 4545 308 4596 et
327 4540 433 4612 qui
457 4559 492 4596 a
511 4540 765 4608 diabolo,
789 4541 1052 4616 principe
1071 4543 1339 4599 videlicet
1361 4544 1564 4600 mundi
1586 4545 1784 4618 hujus,
1809 4566 1911 4620 per

250 4633 561 4702 peccatum
585 4635 990 4704 reoccupatus,
1005 4631 1159 4688 sicut
1175 4633 1457 4706 scriptum
1477 4635 1778 4705 cst(Matth.
1798 4656 1872 4692 xu
1892 4657 1905 4706 ;

2025 2045 2164 2101 item
2195 2046 2337 2102 dicit
2378 2049 2688 2120 Apostolus
2721 2067 2734 2106 :
2769 2052 2944 2108 Nolite
2981 2057 3380 2112 cemmunicare
3427 2059 3677 2130 operibus

2025 2135 2380 2206 iri-fructuosis
2424 2139 2769 2194 tenebrarum
2810 2140 3022 2212 (Ephes.
3045 2143 3235 2214 ν,11).
3271 2143 3433 2201 Unde
3479 2147 3676 2219 Augu-

2027 2222 2218 2278 stinus
2243 2241 2296 2280 τι(
2327 2225 2513 2281 Nolite
2553 2229 3008 2298 communicare,
3040 2231 3151 2286 hoc
3200 2236 3290 2288 est
3341 2233 3518 2290 nolite
3547 2252 3678 2292 con-

2027 2313 2262 2382 sentire,
2289 2318 2344 2369 et
2373 2315 2513 2387 quia
2541 2333 2748 2388 parum
2789 2322 2915 2374 erat
2963 2337 3079 2375 non
3131 2321 3481 2391 consentire,
3513 2322 3562 2379 si
3592 2341 3677 2381 se-

2027 2405 2303 2474 queretur
2324 2403 2674 2476 negligentia
2696 2405 3038 2479 disciplinaz,
3059 2407 3267 2482 magis,
3289 2409 3498 2482 inquit,
3515 2415 3573 2468 et
3593 2430 3678 2470 re«

2027 2491 2316 2563 darguite.
2333 2494 2488 2549 610
2503 2494 2744 2550 Duobus
2766 2496 2956 2551 modis
2973 2500 3028 2552 te
3048 2515 3160 2553 non
3185 2498 3442 2556 maculat
3461 2500 3672 2572 malus,

2027 2578 2078 2634 si
2107 2596 2220 2634 non
2245 2581 2594 2650 consentias,
2618 2587 2676 2638 et
2695 2581 2742 2638 si
2768 2584 3106 2656 redarguas.
3133 2585 3316 2659 Igitur
3339 2589 3674 2660 arguendus

2027 2672 2118 2722 est
2164 2673 2451 2740 peccator,
2473 2674 2530 2726 et
2577 2671 2625 2726 si
2675 2671 2987 2744 negaverit,
3021 2678 3079 2729 et
3117 2673 3320 2731 ordine
3360 2676 3673 2748 judiciario

2027 2758 2393 2830 comprobari
2436 2777 2550 2814 non
2604 2760 2834 2832 poterit,
2859 2761 3244 2833 cxaminetur,
3281 2768 3346 2820 ut
3393 2767 3674 2839 probatus

2027 2845 2619 2914 manifestus'ﬁat,et
2669 2851 3010 2922 reprobatus
3068 2851 3248 2909 latere
3297 2872 3410 2911 non
3463 2856 3670 2928 possit.
3746 2885 3754 2892 -

2026 2935 2432 3006 Deprehensus
2462 2941 2657 2992 autem
2689 2940 3038 2995 confiteatur
3066 2945 3124 2996 et
3151 2941 3442 3014 paeniteat,
3469 2949 3526 3000 et
3556 2962 3672 3001 non

2024 3024 2466 3081 tenebiturfunc
2485 3031 2851 3098 peccatorum
2871 3046 3133 3098 suorum,
3149 3047 3265 3103 quo
3283 3037 3372 3088 est
3387 3032 3669 3106 illigatus,

2027 3115 2092 3166 ut
2121 3129 2234 3167 non
2267 3118 2582 3187 mergatur,
2607 3119 2665 3171 et
2693 3115 2917 3172 lavetur
2946 3135 3098 3190 aqua
3128 3118 3369 3176 salutari
3399 3124 3671 3194 perfusus

2021 3201 2314 3276 lacrymis,
2339 3207 2396 3258 et
2425 3203 2828 3277 dimergantur
2861 3209 2924 3260 ut
2960 3207 3230 3280 lEgyptil,
3255 3212 3312 3264 et
3341 3210 3442 3282 qui
3471 3228 3669 3268 corru-

2025 3291 2108 3362 pti
2139 3295 2306 3346 erant
2343 3291 2560 3348 carnali
2591 3293 2961 3366 corruptione
2998 3312 3193 3352 coram
3233 3297 3502 3366 Domino,
3531 3301 3674 3358 sicut

2020 3381 2307 3452 plumbum
2354 3383 2412 3437 in
2461 3384 2619 3455 aquis
2665 3385 3068 3440 vehementibus
3115 3385 3305 3458 (Exod.
3329 3386 3443 3460 xv),
3477 3392 3533 3444 et
3581 3405 3670 3446 se-

2025 3469 2284 3525 cundum
2317 3471 2682 3544 prophetam,
2715 3474 3089 3546 Projieiantur
3119 3475 3432 3547 iniquitates
3459 3478 3574 3550 ejus
3610 3479 3672 3534 in

2019 3559 2356 3631 profundum
2400 3563 2574 3616 maris
2622 3561 2804 3629 (Mich.
2829 3579 2927 3634 vn,
2961 3563 3069 3636 19).
3107 3563 3255 3630 Quia
3311 3567 3480 3622 antea
3534 3582 3668 3622 cum

2024 3648 2328 3704 mendacio
2357 3667 2463 3705 suo
2485 3649 2665 3724 mergi
2690 3654 2755 3706 ut
2781 3651 3119 3708 ablueretur
3148 3669 3262 3708 non
3293 3657 3536 3724 poterat,
3561 3655 3668 3711 do-

2022 3754 2128 3793 nec
2159 3737 2519 3794 confessione
2545 3757 2578 3793 a
2599 3757 2661 3794 se
2692 3738 2834 3795 illud
2867 3739 2927 3794 in
2953 3740 3311 3812 profundum
3340 3741 3666 3813 projiceret,

2021 3830 2078 3881 et
2109 3825 2344 3882 ablutus
2374 3832 2716 3900 emergeret,
2749 3827 2849 3900 qui
2893 3832 3029 3883 ante
3061 3827 3485 3884 confessionem
3516 3827 3669 3884 sicut

2021 3915 2240 3970 ferrum
2261 3914 2448 3970 Elismi
2465 3917 2841 3987 premebatur
2859 3933 3032 3988 aqua,
3058 3931 3246 3986 usque
3271 3915 3414 3970 dum
3444 3915 3668 3972 invoca-

2019 4003 2178 4060 tione
2197 4003 2374 4059 divini
2408 4005 2663 4060 nominis
2695 4006 2764 4060 ad
2793 4005 3021 4078 lignum
3044 4005 3236 4072 rediit,
3262 4004 3346 4060 ita
3374 4004 3668 4060 nihilomi-

2021 4111 2132 4150 nus
2162 4111 2382 4167 negans
2433 4093 2654 4166 peccati
2687 4095 2940 4167 pondere
2987 4094 3272 4166 premitur
3319 4093 3490 4151 anxia
3536 4111 3668 4150 con-

2020 4183 2283 4252 scientia,
2301 4184 2639 4256 usquedum
2657 4182 3046 4256 pronuntians
3063 4183 3422 4256 impietatem
3441 4185 3662 4256 peccati

2019 4271 2112 4328 sui
2144 4271 2410 4339 Domino,
2445 4273 2504 4327 in
2537 4273 2706 4344 cujus
2749 4273 2906 4346 ligno
2948 4271 3139 4328 crucis
3179 4271 3444 4328 omnium
3483 4271 3668 4329 homi-

2019 4379 2182 4430 num,
2208 4367 2275 4416 ut
2297 4361 2439 4418 dicit
2457 4363 2824 4434 Ambrosius,
2849 4362 3074 4418 levatur
3101 4361 3434 4418 infirmitas.
3459 4363 3528 4418 Et
3555 4362 3666 4420 hoc

2017 4455 2108 4508 est
2137 4451 2421 4506 diluvium
2449 4452 2602 4524 quod
2635 4455 2692 4506 et
2722 4451 3034 4524 baptisma,
3058 4469 3174 4524 quo
3203 4456 3442 4524 peccata
3468 4452 3668 4509 omnia

2018 4541 2344 4608 diluuntur,
2376 4541 2501 4596 sola
2539 4540 2686 4612 justi
2733 4558 2900 4597 mens
2928 4546 2985 4596 et
3021 4542 3228 4614 gratia“
3258 4541 3660 4610 resuscitatur,

2018 4629 2241 4702 pridem
2293 4630 2509 4702 quippe
2567 4629 2740 4685 morti
2792 4629 3099 4702 negatione
3150 4631 3389 4702 peccati.
3424 4653 3452 4681 ››
3487 4631 3664 4704 Legat

251 4719 381 4774 Luc.
409 4719 702 4788 x1):Quia
749 4737 882 4776 cum
932 4721 1135 4777 exierit
1183 4722 1254 4777 ab
1306 4721 1563 4792 homine,
1604 4727 1986 4798 revertitur”
2017 4717 2238 4772 devotis
2284 4717 2501 4772 librum
2552 4717 2914 4790 dialogorum
2963 4719 3117 4774 beati
3159 4719 3414 4793 Gregorii
3447 4720 3564 4791 (lib.
3599 4737 3659 4788 η,

249 4808 323 4863 ad
371 4824 508 4864 cum
541 4825 573 4864 a
601 4809 772 4864 bonis
821 4810 1097 4883 operibus
1126 4815 1454 4878 vacantem,
1487 4811 1604 4869 imo
1634 4831 1905 4888 vacuum,

249 4912 387 4952 cum
410 4895 544 4952 aliis
565 4903 788 4976 septem
809 4897 1116 4970 spiritibus
1137 4897 1517 4972 nequioribus
1547 4919 1628 4970 se,
1651 4903 1723 4958 ab
1753 4918 1908 4976 aqua

250 4984 619 5042 invocatione
649 4984 828 5042 divini
861 4987 1119 5044 nominis
1149 4993 1379 5044 saerata
1415 4991 1697 5062 rejicitur.
1723 4995 1905 5059 Quem

249 5072 576 5147 hominem,
601 5091 716 5130 non
759 5075 1108 5142 naturalem,
1132 5077 1286 5133 sicut
1315 5094 1382 5133 ex
1411 5095 1565 5152 aqua
1601 5083 1659 5136 et
1695 5081 1904 5154 spiritu

248 5165 492 5219 renatus
539 5167 652 5232 est,
679 5167 737 5220 et
784 5168 1116 5238 purgatum,
1153 5183 1269 5220 non
1311 5167 1504 5224 carnis
1543 5169 1906 5242 deposittone

248 5251 540 5318 sordium,
556 5253 656 5308 sed
681 5252 1133 5326 interrogatione
1157 5258 1214 5309 et
1233 5255 1594 5313 confessione
1614 5259 1907 5316 conscien-

245 5341 339 5396 tias
371 5341 537 5396 home
579 5341 638 5396 in
671 5341 876 5412 Deum,
899 5359 1099 5398 verum
1140 5343 1335 5415 potius
1374 5344 1572 5416 talem,
1597 5347 1665 5402 de
1697 5366 1811 5420 quo
1845 5349 1900 5404 in

248 5427 502 5484 Levitico
523 5430 713 5499 (Leuit.
733 5431 942 5500 xxu,3)
974 5431 1258 5504 scriptum
1291 5436 1408 5502 est;
1442 5435 1654 5490 sentit:
1692 5439 1899 5504 Omnis,

245 5515 463 5588 inquit,
486 5518 644 5575 homo
665 5522 762 5593 qui
797 5522 1077 5576 accesserit
1093 5520 1160 5577 de
1175 5523 1343 5594 stirpe
1364 5531 1540 5578 vestra
1579 5523 1648 5577 ad
1684 5541 1748 5580 ea
1778 5542 1903 5597 quae.

243 5615 556 5664 consecrata
583 5617 729 5676 sunt,
755 5617 951 5682 etquae
974 5611 1286 5666 obtulerunt
1309 5612 1419 5682 ﬁlii
1449 5613 1616 5666 Israel
1648 5617 1896 5684 Domino,

245 5697 308 5751 in
338 5712 444 5770 quo
472 5704 554 5754 est
601 5699 970 5766 immunditia,
1013 5703 1217 5773 peribit
1264 5717 1446 5756 coram
1494 5701 1738 5757 Domino.
1774 5703 1898 5760 Non

244 5783 410 5855 dicit,
437 5787 499 5841 in
537 5804 641 5860 quo
686 5790 798 5860 fuit
847 5789 1218 5846 immunditia.
1254 5789 1632 5846 Immunditia
1683 5792 1897 5864 quippe

2015 4822 2134 4878 cap.
2154 4807 2267 4875 ‘23),
2291 4810 2350 4862 et
2378 4807 2633 4862 inveniet
2681 4807 3158 4863 sanctimoniales
3189 4825 3301 4862 non
3351 4811 3657 4874 correctas,

2015 4901 2072 4952 et
2097 4913 2200 4969 pro
2231 4895 2649 4952 incorrectione
2680 4913 2788 4952 sua
2816 4915 2850 4952 a
2881 4901 3081 4952 sancto
3104 4895 3411 4951 Benedicto
3440 4911 3662 4950 excom-

2016 4985 2365 5053 municatas,
2415 4991 2549 5058 post
2607 4991 2854 5042 mortem
2911 4989 3169 5056 tempore
3228 4983 3658 5051 communionis

2015 5077 2084 5131 de
2106 5075 2390 5148 sepulcris
2413 5076 2484 5130 ab
2519 5075 2794 5142 Ecclesia,
2815 5074 2955 5147 quia
2985 5090 3096 5128 non
3119 5070 3653 5155 communicabant,

2015 5165 2244 5233 exiisse,
2270 5169 2402 5237 post
2433 5163 2963 5220 reconciliationem
3003 5165 3198 5217 autem
3231 5177 3294 5216 se
3322 5159 3380 5214 in
3413 5159 3536 5217 suis
3567 5177 3656 5216 se-

2014 5254 2234 5328 pulcris
2255 5253 2630 5310 continuisse.
2647 5253 2716 5307 Et
2737 5252 2899 5324 pueri
2929 5248 3197 5306 monachi
3219 5265 3431 5321 corpus
3451 5266 3485 5304 a
3504 5254 3658 5306 terra

2012 5345 2193 5400 teneri
2219 5362 2331 5399 non
2364 5342 2625 5416 potuisse
2647 5341 2826 5410 (ibid.,
2847 5357 2890 5395 c.
2915 5339 3024 5410 24),
3043 5338 3182 5409 quia
3208 5337 3501 5395 Benedicti
3525 5357 3655 5413 gra-

1983 5433 2156 5490 ‘tiam
2187 5451 2300 5489 non
2334 5432 2606 5488 habebat.
2631 5432 2700 5486 Et
2726 5448 2828 5486 vas
2849 5429 3096 5483 vitreum
3126 5428 3308 5496 (ibid.,
3331 5446 3376 5483 ο.
3399 5430 3456 5498 3)
3486 5430 3655 5503 signo

2009 5525 2203 5579 crucis
2225 5541 2328 5596 per
2349 5519 2718 5576 Benedictum
2745 5519 2900 5574 edito
2923 5517 3254 5589 disruptum
3270 5517 3389 5591 (lib.
3406 5521 3650 5592 II,c.28).

2011 5615 2079 5668 Et.
2113 5615 2319 5667 iterum
2341 5628 2441 5663 vas
2466 5609 2711 5663 vitreum
2743 5608 2797 5660 in
2832 5607 3040 5678 ingens
3071 5607 3456 5680 prmeipitium
3488 5627 3652 5666 saxo-

2010 5720 2140 5762 rum
2161 5699 2413 5756 molibus
2439 5712 2738 5767 aspersum
2764 5696 2894 5767 ejus
2905 5695 3176 5766 jussione
3203 5702 3435 5772 propter
3463 5699 3655 5754 inobe-

2007 5791 2285 5848 dientiam
2345 5787 2690 5859 projectum,
2732 5791 2908 5858 atque
2953 5783 3246 5844 incolume
3294 5793 3651 5846 reservatum
