4148 6478
457 443 572 508 6'74

1361 447 1767 526 .HINCMABI
1815 446 2028 508 ltHEM
2042 445 2266 510 ENSIS
2310 448 2930 511 ARCIIIEPISCOPI.

3737 448 3861 510 6'12

452 575 642 678 (ibid?
663 594 720 678 c.
745 579 823 678 7).
847 577 918 636 Et
944 577 1300 654 discipulum
1333 583 1462 653 ejus
1493 583 1763 639 Maurum
1793 597 1970 656 super
2001 598 2101 636 un-
2129 581 2183 654 Α
2213 579 2336 638 sius
2366 580 2498 638 aliis
2516 585 2605 639 est
2623 583 2766 640 odor
2795 581 3002 640 mortis
3032 583 3090 638 in
3121 585 3390 651 mortem,
3415 580 3549 640 aliis
3569 581 3717 640 odor
3733 579 3866 639 vita

460 667 566 724 das
612 667 722 738 laci
772 668 1181 727 deambulasse
1209 672 1392 741 (ibid,
1427 689 1478 728 c.
1506 674 1599 740 6):
1639 673 1856 728 ferrum
1907 677 2102 728 autem

460 756 532 813 de
562 757 851 828 profundo
882 757 990 814 laci
1023 759 1212 816 Elisazi
1245 778 1404 818 more
1443 779 1544 833 per
1578 761 1773 834 ipsum
1806 762 1864 816 in
1899 779 2104 817 manu-

461 845 656 902 brium
690 852 1022 904 revocatum
1054 849 1256 904 fuisse.
1281 851 1350 905 Et
1375 850 1549 906 sicuti
1580 851 1866 924 scriptum
1897 850 2107 906 divinis

453 933 694 1007 paginis
733 935 811 1008 (ll
839 936 1038 1006 Ilac.1,
1068 940 1162 1008 20)
1200 940 1550 1008 continetur,
1586 958 1750 996 sacer
1788 940 1940 1013 ignis
1976 941 2108 996 ahs-

463 1039 700 1093 census,
724 1029 857 1096 post
887 1025 1205 1083 multorum
1237 1046 1525 1086 annorum
1548 1029 1842 1085 curricula
1870 1029 1926 1084 in
1960 1047 2112 1086 cras-

466 1129 593 1169 sam
625 1129 838 1185 aquam
858 1131 1060 1172 versus
1099 1118 1404 1190 reperitur,
1428 1122 1486 1174 et
1513 1119 1717 1174 eadem
1755 1137 1908 1192 aqua
1937 1137 2114 1192 super

466 1200 728 1257 oblatum
761 1205 1116 1262 sacriﬁcium
1145 1225 1310 1262 versa
1338 1207 1536 1264 divina
1575 1209 1833 1281 potentia
1862 1216 1952 1265 est
1979 1211 2112 1283 igne

467 1297 836 1365 consumpta.
871 1294 983 1350 Sed
1029 1299 1088 1350 et
1133 1297 1418 1352 Gedeonis
1463 1299 1817 1354 sacriﬁcium
1865 1299 2109 1367 (Jml.v1,

463 1381 559 1448 20)
579 1397 714 1436 cum
740 1385 1046 1454 superfuso
1064 1385 1202 1456 jure
1227 1386 1397 1458 cujus
1417 1388 1777 1444 abundantia
1795 1389 1941 1444 solet
1961 1389 2114 1460 ignis

467 1467 780 1544 exstingui,
815 1489 918 1545 per
959 1473 1288 1546 angelicum
1329 1476 1742 1545 ministerium,
1767 1477 1900 1551 igne
1939 1478 2112 1534 etiam

469 1557 766 1616 lambente
814 1565 1059 1632 petram,
1107 1570 1524 1638 consumptum
1574 1571 1682 1623 est.
1715 1569 1785 1623 Et
1832 1569 1892 1623 in
1941 1569 2116 1625 unius

469 1648 855 1722 ejusdemque
903 1651 1173 1708 elementi
1223 1653 1518 1728 mysterio,
1543 1659 1600 1711 et
1638 1655 1773 1712 ﬁnis
1802 1660 1893 1714 est
1937 1657 2114 1724 vitiis,

469 1741 528 1793 et
547 1736 708 1811 origo
728 1739 1064 1810 virtutibus,
1090 1748 1364 1815 operante
1395 1743 1614 1816 Spiritu
1646 1749 1846 1802 sancto
1876 1745 1934 1802 in
1965 1764 2120 1819 aqua

459 1826 619 1883 sacri
650 1827 1041 1902 baptismatis.
1067 1831 1195 1887 Haec
1224 1833 1475 1905 diligens
1507 1834 1685 1890 lector
1712 1835 1887 1908 legat,
1915 1841 1973 1891 et
2001 1854 2115 1892 non

2215 669 2275 726 in
2306 671 2505 739 vitam,
2530 675 2587 728 et
2623 671 2992 744 baptismatis
3039 676 3470 728 sacramentum
3523 669 3870 730 inﬁdelibus

2167 835 2175 843 _
2216 758 2556 828 ludiﬁcatio,
2588 761 2861 818 ﬁdelibus
2909 766 3106 818 autem
3159 759 3482 834 redemptio
3513 764 3624 818 est.
3659 760 3872 816 Sacra-

2217 854 2414 906 menta
2430 867 2662 923 quoque
2683 850 2889 907 altaris
2903 851 3103 908 devote
3119 851 3191 908 ad
3211 867 3272 907 se
3287 849 3705 908 accedentibus
3727 847 3872 917 vita,

2217 938 2502 995 indevotis
2523 939 2838 1012 judicium,
2864 940 3016 996 sicut
3035 943 3093 996 et
3122 939 3290 1012 panis
3318 938 3499 996 vitam
3519 939 3766 996 fortium
3788 955 3878 994 ro-

2218 1029 2403 1096 borat,
2428 1029 2802 1102 parvulorum
2825 1033 3012 1098 necat,
3035 1033 3093 1085 et
3110 1027 3260 1086 lenis
3283 1027 3494 1085 sibilus
3514 1044 3702 1101 equos
3721 1025 3880 1085 miti-

2219 1122 2336 1191 gat,
2356 1117 2578 1174 catulos
2597 1118 2859 1191 instigat,
2881 1121 2938 1175 et
2967 1117 3073 1187 sol,
3097 1117 3198 1190 qui
3218 1133 3412 1174 ceram
3441 1117 3650 1190 liquat,
3677 1116 3877 1172 lutum

2221 1207 2477 1279 stringit,
2508 1207 2670 1264 sanis
2699 1207 2886 1265 oculis
2916 1207 3112 1264 lumen
3143 1211 3252 1274 est,
3285 1211 3344 1263 et
3371 1205 3760 1278 lippientibus
3789 1208 3875 1260 te-

2223 1297 2433 1352 nebrae.
2468 1296 2658 1368 thue
2701 1312 2992 1352 venenum
3041 1312 3200 1352 mors
3247 1299 3336 1352 est
3381 1293 3630 1362 homini,
3661 1298 3723 1350 et
3759 1293 3881 1351 vita

2223 1385 2497 1458 serpenti,
2522 1385 2606 1441 sic
2636 1389 2695 1442 et
2724 1385 2879 1441 istud
2916 1385 3210 1458 judicium
3243 1383 3494 1442 ﬁrmiter
3519 1388 3580 1440 et
3610 1383 3724 1440 rite
3751 1399 3879 1440 cre-

2223 1475 2498 1532 dentibus
2527 1474 2783 1530 ostensio
2823 1473 3105 1544 veritatis,
3138 1473 3549 1530 haesitantibus
3589 1476 3788 1530 autem
3819 1477 3882 1528 et

2224 1563 2420 1620 dubiis
2450 1581 2611 1620 error
2655 1563 2955 1621 involvens
2999 1577 3130 1622 esse
3159 1562 3558 1636 dignoscitur;
3592 1562 3880 1634 quoniam

2221 1652 2381 1709 sicut
2409 1651 2625 1708 Paulus
2660 1652 2838 1708 dicit:
2863 1653 2954 1707 Est
2981 1654 3128 1709 enirn
3157 1651 3289 1724 ﬁdes
3325 1651 3734 1724 sperandam
3757 1655 3886 1706 sub-

2223 1744 2427 1799 stantia
2464 1758 2671 1808 rerum,
2702 1749 3084 1814 argumentum
3121 1758 3235 1798 non
3279 1742 3669 1814 apparentia»:
3693 1740 3879 1812 (Hebr.

2226 1849 2288 1900 ιι,
2317 1833 2392 1900 1),
2416 1832 2689 1902 profecto,
2724 1830 3442 1904 liquet,quia,exponente
3470 1831 3646 1887 beato
3675 1831 3886 1902 Grego-

469 1916 783 1973 mirabitur
823 1918 878 1974 in
915 1919 1138 1992 judicio
1189 1939 1354 1994 aquae
1401 1923 1624 1996 frigidae
1674 1923 2014 1981 innocentes
2045 1927 2116 1982 ab
2148 1954 2196 2019 Β
2229 1919 2332 1988 rio,
2360 1921 2502 1976 ﬁdes
2533 1919 2767 1976 illarum
2799 1935 2993 1976 rerum
3035 1924 3449 1992 argumentum
3477 1923 3590 1987 est,
3615 1935 3748 1991 quis
3775 1934 3883 1990 ap-

469 2023 624 2078 aqua
651 2007 851 2080 recipi,
875 2015 1149 2066 nocentes
1190 2018 1388 2068 autem
1419 2031 1534 2068 non
1566 2013 1766 2086 recipi,
1793 2015 1945 2070 sicut
1971 2019 2028 2070 et
2056 2013 2113 2069 in

461 2112 625 2168 aqua
671 2095 861 2152 calida
907 2104 1242 2170 coquuntur
1289 2101 1466 2170 noxii,
1493 2103 1714 2159 innoxii
1760 2121 1892 2160 vero
1942 2121 2120 2160 reser-

470 2189 682 2240 vantur
707 2184 918 2242 incocti
945 2203 958 2240 :
984 2187 1121 2259 quia
1150 2193 1207 2245 et
1243 2189 1534 2259 Christus,
1555 2191 1802 2248 caelestis
1831 2192 2120 2248 medicina

475 2273 682 2342 Patris,
703 2291 874 2331 verus
923 2275 1191 2332 humana:
1241 2279 1506 2335 medicus
1553 2280 1780 2348 salutis,
1815 2283 2118 2339 invocatus

474 2379 510 2420 ο.
537 2362 664 2420 suis
709 2363 1001 2434 ﬁdelibus,
1027 2371 1090 2420 ut
1135 2370 1192 2422 et
1239 2368 1449 2424 medici
1499 2370 1693 2425 carnis
1750 2371 1877 2442 ipso
1935 2371 2118 2443 inspi-

476 2454 640 2508 rante
678 2451 887 2520 solent,
929 2455 1223 2512 contraria
1253 2459 1397 2513 611
1433 2459 1762 2527 contrariis,
1786 2459 1976 2517 calida
2019 2462 2117 2516 fri-

474 2539 888 2614 gidis,.frigida
916 2543 1123 2600 calidis
1169 2551 1354 2601 curat.
1387 2547 1457 2601 Et
1483 2547 1540 2602 in
1571 2549 1779 2604 veteris
1815 2567 2119 2623 synagoga:

475 2631 655 2688 unius
683 2631 1066 2704 ejusdemque
1109 2633 1390 2691 seditione
1421 2638 1706 2709 quosdam
1740 2642 1892 2694 terra
1921 2641 2120 2696 absor-

476 2719 626 2789 buit,
649 2721 935 2793 quosdam
959 2739 1091 2779 vero
1115 2724 1259 2780 edax
1283 2725 1522 2782 flamma
1541 2728 1924 2801 consumpsit.
1951 2729 2124 2784 Dum-

381 2859 390 2868 .
465 2827 588 2884 ,que
617 2826 751 2868 caro
797 2809 1033 2867 innoxia
1071 2811 1385 2871 Salvotoris
1429 2817 1599 2888 aquis
1631 2817 1978 2890 [rigentibus
2006 2819 2121 2874 tin-

465 2899 696 2973 guitur,
729 2901 997 2974 opposita
1023 2903 1322 2974 quondam
1374 2905 1561 2962 noxiis
1608 2907 1904 2978 romphzea
1952 2909 2126 2981 ignea

477 2989 734 3063 paradisi
784 2989 1186 3064 restinguitur.
1240 2995 1352 3050 Sed
1400 2999 1458 3050 et
1509 2982 2124 3070 dispositione'ipsius

477 3078 898 3138 elementorum
927 3082 1247 3140 conditoris
1275 3088 1452 3156 atque
1473 3085 1731 3155 rectoris,
1756 3103 1872 3142 uno
1899 3088 2126 3142 eodem-

477 3185 592 3242 que
620 3169 742 3226 sole
770 3169 961 3226 lutum
993 3170 1321 3244 stringitur,
1345 3191 1493 3230 ctera
1513 3173 1792 3247 liquatur.
1817 3177 1946 3232 Haec
1969 3176 2126 3232 dicta

478 3257 620 3327 sint,
641 3258 781 3330 quia
825 3259 1179 3316 elementum
1233 3261 1524 3331 instabile,
1549 3265 1608 3319 in
1659 3267 1972 3338 mergendo
2023 3283 2124 3337 pro

479 3347 595 3403 ﬁde
632 3329 992 3412 credentium
1025 3350 1310 3420 quosdam
1344 3329 1566 3425 recipit,
1591 3329 1876 3426 quosdam
1927 3329 2122 3411 autem
2155 3329 2198 3395 (ἶ

481 3453 598 3492 non
619 3435 842 3509 recipit.
856 3438 969 3494 Sed
990 3443 1050 3494 et
1066 3439 1284 3496 fervore
1303 3439 1572 3497 elementi
1601 3444 1861 3514 ejusdem
1885 3444 2126 3516 quidam

481 3529 836 3597 coquuntur,
860 3530 918 3582 ct
948 3527 1188 3600 quidam
1221 3531 1475 3586 evadunt
1505 3531 1734 3588 incocti.

554 3614 671 3671 Nec
727 3617 1194 3688 praetereundum
1253 3619 1394 3691 quia
1449 3620 1698 3692 legimus
1741 3624 1798 3678 in
1848 3624 2130 3696 Capitulis

481 3705 878 3776 Augustorum
902 3706 1085 3763 fuisse
1105 3708 1347 3764 vetitum
1371 3708 1592 3782 frigidm
1615 3728 1778 3784 aquae
1793 3712 2085 3784 judicium
2112 3731 2126 3768 :

479 3793 584 3850 sed
617 3810 731 3850 non
763 3793 821 3850 in
854 3793 971 3851 illis
1018 3797 1421 3869 synodalibus,
1444 3815 1570 3870 qua:
1593 3801 1663 3856 de
1703 3802 1876 3858 certis
1905 3803 2128 3875 accepi-

469 3900 620 3940 .mus
649 3884 908 3956 synodis.
941 3887 1105 3954 Quod
1136 3891 1194 3943 et
1222 3887 1462 3961 quidam
1511 3889 1734 3946 insulse
1773 3892 1978 3948 dicunt
2006 3911 2132 3965 pro-

469 3975 681 4045 .pterea
721 3973 900 4030 fuisse
928 3975 1199 4042 vetitum,
1223 3977 1498 4050 quoniam
1532 3979 1700 4051 quasi
1739 3981 2134 4053 rebaptizatur

468 4061 584 4134 ,ςιιί
617 4062 676 4116 iu
709 4061 945 4118 nomine
974 4064 1202 4120 Domini
1245 4067 1416 4138 aquis
1460 4067 1846 4140 immergitur.
1881 4070 1990 4124 Sed
2023 4070 2131 4125 hoc

483 4150 705 4206 ibidem
743 4151 1027 4222 scriptum
1077 4155 1452 4226 nequaquam
1501 4157 1844 4228 reperimus.
1879 4159 1994 4214 Nec
2027 4177 2132 4214 nos

469 4239 662 4294 .etiam
686 4239 1026 4312 ignoramus
1047 4244 1186 4314 quia
1205 4243 1412 4300 beatus
1429 4245 1775 4302 Ambrosius
1803 4247 1972 4319 plura
1993 4249 2136 4304 dicit

487 4327 864 4400 baptismate,
899 4329 956 4386 id
985 4336 1076 4388 est
1107 4332 1277 4404 plura
1315 4333 1686 4406 baptismatis
1716 4340 1960 4392 annotat
1989 4355 2132 4409 pra:-

487 4416 674 4473 conia.
701 4419 770 4474 Et
799 4419 946 4476 sacri
978 4438 1231 4479 canones
1263 4424 2137 4498 rebaptizationes'omnibus,ut

486 4506 738 4564 vitandis
760 4513 917 4575 sunt,
943 4511 1270 4583 prohibent.
1292 4515 1471 4569 Nemo
1497 4519 1691 4570 tamen
1715 4520 1805 4570 est
1827 4533 1972 4588 pene
1994 4518 2133 4573 ﬁde-

492 4596 764 4668 lium,qui
791 4614 853 4653 se
882 4597 1006 4655 sine
1037 4601 1226 4656 crucis
1259 4603 1545 4676 signo,vel
1569 4605 1927 4662 invocatione
1952 4607 2133 4661 divini

2225 2025 2428 2082 parere
2484 2027 2599 2064 non
2660 2013 2928 2082 possunt,
2957 2025 3086 2082 quae
3143 2008 3358 2064 etenim
3420 2011 3731 2080 apparent,
3756 2008 3884 2079 jam

2225 2099 2401 2154 ﬁdem
2434 2116 2547 2154 non
2595 2098 2836 2166 habent,
2870 2099 2970 2155 sed
3021 2098 3402 2172 agnitionem.
3435 2098 3532 2155 Sic
3563 2097 3624 2153 in
3655 2097 3768 2153 hoc
3795 2095 3886 2153 di-

2226 2205 2301 2243 nc
2333 2188 2580 2260 judicio,
2613 2188 2707 2244 his
2755 2189 2828 2244 de
2878 2189 3096 2261 quibus
3127 2191 3298 2246 antea
3345 2187 3776 2244 dubitabamus
3804 2186 3889 2242 di—

2225 2277 2359 2333 vina
2379 2278 2712 2335 ostensione
2736 2277 3099 2344 monstratis,
3117 2295 3243 2350 quae
3267 2275 3674 2350 corporalibus
3699 2275 3889 2332 oculis

2226 2367 2418 2422 videre
2440 2384 2554 2422 non
2583 2384 2921 2439 possumus,
2936 2367 3123 2424 oculis
3145 2369 3298 2424 612
3321 2367 3456 2424 ﬁdei
3483 2365 3891 2438 contemplan-

2225 2459 2316 2512 tes
2345 2456 2748 2513 credulitatem
2791 2458 3168 2514 accomodare
3208 2457 3510 2524 debemus,
3535 2455 3700 2514 sicut
3730 2454 3887 2511 Tho-

2228 2562 2357 2600 mas
2383 2550 2555 2601 antea
2581 2546 2878 2615 dubitans,
2903 2547 3046 2602 dum
3067 2545 3382 2603 Dominum
3414 2544 3695 2618 palpavit,
3723 2543 3888 2600 aliud

2226 2634 2374 2690 vidit
2401 2637 2458 2689 et
2487 2633 2950 2704 aliudjcredidit;
2983 2653 3017 2691 a
3046 2633 3280 2691 mortali
3307 2633 3522 2706 quippe
3541 2633 3782 2690 homine
3801 2632 3890 2688 di-

2229 2723 2442 2780 vinitas
2473 2724 2654 2780 videri
2686 2741 2799 2780 non
2841 2723 3056 2796 potuit;
3090 2723 3390 2780 hominem
3421 2721 3604 2796 igitur
3630 2721 3796 2787 vidit,
3829 2727 3894 2778 et

2231 2814 2414 2870 Deum
2446 2814 2750 2870 confessus
2789 2817 2899 2883 est,
2925 2811 3124 2869 dicens
3149 2829 3162 2868 :
3186 2813 3451 2870 Dominus
3489 2827 3643 2867 metu
3667 2819 3721 2868 et
3748 2811 3894 2868 Dens

2229 2920 2380 2960 meus
2429 2904 2605 2972 (Iona.
2646 2920 2739 2971 xx,
2772 2903 2884 2974 26).
2908 2901 3170 2958 Videndo
3219 2917 3356 2975 ergo
3405 2899 3678 2968 credidit,
3707 2916 3892 2972 quem

2231 2993 2655 3048 considerando
2683 3009 2887 3048 verum
2918 2991 3240 3058 hominem,
3271 2991 3430 3048 hunc
3465 2990 3674 3058 Deum,
3706 3003 3890 3062 quem

2231 3081 2422 3138 videre
2449 3098 2563 3137 non
2595 3080 3218 3154 poterat,exclamavit.
3240 3080 3329 3136 Ita
3355 3083 3414 3136 et
3439 3077 3745 3136 veritatem
3777 3077 3890 3146 rei,

2233 3171 2305 3226 de
2329 3186 2448 3243 qua
2491 3170 2853 3240 dubitamus,
2875 3169 3016 3243 quia
3044 3169 3445 3242 corporalibus
3474 3167 3662 3226 oculis
3690 3167 3894 3224 videre

2237 3261 2647 3333 nequibamus,
2661 3259 2868 3316 divinae
2885 3259 3202 3316 ostensioni
3224 3257 3890 3327 credenteﬁyeritakm,

2236 3349 2364 3422 qua:
2394 3354 2544 3406 Deus
2586 3353 2694 3417 est,
2727 3347 2966 3404 laudare
3015 3347 3320 3404 debemus.
3343 3347 3474 3404 Haec
3509 3351 3707 3404 autem
3737 3345 3892 3404 dici-

2237 3455 2392 3506 mus,
2412 3455 2528 3494 non
2549 3455 2664 3510 quo
2687 3453 3046 3511 quemquam
3078 3436 3600 3510 reprehendamus,
3617 3434 3760 3508 quia
3778 3451 3895 3492 nec

2237 3527 2316 3584 ibi
2345 3527 2628 3600 scriptum
2657 3532 2748 3584 est
2766 3529 2939 3597 (Rom.
2959 3544 3074 3595 x1v,
3096 3528 3154 3593 5)
3173 3543 3279 3582 cur
3308 3526 3418 3584 hoc
3437 3524 3736 3596 judicium
3767 3542 3894 3581 non

2238 3618 2444 3674 debeat
2475 3615 2598 3673 ﬁeri
2629 3617 2730 3673 sed
2771 3617 3179 3672 tantummodo
3211 3615 3435 3673 dictum
3467 3631 3539 3671 ne
3571 3615 3753 3682 ﬁeret,
3785 3619 3900 3670 aut

2239 3709 2459 3775 nostra,
2485 3706 2654 3778 quasi
2677 3705 3003 3778 sapientius
3033 3705 3278 3778 prolata,
3297 3721 3476 3778 quam
3496 3703 3596 3760 alii
3629 3703 3898 3760 invenire

2239 3811 2307 3850 ex
2329 3799 2667 3851 sanctorum
2689 3795 3058 3851 documentis
3086 3791 3514 3866 praevaluorint,
3537 3792 3661 3850 sive
3679 3807 3900 3865 prava-

2239 3883 2418 3951 leant,
2451 3884 2760 3940 defendere
2789 3887 3150 3957 satagamus.
3184 3881 3603 3957 Unusquisque
3639 3879 3796 3940 eui
3827 3881 3897 3938 in

2240 3991 2347 4032 suo
2378 3990 2555 4042 sensu
2577 3973 2860 4030 abundat.
2887 3975 3142 4030 Tantum
3165 3971 3413 4044 quilibet
3431 3971 3542 4028 hoc
3562 3975 3733 4029 caute
3763 3987 3900 4044 pro-

2237 4063 2449 4132 videat,
2467 4067 2533 4118 ut
2552 4081 2587 4120 a
2606 4063 2720 4118 ﬁde
2741 4061 3027 4119 catholica
3045 4067 3104 4120 et
3122 4061 3434 4119 traditione
3451 4059 3786 4134 apostolicae
3807 4077 3899 4117 se»

2239 4153 2334 4210 dis
2366 4171 2480 4208 non
2513 4151 2934 4224 discrepet,sed
2967 4169 3094 4224 quae
3121 4151 3408 4209 sentimus
3429 4150 3736 4209 humiliter
3763 4167 3898 4222 pro-

2241 4244 2514 4310 ferentes,
2550 4241 2735 4314 parati
2773 4241 2982 4311 simus,
3017 4241 3066 4297 si
3099 4241 3232 4313 quis
3270 4239 3691 4298 convenientus
3716 4239 3898 4296 nobis

2242 4330 2580 4399 ostenderit,
2601 4331 2728 4388 sine
2751 4331 3120 4388 contentione
3162 4346 3306 4387 sano
3335 4329 3656 4386 intellectui
3687 4328 3898 4385 cedere

2241 4426 2300 4478 et
2329 4420 2716 4478 libentissime
2763 4438 2877 4476 non
2927 4415 3666 4492 modo'consentire,quin
3715 4418 3896 4475 etiam

2244 4511 2486 4570 discens.

2316 4601 2419 4656 llis
2447 4600 2530 4657 ita
2578 4617 2640 4656 se
2687 4599 3060 4668 habentibus,
3092 4598 3142 4654 si
3191 4597 3532 4671 hujusmodi
3571 4596 3895 4670 iudicium,

491 4686 770 4756 nominis,
784 4687 952 4760 aquis
969 4689 1145 4746 etiam
1163 4693 1233 4746 ad
1251 4691 1563 4748 lavandum
1587 4694 1884 4763 immittat,
1891 4697 2138 4766 jubente
2169 4702 2214 4767 D
2245 4691 2421 4763 quod,
2438 4695 2503 4747 ut
2522 4688 2876 4757 audiVimus,
2889 4687 3131 4746 cardus
3151 4686 3348 4762 magni
3371 4685 3629 4744 11011151153
3649 4685 3902 4760 ἰωραη-

489 4775 767 4850 Apostolo
785 4778 985 4834 omnia
1012 4781 1302 4853 agendum
1335 4783 1394 4837 in
1426 4783 1661 4838 nomine
1684 4784 1998 4854 Domini,et
2020 4803 2134 4841 non

491 4883 554 4923 se
573 4865 674 4922 illo
694 4865 972 4939 baptizari
1002 4872 1168 4940 putat
1189 4869 1680 4944 baptismate,quo
1702 4879 1940 4931 renatus
1960 4878 2050 4930 est
2069 4892 2138 4930 ex

491 4973 648 5028 aqua
666 4962 723 5012 et
746 4955 1194 5030 spiritu.Sermo
1215 4959 1393 5027 enim,
1417 4965 1639 5034 etopus
1669 4964 1784 5030 Dei,
1808 4969 2136 5035 cunctaque

491 5051 859 5103 sacramenta
899 5046 1115 5115 divina,
1148 5067 1366 5106 manna
1415 5057 1576 5117 sunt,
1598 5055 1776 5125 quod,
1801 5053 1953 5109 sicut
2001 5054 2138 5108 scri-

495 5140 661 5208 ptum
682 5143 772 5194 est
787 5139 934 5210 (Sap.
953 5155 1064 5206 va,
1080 5141 1193 5210 20),
1209 5140 1414 5196 habuit
1432 5159 1605 5197 omne
1625 5142 2136 5214 delectamentum,

487 5230 551 5280 et
571 5227 766 5283 omnis
785 5228 1012 5300 saporis
1041 5228 1408 5296 suavitatem,
1434 5233 1706 5302 quodque
1735 5231 1886 5286 sicut
1915 5248 2018 5302 pro
2048 5233 2142 5287 de-

495 5315 710 5372 siderio
740 5317 1187 5390 suscipientium
1208 5319 1505 5391 quondam
1527 5321 1746 5376 factum
1769 5324 1859 5375 est
1888 5319 1945 5374 in
1980 5338 2142 5392 sapo-

497 5421 617 5459 rem
647 5407 1033 5476 gustantium,
1059 5408 1140 5464 ita
1180 5413 1237 5464 et
1273 5409 1394 5464 haec
1431 5427 1535 5481 pro
1575 5409 1876 5465 devotione
1902 5410 2140 5464 creden-

499 5492 649 5548 tium
677 5495 825 5551 ﬁunt
845 5514 1023 5553 causa
1045 5499 1470 5554 ostensionum.
1494 5499 1668 5554 Velut
1687 5498 2010 5553 incarnatio
2032 5499 2140 5554 Do-

499 5581 646 5637 mini
676 5583 734 5638 in
765 5585 994 5642 ruinam
1017 5592 1074 5642 et
1095 5590 1578 5644 resurrectionem
1611 5587 1932 5642 multorum
1955 5591 2064 5654 est,
2087 5593 2143 5644 et

497 5687 642 5727 crux
660 5672 788 5742 ejus
810 5676 1187 5746 pereuntibus
1212 5677 1449 5749 quidem
1473 5675 1720 5731 stultitia
1743 5679 1849 5742 est,
1865 5677 2144 5736 credenti-

501 5761 612 5820 bus
631 5776 764 5817 vero
793 5760 854 5818 in
885 5763 1134 5822 salutem
1155 5765 1342 5822 virtus
1363 5766 1463 5822 Dei
1492 5771 1602 5833 est,
1624 5769 1680 5820 ct
1711 5765 2040 5837 praedicatio
2061 5767 2144 5840 ip-

2246 4785 2336 4836 tor
2363 4781 2434 4836 de
2465 4797 2584 4836 suae
2613 4778 2740 4835 vitae
2787 4777 3132 4835 credulitate
3162 4776 3396 4850 recepit,
3426 4791 3530 4849 per
3575 4775 3898 4832 consilium

2245 4869 2528 4926 laicerum
2572 4867 2884 4937 nobilium,
2915 4884 3202 4924 consensu
3242 4865 3672 4940 episcoporum,
3697 4883 3765 4922 ac
3795 4867 3897 4922 de-

2247 4965 2402 5016 creto
2433 4959 2591 5030 regio
2614 4957 2802 5029 (aliter
2829 4957 2986 5014 enim
3018 4974 3133 5012 non
3164 4959 3526 5029 oportuerat)
3543 4955 3785 5028 praefata
3811 4957 3896 5010 fe-

2247 5051 2410 5106 mina
2429 5049 2500 5103 de
2521 5047 2737 5120 quibus
2758 5048 3139 5121 reputabatur
3155 5049 3384 5102 constat
3402 5061 3530 5101 esse
3551 5050 3822 5119 purgata,
3837 5049 3897 5101 et

2249 5138 2502 5195 maritali
2534 5137 2700 5195 thoro
2731 5155 2848 5194 non
2869 5137 3059 5194 solum
3083 5153 3380 5194 consensu
3399 5134 3690 5192 nobilium
3719 5134 3898 5192 laicu-

2250 5245 2401 5294 rum,
2433 5245 2656 5300 verum,
2689 5232 2754 5284 ut
2783 5227 3136 5296 audivimus,
3159 5243 3295 5282 cum
3341 5224 3812 5283 reconciliatione
3839 5230 3902 5281 et

2250 5317 2650 5374 benedictione
2693 5317 3120 5390 episcoporum,
3155 5315 3426 5372 restituta
3473 5315 3594 5371 sive
3639 5318 3900 5386 recepta,

2250 5425 2356 5464 cur
2383 5408 2594 5463 iterum
2634 5424 2873 5464 causam
2904 5407 2964 5461 in
2995 5405 3374 5479 quaestionem
3414 5405 3792 5472 reducamus,
3815 5404 3900 5459 vi-

2251 5499 2383 5554 dere
2416 5515 2531 5554 non
2562 5514 2900 5570 possumus,
2924 5496 3152 5552 dicente
3191 5495 3438 5552 Domino
3472 5513 3486 5551 :
3519 5493 3900 5551 Νοκεεσηιαὺὺ

2249 5591 2540 5644 Dominum
2583 5590 2756 5644 Deum
2800 5595 2954 5644 tuum
3001 5587 3203 5658 (Matth.
3239 5603 3316 5654 ιν,
3344 5588 3423 5656 7).
3461 5585 3534 5641 Et
3581 5585 3899 5640 audiamus

2250 5679 2406 5752 quod
2435 5679 2656 5736 audivit
2703 5678 2776 5734 ab
2807 5676 2904 5732 illo
2953 5678 3024 5733 ad
3073 5694 3230 5745 eum,
3253 5676 3456 5732 dicens
3479 5691 3494 5731 :
3517 5674 3786 5747 Magister,
3819 5688 3900 5729 ru-

2249 5771 2390 5841 spice
2423 5772 2476 5826 in
2510 5770 2690 5840 ﬁlium
2717 5784 2917 5834 mum,
2938 5784 3055 5826 ecce
3089 5769 3313 5842 spiritus
3351 5765 3708 5840 apprehendit
3733 5764 3901 5820 illm
