4148 6482
479 407 597 467 6⁵75

1427 403 1806 464 [llNCMAltI
1853 402 2300 464 RHEMENSIS
2347 404 2937 466 AltCHlEPISGOPI

3765 399 3888 459 676

481 540 547 594 Et
577 538 717 593 item
749 537 1033 610 scriptum
1067 541 1157 592 est
1187 552 1200 592 :
1235 536 1434 592 Reddes
1486 543 1668 592 autem
1711 537 1940 591 Domino
1968 551 2119 598 πινα-
2148 539 2204 606 Α
2231 536 2500 593 sedentem
2555 554 2719 610 super
2774 537 2977 592 solium
3029 551 3210 602 suum,
3243 542 3295 590 et
3321 549 3537 590 omnem
3579 534 3890 590 exercitum

475 634 659 683 nauta
687 635 781 681 tua
811 625 1016 698 (Matth.
1049 643 1105 694 v,
1133 626 1245 693 33).
1280 625 1338 681 Si
1374 623 1712 680 fidelitatem
1771 624 1982 680 seniori
2014 643 2120 680 suo

477 715 767 790 promisit,
797 715 1092 786 quomodo
1121 714 1256 770 huic
1286 713 1544 768 illusioni
1568 719 1769 769 contra
1796 713 1958 768 illum
1993 731 2125 769 con-

480 805 698 864 sentire
728 803 1148 878 prmsumpsit?
1177 805 1246 859 Et
1271 803 1319 858 si
1355 808 1493 858 tunc
1543 804 1694 860 inter
1721 803 1836 858 duo
1867 802 2125 874 pericula

478 894 729 968 positus,
762 893 960 949 minus
991 893 1062 948 de
1083 893 1421 965 juramento
1480 891 1774 964 negligere
1833 891 2024 964 elegit,
2062 894 2124 946 ut

479 985 674 1056 majus
723 999 794 1038 ne
851 981 1112 1055 proditor
1165 980 1550 1037 confessionis
1603 981 1765 1036 ﬁeret
1823 979 2120 1049 devitaret,

479 1089 660 1145 quare
681 1073 870 1145 ipsam
893 1070 1316 1127 confessionem
1340 1088 1497 1126 nunc
1527 1069 1817 1143 prodidit?
1833 1086 1966 1124 cum
1989 1068 2126 1124 scri-

481 1166 649 1234 ptum
680 1160 758 1217 sit
789 1178 802 1216 :
839 1161 946 1229 Qui
971 1161 1215 1216 ambulat
1241 1160 1638 1233 fraudulenter,
1669 1159 1870 1214 revelat
1895 1175 2124 1226 arcana,-

481 1252 582 1322 qui
610 1259 791 1305 autem
817 1250 994 1321 ﬁdelis
1035 1256 1128 1316 est,
1162 1251 1342 1304 animi
1385 1250 1522 1304 celat
1569 1250 1912 1304 commissum
1941 1249 2122 1318 (Prov.

482 1355 562 1407 x1,
596 1339 705 1411 13),
739 1354 806 1392 ac
838 1336 887 1392 si
920 1341 1185 1410 patenter
1214 1337 1370 1392 dicat
1403 1354 1415 1393 :
1445 1336 1552 1403 Qui
1601 1336 1783 1392 animi
1834 1353 1948 1391 non
1979 1333 2127 1389 celat

483 1427 866 1483 commissum
899 1424 1154 1480 infidelis
1183 1427 1376 1481 est.Et
1398 1425 1611 1481 Paulus
1641 1423 1782 1480 dicit
1806 1423 2076 1479 fidelibus
2110 1438 2122 1476 :

485 1517 620 1586 Quae
644 1533 776 1589 pars
806 1515 959 1588 ﬁdeli
985 1532 1110 1570 cum
1160 1516 1421 1586 inﬁdele?
1450 1517 1524 1585 (II
1551 1515 1670 1570 Cor.
1701 1531 1780 1580 v1,
1815 1513 1924 1585 13.)
1957 1511 2128 1567 Plura

482 1605 622 1661 hinc
652 1605 766 1661 dici
799 1609 1086 1676 poterant,
1121 1604 1219 1658 sed
1276 1603 1445 1659 nobis
1497 1620 1612 1658 non
1645 1602 1932 1658 convenit.
1967 1601 2128 1657 Onus

483 1696 640 1750 enim
674 1710 850 1750 suum
881 1693 1289 1766 unusquisque
1322 1692 1596 1765 portabit.
1614 1693 1742 1747 Haec
1773 1695 1967 1746 autem
1999 1690 2126 1745 bre-

482 1783 630 1840 viter
681 1783 960 1849 diximus,
996 1799 1110 1837 non
1159 1787 1224 1838 ut
1265 1783 1498 1837 credere
1527 1780 1612 1836 vel
1644 1780 1796 1836 credi
1830 1780 1904 1835 ab
1934 1778 2129 1850 aliquo

484 1871 822 1944 hujusmodi
849 1870 1208 1944 derogationi
1227 1872 1299 1926 de
1317 1886 1671 1943 quocunque
1690 1865 2131 1946 sacerdoteveli-

483 1978 638 2027 mus,
671 1961 771 2016 sed
809 1964 872 2014 ut
901 1978 1007 2016 nos
1036 1964 1328 2032 quatenus
1355 1959 1494 2015 hinc
1525 1959 2011 2032 respondcrcmus
2029 1973 2132 2030 per

483 2067 694 2106 nomen
726 2049 956 2105 Domini
979 2049 1407 2105 obtestantibus
1437 2047 1949 2122 designemus,hoc
1967 2046 2131 2101 nefas

483 2137 833 2212 proditionis
864 2143 1038 2210 atque
1077 2137 1460 2211 duplicitatis,
1493 2143 1550 2193 et
1581 2153 1930 2210 magnopere
1962 2134 2130 2190 nobis

485 2245 614 2283 esse
643 2227 968 2294 vitandum,
999 2230 1058 2281 et
1085 2226 1236 2282 615
1268 2227 1327 2281 in
1359 2225 1635 2282 omnibus
1663 2226 1918 2296 profecto
1949 2221 2134 2278 homi-

484 2317 662 2373 nibus
691 2316 1123 2401 detestandum.

942 2439 1481 2496 INTERROGATIO
1529 2438 1676 2494 VIII.

559 2549 706 2606 Huic
736 2553 932 2604 autem
965 2546 1119 2602 dicto
1151 2546 1304 2618 quod
1338 2545 1502 2600 aiunt
1557 2544 1819 2616 quidam,
1851 2542 2130 2616 quoniam

488 2639 736 2694 intentio
768 2637 929 2692 illius
959 2634 1185 2690 femina:
1216 2635 1327 2689 fuit
1348 2634 1418 2688 de
1440 2633 1552 2688 alio
1580 2633 1842 2703 eiusdem
1875 2623 2131 2686 nominis

487 2728 662 2783 fratre
685 2725 1054 2797 suo,quando
1074 2722 1354 2779 vicarium
1378 2739 1552 2777 suum
1573 2722 1632 2776 in
1647 2721 1938 2791 judicium
1954 2738 2056 2794 pro
2070 2738 2132 2776 se

490 2815 670 2883 misit,
702 2819 759 2870 et
789 2813 1004 2869 ideirco
1036 2829 1098 2868 se
1127 2813 1185 2867 in
1209 2811 1433 2882 judicio
1490 2811 1676 2866 isdem
1718 2810 1970 2865 vicarius
2001 2811 2131 2880 ejus

487 2923 602 2963 non
633 2904 805 2962 coxit.

1101 3008 1516 3067 RESPONSIO.

555 3117 924 3190 Quasijudex
944 3115 1210 3172 omnium
1237 3132 1364 3187 quae
1386 3117 1688 3187 geruntur,
1705 3112 1802 3186 qui
1827 3111 1986 3168 novit
2005 3129 2129 3168 om-

489 3209 586 3264 nia
600 3207 775 3264 etiam
797 3210 1113 3278 antequam
1134 3206 1298 3272 ﬁant,
1319 3203 1415 3258 tali
1436 3221 1628 3260 errore
1641 3203 1838 3258 seduci
1856 3200 2128 3274 potuerit,

2159 1915 2206 1979 B

2228 627 2352 681 coeli
2402 628 2740 682 assistentem
2793 627 2846 682 ei
2899 643 2933 680 α
2983 625 3190 681 dextris
3238 633 3290 680 et
3339 641 3373 678 a
3410 623 3674 679 sinistris.
3707 622 3776 677 Et
3807 623 3889 677 ait

2229 717 2491 772 Dominus
2520 735 2538 772 :
2570 717 2700 785 Quis
2729 716 2957 787 decipiet
2987 714 3166 770 Achab
3183 731 3366 783 regem
3394 713 3586 780 Israel,
3604 719 3668 767 ut
3697 727 3890 766 ascen-

2213 805 2326 859 .dat
2353 812 2403 860 et
2432 805 2586 860 cadat
2617 807 2678 860 in
2725 804 2951 860 Ramoth
3001 802 3206 859 Galaad
3230 807 3252 858 P
3279 803 3344 857 Et
3373 801 3520 857 dicit
3547 818 3694 857 unus
3723 799 3888 855 verba

2231 894 2620 966 hujuscemodi,
2652 903 2702 950 et
2739 894 2886 949 alius
2916 893 3098 948 aliter.
3137 893 3393 962 Egressus
3441 899 3520 947 est
3555 899 3742 945 autem
3769 890 3886 960 spi-

2231 985 2372 1038 ritus
2396 1000 2581 1039 coram
2608 984 2858 1054 Domino,
2889 991 2939 1038 et
2969 983 3091 1037 ait:
3117 981 3229 1050 Ego
3257 980 3528 1052 decipiam
3559 979 3745 1035 illum.
3779 979 3886 1034 Cui

2239 1072 2448 1128 locutus
2498 1080 2574 1128 est
2628 1073 2912 1138 Dominus,
2944 1073 3006 1127 In
3039 1087 3142 1144 quo
3161 1073 3188 1126 .9
3213 1071 3277 1125 Et
3306 1070 3402 1125 ille
3428 1071 3509 1125 ait
3539 1087 3558 1123 :
3589 1067 3878 1137 Egredior,

2235 1169 2285 1217 et
2323 1177 2414 1217 ero
2440 1163 2668 1232 spiritus
2691 1161 2926 1216 mendax
2956 1162 3016 1216 in
3046 1177 3138 1216 ore
3193 1161 3441 1216 omnium
3491 1159 3884 1230 prophetarum

2233 1251 2370 1322 ejus.
2428 1251 2494 1306 Et
2549 1250 2703 1306 dixit
2749 1249 3010 1320 Dominus
3038 1267 3058 1305 :
3113 1250 3376 1320 Decipies,
3434 1256 3484 1303 et
3536 1245 3886 1319 pravalebis,

2233 1340 2504 1409 egredere,
2563 1348 2614 1394 et
2662 1342 2754 1410 fac
2810 1341 2890 1394 ita
2941 1339 3041 1408 (III
3097 1339 3223 1407 Reg.
3283 1354 3399 1409 xxx,
3457 1335 3568 1406 19).
3600 1336 3755 1402 Quid
3813 1336 3888 1391 sit

2237 1433 2426 1486 astare
2447 1427 2772 1501 malignum
2795 1427 3068 1500 spiritum
3093 1425 3359 1492 Domino,
3377 1431 3435 1481 et
3459 1425 3598 1498 quid
3624 1425 3706 1481 sit
3733 1425 3886 1497 quod

2237 1519 2627 1590 interrogasse
2665 1517 2992 1590 malignum
3025 1515 3298 1588 spiritum
3330 1515 3619 1570 Dominus
3649 1513 3883 1582 dicitur,

2237 1612 2296 1663 et
2311 1605 2562 1679 qualiter
2582 1605 2858 1678 loquatur
2877 1605 3033 1661 Deus
3063 1604 3137 1660 ad
3169 1601 3494 1676 malignum
3527 1601 3888 1676 spiritum,et

2238 1695 2533 1770 malignus
2555 1695 2798 1768 spiritus
2820 1695 2892 1754 ad
2925 1694 3134 1762 Deum,
3165 1693 3372 1749 beatus
3401 1690 3641 1766 exponit
3671 1692 3884 1763 Grego-

2238 1784 2360 1844 rius
2382 1785 2591 1858 (Moral.
2623 1802 2700 1853 x1,
2725 1801 2845 1856 cap.
2879 1785 2933 1852 4)
2963 1782 3023 1838 in
3057 1781 3366 1838 Moralium
3397 1779 3566 1837 libris
3595 1779 3885 1836 devotioni

2239 1874 2521 1930 lectorum
2562 1873 2908 1929 notissimis.
2942 1871 3217 1944 Sequitur
3250 1871 3308 1926 in
3337 1869 3584 1926 historia
3610 1868 3749 1925 libri
3783 1869 3886 1924 Re-

2240 1981 2380 2037 gum
2416 1981 2429 2019 :
2463 1963 2620 2019 Nunc
2647 1964 2824 2032 igitur
2850 1977 2966 2018 ecce
2994 1961 3140 2016 dedit
3170 1961 3430 2016 Dominus
3457 1961 3726 2031 spiritum
3747 1975 3888 2013 men-

2235 2053 2386 2109 dacii
2414 2055 2470 2108 in
2501 2069 2592 2108 ore
2621 2054 2869 2108 omnium
2913 2051 3304 2122 prophetarum
3335 2047 3488 2104 010
3520 2055 3754 2104 tuorum
3797 2048 3890 2120 qui

2237 2139 2327 2195 hic
2353 2147 2498 2195 sant.
2532 2140 2596 2194 Et
2627 2139 2888 2194 Dominus
2925 2138 3152 2202 ,locutus
3201 2145 3278 2193 est
3333 2144 3524 2192 contra
3571 2143 3622 2192 te
3651 2136 3876 2191 malum.

2237 2228 2307 2283 Et
2337 2233 2468 2300 post
2497 2226 2801 2299 aliquanta
2833 2245 2845 2283 :
2884 2227 3027 2284 Unus
3058 2234 3240 2282 autem
3268 2226 3492 2297 quidam
3541 2224 3775 2282 tetendit
3799 2241 3886 2282 ar—

2237 2334 2380 2385 cum,
2415 2319 2472 2374 in
2508 2319 2775 2373 incertum
2803 2317 3061 2386 sagittam
3090 2315 3354 2388 dirigens,
3386 2325 3436 2372 et
3467 2333 3598 2371 casu
3624 2317 3891 2388 percussit

2238 2422 2416 2479 regem
2443 2407 2632 2473 Israel,
2663 2405 2723 2460 id
2756 2408 2844 2461 est
2869 2405 3088 2471 Achab,
3115 2405 3257 2460 inter
3279 2405 3597 2476 pulmonem
3615 2413 3669 2461 et
3699 2413 3892 2461 stoma—

2237 2496 2416 2552 chum.
2445 2495 2514 2549 Et
2544 2493 2718 2566 paulo
2743 2497 2894 2566 post,
2921 2503 2973 2550 et
2995 2503 3244 2550 mortuus
3271 2503 3349 2550 est
3376 2510 3608 2567 vespere,
3642 2499 3704 2550 et
3735 2509 3890 2550 com-

2239 2583 2431 2656 pletus
2459 2587 2547 2640 est
2577 2583 2634 2638 in
2666 2599 2732 2638 eo
2765 2599 2954 2638 sermo
2988 2582 3220 2639 Domini
3250 2600 3354 2656 per
3374 2599 3618 2638 manum
3638 2581 3890 2639 Michaa

2239 2673 2553 2746 prophetae,
2573 2673 2644 2728 de
2675 2690 2790 2745 quo
2819 2676 2992 2728 antea
3016 2671 3249 2729 locutus
3279 2677 3370 2729 est
3400 2672 3553 2728 idem
3582 2672 3789 2728 Achab
3817 2671 3887 2728 ad

2238 2762 2520 2835 Josaphat
2533 2777 2724 2834 regem
2737 2761 2768 2817 J
2776 2761 2892 2816 uda
2903 2761 3253 2834 quaerentem
3271 2761 3614 2834 prophetam
3629 2760 3886 2817 Domini.

2239 2850 2734 2922 Remansit,inquit
2761 2850 2978 2918 Achab,
2997 2852 3084 2906 vir
3111 2867 3256 2906 unus
3281 2867 3382 2922 per
3409 2867 3568 2924 quem
3594 2866 3889 2922 possumus

2241 2942 2579 3010 interrogare
2605 2941 2916 3004 Dominum,
2949 2939 3041 2994 sed
3071 2955 3166 3008 ego
3195 2939 3288 2994 odi
3313 2940 3601 3010 eum,quia
3630 2955 3747 2995 non
3763 2955 3886 3011 pro-

2235 3031 2418 3102 phetat
2445 3029 2588 3084 mihi
2618 3030 2838 3093 bonum,
2868 3027 2960 3083 sed
3001 3029 3230 3082 malum.
3266 3026 3547 3084 Videlicet
3605 3027 3888 3100 quoniam

2242 3134 2373 3173 vera
2395 3116 2477 3171 illi
2508 3115 2816 3182 dicebat,et
2837 3114 2964 3170 ideo
2993 3114 3226 3170 odiebat
3256 3131 3415 3184 eum,
3439 3113 3696 3186 diligens
3729 3130 3888 3170 men-

2239 3207 2412 3262 daces
2445 3204 2765 3272 ministros,
2799 3208 2855 3260 et
2883 3203 2994 3260 sibi
3025 3203 3236 3277 impios
3261 3222 3274 3272 ;
3299 3203 3454 3259 unde
3485 3203 3779 3276 scripturn
3803 3207 3891 3260 est

489 3311 834 3368 componere
881 3311 1200 3367 possumus
1229 3293 1384 3364 quod
1418 3292 1621 3346 Petrus
1651 3291 1710 3345 in
1743 3295 1950 3363 quarto
1981 3288 2128 3345 libro
2159 3287 2202 3350 C
2241 3297 2422 3368 (Prov.
2453 3313 2607 3364 χχιχ,
2642 3296 2727 3368 12)
2763 3311 2776 3351 :
2810 3297 3070 3366 Princeps
3129 3297 3226 3366 qui
3273 3295 3506 3350 libenter
3535 3293 3698 3349 audi:
3726 3295 3889 3348 verba

489 3383 863 3456 Dialogorum
885 3399 919 3437 a
934 3383 1100 3437 beato
1122 3380 1427 3452 requisivit
1443 3379 1751 3452 Gregorio:
1786 3402 1811 3428 ‹‹
1839 3377 2129 3443 Quidnam

489 3476 600 3539 est,
632 3471 928 3543 inquiens,
963 3487 1158 3542 quaeso
1191 3472 1264 3535 te,
1298 3469 1452 3540 quod
1501 3467 1765 3523 nonnulli
1823 3466 1990 3540 quasi
2030 3483 2134 3540 per

489 3577 745 3618 errorem
795 3559 1180 3616 extrahuntur
1199 3575 1229 3612 e
1249 3557 1526 3629 corpore?
1548 3557 1650 3612 Cui
1683 3558 1887 3612 beatus
1917 3557 2134 3628 Grego-

489 3651 614 3707 rius
633 3650 888 3706 referens
905 3650 975 3704 de
996 3648 1226 3704 duobus
1257 3646 1591 3721 Stephanis,
1625 3645 1765 3718 quia
1796 3664 1910 3702 non
1944 3645 2131 3702 isdem

491 3737 954 3814 Stephanus,qui
975 3736 1461 3810 adductusjudici
1476 3737 1544 3791 ad
1561 3735 1904 3791 locainferni
1924 3737 2128 3804 fuerat,

479 3830 690 3903 jussus
720 3828 928 3883 adduci
962 3827 1384 3893 exstiterat,sed
1421 3826 1754 3898 Stephanus
1785 3825 1932 3880 alter
1961 3827 2130 3881 ferra-

491 3919 614 3974 rius
647 3935 660 3973 :
692 3923 748 3973 et
776 3917 874 3973 illo
904 3917 1164 3985 reducto,
1198 3915 1530 3988 Stephanus
1563 3915 1859 3981 ferrarius,
1891 3915 1990 3987 qui
2025 3915 2129 3970 ad-

488 4006 622 4063 duci
680 4007 869 4062 fuerat
917 4007 1147 4078 jussus,
1195 4005 1483 4059 adductus
1541 4009 1648 4059 cst.
1691 4026 1716 4053 «
1753 4003 1890 4071 Hoc,
1940 4002 2133 4075 inquit

489 4097 697 4152 beatus
753 4095 1067 4168 Gregorius
1099 4095 1238 4166 (cap.
1271 4096 1384 4160 3(3),
1415 4091 1877 4164 quotiescunque
1937 4093 2018 4159 tit,
2081 4091 2131 4146 si

489 4185 637 4241 bene
665 4183 1185 4264 perpenditur,non
1221 4199 1380 4237 error
1406 4183 1504 4237 sed
1538 4181 1856 4236 admonitio
1888 4186 1996 4236 est.
2031 4182 2133 4236 Su-

489 4290 670 4348 perna
699 4273 854 4328 enim
888 4272 1075 4344 pietas
1105 4289 1172 4326 ex
1205 4286 1418 4343 magna
1450 4269 1860 4326 misericordia:
1879 4287 1994 4326 sua:
2024 4270 2133 4325 lar-

489 4362 688 4436 gitate,
721 4360 998 4434 disponit,
1032 4365 1096 4416 ut
1126 4359 1391 4415 nonnulli
1424 4359 1596 4414 etiam
1632 4364 1760 4432 post
1791 4360 2009 4415 exitum
2042 4377 2130 4415 re-

489 4455 660 4526 pente
693 4451 762 4505 ad
795 4467 1005 4522 corpus
1059 4450 1297 4505 redeant
1349 4454 1406 4504 et
1435 4453 1728 4505 tormenta
1785 4449 1974 4516 inferi,
2004 4468 2130 4523 quae

490 4538 689 4596 audita
719 4557 832 4594 non
859 4538 1244 4607 crediderant,
1269 4537 1478 4594 saltem
1509 4537 1633 4594 visa
1661 4537 2130 4610 pertimescant.»

488 4629 558 4684 Et
587 4633 718 4700 post
751 4627 1142 4682 narrationem
1176 4627 1247 4681 de
1279 4627 1592 4698 Stephano,
1622 4627 1720 4700 qui
1754 4629 2044 4684 adductus
2075 4631 2132 4683 et
2161 4661 2207 4724 Β

489 4717 766 4773 reductus
797 4721 853 4771 et
878 4720 1080 4788 postea
1131 4715 1339 4770 iterum
1375 4717 1445 4770 ad
1479 4719 1766 4770 tormenta
1813 4717 2130 4788 perductus

487 4804 969 4874 fuerat,suhdidit
995 4805 1328 4876 (ib.,in/ine)
1365 4823 1382 4858 :
1415 4827 1441 4852 ‹‹
1477 4806 1601 4869 Qua
1630 4805 1700 4860 de
1733 4823 1790 4860 re
1818 4805 2129 4878 colligitur,

487 4895 627 4970 quia
647 4895 756 4969 ipsi
783 4912 1012 4968 quoque
1037 4893 1245 4949 inferni
1270 4892 1559 4966 supplicia
1574 4910 1708 4948 cum
1734 4894 2133 4950 demonstran-

486 4989 602 5051 tur,
619 4984 748 5040 aliis
780 4984 899 5040 haec
931 4984 1000 5039 ad
1035 4981 1414 5055 adjutorium,
1438 4981 1568 5036 aliis
1595 4999 1726 5037 vero
1757 4982 1827 5037 ad
1871 4983 2129 5039 testimo-

488 5075 650 5130 nium
687 5075 847 5141 ﬁant,
880 5078 944 5129 ut
975 5073 1070 5128 isti
1119 5072 1352 5128 videant
1403 5071 1556 5126 mala
1599 5088 1726 5144 qua:
1759 5077 2014 5139 caveant,
2047 5072 2132 5128 illi

486 5183 618 5221 vero
641 5183 706 5222 eo
728 5165 982 5237 amplius
1005 5163 1464 5237 puniantur,quo
1486 5161 1696 5218 inferni
1721 5160 2009 5234 supplicia
2028 5178 2132 5218 nec

486 5253 609 5311 visa
639 5259 694 5310 et
724 5255 960 5326 cognita
1007 5254 1189 5310 vitare
1244 5251 1574 5308 voluerunt.
1610 5274 1638 5302 ι»
1673 5251 1767 5306 Sic
1797 5255 1853 5306 et
1879 5251 2031 5307 Deus
2061 5269 2130 5308 ex

489 5343 778 5416 scriptura
809 5344 1064 5401 veritatis
1107 5343 1274 5399 nobis
1304 5342 1686 5409 demonstrat,
1715 5341 1870 5413 quod
1903 5341 1973 5396 ad
2004 5357 2127 5397 cor-

488 5431 759 5488 rectionis
790 5433 1074 5489 cautelam
1120 5433 1290 5488 nobis
1335 5430 1618 5504 proficiat,
1653 5435 1754 5487 aut
1781 5447 1849 5485 ex
1883 5430 2126 5485 retribu-

486 5518 896 5591 tionejustitia:
918 5523 987 5577 ad
1013 5522 1248 5595 gravius
1263 5520 1724 5592 delinquendum
1747 5519 1805 5574 in
1823 5519 2126 5576 cumulum

488 5608 883 5667 damnationis
911 5615 1221 5666 excrescat.
1257 5611 1552 5683 Scriptum
1585 5613 1673 5666 est
1701 5607 1856 5665 enim
1889 5607 1949 5663 in
1979 5608 2127 5668 libro

487 5699 735 5778 Regum,
767 5697 992 5758 dicente
1023 5699 1263 5757 Michtea
1292 5699 1576 5775 propheta
1609 5716 1622 5756 :
1659 5697 1782 5756 Vidi
1835 5699 2128 5761 Dominum

2239 3385 2530 3453 mendacii,
2563 3400 2744 3440 omnes
2771 3385 3057 3440 ministros
3086 3383 3304 3438 habebit
3335 3385 3551 3454 impios.
3584 3383 3715 3449 Qua
3743 3383 3888 3438 dere

2241 3472 2569 3528 timendum
2600 3476 2688 3528 est
2717 3471 2859 3544 regi,
2891 3476 2948 3527 et
3003 3471 3232 3528 cunctis
3289 3471 3594 3528 mendacio
3652 3471 3888 3528 credere

2239 3561 2588 3631 volentibus,
2607 3560 2777 3634 quasi
2799 3561 2952 3617 Deus
2976 3565 3078 3616 aut
3101 3561 3221 3616 falli
3253 3561 3529 3634 potuerit,
3553 3563 3658 3616 aut
3691 3559 3887 3616 fallere

2241 3668 2599 3725 quemquam
2629 3651 2688 3706 in
2720 3668 2782 3706 se
2809 3655 2961 3706 recte
3009 3651 3339 3707 credentem
3371 3651 3430 3706 in
3452 3649 3682 3722 judicio
3731 3648 3887 3715 velit,

2242 3745 2344 3797 aut
2375 3740 2637 3796 indebita
2686 3739 3090 3795 misericordia
3131 3739 3189 3795 in
3221 3739 3466 3796 crimine
3518 3738 3885 3807 consistenti,

2241 3835 2415 3903 atque
2457 3828 2675 3885 crimen
2711 3828 2905 3901 ipsum
2937 3828 3196 3900 neganti,
3227 3832 3284 3884 et
3309 3845 3370 3884 se
3401 3827 3650 3884 tentanti
3681 3827 3888 3884 debeat

2243 3917 2525 3986 misereri,
2555 3917 2653 3990 qui
2709 3919 2884 3973 etiam
2916 3917 3158 3990 pauperi
3187 3917 3245 3972 in
3273 3917 3496 3990 judicio
3522 3917 3610 3973 vel
3641 3917 3758 3973 sub
3787 3917 3886 3972 ob-

2189 4058 2195 4064 .
2239 4013 2404 4064 tentu
2450 4007 2684 4080 pietatis
2744 4007 3004 4062 misereri
3050 4006 3371 4078 prohibuit,
3402 4021 3476 4062 ne
3509 4010 3747 4078 propter
3775 4004 3887 4062 alia

2242 4102 2571 4170 perpetrata
2621 4101 2874 4170 peccata,
2908 4097 2980 4152 de
3035 4096 3254 4168 quibus
3311 4113 3428 4152 non
3479 4095 3887 4152 satisfecerunt

2241 4187 2590 4251 Domino,ex
2619 4185 2996 4241 retributione
3019 4185 3286 4257 justitiaa,
3307 4203 3343 4240 a
3367 4185 3648 4240 mendace
3678 4183 3885 4258 spiritu

2241 4275 2616 4342 seducantur,
2651 4277 2717 4328 ut
2745 4273 3056 4339 intereant,
3089 4278 3146 4328 et
3174 4273 3233 4328 in
3267 4272 3446 4329 alium
3479 4271 3758 4345 laqueum
3791 4272 3885 4328 de-

2240 4362 2388 4435 cepti
2421 4361 2894 4429 cadant,sicutde
2913 4362 3267 4436 quibusdam
3302 4361 3518 4418 Paulus
3547 4361 3719 4418 dicit:
3745 4366 3887 4435 Quo-

2237 4455 2393 4508 niam
2420 4469 2538 4508 cvm
2566 4453 2934 4521 cognovissent
2965 4453 3152 4518 Deum,
3181 4467 3291 4508 non
3349 4453 3492 4507 sicut
3514 4452 3690 4506 Deum
3716 4450 3884 4521 glori-

2237 4544 2558 4614 ﬁcaverunt,
2590 4548 2685 4596 aut
2738 4542 2944 4612 gratias
2993 4549 3239 4610 egerunt,
3289 4541 3380 4596 sed
3437 4548 3780 4596 evanuerunt
3828 4541 3886 4596 in

2239 4633 2662 4700 cogitatio-nibus
2705 4632 2842 4698 suis,
2871 4639 2921 4686 et
2951 4631 3297 4686 obscuratum
3347 4639 3424 4686 est
3474 4631 3743 4702 insipiens
3797 4645 3887 4685 cor

2239 4736 2464 4788 eorum;
2505 4728 2791 4790 propterea
2843 4719 3071 4774 tradidit
3127 4719 3250 4774 illos
3299 4720 3440 4774 Deus
3499 4720 3562 4774 in
3615 4717 3886 4774 desideria

2239 4809 2415 4864 cordis
2446 4809 2692 4874 illorum,
2727 4809 2786 4862 in.
2817 4809 3242 4878 immunditiam,
3275 4816 3336 4863 ut
3385 4807 3733 4864 contumeliis
3763 4807 3884 4878 afﬁ-

2239 4901 2387 4953 ciant
2415 4913 2640 4969 corpora
2667 4914 2788 4964 sua,
2821 4898 3117 4953 mercedem
3145 4899 3348 4953 erroris
3375 4900 3468 4953 sui
3497 4899 3559 4953 in
3587 4898 3886 4969 semetipsis

2241 4989 2588 5058 γ’σσίρίενηιίιδε
2619 4994 2668 5041 et
2694 5003 2835 5054 guon
2845 4989 2954 5042 iam
2984 5005 3091 5042 non
3110 4989 3477 5059 probaverunt
3505 4987 3674 5042 Deum
3693 4988 3888 5043 habere

2243 5078 2302 5131 in
2329 5077 2603 5144 notitimn,
2634 5075 2864 5132 tradidit
2922 5077 3042 5132 illos
3073 5079 3210 5132 Deus
3243 5080 3299 5132 in
3330 5079 3620 5150 reprobum
3647 5093 3883 5142 sensum,

2240 5173 2300 5220 ut
2323 5166 2530 5237 faciant
2561 5181 2686 5236 qua:
2712 5183 2822 5221 non
2851 5169 3278 5236 eonvenimzt;ct
3308 5167 3380 5223 ad
3412 5166 3885 5224 Thessalonicen-

2240 5270 2334 5309 ses
2367 5255 2436 5326 (II
2473 5254 2646 5310 Thess.
2681 5273 2741 5324 II,
2777 5256 2860 5329 10)
2897 5274 2908 5311 :
2943 5259 3050 5313 Pro
3075 5274 3134 5313 eo
3163 5257 3302 5330 quod
3358 5257 3702 5314 dilectionem
3745 5257 3885 5312 veri-

2240 5345 2368 5398 tatis
2387 5360 2497 5399 non
2527 5353 2837 5416 receperunt
2865 5345 2934 5401 ad
2981 5346 3081 5402 hoc
3126 5355 3184 5402 ut
3235 5348 3380 5402 salvi
3433 5348 3648 5418 fierent,
3681 5345 3882 5402 idcirco

2241 5434 2494 5488 immittet
2527 5433 2641 5488 illis
2671 5435 2812 5489 Deus
2839 5437 3094 5506 spiritum
3128 5438 3353 5502 erroris,
3403 5443 3462 5492 ut
3493 5435 3717 5492 credam
3743 5451 3886 5491 men-

2235 5523 2410 5592 dacio,
2442 5532 2708 5596 quatenus
2730 5524 3048 5596 judiccntur
3073 5543 3255 5582 omnes
3278 5527 3374 5599 qui
3402 5543 3513 5582 non
3543 5524 3886 5582 crediderunt

2235 5615 2474 5682 veritati,
2508 5613 2598 5668 sed
2655 5623 3040 5671 consenserunt
3100 5618 3408 5689 iniquitati.
3441 5615 3605 5674 Unde
3645 5619 3882 5674 sanctus

2233 5701 2598 5779 Augustinus
2627 5701 2687 5760 in
2720 5704 2888 5766 tertio
2915 5703 3064 5765 libro
3097 5706 3166 5768 de
3197 5705 3480 5770 Trinitate
3511 5706 3652 5786 (cap.
3683 5707 3763 5785 7),
3791 5703 3878 5764 lo-
