4148 6462
253 411 364 499 ᾷᾷι

1163 412 1264 492 DE
1308 414 1679 481 DIVORTIO
1723 411 2096 495 LOTHARII
2139 413 2240 472 ET
2284 412 2746 501 TETBERGAZ.

3537 411 3657 472 682

250 544 318 599 Et
339 547 582 602 sanctus
602 543 968 618 Augustinus
997 543 1055 599 in
1087 542 1237 601 libro
1265 546 1335 600 de
1367 546 1710 602 Pmnitentia
1733 547 1897 619 (hom.
1927 547 1983 618 Α
2014 544 2297 600 Dominus
2325 543 2562 612 Judam,
2585 560 2718 599 cum
2753 544 2846 599 fur
2873 547 3046 612 esset,
3066 544 3204 626 quia
3223 561 3336 600 non
3367 547 3457 600 est
3484 560 3657 598 accu-

251 632 300 704 I'.)
327 649 341 686 :
367 631 780 718 «Plerumque
821 635 1017 708 autem
1067 633 1202 688 boni
1235 634 1550 690 Christiani
1600 639 1903 710 propterea

245 724 460 790 tacent,
485 725 542 777 et
571 722 861 798 sulferunt
891 721 1136 799 aliorum
1169 727 1404 798 percata
1435 741 1560 796 qum
1596 726 1896 790 noverunt,

222 810 385 886 quia
406 811 788 888 documentis
835 828 986 885 saepe
1019 811 1387 887 deseruntur,
1420 817 1477 866 et
1515 829 1581 867 ea
1613 829 1738 887 quae
1785 800 1896 882 ipsi

241 899 778 978 sciunt,judicibus
793 897 1202 978 ecclesiasticis
1225 901 1469 972 probare
1491 889 1894 978 nonpossunt.

239 975 522 1054 Quamvis
552 989 709 1046 enim
740 1006 876 1066 vera
901 975 1020 1064 sint
1041 990 1331 1074 quaedam,
1356 1006 1470 1046 non
1500 977 1896 1074 tamenjudici

238 1075 412 1158 facile
454 1078 744 1134 credenda
797 1066 1318 1158 sunt,nisi‘c‘ertis
1375 1077 1607 1160 indiciis
1651 1066 1894 1143 demon-

236 1170 523 1241 strentur.
543 1167 660 1222 Nos
679 1183 814 1222 vero
835 1183 869 1222 a
889 1165 1303 1248 communione
1325 1184 1682 1240 quemquam
1706 1166 1897 1240 prohi-

235 1255 378 1336 bere.
393 1273 508 1334 non
529 1243 1146 1338 possumns,quamvis
1163 1243 1281 1310 hinc
1300 1255 1614 1329 prohibitio
1631 1255 1892 1336 nondum

233 1344 314 1399 sit
331 1339 623 1417 mortalis,
637 1343 735 1406 sed
765 1342 1280 1424 medicinalismisi
1309 1348 1410 1424 aut
1440 1348 1646 1418 sponte
1665 1343 1892 1400 confes-

233 1429 601 1512 sum,aut:in
638 1419 863 1510 aliquo,
891 1419 1010 1512 sive
1041 1419 1334 1500 saeculari,
1349 1419 1468 1486 sive
1499 1430 1891 1487 ecclesiastico

212 1506 457 1591 judicio
480 1506 852 1576 nominatum
876 1506 1049 1593 atque
1067 1520 1419 1576 convictum.
1436 1520 1575 1588 Quis
1597 1521 1752 1575 enim
1778 1519 1890 1575 sibi

201 1609 383 1689 ’
415 1595 735 1688 utrumque
757 1607 933 1664 audet
954 1625 1275 1689 assumere,
1291 1613 1356 1689 ut
1372 1599 1646 1682 cuiquam
1669 1609 1793 1681 ipse
1815 1607 1892 1666 sit

201 1683 288 1760 let
313 1683 1286 1776 accusator'etjudex‘?Cujusmodi
1313 1683 1576 1772 regulam
1599 1695 1770 1752 etiam
1795 1697 1890 1752 hic

205 1781 728 1870 'Paulus,'bre\'itcr
747 1785 1090 1868 insinuasse
1105 1785 1480 1860 intelligetur,
1495 1803 1628 1868 cum
1651 1785 1891 1859 quibus-

215 1875 256 1938 ,d
268 1892 367 1930 am
393 1873 616 1954 talibus
632 1873 1105 1952 commemoratis
1126 1872 1884 1956 criminibus,ecclesiastici

213 1950 433 2038 judicii
458 1950 708 2025 formam
733 1963 806 2018 ad
834 1961 955 2017 haec
986 1958 1205 2021 similia
1234 1977 1302 2017 ex
1324 1962 1677 2034 quibusdam
1699 1950 1882 2017 daret.

207 2037 319 2110 'Ait
338 2037 774 2124 enim:Scripsi
818 2050 968 2107 vobis
1016 2052 1076 2106 in
1124 2051 1373 2123 epistola,
1395 2038 1886 2106 non'cmhmisceri

195 2127 550 2220 :forniqariis
569 2142 618 2211 (I
635 2143 761 2220 Cor.
779 2158 835 2209 v,
860 2126 936 2211 9),
962 2143 1020 2196 et
1041 2139 1320 2212 reliqua.«
1343 2140 1412 2195 Et
1431 2139 1571 2195 item
1597 2156 1648 2193 :«
1669 2139 1726 2194 Si
1751 2139 1884 2212 quis

217 2217 405 2288 frater
455 2217 796 2286 nominatur
846 2233 948 2290 aut
996 2227 1330 2296 fornicator,
1379 2233 1483 2283 aut
1540 2227 1711 2284 idolis
1759 2245 1882 2284 scr-

195 2303 406 2390 'viens,
441 2305 544 2376 aut
575 2336 809 2389 avarus,
841 2323 941 2374 aut
970 2317 1314 2386 maledicus,
1339 2321 1441 2372 aut
1468 2317 1754 2382 ebriosus,
1780 2322 1882 2374 aut

218 2396 428 2483 rapax,
455 2425 589 2471 cum
622 2407 911 2480 ejusmodi
947 2423 1050 2462 nec
1081 2405 1317 2480 quidem
1348 2405 1540 2460 cibum
1577 2421 1827 2470 sumere.
1851 2403 1878 2456 )3

193 2483 334 2556 .Sed
361 2495 672 2556 sciendum
699 2483 805 2566 est,
823 2496 961 2572 quia
983 2511 1112 2551 eam
1134 2493 1592 2572 nominationem
1615 2494 1708 2560 hic
1729 2498 1880 2570 Apo-

210 2588 413 2664 stolus
463 2585 716 2660 intelligi
764 2571 968 2651 voluit,
993 2600 1121 2656 qua:
1154 2584 1220 2639 ﬁt
1251 2584 1310 2640 in
1340 2571 1718 2656 quamquam,
1743 2601 1878 2641 cum

215 2678 518 2736 sententia
538 2675 743 2734 ordine
765 2673 1079 2754 judiciario
1100 2677 1274 2746 atque
1305 2669 1636 2744 integritate
1655 2673 1877 2744 profer-

215 2773 339 2826 tur.
361 2763 508 2824 Nam
529 2765 579 2822 si
602 2763 924 2824 nominatio
946 2763 1184 2830 sufﬁcit,
1205 2761 1372 2817 multi
1399 2761 1714 2816 damnandi
1739 2767 1877 2818 sunt

210 2855 744 2928 innocentes,quia
765 2869 915 2926 szepe
935 2839 1081 2928 false
1108 2850 1167 2906 in
1191 2867 1482 2924 quoquam
1509 2850 1752 2906 crimine
1779 2867 1876 2907 no-

211 2933 547 3004 minantur.
563 2926 763 3003 Noluit
779 2941 935 3004 enim
953 2926 1012 2996 in
1029 2939 1263 3001 homine
1278 2938 1531 3012 judicari
1549 2955 1614 2994 ex
1633 2939 1874 2994 arbitrio

213 3018 732 3114 suspectionis,vel
752 3031 927 3088 etiam
956 3028 1395 3086 extraordinarii
1426 3033 1704 3101 usurpato
1719 3027 1874 3100 judi-

183 3129 330 3206 ‘eio,
357 3126 458 3182 sed
494 3123 688 3199 potius
726 3138 793 3178 ex
819 3120 949 3194 lege
977 3118 1075 3175 Dei
1105 3118 1429 3174 secundum
1471 3117 1734 3173 ordinem
1766 3117 1872 3202 Ec-

212 3215 434 3282 clesiae,
459 3213 580 3270 sive
614 3211 764 3292 ultro
795 3209 1148 3276 confessum,
1171 3209 1290 3266 sive
1323 3210 1663 3266 accusatum
1695 3209 1868 3292 atque

2009 636 2194 699 satus,
2218 632 2458 688 minime
2481 633 2710 704 abjecit.
2735 635 2796 690 Ut
2817 634 3096 689 tolleretur
3125 635 3188 690 de
3215 634 3390 689 medio
3418 641 3658 688 vestrum

2009 724 2107 794 qui
2143 721 2242 777 hoc
2288 738 2422 794 opus
2467 723 2598 796 fecit
2617 723 2664 793 (I
2686 722 2808 778 Cor.
2831 740 2888 788 v,
2910 714 3255 794 2).Cognito
3303 739 3472 794 opere
3519 720 3652 791 isto,

2007 809 2344 882 pellendum
2369 811 2536 866 illum
2563 811 2742 867 fuisse
2759 811 2829 867 de
2847 816 2998 866 ccrtu
3021 811 3398 866 fraternitatis
3418 829 3430 866 :
3450 827 3654 866 omnes

2006 899 2163 956 enim
2196 900 2416 956 crimen
2450 902 2578 973 ejus
2609 901 2890 968 sciebant,
2915 905 2972 956 et
3001 917 3114 955 non
3155 891 3525 973 arguebant,
3546 915 3654 971 pu-

2006 987 2155 1062 blice
2187 989 2340 1044 enim
2374 1007 2678 1046 novercam
2707 1007 2876 1046 suam
2910 989 3034 1045 loco
3065 989 3263 1064 uxoris
3293 987 3562 1043 habebat.
3591 988 3653 1043 In

2003 1093 2121 1148 qua
2151 1095 2211 1133 re
2243 1095 2430 1150 neque
2468 1077 2716 1134 testibus
2747 1095 2894 1150 opus
2931 1082 3076 1144 erat,
3101 1093 3288 1149 neque
3317 1077 3655 1148 tergiversa-

2002 1165 2160 1220 tione
2186 1165 2383 1238 aliqua
2421 1169 2649 1248 poterat
2679 1165 2792 1238 tegi
2835 1167 3076 1222 crimen.
3106 1167 3216 1234 Ego
3255 1155 3470 1249 quidem
3501 1163 3654 1247 sicut

2001 1253 2196 1310 absens
2225 1271 2465 1328 corpore,
2493 1270 2738 1327 ρτιτιδι-ηδ
2767 1263 2948 1310 autem
2975 1256 3196 1327 spiritu,
3220 1253 3278 1308 id
3304 1257 3413 1324 c'st,
3439 1253 3650 1308 absens

2001 1343 2166 1408 facie,
2201 1361 2457 1415 praesens
2487 1348 2685 1398 autem
2720 1345 3062 1399 auctoritate
3091 1343 3357 1415 spiritus,
3387 1342 3486 1415 qui
3518 1359 3654 1397 nus-

2002 1448 2176 1502 quam
2209 1433 2392 1496 abest,
2407 1433 2530 1504 jam
2566 1433 2822 1504 judicent
2869 1441 2928 1488 ut
2974 1448 3214 1504 pra‘sens
3241 1416 3373 1488 citm'
3411 1427 3525 1504 qui
3555 1431 3652 1486 hoc

1999 1519 2221 1576 admisit
2253 1521 2437 1590 (ibid.,
2473 1523 2548 1591 3).
2578 1545 2604 1572 ››
3297 1505 3304 1516 ’

2071 1609 2314 1684 θηΕι
2342 1611 2620 1686 quoniam
2655 1610 2898 1665 alterius
2921 1613 3009 1666 est
3029 1609 3136 1666 loci
3161 1614 3217 1665 et
3239 1608 3518 1686 temporis
3547 1609 3646 1664 de-

1998 1701 2346 1768 monstrare,
2370 1699 2586 1771 quibus
2613 1701 2669 1755 et
2695 1698 2930 1772 quantis
2957 1698 3086 1754 aliis
3109 1698 3299 1754 modis
3319 1685 3646 1754 Secundum

1998 1784 2152 1858 leges
2185 1786 2610 1843 ecclesiasticas
2641 1788 2912 1863 absentes
2943 1787 3170 1862 possint
3200 1791 3258 1841 et
3277 1773 3526 1842 debeant
3544 1786 3646 1857 ju-

1997 1875 2369 1948 dicari,quod
2403 1893 2558 1932 nunc
2590 1875 2660 1932 ad
2695 1893 2814 1932 rem
2849 1875 3119 1948 pertinet,
3134 1876 3406 1950 quodque
3434 1874 3644 1930 Valen-

1995 1962 2115 2020 tina
2149 1965 2408 2038 synodus
2433 1982 2684 2038 sequens
2706 1966 3027 2021 Romanam
3055 1963 3370 2045 Ecclesium
3401 1965 3644 2042 demon-

1993 2053 2216 2121 stravit,
2237 2053 2294 2108 in
2321 2053 2580 2110 medium
2605 2051 3254 2135 devocemus,videlicet
3272 2049 3413 2122 (can.
3434 2051 3486 2124 4)
3507 2071 3554 2109 :«
3569 2053 3645 2108 Ut

1992 2141 2041 2196 si
2071 2141 2206 2213 quis
2236 2161 2297 2198 se
2330 2141 2615 2210 reum,ch
2656 2142 2774 2200 veri
2818 2141 3202 2210 confessione,
3223 2141 3310 2198 vel
3342 2135 3644 2198 mendacio

1991 2229 2262 2286 falsitatis
2285 2231 2767 2304 pronuntiaverit,
2787 2229 2978 2303 neque
2997 2217 3177 2298 enim,
3197 2221 3398 2303 inquit,
3419 2229 3640 2286 absolvi

1989 2323 2202 2391 potest,
2235 2319 2333 2393 qui
2367 2319 2426 2375 in
2460 2320 2650 2394 seipse
2699 2319 2910 2375 dixerit
2959 2318 3167 2375 mortis
3217 2333 3478 2396 causam,
3514 2334 3641 2395 qua:

1965 2401 2144 2463 'dicta
2175 2408 2231 2462 in
2263 2407 2444 2480 alium
2476 2409 2801 2481 puniretur,
2826 2411 2959 2464 c'um
2983 2407 3176 2463 omnis
3198 2407 3300 2480 qui
3325 2403 3435 2462 sibi
3466 2404 3642 2464 fuerit

1988 2497 2194 2553 mortis
2224 2514 2403 2553 causa
2438 2498 2626 2564 maior
2668 2497 2965 2552 homicida
2995 2495 3131 2552 sit.»
3154 2493 3411 2562 Quod'in
3435 2491 3640 2575 [Eccle-

1987 2586 2094 2656 sia,
2117 2603 2220 2642 nec
2241 2587 2312 2641 de
2343 2589 2562 2642 secreta
2585 2585 2968 2654 confessione,
2989 2602 3093 2641 nec
3116 2602 3218 2659 per
3247 2581 3425 2640 alium
3449 2589 3640 2658 potest

1988 2675 2109 2729 fieri
2135 2692 2148 2730 :
2174 2679 2394 2748 quanto
2418 2675 2616 2730 minus
2639 2691 2740 2748 per
2761 2675 3113 2740 sacerdotes,
3131 2671 3347 2747 quibus
3368 2689 3483 2730 non
3505 2671 3640 2730 licet

1985 2763 2092 2819 sibi
2117 2764 2379 2819 confessa
2401 2762 2701 2836 publicare
2725 2769 2979 2836 peccata,
2997 2763 3109 2819 nisi
3134 2780 3237 2836 per
3253 2761 3419 2818 illum
3440 2760 3636 2836 ipsum

1983 2853 2082 2925 qui
2111 2857 2411 2924 peccatum
2445 2851 2763 2918 commisit,
2791 2853 2846 2906 id
2877 2853 3030 2924 quod
3065 2851 3216 2913 male
3247 2856 3442 2924 egerat
3467 2853 3638 2907 fuerit

1979 2941 2394 3014 prepalatum?
2424 2941 2504 2996 De
2537 2959 2650 3014 quo
2677 2941 2854 2996 etiam
2891 2942 3192 3014 providere
3223 2939 3508 3013 quantum
3539 2957 3639 3013 po—

1981 3030 2160 3086 tuerit
2180 3029 2350 3085 dcbet
2369 3028 2701 3104 episcopus,
2719 3031 2792 3086 ad
2815 3030 2985 3102 cujus
3016 3029 3125 3085 hoc
3148 3047 3349 3085 curam
3373 3028 3638 3086 noscitur

1981 3119 2286 3194 pertinere,
2313 3124 2376 3174 ut
2407 3137 2522 3176 non
2554 3135 2745 3176 errore
2778 3120 3074 3189 seductus,
3100 3121 3202 3175 aut
3229 3119 3440 3176 timore
3473 3135 3642 3190 eoae.

1983 3215 2104 3279 tus,
2126 3210 2438 3283 quisquam
2469 3210 2830 3266 mendaciter
2857 3208 2918 3265 in
2951 3227 3012 3266 se
3043 3209 3217 3277 dicat,
3243 3207 3400 3265 unde
3427 3207 3514 3264 vel
3548 3201 3631 3279 se,

209 3280 574 3361 convictum.
621 3301 692 3358 Et
717 3286 799 3356 ⁷ἱῐι
851 3296 1094 3356 concilio
1140 3294 1416 3357 Toletano
1457 3297 1624 3368 (conc.
1661 3280 1869 3364 Tatwin,
1904 3280 1946 3346 (ἶ
1983 3300 2071 3356 vel
2103 3280 2421 3356 Ecclesiam
2453 3299 2647 3366 laedat,
2669 3299 2807 3372 quia
2834 3299 2969 3368 inde
2998 3297 3175 3356 etiam
3201 3303 3288 3354 est
3314 3299 3633 3368 decretum,

182 3413 339 3460 [απ.
368 3393 527 3466 11);‹‹
552 3391 804 3464 Dignum
833 3392 922 3448 est
941 3390 1006 3443 ut
1029 3387 1146 3442 vita
1175 3385 1504 3442 innocentis
1529 3403 1644 3440 non
1678 3401 1879 3441 macu-

205 3481 374 3540 letur
396 3480 655 3556 pernicie
677 3475 1104 3535 accusantium.
1121 3475 1255 3534 Ideo
1277 3470 1548 3548 quisquis
1569 3491 1602 3529 a
1624 3474 1882 3548 quolibet

183 3557 590 3646 fcriminatur,
614 3572 736 3628 tam
765 3569 1074 3624 accusatus
1099 3581 1274 3638 quam
1300 3568 1604 3620 accusator
1629 3579 1880 3636 praesen-

183 3641 436 3736 .tentur,
455 3641 636 3734 atque
657 3657 854 3731 legum
875 3659 933 3712 et
949 3671 1239 3716 canonum
1258 3652 1556 3711 sententiae
1577 3653 1881 3726 exquiran-

181 3739 418 3828 ’Μήνη
441 3749 491 3825 si
509 3747 764 3828 indigna
785 3746 857 3802 ad
879 3744 1277 3826 accusandum
1294 3759 1548 3822 persona
1566 3743 1876 3811 invenitur,

185 3835 287 3898 'ad
313 3841 446 3914 ejus
488 3835 923 3916 accusationem
947 3833 1258 3911 quiSqu'am
1292 3850 1404 3888 non
1431 3832 1748 3904 judicetur,
1775 3850 1880 3889 nec

213 3928 672 3998 condemnetur.
699 3950 720 3978 ι
749 3925 819 3982 Et
847 3924 905 3980 in
937 3921 1382 3998 Carthaginensi
1431 3921 1672 3980 concilio
1705 3926 1875 3992 (conc.

181 4091 189 4101 ί
214 4003 336 4093 Afr.
369 3997 494 4092 cap.
519 4016 609 4090 95)
633 4033 684 4072 :«
707 4011 1094 4101 Quaerendum
1119 4015 1208 4066 est
1229 4010 1524 4083 injudicio
1549 4013 1720 4083 cujus
1742 4027 1879 4066 con-

131 4154 138 4159 .
183 4097 188 4101 ’
217 4105 575 4181 versationis
599 4108 657 4160 et
683 4097 831 4182 ﬁdei
848 4098 928 4162 sit
950 4099 1000 4158 is
1022 4099 1121 4173 qui
1153 4103 1410 4167 accusat,
1437 4103 1495 4154 et
1523 4099 1572 4154 is
1595 4099 1691 4172 qui
1719 4117 1884 4157 accu-

218 4204 453 4256 satur.»
477 4197 622 4252 Item
655 4192 714 4248 in
747 4193 947 4248 eodem
986 4193 1128 4262 (cap.
1151 4189 1243 4257 98)
1267 4205 1318 4243 :«
1341 4190 1544 4244 Testes
1580 4193 1775 4244 autem
1808 4191 1880 4245 ad

218 4284 634 4356 testimonium
659 4299 775 4338 non
796 4279 1210 4348 admittendos,
1231 4277 1329 4350 qui
1353 4294 1455 4334 nec
1477 4279 1547 4334 ad
1567 4279 1884 4336 accusatio-

217 4357 356 4434 nem
393 4371 632 4436 admitti
665 4369 939 4446 praecepti
965 4372 1124 4434 sunt,
1145 4366 1232 4423 vel
1266 4367 1442 4423 etiam
1467 4384 1612 4441 quos
1644 4369 1768 4442 ipse
1797 4387 1888 4426 ac-

198 4459 564 4524 lcusatorde
585 4462 760 4518 domo
783 4475 894 4516 sua
913 4456 1306 4532 produxerit.»
1331 4457 1400 4512 Et
1419 4461 1660 4514 sanctus
1680 4458 1886 4516 Come.

215 4555 340 4638 lius
361 4570 519 4629 papa
539 4555 597 4608 et
615 4553 855 4638 martyr,
883 4547 1209 4638 beatusque
1232 4544 1388 4638 Felix
1421 4546 1719 4638 Romanus
1739 4566 1882 4624 pon-

1987 3395 2052 3444 ut
2094 3393 2318 3445 extorta
2363 3387 2782 3454 confessio,ch
2835 3392 3034 3444 coacta
3080 3387 3454 3460 subscriptio,
3485 3382 3633 3444 nihil

1983 3469 2200 3551 vigoris
2235 3477 2518 3544 obtineat,
2546 3478 2610 3533 Β.
2632 3476 2956 3544 Alexondro
2987 3482 3239 3550 martyre
3269 3477 3544 3551 glorioso,
3578 3481 3636 3533 et

1987 3571 2119 3641 post
2143 3567 2204 3622 B.
2231 3563 2464 3622 Petrum
2485 3570 2694 3640 quarto
2715 3566 3043 3639 apostolica:
3062 3566 3216 3622 sedis
3242 3563 3517 3638 pontiﬁce
3531 3565 3632 3637 ju-

1987 3657 2217 3728 dicante
2249 3655 2424 3728 (epist.
2447 3655 2517 3710 ad
2546 3672 2692 3711 omn.
2717 3653 2954 3727 orthod.)
2983 3671 3032 3710 :«
3059 3655 3117 3710 Si
3157 3655 3230 3709 ab
3271 3646 3634 3725 hujusmodi,

1988 3747 2186 3819 inquit,
2235 3744 2523 3817 personis,
2551 3744 2706 3816 quod
2736 3744 2896 3799 omni
2935 3748 3022 3799 est
3053 3742 3379 3798 Christiano
3409 3741 3634 3798 nomini

1988 3833 2314 3900 inimicum,
2331 3833 2594 3906 quaedam
2621 3831 2932 3904 Scriptura:
2957 3831 3367 3904 quoquomodo
3389 3845 3492 3904 per
3514 3843 3634 3885 me-

1987 3927 2136 3990 tum,
2161 3924 2262 3976 aut
2291 3921 2576 3986 fraudem,
2605 3923 2706 3974 aut
2734 3935 2839 3990 per
2864 3919 2980 3974 vim
3025 3921 3255 3974 extorta:
3285 3907 3633 3984 fuerint-vel

1989 4015 2054 4068 ut
2086 4027 2147 4066 se
2177 4003 2424 4065 liberare
2455 4007 3068 4080 possint,quocunque
3091 4005 3164 4061 ab
3185 4005 3268 4061 eis
3293 4005 3633 4080 conscriptae

1985 4100 2076 4156 vel
2108 4099 2388 4154 roborata
2420 4096 2636 4152 fuerint
2665 4095 2919 4168 ingenio,
2943 4096 3012 4152 ad
3047 4093 3276 4151 nullum
3303 4095 3394 4150 eis
3425 4093 3637 4168 praelu-

1991 4185 2209 4242 dicium
2233 4188 2336 4240 aut
2351 4187 2768 4239 nocumcntum
2788 4183 3089 4256 provenire
3105 4197 3432 4251 censemus,
3447 4183 3637 4254 neq‘ue

1991 4275 2173 4332 ullam
2205 4273 2288 4330 eis
2319 4272 2622 4328 infamiam
2654 4272 2740 4328 vel
2773 4272 3151 4341 calumniam,
3177 4257 3353 4328 aut'a
3391 4271 3518 4328 suis
3546 4265 3637 4328 se-

1992 4362 2450 4439 questrationem
2489 4361 2680 4431 bonis,
2705 4377 2988 4434 unquam,
3013 4365 3248 4417 auctore
3291 4359 3558 4431 Domino,
3582 4364 3639 4416 et

1992 4453 2212 4511 sanctis
2233 4450 2856 4524 apostolis.corumquc
2877 4446 3336 4520 successoribus,
3351 4449 3641 4526 sustinere

1994 4541 2411 4617 permittimus.
2430 4538 2724 4596 Confessio
2746 4554 2878 4595 vero
2905 4538 2966 4595 in
2996 4537 3216 4596 talibus
3240 4533 3355 4595 non
3380 4535 3640 4612 compul-

187 4627 382 4718 ‘tifcn,
401 4627 463 4700 et
491 4657 696 4698 omnes
743 4634 904 4694 illius
936 4635 1094 4694 sedis
1123 4635 1432 4708 pontifices
1481 4636 1882 4705 decreverunt,
1917 4653 1962 4719 ι)
1993 4631 2195 4701 sa,sed
2217 4634 2539 4704 spontanee
2559 4629 2681 4719 fieri
2705 4627 3036 4719 debet,ipso
3058 4633 3368 4719 attestante
3389 4627 3490 4719 qui
3513 4627 3595 4685 ait
3621 4647 3634 4686 :

189 4735 283 4806 ’,ιιι
314 4734 562 4804 caveant
603 4727 836 4803 judices
859 4725 1176 4806 Ecclesiae,
1226 4741 1299 4778 ne
1349 4725 1588 4780 absente
1617 4742 1682 4780 eo
1713 4727 1883 4798 cujus

205 4803 402 4880 causa
427 4803 768 4884 ventilatur,
803 4803 1153 4873 sententiam
1201 4813 1516 4886 proferant,
1541 4813 1681 4886 quia
1716 4815 1880 4873 irrita

215 4913 348 4982 erit,
373 4915 435 4968 et
463 4895 641 4965 etiam
673 4903 958 4963 rationem
988 4921 1092 4978 pro
1115 4903 1341 4958 actione
1365 4902 1421 4957 in
1447 4904 1753 4974 praesentia
1775 4907 1882 4961 fra-

183 5005 378 5064 ,trum
411 4999 658 5066 dabunt,
683 4995 938 5068 exceptis
970 4992 1293 5066 designatis
1335 4992 1530 5048 causis
1563 5011 1711 5066 quas
1759 4995 1880 5074 sin-

190 5074 480 5168 gillatim
521 5085 680 5162 leges
726 5083 995 5140 Ecclesia:
1044 5081 1398 5154 exprimunt,
1423 5082 1575 5137 sicut
1620 5087 1678 5140 et
1725 5084 1883 5158 leges

189 5171 473 5258 'publicae
507 5177 751 5233 modum
783 5176 1006 5230 certum
1038 5169 1440 5258 denominant,
1465 5189 1581 5244 quo
1614 5174 1885 5232 absentes

193 5255 445 5344 :judicio
477 5266 732 5324 debeant
753 5255 1152 5340 condemnari,
1179 5259 1236 5314 id
1269 5263 1376 5326 est,
1402 5263 1466 5314 ut
1487 5259 1532 5315 si
1559 5265 1676 5316 tam
1709 5261 1888 5318 famo-

193 5337 535 5415 ssissimum
557 5352 778 5410 crimen
803 5337 902 5422 sit,
918 5352 974 5404 et
994 5347 1053 5402 in
1077 5347 1323 5404 crimine
1348 5348 1743 5405 famosissima
1764 5367 1888 5423 per-

221 5463 388 5513 sona,
429 5447 499 5500 ut
530 5457 721 5516 neque
749 5443 931 5496 testes
962 5437 1034 5494 ad
1075 5437 1537 5493 convincendum
1573 5437 1886 5492 necessarii

220 5535 580 5604 habeantur,
604 5547 709 5588 nec
758 5527 950 5604 ipsius
996 5526 1332 5601 indigeatur
1383 5522 1711 5598 praesentia,
1737 5524 1888 5580 sicut

221 5603 576 5681 Ambrosius
594 5619 654 5675 in
677 5603 939 5692 Epistola
959 5615 1030 5672 ad
1049 5614 1380 5672 Corinthios
1402 5612 1542 5670 dicit
1563 5629 1610 5668 ;‹‹
1637 5611 1884 5682 Judicis,

223 5693 526 5794 inquiens,
547 5726 666 5792 non
691 5693 782 5766 est
811 5703 939 5792 sine
969 5708 1308 5764 accusatore
1340 5703 1639 5770 damnare,
1663 5699 1802 5777 quia
1830 5705 1890 5760 et

549 5839 822 5908 PATROL.
871 5833 1106 5903 CXXV.

1993 4723 2075 4778 Ex
2093 4720 2250 4778 corde
2267 4722 2416 4776 enim
2432 4717 2732 4792 procedunt
2747 4717 3064 4788 homicidia,
3091 4718 3382 4786 adulteria,
3404 4717 3642 4790 fornica-

1985 4815 2176 4878 tiones,
2202 4809 2553 4882 btasphemiae
2572 4807 2781 4878 (Matth.
2803 4825 2896 4876 xv,
2921 4808 3030 4880 19),
3045 4811 3102 4863 et
3125 4810 3329 4862 caetera
3349 4821 3476 4877 quae
3501 4809 3640 4861 sunt

1988 4901 2059 4957 ad
2092 4901 2213 4956 hinc
2243 4898 2611 4971 pertinentia.
2635 4899 2736 4952 »Et
2765 4897 2901 4953 item
2929 4890 3258 4968 :«Amplius
3288 4897 3484 4950 autem
3518 4911 3638 4950 res-

1990 4989 2132 5062 picit
2157 4989 2323 5062 Deus,
2343 4987 2415 5043 ad
2453 4986 2854 5058 cogitationes,
2879 4989 2936 5040 et
2985 4988 3340 5056 spontaneas
3368 4981 3638 5038 volunta-

1988 5061 2098 5146 tes,
2123 5094 2301 5153 quam
2319 5061 2405 5132 “ad
2437 5075 2740 5146 actus,qui
2781 5091 2882 5146 per
2919 5071 3378 5144 simplicitatem,
3405 5073 3507 5125 aut
3537 5085 3640 5144 per

1993 5167 2398 5223 necessitatem
2434 5166 2599 5218 fiunt.
2637 5162 2936 5218 Confessio
2973 5177 3105 5216 vero
3151 5176 3267 5214 non
3309 5157 3638 5241 extorpueri

1993 5256 2164 5313 debet
2192 5256 2251 5310 in
2285 5253 2520 5320 talibus,
2537 5253 2633 5308 sed
2677 5251 2872 5324 potius
2907 5251 3113 5320 sponte
3145 5247 3425 5319 profiteri.
3449 5247 3637 5304 Pessi-

1993 5363 2158 5402 mum
2178 5350 2267 5401 est
2283 5343 2439 5400 enim
2462 5342 2532 5397 de
2553 5340 2888 5413 suspicione
2909 5342 3012 5392 aut
3031 5339 3255 5392 extorta
3276 5336 3642 5394 confessione

1994 5449 2350 5507 quemquam
2364 5429 2650 5502 judicare,
2667 5445 2802 5483 cum
2832 5425 3020 5501 magis
3040 5425 3334 5498 inspector
3351 5425 3542 5483 cordis
3563 5427 3642 5483 sit

1995 5523 2280 5579 Dominus
2296 5535 2472 5592 quam
2490 5517 2764 5589 operis,et
2786 5516 2980 5588 potius
3000 5513 3247 5586 requirit
3262 5514 3640 5588 cogitationes

1997 5629 2195 5686 puras,
2216 5617 2272 5667 et
2293 5609 2620 5673 voluntates
2644 5605 2850 5672 bonas,
2865 5620 3044 5678 quam
3065 5603 3240 5661 verba
3270 5605 3642 5662 mendacia.»

1997 5701 2157 5760 Talis
2176 5699 2334 5758 enim
2355 5697 2414 5754 in
2447 5691 2703 5754 Ecclesia
2732 5692 2858 5750 ﬁeri
2881 5692 3052 5750 debet
3082 5694 3154 5752 ab
3186 5693 3286 5752 illo
3307 5695 3408 5775 qui
3439 5712 3642 5774 pecca-

3247 5826 3324 5889 22
