4148 6456
262 428 384 490 685

1181 431 1284 493 DE
1327 432 1704 496 DIVORTIO
1746 433 2116 496 LOTHARII
2162 435 2262 496 ET
2304 435 2766 498 TETBERGIE.

3523 442 3674 504 1‘36

264 567 378 630 est,
405 561 582 618 modo
605 561 1046 619 misericordem
1066 563 1252 620 Deum
1275 564 1555 637 loquitur,
1574 567 1747 624 modo
1773 565 1924 622 utili-
1951 569 2008 634 Α
2035 569 2190 639 epist.
2215 569 2306 638 44)
2331 585 2382 622 τι(
2405 569 2716 641 Agathosa,
2756 569 3050 642 inquiens,
3081 571 3250 629 latrix
3294 576 3670 646 praesentium

263 655 470 719 tatem,
486 651 574 706 vel
597 651 988 726 quodcunque
1009 652 1471 709 emolumentum
1493 659 1596 710 aut
1615 656 1813 728 gratia:
1833 655 1919 711 vel

263 739 508 796 honoris
523 743 810 812 corruptae
836 741 1012 796 menti
1038 741 1276 812 objicit:
1301 743 1471 798 modo
1496 744 1716 800 malum
1738 743 1920 810 aliud,

260 829 422 902 quod
447 830 521 884 de
543 826 696 884 malo
728 827 942 884 minori
975 829 1202 886 excludi
1237 834 1426 902 potest
1445 833 1723 902 ostendit,
1753 833 1924 888 modo

261 919 418 974 aduc
442 921 677 990 tempus
698 918 1064 991 subsequens
1081 919 1154 974 ad
1172 918 1576 991 paenitentiam
1599 919 1922 996 pollicetur,

260 1011 329 1062 ut
351 1007 496 1062 dum
522 1023 626 1079 per
648 1005 769 1062 haec
791 1006 1034 1078 decepta
1051 1023 1216 1064 mens
1238 1007 1490 1076 ducitur,
1505 1025 1537 1064 a
1564 1007 1718 1065 male
1739 1013 1924 1082 coepto

258 1113 380 1150 non
403 1099 728 1166 revocetur,
751 1095 905 1151 etab
937 1095 1261 1152 intentione
1291 1097 1644 1169 poenitentiae
1676 1115 1921 1171 suspen-

2032 661 2238 728 questa
2269 661 2358 712 est
2387 659 2665 713 maritum
2697 676 2871 714 suum
2895 664 3095 716 contra
3111 662 3466 719 voluntatem
3502 681 3669 720 suam

2033 743 2090 797 in
2125 745 2474 801 monasterio
2497 746 2689 803 Urbici
2717 747 2948 802 abbatis
2971 765 3100 804 esse
3121 767 3484 806 conversum.
3509 753 3670 818 Quod

2033 830 2170 903 quia
2191 833 2262 888 ad
2285 835 2548 904 ejusdem
2571 834 2800 891 abbatis
2817 835 3049 908 culpam
3071 841 3128 892 et
3149 837 3428 894 invidiam
3449 857 3564 894 non
3583 844 3674 897 est

2034 920 2278 976 dubium
2308 923 2616 994 pertinere,
2651 923 3014 996 experientia
3043 928 3154 980 tuae
3185 926 3577 998 praecipimus,
3610 931 3677 984 ut

2033 1007 2298 1080 diligenti
2329 1010 2706 1084 inquisitione
2753 1011 3050 1082 discutiat,
3083 1031 3156 1070 ne
3185 1017 3332 1070 forte
3363 1031 3498 1070 cum
3546 1017 3674 1087 ejus

2032 1095 2329 1154 voluntate
2349 1115 2662 1156 conversus
2683 1101 2778 1170 sit,
2797 1100 2884 1156 vel
2917 1101 3043 1173 ipsa
3063 1119 3126 1158 se
3150 1106 3378 1160 mutare
3401 1105 3678 1176 promisc-

258 1185 442 1241 datur
474 1203 488 1242 :
522 1189 812 1257 quatenus
845 1189 984 1241 tunc
1016 1185 1169 1240 bona
1215 1184 1380 1242 nulla
1408 1186 1711 1260 percipiat,
1744 1204 1922 1260 quam

257 1289 420 1329 nunc
453 1271 610 1329 mala
641 1271 806 1328 nulla
825 1272 1196 1341 contristent,
1220 1277 1279 1329 et
1307 1277 1446 1329 tunc
1468 1273 1699 1346 plenius
1719 1276 1925 1331 obrua-

259 1367 362 1418 tur
392 1360 723 1435 suppliciis,
747 1378 876 1434 qum
915 1379 1072 1418 nunc
1111 1363 1289 1418 etiam
1330 1363 1550 1435 gaudet
1577 1362 1637 1419 in
1669 1363 1920 1419 delictis.

223 1451 425 1524 .Szepe
455 1451 632 1506 etiam
663 1449 902 1523 speciali
932 1449 1090 1506 malo
1119 1449 1451 1522 duplicium
1483 1452 1659 1507 corda
1689 1451 1923 1524 ingenio

254 1538 406 1595 artis
438 1539 692 1612 antiquae
727 1539 1023 1612 pervertit,
1047 1543 1112 1594 ut
1141 1539 1284 1594 dum
1317 1556 1588 1612 perversa
1619 1545 1677 1595 et
1705 1537 1924 1612 duplici

257 1626 494 1684 actione
541 1631 780 1684 ceteros
828 1627 1059 1696 fallunt,
1081 1628 1249 1700 quasi
1291 1628 1665 1700 prrsstantius
1702 1628 1924 1685 caeteris
2023 1626 2201 1696 veris,
2227 1645 2297 1683 ne
2343 1627 2505 1684 illius
2535 1630 2832 1687 conversio
2882 1632 3045 1688 uxori
3093 1633 3302 1690 relicta:
3350 1635 3412 1690 in
3463 1633 3674 1692 saculo

251 1717 583 1790 prudentes
618 1733 681 1772 se
707 1733 835 1773 esse
864 1715 1206 1790 glorientur.
1232 1717 1300 1771 Et
1329 1716 1471 1788 quia
1499 1715 1924 1773 districtionem
2032 1713 2157 1771 ﬁeri
2186 1717 2372 1788 possit
2391 1719 2734 1790 perditionis
2757 1721 3288 1788 occasio,volumus
3310 1727 3374 1779 ut
3395 1724 3675 1780 maritum

251 1805 670 1862 retributionis
687 1821 804 1862 non
823 1805 1222 1873 considerant,
1239 1805 1310 1860 de
1331 1804 1563 1860 damnis
1580 1805 1704 1862 suis
1725 1805 1923 1862 miseri
2033 1821 2207 1860 suum
2237 1805 2344 1873 illi,
2367 1805 2454 1861 vel
2494 1807 2542 1862 si
2580 1809 2708 1879 jam
2741 1812 3081 1866 tonsuratus
3112 1815 3221 1879 est,
3246 1813 3484 1868 reddere
3513 1813 3674 1868 omni

251 1893 580 1964 exsultant,
607 1895 678 1950 de
724 1893 938 1966 quibus
966 1893 1251 1966 propheta
1283 1893 1425 1948 dicit
1459 1910 1473 1950 :
1503 1895 1634 1950 Ecce
1665 1894 1780 1950 dies
1819 1896 1922 1951 Do-
1951 1932 2004 2000 Β
2033 1893 2246 1949 debeas
2276 1895 2647 1952 excusatione
2677 1903 2962 1954 cessante.
2987 1899 3132 1956 Nam
3163 1905 3398 1973 excepta
3425 1901 3675 1956 fornica-

251 1985 406 2040 mini
431 1985 583 2040 venit
612 1999 854 2052 magnus
880 1989 932 2038 et
960 1982 1248 2038 horribilis
1277 1999 1443 2054 super
1469 1998 1654 2038 omnes
1681 1984 1926 2039 civitates
1953 1981 2004 2000 "
2034 1981 2212 2038 tionis
2242 1997 2440 2053 causa,
2471 1983 2660 2040 virum
2709 2003 2948 2042 uxorem
2999 1987 3326 2061 relinquere
3353 1989 3549 2046 divina
3585 1989 3678 2045 lex

247 2073 523 2140 munitas,
547 2077 599 2126 et
627 2085 794 2143 super
815 2085 1002 2126 omnes
1026 2070 1259 2140 angulos
1279 2071 1517 2128 excelsos
1541 2071 1726 2143 (Soph.
1750 2089 1790 2139 ι,
1815 2071 1924 2144 16),
2036 2069 2199 2124 nulla
2226 2070 2448 2126 ratione
2478 2072 2778 2128 concedit:
2804 2073 2942 2145 quia
2969 2079 3282 2146 postquam
3311 2075 3678 2147 copulatione

251 2159 401 2234 quia
428 2159 519 2216 ira
544 2158 786 2214 extremi
813 2157 1028 2230 judicii
1051 2158 1314 2215 humana
1337 2161 1533 2229 corda,
1560 2164 1617 2216 et
1647 2159 1930 2216 defensio—
2034 2157 2293 2230 conjugii
2315 2157 2420 2214 viri
2447 2162 2622 2231 atque
2651 2159 2916 2217 mulieris
2946 2178 3130 2216 unum
3161 2179 3372 2235 corpus
3401 2162 3674 2232 efﬁcitur,

249 2249 436 2306 nibus
467 2251 673 2304 contra
699 2247 1003 2302 veritatem
1047 2245 1251 2302 clausa
1291 2247 1563 2316 destruit,
1589 2251 1646 2303 et
1674 2246 1924 2320 duplici-
2035 2263 2151 2302 non
2182 2250 2372 2318 potest
2400 2263 2469 2302 ex
2499 2252 2660 2319 parte
2689 2248 2966 2318 converti,
2987 2255 3045 2305 et
3082 2265 3150 2306 ex
3186 2255 3351 2322 parte
3376 2250 3437 2306 in
3467 2249 3678 2306 saeculo

249 2337 485 2394 tatibus
544 2334 812 2392 involuta
861 2335 1146 2392 dissolvit.
1194 2337 1516 2392 Attendant
1564 2340 1620 2392 et
1679 2353 1922 2392 accusa—
2035 2335 2482 2392 remanere.»Et
2501 2337 2642 2408 quia
2666 2355 2788 2392 .una
2815 2337 2906 2393 lex
2933 2337 3039 2392 viri
3069 2343 3128 2394 et
3156 2339 3354 2396 uxoris
3383 2337 3519 2395 hinc
3549 2356 3681 2394 con-

251 2433 419 2485 teres
453 2427 598 2482 forte
649 2424 1071 2494 innocentium,
1105 2429 1162 2480 et
1209 2429 1388 2481 testes
1439 2425 1647 2494 dolosi,
1683 2429 1742 2481 et
1763 2425 1924 2497 judi-
2035 2428 2188 2479 stare
2219 2423 2603 2496 dignoscitur,
2629 2425 2992 2481 demonstrat
3013 2425 3071 2481 in
3093 2427 3360 2500 epistola,
3387 2445 3565 2500 quam
3588 2445 3682 2482 su-

249 2533 382 2586 eos,
405 2515 562 2589 quod
623 2514 710 2570 eis
769 2513 1028 2570 dicitur:
1066 2514 1155 2570 Va:
1201 2513 1288 2569 his
1338 2515 1436 2586 qui
1487 2513 1728 2570 condunt
1785 2515 1926 2583 teges
2035 2529 2143 2585 pra
2179 2512 2506 2584 posuimus,
2531 2513 2604 2568 ad
2635 2513 3035 2570 Secundinum
3079 2515 3419 2589 episcopum
3456 2517 3676 2573 Tauro-

255 2605 514 2678 iniquas,
575 2602 870 2659 scribentes
929 2602 1234 2674 injustitias
1276 2603 1401 2676 (Isa.
1435 2620 1492 2671 x,
1530 2602 1603 2674 1).
1655 2603 1724 2658 Et
1769 2603 1923 2676 quod

2048 2599 2394 2656 minitanum
2443 2601 2562 2674 (lib.
2584 2619 2705 2670 vm,
2747 2603 2902 2674 epist.
2925 2605 3052 2672 32):
3085 2624 3106 2652 α
3137 2604 3534 2674 Praesentium,
3589 2605 3678 2660 in-

255 2709 370 2767 per
416 2693 752 2750 Susannam
799 2689 942 2746 dicit
984 2689 1238 2746 violenta
1295 2689 1490 2762 passio
1549 2689 1713 2748 illata
1773 2692 1926 2748 623
2039 2689 2268 2761 quiens,
2290 2689 2536 2761 portitor
2559 2691 2671 2746 Leo
2693 2690 3096 2748 Chartularius
3116 2693 3189 2748 ad
3211 2711 3319 2749 nos
3337 2694 3574 2750 veniens
3597 2693 3681 2750 in-

222 2782 336 2840 _ab
376 2779 680 2853 injustitia
711 2797 726 2840 :
761 2779 939 2837 habet
986 2779 1144 2836 enim
1193 2795 1390 2835 vocem
1444 2797 1634 2848 suam,
1670 2780 1824 2836 sicut
1869 2783 1928 2836 et
2037 2777 2270 2844 dicavit,
2297 2794 2534 2834 uxorem
2559 2795 2747 2848 suam,
2773 2796 2898 2851 qua:
2921 2779 3120 2836 relicto
3143 2797 3208 2836 eo
3230 2797 3333 2853 pro
3355 2781 3682 2837 fornicatio—

215 2869 696 2940 _misericordia,
729 2869 800 2927 de
831 2886 950 2942 qua
995 2868 1282 2942 scriptum
1335 2872 1443 2939 est,
1471 2868 1744 2924 Abscomle
1789 2870 1926 2925 etee-
2038 2865 2130 2920 nis
2170 2864 2432 2935 crimine,
2459 2883 2575 2940 quo
2623 2867 3024 2924 vehementius
3072 2869 3436 2926 stimulatam
3467 2871 3680 2939 aiebat,

251 2975 570 3032 mosyuam,
607 2959 666 3014 id
707 2963 797 3017 est
843 2957 1329 3027 misericordiam,
1365 2960 1425 3012 in
1471 2959 1603 3014 sinu
1642 2961 1925 3032 pauperis,
2037 2959 2210 3026 atque
2241 2955 2313 3010 ob
2345 2955 2453 3012 hoc
2485 2955 2816 3028 religiosam
2845 2963 3065 3014 vestem
3096 2959 3386 3025 induerat,
3416 2958 3681 3032 culpabi-

251 3056 314 3106 et
343 3051 466 3122 ipsa
509 3047 688 3105 orabit
715 3063 820 3120 pro
849 3055 899 3104 te
927 3047 1116 3118 (Eccti.
1150 3063 1304 3116 xxix,
1331 3046 1439 3116 15).
1472 3045 1564 3101 Ait
1610 3046 1767 3102 enim
1816 3047 1930 3103 vio-
2037 3043 2152 3100 lem
2181 3043 2518 3100 nullatenus
2549 3047 2704 3102 624
2731 3045 3041 3118 exstitisse,
3073 3063 3263 3120 neque
3303 3053 3436 3120 post
3467 3047 3680 3126 initum

253 3138 426 3195 lenta
452 3137 672 3211 passio,
697 3135 880 3205 illata,
903 3135 1062 3194 sicut
1082 3135 1338 3192 diximus
1361 3137 1434 3192 ab
1455 3135 1536 3207 inj
1547 3135 1766 3204 ustitia,
1789 3138 1930 3192 Deus
2037 3131 2375 3204 conjugium
2397 3132 2456 3188 in
2481 3134 2878 3191 fornicationis
2899 3135 3134 3208 culpam
3153 3135 3478 3209 collapsum
3503 3154 3516 3192 :
3540 3135 3686 3208 adjiq

255 3235 498 3295 aeterne,
524 3227 622 3300 qui
649 3224 1089 3282 absconditorum
1133 3243 1188 3284 es
1233 3227 1496 3295 eaq-nitor,
1521 3227 1618 3298 qui
1651 3229 1797 3283 nosti
1821 3243 1931 3283 om-
1973 3297 2006 3300 ὼ
2039 3221 2198 3277 ciens
2229 3239 2462 3294 quoque
2491 3223 2646 3294 quod
2678 3221 2866 3280 eidem
2901 3223 3065 3280 uxori
3097 3241 3215 3282 sua:
3245 3225 3686 3282 districtissima

255 3317 366 3373 nia
397 3297 695 3388 antequam
722 3315 880 3386 ﬁant,
913 3321 974 3370 tu
1001 3317 1148 3371 nosti
1176 3317 1440 3390 quoniam
1459 3297 1666 3386 falsum
1697 3317 1932 3372 testi-mo-
1960 3297 2009 3374 α
2041 3315 2406 3367 sacramenta
2435 3311 2767 3383 praebuerit,
2791 3313 3080 3369 insontem
3125 3329 3186 3369 se
3215 3330 3284 3370 ea
3313 3314 3384 3370 de
3422 3330 3502 3382 re,
3527 3314 3684 3370 unde

253 3406 428 3462 nium
456 3405 703 3460 tulerunt
731 3403 1020 3460 adversum
1040 3419 1145 3471 me,
1173 3411 1225 3460 et
1247 3420 1363 3460 ecce
1382 3405 1608 3472 morior,
1635 3421 1761 3460 cum
1789 3406 1932 3460 nihil
2005 3441 2014 3448 ς
2042 3399 2200 3454 illam
2221 3400 2524 3455 mordebat
2541 3400 2818 3473 suspicio,
2832 3401 3538 3474 permansisse,etidcirco
3558 3418 3686 3475 pro-

255 3495 466 3552 horum
493 3495 717 3566 fecerim
737 3507 862 3566 quae
891 3493 988 3548 isti
1009 3493 1285 3548 malitiose
1305 3502 1722 3565 composuerunt
1749 3493 1934 3550 adver-
2041 3486 2170 3560 pria
2197 3505 2323 3544 eam
2359 3495 2564 3561 sponte
2595 3491 2666 3544 ad
2698 3507 2762 3546 se
2793 3493 3228 3549 νεωτεριωὸθά
3252 3492 3392 3565 quia
3421 3508 3684 3548 commu-

255 3601 390 3642 sum
418 3601 508 3640 me
537 3583 698 3657 (Dan.
720 3600 841 3650 XIII,
872 3583 959 3651 42,
987 3583 1099 3650 43).
1133 3581 1440 3638 Exaudivit
1496 3587 1692 3638 autem
1737 3582 1932 3638 Domi-
2043 3577 2216 3633 nione
2239 3577 2402 3633 illam
2425 3595 2559 3634 cum
2585 3578 2804 3635 familia
2822 3597 2930 3636 sua
2953 3597 3056 3652 pro
3087 3579 3196 3636 hoc
3217 3581 3340 3636 solo
3359 3599 3394 3636 a
3414 3580 3684 3636 fraterni-

260 3691 383 3730 nus
411 3689 614 3730 vocem
654 3672 805 3744 ejus,
837 3675 895 3726 et
925 3671 1178 3726 reddidit
1207 3671 1586 3744 presbyteris,
1623 3671 1724 3744 qui
1769 3676 1936 3728 erant
2040 3669 2156 3722 tate
2188 3673 2378 3722 vestra
2397 3667 2680 3738 privatam
2701 3669 3097 3740 asserit,quod
3119 3671 3192 3724 ad
3214 3687 3348 3726 eum
3375 3669 3526 3725 clam
3551 3685 3686 3740 pos-

217 3816 224 3820 .
261 3760 579 3818 constituti
601 3761 836 3832 judices
865 3758 1066 3832 populi
1096 3758 1156 3814 in
1189 3777 1341 3815 anno
1367 3759 1490 3828 illo,
1517 3763 1574 3815 et
1602 3760 1818 3816 falsum
1848 3764 1933 3816 tu-
2043 3756 2280 3829 tpositis
2323 3757 2486 3812 vobis
2525 3755 2777 3824 redierit,
2802 3756 3072 3812 volumus
3102 3761 3168 3811 ut
3199 3757 3419 3812 familia
3447 3757 3684 3828 quidem

261 3851 470 3906 lerunt
489 3847 921 3916 testimonium,
935 3849 1106 3920 juxta
1121 3848 1274 3920 quod
1301 3847 1524 3903 malum
1543 3853 1937 3922 egeranterga
2043 3845 2230 3918 ipsius
2260 3840 2486 3900 sacram
2533 3845 3006 3900 communionem
3037 3845 3294 3917 recipiat,
3329 3851 3386 3900 et
3433 3845 3684 3900 dominae

263 3939 630 4015 proximum,
656 3938 754 4011 qui
789 3937 1074 3996 interfecti
1105 3940 1263 3993 sunt.
1287 3939 1358 3993 Et
1385 3939 1774 4008 attendentes,
1797 3937 1937 4010 quia
2043 3949 2170 3990 eam
2191 3933 2364 4006 culpa
2385 3933 2566 4004 in-huj
2579 3951 2646 3988 us
2665 3933 2996 3988 alﬂictionis
3015 3951 3185 4006 pmna
3205 3934 3305 3988 diu
3327 3951 3442 3989 non
3469 3938 3682 4017 teneat.

264 4028 444 4086 multi
497 4025 922 4100 praesentalite’r
961 4025 1137 4084 etiam
1189 4043 1430 4100 corpore
1483 4027 1840 4094 moriuntur,
1873 4031 1938 4083 ut
2048 4023 2124 4079 De
2146 4022 2276 4096 ipsa
2293 4039 2448 4090 vero,
2466 4022 2522 4078 id
2543 4027 2633 4077 est
2653 4023 2722 4078 de
2744 4039 2919 4078 uxore
2944 4021 3203 4094 praedicti
3233 4023 3553 4096 portitoris,
3576 4022 3687 4078 hoc

2032 1183 2126 1240 rit.
2147 1186 2216 1241 Et
2245 1187 2297 1242 si
2325 1187 2434 1242 hoc
2467 1188 2762 1260 repererit,
2785 1194 2842 1245 et
2869 1189 3037 1244 illum
3076 1189 3135 1245 in
3167 1192 3520 1248 monasterio
3553 1210 3678 1264 per-

2033 1291 2267 1330 manere
2296 1275 2614 1347 provideat,
2640 1283 2698 1334 et
2737 1277 2908 1344 hanc,
2940 1279 3092 1334 sicut
3135 1279 3424 1352 promisit,
3449 1285 3676 1338 mutare

2031 1361 2362 1434 compellat.
2394 1364 2452 1419 Si
2486 1382 2617 1421 vero
2667 1366 2813 1422 nihil
2843 1367 3053 1423 horum
3083 1373 3192 1438 est,
3226 1385 3332 1424 nec
3379 1371 3674 1442 quoddam

2032 1450 2436 1508 fornicationis
2461 1453 2702 1524 crimen,
2722 1461 2956 1528 propter
2971 1457 3124 1529 quod
3143 1456 3261 1513 viro
3282 1456 3418 1514 licet
3437 1475 3674 1515 uxorem

2033 1537 2380 1611 relinquere,
2400 1542 2736 1613 praediclam
2760 1543 3062 1600 mulierem
3085 1546 3452 1602 commisisse
3471 1563 3678 1619 cogno-

262 4117 532 4175 Ananias
564 4121 622 4173 et
653 4115 922 4190 Saphira,
948 4120 1007 4172 et
1029 4115 1130 4188 qui
1153 4115 1678 4186 communicantes,
1703 4121 1769 4172 ut
1791 4117 1937 4172 Pau-

267 4207 368 4264 lus
397 4206 563 4277 dicit,
587 4223 704 4264 non
737 4205 1080 4262 discernunt
1105 4222 1318 4278 corpus
1342 4205 1576 4261 Domini
1600 4207 1650 4276 (ι
1670 4205 1791 4262 Cor.
1815 4208 1934 4276 x1):

268 4296 450 4354 multi
485 4299 682 4353 autem
710 4294 770 4350 in
808 4311 1047 4368 corpore
1085 4293 1313 4364 vivunt,
1343 4295 1447 4350 sed
1479 4311 1584 4366 pro
1616 4299 1750 4352 actu
1783 4293 1938 4351 malo

269 4389 418 4443 sunt
445 4385 650 4442 anima
678 4383 920 4451 mortui,
945 4383 1100 4439 sicut
1127 4382 1228 4439 illa
1253 4384 1324 4440 de
1347 4400 1465 4456 qua
1495 4383 1780 4456 scriptum
1811 4388 1935 4440 est:

219 4525 224 4528 .
273 4475 474 4534 Vivens
492 4481 714 4531 mortua
733 4480 812 4530 est
832 4473 875 4546 (ι
900 4473 1036 4529 Tim.
1059 4490 1115 4538 v,
1135 4472 1190 4544 6)
1215 4489 1229 4528 :
1255 4489 1486 4545 semper
1517 4477 1713 4528 autem
1743 4473 1942 4529 anima

273 4581 408 4638 quae
438 4566 646 4636 peccat
667 4561 938 4631 moritur,
961 4565 1019 4617 et
1039 4565 1480 4634 perseveranter
1508 4567 1818 4634 peccantes
1840 4564 1944 4618 du-

2043 4128 2148 4168 vos
2171 4111 2478 4167 observare
2511 4127 2747 4167 necesse
2773 4115 2882 4179 est,
2907 4117 2973 4166 ut
3009 4111 3059 4166 si
3099 4112 3406 4168 manifeste
3437 4115 3684 4182 constat,

2046 4198 2189 4272 quia
2217 4203 2418 4256 contra
2437 4201 2745 4272 conjugem
2767 4217 2940 4255 suum
2963 4199 3153 4256 dicere
3176 4199 3321 4256 nihil
3353 4201 3562 4274 potuit,
3586 4200 3688 4256 sed

2045 4289 2292 4362 insuper
2321 4288 2579 4361 suspicio
2623 4288 2831 4361 ipsius,
2864 4288 3120 4360 praestito
3153 4295 3218 4346 ut
3243 4290 3431 4346 edocti
3481 4307 3690 4346 sumus

2049 4382 2437 4446 sacramento,
2491 4381 2794 4451 amputata
2841 4383 2949 4448 est,
2974 4383 3148 4450 atque
3177 4383 3310 4451 post
3338 4379 3448 4436 hoc
3479 4397 3589 4436 sua
3617 4379 3690 4434 ad
3719 4369 3723 4373 ’

2047 4484 2183 4524 eum
2215 4471 2422 4540 sponte
2452 4483 2681 4522 reversa
2709 4471 2816 4536 est,
2841 4472 2898 4524 et
2925 4469 2984 4523 in
3017 4484 3085 4525 ea
3104 4485 3338 4542 quoque
3367 4470 3450 4526 ita
3475 4475 3694 4542 tempe-

2049 4557 2233 4612 randa
2282 4560 2371 4612 est
2416 4573 2662 4612 censura
2683 4555 2918 4628 judicii,
2951 4564 3016 4615 ut
3043 4558 3216 4632 longo
3256 4559 3384 4632 jam
3433 4563 3694 4633 tempore

271 4651 416 4726 plici
433 4650 785 4709 contritione
809 4654 1208 4718 conterentur,
1223 4651 1460 4723 quando
1481 4655 1772 4724 ponentur
1791 4650 1948 4708 sicut
1974 4673 2024 4742 Β
2053 4645 2466 4702 communione
2497 4645 2740 4701 minime
2770 4645 3044 4719 privetur.
3069 4671 3098 4698 ››

273 4741 552 4800 clibanus
596 4739 776 4814 ignis,
800 4742 858 4796 et
901 4739 1222 4796 induentur
1269 4739 1423 4795 sicut
1451 4739 1707 4812 diploide
1737 4740 1940 4796 confu-

276 4830 446 4889 sione
479 4847 612 4900 sua,
645 4845 780 4886 cum
826 4829 1148 4902 perdentur
1175 4845 1416 4900 corpore
1445 4833 1502 4884 et
1533 4827 1730 4884 anima
1757 4827 1819 4884 in
1845 4845 1940 4902 ge-

275 4920 498 4977 henna.
523 4919 657 4976 Haec
683 4917 942 4974 dicimus
969 4934 1085 4976 non
1108 4917 1376 4974 tollentes
1398 4918 1562 4990 justa
1580 4917 1826 4988 judicia,
1842 4918 1942 4974 sed

276 5009 563 5092 timentes
596 5024 669 5064 ne
689 5006 1034 5080 judicemus
1065 5007 1315 5064 scientes
1347 5005 1588 5079 injuste,
1611 5024 1726 5063 non
1756 5005 1947 5080 prohi-

276 5099 490 5155 bentes
520 5095 826 5155 testificari
856 5113 1012 5166 vera,
1036 5096 1137 5152 scd
1170 5096 1524 5170 refugientes
1547 5097 1871 5152 mendacia.

352 5189 468 5244 Sed
499 5189 558 5242 et
597 5185 739 5259 quia
784 5183 1077 5258 superius,
1102 5188 1159 5240 et
1198 5201 1265 5240 ex
1297 5183 1546 5240 aliorum
1578 5185 1946 5242 institutione

279 5277 620 5342 doctorum,
635 5273 998 5332 sufficienter
1013 5273 1278 5330 ordinem
1297 5273 1610 5330 dil‘ﬁnition
1621 5275 1668 5330 is
1683 5276 1755 5332 de
1770 5291 1948 5331 causa

279 5366 442 5423 unde
473 5364 669 5438 agitur
689 5381 760 5420 ex
789 5363 1036 5420 decretis
1071 5362 1226 5420 beati
1251 5363 1511 5436 Gregorii
1533 5363 1949 5420 demonstravi-

286 5473 446 5525 mus,
473 5454 669 5511 adhuc
699 5470 816 5510 non
848 5451 1008 5526 piget
1052 5452 1358 5508 ostendere
1389 5469 1562 5524 quem
1612 5453 1853 5508 modum
1886 5453 1946 5507 in

283 5543 674 5618 inquisitione
705 5546 763 5598 et
791 5540 1145 5598 diffinitione
1186 5541 1562 5612 hujusmodis
1607 5541 1947 5613 quaestionis

286 5634 610 5691 debeamus
642 5637 860 5690 tenere.
879 5630 974 5687 Ait
1002 5629 1180 5698 enim,
1202 5630 1250 5686 si
1276 5631 1347 5686 de
1368 5647 1546 5686 causa
1573 5634 1706 5702 post
1735 5629 1946 5686 initum

287 5721 634 5802 conjugium
663 5721 878 5801 agitur,
913 5720 985 5782 ad
1027 5719 1349 5782 Adrianum
1392 5719 1686 5778 notarium
1712 5719 1834 5796 (tib.
1867 5737 1944 5793 Ix,

2540 4770 3080 4848 INTERROGATIO
3118 4791 3210 4848 x1.

2124 4896 2191 4951 Et
2214 4894 2352 4968 quia
2373 4894 2622 4950 maritus
2644 4913 2676 4950 a
2703 4896 2968 4969 conjuge,
2990 4896 3078 4952 vel
3107 4913 3250 4952 uxor
3279 4912 3314 4950 a
3341 4895 3570 4964 marito,
3591 4911 3696 4967 per

2055 4985 2406 5058 scripturam
2436 4990 2668 5041 secretae
2699 4985 3078 5041 confessionis
3109 5003 3171 5042 se
3191 5001 3304 5040 non
3335 4984 3561 5058 possint
3581 4984 3692 5042 dis-

2047 5075 2318 5146 jungere,
2345 5075 2498 5130 sicut
2527 5073 2833 5146 episcopus
2855 5076 2926 5130 ab
2947 5073 3189 5130 ecclesia
3217 5073 3330 5130 sibi
3356 5075 3692 5132 commissa.

2053 5163 2141 5219 vel
2173 5165 2380 5237 gradu,
2405 5169 2506 5218 aut
2553 5163 2798 5236 quilibet
2841 5163 2900 5217 in
2931 5163 3131 5218 ordine
3177 5162 3588 5232 ecclesiastico,
3621 5165 3694 5220 ab

2055 5253 2245 5308 officio
2279 5271 2340 5308 se
2373 5270 2486 5308 non
2518 5250 2788 5324 praevalet
2836 5252 2886 5306 si
2935 5251 3178 5307 voluerit
3208 5269 3520 5322 removere,
3545 5253 3699 5312 sicut

2056 5343 2401 5398 auctoritate
2437 5340 2827 5397 ecclesiastica
2869 5358 3047 5413 supra
3088 5341 3424 5399 studuimus
3455 5343 3698 5402 demon-

2057 5437 2262 5489 strarc.

2666 5521 3081 5592 RESPONSIO.

2115 5632 2326 5720 Neque
2345 5629 2538 5720 libello
2560 5633 2793 5720 secretae
2813 5631 3197 5692 confessionis
3227 5644 3492 5710 porrecto
3513 5591 3702 5715 publi-

2058 5718 2136 5782 cae
2179 5719 2528 5796 pwnitentiae
2559 5717 2876 5794 quisquam
2923 5721 3094 5782 debet
3141 5727 3433 5802 submitti,
3465 5749 3570 5789 nec
3599 5749 3704 5806 per
