4148 6462
513 429 640 510 i387

1439 447 1736 510 HINCMA
1749 449 1825 509 R1
1873 434 2316 508 RHEMENSIS
2361 443 2978 507 ARCHIEPISCOPI.

3781 439 3924 504 '688

521 583 874 656 scripturam
905 582 1208 650 directam,
1237 580 1326 638 vel
1358 583 1430 637 ab
1475 582 1589 637 alio
1635 585 1983 654 porrectam,
2013 577 2165 634 valet
2179 579 2246 646 Α
2278 579 2514 643 tum,vel
2537 578 2676 648 quia
2695 595 2808 633 non
2831 579 3181 646 initum,sed
3203 579 3393 652 magis
3412 582 3766 652 usurpatum
3787 594 3926 634 con-

521 673 1027 737 condemnari,sed
1053 673 1208 727 unde
1224 670 1454 744 publice
1476 671 1644 725 debet
1657 666 2170 741 judicari.publice

520 765 579 817 et
603 762 660 816 in
683 761 952 833 praesenti
983 760 1211 833 positus
1235 759 1405 816 debet
1436 763 1536 814 aut
1565 757 1823 814 convinci
1834 760 1963 823 ,aut
1990 755 2168 812 confi-

485 841 652 906 Hteri.
681 850 764 904 Ad
795 850 1056 905 Nicetam
1088 847 1517 920 Aquileiensem
1559 847 1898 919 cpiscOpum
1935 844 2170 917 scripsit

521 938 911 1011 magnusLeo
933 953 1084 1010 papa
1103 935 1302 992 dicens
1325 953 1374 990 τα
1401 937 1464 992 In
1496 935 1764 1008 praesenti
1795 934 2042 1008 positus,
2065 936 2170 988 aut

522 1028 882 1092 confutatus,
901 1031 1002 1081 aut
1025 1031 1179 1082 certe
1209 1025 1532 1092 confessus,
1550 1025 1726 1095 justze
1756 1027 1947 1095 potest
1976 1021 2171 1093 subja-

521 1129 652 1172 cere
682 1115 984 1172 'sententize
1007 1131 1022 1172 :
1047 1115 1187 1187 quia
1206 1113 1562 1170 contrarium
1595 1117 1684 1168 est
1711 1113 1943 1179 rationi,
1965 1127 2167 1167 eorum

521 1203 656 1262 illos
699 1219 934 1261 cernere
984 1217 1211 1276 pmnas,
1245 1219 1494 1276 quorum
1543 1219 1660 1258 non
1707 1200 1902 1256 valent
1946 1199 2170 1256 nescire

485 1291 984 1362 "causasniQuem
1006 1292 1181 1348 etiam
1199 1291 1462 1347 ordinem
1479 1289 1786 1362 judicandi
1809 1289 2172 1345 demonstrat

509 1377 823 1457 “Scriptura
848 1382 1067 1448 divina,
1090 1380 1418 1437 dicentibus
1439 1381 1510 1435 de
1539 1379 1847 1434 criminata
1877 1381 2171 1433 accusato-

523 1473 690 1529 ribus
707 1471 779 1528 ’in
803 1470 1028 1544 jddicio
1059 1473 1379 1542 praeparato
1413 1485 1427 1522 :
1463 1467 1624 1535 Mitte,
1653 1466 1951 1539 inquiunt,
1974 1467 2044 1521 ad
2071 1466 2170 1521 Su-

503 1565 757 1618 ‘sam‘zam
791 1560 986 1632 ‘ﬁliam
1052 1559 1299 1615 Ilelrhizc
1336 1573 1562 1613 uxorem
1613 1556 1879 1625 Jouchim,
1910 1563 1960 1610 ct
2001 1557 2169 1610 misc-

519 1647 776 1707 rmtt.‘Et
789 1651 944 1706 venit
985 1662 1109 1705 non
1156 1647 1474 1720 parentibus
1503 1655 1555 1702 et
1582 1647 1716 1718 ﬁliis
1746 1647 1907 1718 (Dan.
1930 1661 2052 1710 xm,
2074 1643 2166 1708 29,

485 1727 908 1811 "30).‘Et‘post
949 1738 1158 1793 datum
1211 1735 1636 1803 testimonium,
1677 1733 2173 1790 condemnavcmnt

485 1833 490 1841 '
508 1825 725 1904 fudit-es
771 1837 904 1883 ‘eam
962 1826 1033 1881 ad
1085 1832 1311 1882 mortem
1339 1823 1520 1893 (ibid.,
1555 1825 1644 1895 Ill)
1679 1841 1691 1879 :
1727 1839 1844 1895 qua
1898 1821 2164 1888 liberata,

491 1912 765 1972 "veritate
777 1929 906 1970 eam
937 1912 1243 1982 liberante,
1265 1911 1452 1984 puniti
1477 1915 1618 1967 sunt
1647 1909 1778 1966 falsi
1797 1914 1975 1966 testes
1999 1911 2200 1989 juxtaj.

493 2003 931 2078 ‘qudd‘malutn
971 2002 1032 2057 in
1085 1999 1416 2074 proximum
1466 2004 1706 2072 egerant
1736 1999 1849 2054 Sed
1879 2002 1934 2054 et
1962 1999 2166 2069 depre-

495 2087 791 2149 'hensa'ln
823 2089 1130 2158 aduitorio,
1155 2089 1350 2146 oblata
1378 2087 1663 2161 corporali
1697 2087 2025 2161 praesentia,
2047 2102 2167 2142 non

481 2186 623 2254 'per
653 2177 933 2236 ‘alienum
992 2177 1395 2234 testimonium
1435 2175 1522 2231 vel
1587 2176 1961 2249 scripturam,
2013 2176 2168 2248 quod

517 2258 924 2327 scelestasticze
955 2272 1021 2322 'et
1061 2265 1336 2322 Romanis
1386 2264 1699 2337 prohibent
1744 2265 1924 2336 leges,
1955 2269 2043 2319 est
2073 2281 2168 2320 ac-

518 2359 723 2412 cu’sata
757 2369 770 2411 :
805 2354 976 2426 cujus
1022 2354 1198 2409 etiam
1249 2353 1536 2428 confessio
1585 2352 1984 2419 subinnuitur,
2031 2369 2165 2407 cum

518 2446 569 2502 ei
631 2461 666 2500 a
692 2442 962 2500 Ἠοῖῂὶηο
1004 2442 1221 2498 dicitur
1261 2458 1274 2495 :
1319 2443 1481 2497 Nemo
1538 2450 1588 2497 to
1639 2441 2067 2497 emulcmnavit?
2117 2450 2169 2497 et

519 2533 622 2591 illa
663 2551 682 2589 :
721 2531 906 2597 Nemo,
954 2533 1180 2587 Domine
1225 2532 1400 2600 (Joan.
1432 2547 1560 2595 vm,
1595 2531 1702 2602 10).
1753 2530 1971 2585 Pilatus
2021 2547 2167 2602 quo-

509 2624 632 2695 ‘q‘ue
683 2622 755 2677 de
795 2619 1076 2688 “Domino,
1139 2625 1420 2692 tanquam
1477 2619 1698 2674 latrone
1745 2619 2165 2692 comprehenso

501 2715 701 2782 atque
722 2708 922 2784 ligato,
946 2725 1049 2780 per
1077 2707 1394 2773 cohortem,
1427 2707 1581 2761 sicut
1608 2706 1974 2778 Augustinus
2001 2706 2162 2770 dicit,

482 2795 774 2872 ‘legitimo
822 2797 1026 2854 ordine
1085 2796 1393 2868 potestatis
1441 2800 1687 2860 servato,
1738 2799 1793 2850 et
1840 2811 1942 2866 per
1989 2795 2164 2850 mini-

513 2889 667 2944 stros
697 2885 1056 2953 Judteorum,
1091 2889 1149 2940 et
1179 2885 1250 2939 ab
1289 2885 1456 2939 Anna
1484 2883 1736 2955 Caiphae,
1771 2888 1944 2955 atque
1975 2901 2008 2938 a
2037 2884 2162 2939 Cai-

513 2976 730 3050 pha'in
777 2975 1112 3048 praetorium
1163 2972 1276 3028 sibi
1326 2971 1673 3028 transmisso
1723 2973 1864 3027 dicit
1899 2989 1912 3027 :
1947 2972 2163 3028 Obtuli-

493 3065 804 3132 _stis“mihi
831 3065 996 3120 'hunc
1041 3064 1315 3119 hominem
1344 3063 1494 3128 (Luc.
1525 3077 1686 3129 xxm,
1722 3063 1830 3132 M).
1864 3064 2166 3134 Quemque

462 3153 763 3209 "audiens
791 3167 919 3210 esse
949 3153 1020 3208 de
1053 3155 1338 3225 potestate
1372 3151 1636 3216 Herodis,
1669 3151 1895 3206 remisit
1925 3167 2059 3206 eum
2091 3152 2166 3206 ad

471 3232 478 3246 ’
517 3240 670 3299 028
697 3241 892 3310 illum,
915 3242 1131 3298 docens
1161 3257 1268 3296 nos
1291 3241 1359 3296 de
1384 3239 1762 3296 saecularibus
1793 3239 2053 3296 saeculari

517 3255 670 3299 suo
697 3255 892 3310 unum,
915 3255 1131 3298 docens
1161 3257 1268 3296 nos
1291 3255 1359 3296 ne
1384 3255 1762 3296 saaculanbus
1793 3255 2186 3362 saecularium)

467 3325 496 3350 ’⁸
515 3329 846 3387 Christiana
867 3335 924 3386 et
939 3331 1103 3402 justa
1123 3332 1454 3401 exspectare
1467 3328 1710 3400 judicia,
1735 3333 1789 3384 et
1811 3334 1952 3384 tunc
1976 3329 2164 3398 Eccle’:

489 3418 757 3475 ‘slastica
793 3417 1060 3474 videlicet
1101 3416 1544 3473 medicinalium
1588 3417 1948 3488 judiciorum
1979 3418 2164 3474 mala-

498 3510 718 3581 ‘gmata
739 3505 948 3562 debere
967 3505 1221 3562 inﬁrmis
1243 3506 1560 3578 imponere,
1587 3505 1695 3560 hoc
1715 3507 1868 3560 idem
1891 3508 2164 3578 Apostolo

497 3596 974 3664 ‘demonstrante,
995 3595 1230 3668 quando
1255 3595 1445 3650 adhuc
1473 3595 1628 3650 inter
1649 3593 1915 3651 inﬁdeles
1934 3612 2166 3651 conver-

495 3685 810 3742 ‘sabantur
827 3685 1052 3742 ﬁdeles.
1076 3687 1197 3741 Jam
1225 3685 1482 3741 delictum
1509 3693 1606 3747 est,
1638 3683 1851 3756 inquit,
1875 3686 2022 3740 inter
2049 3701 2162 3753 vos,

513 3777 652 3849 quia
665 3775 1005 3848 judicamini
1033 3775 1179 3848 apud
1201 3782 1506 3838 extraneos,
1538 3782 1590 3828 et
1628 3789 1738 3828 non
1767 3773 1913 3846 apud
1939 3776 2159 3845 fratres.

494 3865 821 3923 ‘chtitaria
845 3866 1016 3937 igitur
1034 3865 1252 3937 jwlicia
1280 3865 1332 3918 si
1369 3863 1673 3918 habueritis
1715 3864 1859 3918 inter
1894 3879 2004 3929 vos,
2038 3881 2160 3919 ocn-

491 3955 850 4027 ‘umptibites‘
879 3955 976 4027 qui
1003 3961 1132 4008 sunt
1180 3955 1236 4008 in
1285 3953 1525 4007 Ecclesia
1554 3954 1862 4007 constuitite
1905 3952 1975 4007 ad
2013 3952 2165 4024 judi-

510 4043 750 4100 cautium
777 4041 826 4112 (1
845 4042 966 4099 Cor.
991 4057 1068 4108 vr,
1094 4043 1116 4096 1
1145 4047 1202 4098 et
1223 4043 1296 4112 4).
1323 4041 1485 4097 Unde
1507 4040 1822 4113 Gregorius
1851 4041 1908 4094 in
1943 4041 2162 4112 Regula

463 4149 470 4158 '
511 4131 790 4205 pastorali
827 4147 878 4187 tu
903 4131 975 4188 Ut
1004 4131 1211 4188 saltem
1252 4129 1499 4186 terrenis
1541 4130 1789 4201 negotiis
1817 4129 2157 4199 inserviant,

511 4219 1156 4294 quos‘dona‘spiritalia
1185 4236 1297 4274 non
1332 4224 1672 4274 exornant.»
1697 4219 1765 4273 Et
1793 4221 2161 4290 Augustinus

493 4309 570 4366 ‘in
597 4308 936 4366 Enchiridio
969 4327 1019 4365 :«
1053 4309 1199 4365 Cum
1233 4308 1352 4364 sint
1381 4307 1522 4362 talia
1545 4306 1774 4378 judicia
1803 4307 1925 4362 fieri
1962 4324 2159 4364 ncces-

483 4399 686 4466 "saria,
715 4413 836 4454 non
862 4397 1068 4465 vetari,
1102 4398 1202 4452 sed
1237 4396 1391 4470 apud
1432 4396 1632 4452 fideles
1672 4397 1881 4452 debere
1903 4397 2159 4468 judicari

495 4488 931 4545 demonstrat.»
945 4486 1438 4558 EtAmbrosiuszu
1453 4485 1594 4551 Quia
1613 4503 1750 4558 ergo
1773 4490 1930 4552 sunt,
1946 4485 2157 4558 inquit,

501 4576 1060 4649 sapientesfratres,
1097 4573 1276 4648 aliqui
1324 4573 1534 4628 horum
1576 4573 1869 4646 eligantur
1897 4575 1968 4629 ad
1993 4576 2160 4646 judi-

509 4663 1350 4738 candum,quorumjudicium
1365 4667 1598 4718 veretur
1612 4663 1891 4718 mundus.
1913 4663 2162 4736 Magnus
2190 4686 2236 4750 D

507 4754 664 4812 enim
697 4754 884 4827 pudor
913 4758 1020 4821 est,
1047 4753 1093 4807 si
1127 4751 1278 4808 inter
1303 4770 1402 4808 eos
1426 4753 1524 4824 qui
1549 4751 1826 4808 dicuntur
1845 4753 2027 4808 Deum
2061 4771 2160 4808 co-

507 4844 947 4918 gnovisse,'nou
981 4841 1274 4896 invenitur
1303 4841 1400 4912 qui
1435 4841 1765 4897 examinare
1798 4843 1983 4914 possit
2004 4843 2160 4913 judi~

505 4930 1020 4999 cium.'Quomodo
1065 4929 1220 4985 enim
1271 4929 1566 4984 homicida
1614 4929 1902 5001 pmnitens
1955 4947 2156 5001 pacem

505 5024 700 5078 sumet
727 5019 1018 5086 Ecclesiae,
1045 5023 1357 5091 antequam
1391 5035 1523 5072 cum
1560 5017 1927 5090 litigantibus
1958 5019 2156 5090 pacili-

505 5109 712 5166 cetur?
741 5108 1042 5174 Quomodo
1072 5105 1499 5179 indulgentiam
1541 5106 1803 5178 accipere
1829 5106 2041 5178 poterit
2068 5106 2156 5160 di-

505 5211 687 5265 scors,
707 5203 1022 5270 antequam
1046 5195 1347 5251 charitatis
1369 5193 1596 5267 glutino
1620 5194 1892 5250 uniatur?
1913 5197 2158 5260 Quomo-

505 5288 579 5344 do
605 5301 781 5362 rapax
803 5287 1014 5360 dignos
1035 5283 1388 5359 pmniteutize
1418 5285 1644 5339 fructus
1666 5289 1818 5356 aget,
1839 5288 2154 5354 antequam

496 5373 682 5448 jukta'
710 5375 888 5432 David
939 5375 1338 5448 judicium,ct
1391 5373 1608 5428 Zachaei
1667 5371 2021 5445 exemplum,
2054 5378 2156 5428 aut

497 5466 889 5536 emendando,
916 5469 1019 5520 aut
1049 5463 1484 5532 satisfaciendo,
1511 5461 1858 5535 placationis
1901 5461 2152 5518 hostiam

501 5553 706 5609 offerat
724 5553 825 5626 qui
858 5553 1078 5626 rapinis
1099 5551 1411 5609 crudeliter
1442 5551 1772 5608 insudavit?
1792 5549 1892 5605 Vel
1916 5567 2155 5622 quomo-

487 5641 578 5698 ade
593 5641 854 5698 solvetur
871 5643 1234 5716 conjugium,
1261 5642 1371 5698 nisi
1403 5639 1854 5696 decernentibus
1873 5640 2150 5696 Christia-

501 5731 600 5792 nis
623 5729 875 5810 iegibus,
891 5732 1110 5810 quibus
1140 5733 1328 5790 fuerat
1372 5735 1606 5788 auctore
1637 5728 1884 5786 Domino
1913 5730 2149 5806 copula-

2279 671 2368 721 tra
2386 666 2748 722 Christianas
2796 665 2953 740 leges
2999 668 3205 734 fuerat,
3232 667 3518 724 exstiterit
3552 669 3926 724 demonstra-

2277 759 2402 810 tum
2416 755 2552 810 ?»Et
2567 755 2676 811 hoc
2690 757 2984 828 quomodo
2999 757 3406 812 ordinabiliter
3419 757 3541 812 fieri
3562 757 3797 829 poterit,
3809 757 3930 813 nisi

2277 842 2508 916 legibus
2527 843 2804 900 humanis
2826 846 2898 900 ab
2923 862 2989 900 eo
3008 845 3329 918 inspiratis,
3346 863 3446 918 per
3469 861 3643 918 quem
3667 845 3934 902 condito-

2275 949 2371 988 res
2391 931 2586 1005 legum
2621 934 2778 1005 iusta
2799 934 3156 990 decernunt?
3183 935 3346 990 Unde
3377 939 3617 990 sanctus
3655 934 3932 991 Gelasias

2279 1021 2350 1075 ad
2373 1021 2746 1077 Anastasium
2779 1022 3188 1094 imperatorem
3212 1023 3388 1095 (epist.
3413 1024 3504 1090 10)
3526 1040 3575 1078 :«
3600 1023 3684 1091 Si,
3711 1023 3930 1096 inquit,

2275 1114 2566 1182 quantum
2599 1111 2669 1165 ad
2702 1111 2965 1166 ordinem
3009 1111 3254 1183 publicis
3299 1112 3547 1184 pertinet
3575 1112 3928 1186 disciplinae,

2277 1202 2696 1269 cognoscentes
2741 1198 3050 1270 imperium
3081 1198 3188 1254 tibi
3234 1214 3492 1270 superna
3539 1199 3930 1272 dispositione

2275 1285 2574 1354 collatum,
2600 1285 2830 1359 legibus
2849 1287 2968 1342 tuis
2995 1286 3107 1360 ipsi
3128 1302 3362 1359 quoque
3391 1292 3598 1360 parent
3625 1287 3931 1358 religionis

2277 1375 2588 1440 antistites,
2607 1392 2679 1430 ne
2699 1375 2784 1430 vel
2810 1377 2984 1431 rebus
3006 1376 3322 1430 mundanis
3341 1375 3587 1430 exclusa
3614 1377 3824 1433 videon
3835 1384 3934 1434 tur

2277 1461 2509 1518 obviare
2531 1463 2850 1530 sententiae,
2867 1465 3020 1536 quod
3046 1480 3183 1535 rogo
3205 1469 3262 1518 te
3279 1465 3443 1519 decet
3463 1466 3671 1520 affectu
3689 1467 3778 1522 eis
3793 1468 3932 1523 obe-

2275 1552 2536 1624 dire,qui
2579 1554 2974 1625 prmrogandis
3008 1553 3442 1609 venerabilibus
3481 1558 3625 1609 sunt
3649 1556 3930 1613 attributi

2277 1640 2608 1712 mysteriis?
2632 1663 2654 1689 ι
2681 1640 2754 1696 Ut
2784 1641 2922 1696 alibi
2951 1641 3237 1714 scriptum
3269 1647 3358 1698 est
3383 1641 3710 1715 relegentes
3742 1661 3757 1700 :
3793 1645 3929 1701 Red-

2275 1728 2386 1784 dite
2414 1745 2540 1801 quae
2581 1737 2711 1785 sunt
2746 1732 2986 1786 Cameris
3017 1730 3246 1798 (lassari,
3277 1739 3330 1787 et
3355 1745 3480 1804 quae
3505 1740 3635 1788 sunt
3681 1733 3784 1789 Dei
3827 1735 3934 1792 Deo

2277 1818 2491 1890 (Matth.
2525 1835 2660 1886 xxu,
2692 1819 2804 1892 2t),
2837 1819 3044 1875 Ctesari
3091 1820 3328 1892 quidem
3369 1835 3707 1888 nummum,
3740 1823 3931 1880 tribu-

2277 1910 2424 1973 tum,
2447 1912 2504 1962 et
2535 1907 2862 1979 pecuniam,
2889 1907 3168 1963 honorem
3196 1908 3481 1977 debitum,
3506 1911 3775 1982 quandiu
3805 1911 3933 1984 ipse

2278 1995 2588 2050 Dominum
2624 1993 2892 2064 ﬁdeliter,
2913 1996 3304 2064 honoraverit,
3329 2001 3386 2052 et
3402 1997 3672 2070 vectigal,
3692 1999 3816 2056 Deo
3836 2017 3937 2058 au-

2276 2088 2394 2140 tem
2426 2085 2702 2152 decimas,
2728 2083 3038 2156 primitias,
3061 2085 3404 2154 oblationes,
3429 2101 3495 2141 ac
3523 2085 3820 2156 victimas,
3849 2096 3934 2146 ot-

2277 2190 2390 2246 quo
2422 2173 2760 2228 continuam
2797 2172 3130 2229 servitutem
3157 2189 3171 2228 :
3195 2175 3488 2246 quomodo
3534 2179 3592 2230 et
3640 2175 3772 2249 ipse
3803 2179 3928 2234 red-

2233 2274 2241 2278 ‘
2276 2263 2425 2318 didit
2452 2263 2674 2318 tributa
2723 2280 2826 2335 pro
2859 2279 2920 2318 se
2951 2267 3009 2318 et
3039 2263 3226 2330 Petro,
3259 2268 3316 2318 et
3354 2263 3469 2319 Deo
3513 2265 3775 2320 reddidit
3802 2283 3927 2340 qua:

2275 2351 2374 2406 Dei
2434 2355 2591 2419 sunt,
2641 2350 2824 2406 Patris
2880 2351 3099 2406 faciens
3143 2351 3524 2406 voluntatem.
3559 2353 3630 2406 Et
3685 2361 3927 2411 sanctus

2273 2441 2637 2510 Augustinus
2665 2439 2725 2494 in
2758 2440 3036 2496 Sermone
3084 2447 3246 2495 sexto
3296 2440 3592 2514 Evangelii
3629 2441 3878 2499 Joannis
3906 2462 3922 2500 :

2279 2551 2306 2579 ‹‹
2341 2527 2488 2594 Noli,
2520 2528 2732 2601 inquit,
2765 2529 2956 2584 dicere
2987 2529 3125 2600 quid
3167 2527 3312 2584 mihi
3353 2533 3411 2584 et
3445 2529 3614 2602 regi?
3635 2532 3791 2598 Quid
3815 2533 3918 2588 tibi

2274 2635 2408 2691 ergo
2439 2623 2496 2674 et
2526 2617 2928 2689 possessioni?
2968 2634 3070 2689 per
3107 2619 3248 2690 jura
3291 2633 3496 2690 regum
3543 2621 3925 2690 possidentur

2273 2707 2732 2778 possessiones.»
2755 2707 2850 2762 Sic
2881 2711 2939 2762 et
2965 2723 3069 2779 per
3092 2705 3302 2780 legalis
3323 2707 3572 2778 judicia,
3597 2709 3768 2780 justa
3791 2725 3930 2784 quo-

2273 2795 2432 2850 niam
2465 2794 2814 2862 Christiana,
2839 2796 3207 2851 saecularium
3239 2796 3607 2869 negotiorum
3637 2799 3928 2873 dirimen-

2273 2885 2360 2938 dze
2391 2887 2530 2939 sunt
2560 2883 2932 2956 quaestiones.
2960 2884 3030 2939 Et
3060 2886 3132 2940 de
3173 2884 3391 2953 libello,
3413 2885 3501 2942 vel
3531 2893 3760 2944 secreta
3789 2905 3927 2945 con-

2273 2973 2546 3041 fessione,
2596 2972 2751 3028 idem
2802 2972 3060 3028 decernit
3109 2973 3242 3042 Leo,
3284 2974 3560 3046 inquiens
3603 2978 3929 3048 (φθαίη),

2270 3061 2562 3117 universis
2605 3061 2896 3134 episcopis
2943 3079 3047 3136 per
3076 3064 3479 3136 Campaniam,
3509 3066 3932 3135 Samnium-ct

2272 3151 2570 3216 Picenum,
2604 3151 2855 3206 salutem
2891 3169 2940 3207 τι(
2975 3152 3186 3225 Magna
3227 3151 3634 3227 indignatione
3663 3171 3929 3212 eorumc-

2273 3255 2426 3311 veor,
2449 3245 2506 3295 et
2536 3240 2722 3296 multo
2753 3241 2951 3297 dolore
2979 3242 3312 3310 contristor,
3335 3243 3492 3315 quod
3531 3244 3823 3315 quosdam
3851 3261 3930 3302 ex

2193 3313 2236 3384 Ε
2275 3329 2438 3384 vobis
2467 3328 2722 3402 comperi
2754 3330 3082 3402 apostolicae
3113 3313 3445 3387 traditionis
3463 3313 3700 3400 oblitos,
3722 3338 3933 3390 ot-stu-

2271 3417 2366 3473 dio
2390 3418 2481 3474 sui
2503 3418 2716 3474 erroris
2737 3419 3134 3476 intentos.»Et
3158 3424 3290 3494 post
3311 3419 3612 3493 aliquanta
3630 3439 3680 3476 :«
3707 3423 3934 3496 Depre-

2273 3507 2520 3563 nitentia
2547 3507 2790 3575 scilicet,
2823 3523 2950 3580 quze
2982 3526 3016 3564 a
3045 3508 3318 3564 fidelibus
3356 3510 3707 3581 postulatur,
3731 3527 3805 3568 ne
3849 3513 3930 3569 de

2258 3595 2638 3669 singulorum
2661 3602 3032 3670 peccatorum
3059 3614 3268 3671 genere
3289 3597 3502 3655 libellis
3519 3599 3684 3656 σεο
3699 3601 3932 3674 scripta

2271 3687 2554 3758 professio
2610 3686 2958 3759 publicetur,
2992 3703 3126 3742 cum
3178 3691 3377 3744 reatus
3421 3689 3932 3746 conscientiarum

2271 3775 2528 3829 sufficiat
2559 3775 2698 3830 solis
2727 3775 3134 3832 sacerdotibus
3163 3775 3408 3832 indicari
3438 3777 3804 3834 confessione
3833 3795 3936 3836 se-

2270 3869 2447 3919 creta.
2473 3865 2748 3930 Quamvis
2787 3865 2944 3920 enim
2986 3864 3285 3937 plenitudo
3325 3865 3461 3922 ﬁdei
3489 3866 3758 3924 videatur
3789 3881 3935 3925 esse

2270 3951 2604 4018 laudabilis,
2624 3970 2749 4025 quae
2778 3959 3016 4027 propter
3039 3954 3140 4010 Dei
3171 3955 3442 4011 timorem
3469 3956 3624 4028 apud
3648 3955 3936 4015 homines

2269 4041 2610 4095 erubescere
2640 4057 2753 4095 non
2795 4047 3042 4110 veretur,
3071 4047 3267 4098 tamen
3297 4043 3438 4115 quia
3484 4060 3598 4100 non
3648 4045 3934 4101 omnium

2269 4129 2659 4200 hujusmuudi
2701 4135 2841 4185 sunt
2889 4136 3144 4203 peccata,
3169 4135 3236 4187 ut
3261 4149 3329 4188 ea
3359 4132 3460 4204 qui
3511 4133 3936 4204 paenitentiam

2268 4222 2522 4290 poscunt
2547 4236 2661 4274 non
2693 4219 2939 4276 timeant
2968 4220 3286 4292 publicare,
3309 4227 3675 4278 removeatur
3701 4221 3940 4294 impro-

2269 4307 2480 4364 babilis
2502 4311 2884 4374 consuetudo,
2906 4325 2977 4365 ne
3005 4309 3174 4365 multi
3198 4327 3232 4366 a
3257 4311 3609 4384 poenitentia:
3639 4312 3938 4370 remediis

2269 4399 2745 4464 arceantur,dum
2760 4403 2862 4453 aut
2878 4399 3360 4466 erubescunt,aut
3375 4404 3644 4456 metuunt
3658 4397 3938 4460 inimicis

2267 4486 2393 4542 suis
2423 4503 2530 4541 sua
2560 4487 2712 4542 facta
2742 4488 3004 4554 reserari,
3035 4487 3254 4560 quibus
3285 4489 3513 4560 possint
3541 4488 3736 4561 legum
3771 4505 3936 4546 con—

2267 4575 2568 4630 stitutione
2601 4575 2856 4648 percelli.
2879 4575 3108 4633 Sufficit
3131 4577 3288 4633 enim
3329 4577 3428 4633 illa
3457 4576 3768 4645 confessio,
3789 4595 3936 4652 qua

2268 4663 2522 4735 primum
2553 4665 2670 4720 Deo
2698 4666 2958 4733 offertur,
2985 4670 3123 4722 tunc
3150 4665 3331 4722 etiam
3361 4666 3793 4737 sacerdoti,qu
3817 4684 3938 4740 pro

2271 4752 2498 4808 delictis
2527 4755 2936 4825 pcenitentium
2981 4759 3246 4828 precator
3275 4755 3529 4810 accedat.
3561 4756 3722 4810 Tunc
3751 4757 3938 4814 enim

2267 4841 2464 4914 plures
2486 4844 2556 4896 ad
2581 4843 2981 4914 pmnitentiam
3006 4848 3278 4916 poterunt
3303 4843 3619 4916 provocari,
3639 4843 3686 4898 si
3708 4846 3938 4918 pepuli

2269 4931 2510 4986 auribus
2560 4948 2672 4986 non
2725 4933 3054 5004 publicetur
3102 4932 3458 4989 conscientia
3503 4933 3870 4992 confitentis.
3903 4959 3937 4986 »ι

2268 5019 2409 5074 llinc
2439 5019 2720 5093 colligant
2747 5023 2984 5094 quique,
3009 5023 3064 5078 si
3103 5037 3356 5078 canones
3381 5023 3538 5078 sacri
3574 5022 3793 5093 jubent
3823 5041 3936 5081 ex-

2265 5109 2699 5164 communicare
2715 5112 3078 5184 episcopum,
3097 5113 3360 5185 quandiu
3383 5129 3498 5168 non
3525 5115 3939 5172 communica-

2262 5196 2410 5250 verit
2432 5195 2729 5270 illi,quem
2763 5200 2873 5255 sibi
2898 5201 3041 5256 dicit
3061 5202 3282 5258 crimen
3312 5206 3536 5258 secrete
3566 5203 3746 5258 fuisse
3775 5219 3936 5262 con-

2265 5285 2506 5354 fessum,
2534 5292 2731 5343 utrum
2757 5290 2965 5346 debeat
2989 5295 3092 5346 aut
3121 5291 3334 5348 audeat
3365 5290 3579 5364 aliquis
3598 5291 3670 5348 de
3689 5301 3940 5352 secreta

2264 5376 2647 5445 confessione,
2673 5377 2792 5433 sive
2823 5395 2925 5451 per
2951 5379 3218 5438 libellum
3250 5383 3370 5439 sive
3400 5398 3506 5454 per
3525 5382 3770 5438 verbum
3801 5397 3940 5441 ore-

2265 5463 2406 5530 dita,
2435 5481 2846 5538 quemcunque
2869 5469 3112 5539 publicis
3139 5471 3493 5544 paenitentiae
3523 5469 3754 5543 legibus
3785 5473 3940 5527 sub-

2262 5554 2417 5618 dere,
2434 5559 2654 5626 quanto
2677 5555 2872 5611 minus
2892 5559 3232 5632 conjugium
3263 5559 3530 5633 legaliter
3553 5559 3766 5614 initum
3791 5561 3942 5620 sine

2261 5649 2420 5698 certa
2449 5649 2508 5699 et
2547 5644 2860 5701 manifesta
2906 5649 3130 5706 ratione
3175 5649 3492 5706 dissolvere
3523 5665 3538 5704 :
3569 5663 3705 5704 cum
3755 5649 3934 5709 idem

2259 5733 2373 5791 Leo
2405 5733 2476 5790 ad
2507 5749 2712 5792 omnes
2741 5735 3044 5813 episcopos
3092 5755 3198 5814 per
3225 5739 3530 5797 universas
3580 5737 3936 5816 provincias
