4148 6484
272 427 397 501 Q89

1198 430 1301 490 DE
1343 429 1715 492 DIVORTIO
1762 430 2128 507 LOTHABII
2174 430 2273 493 ET
2315 427 2769 493 TICTBERGIE.

275 558 635 623 constitutos
682 560 1020 620 terribiliter
1064 560 1288 619 intonet
1345 562 1545 620 dicens
1591 565 1768 636 (epist.
1822 563 1872 636 1)
1907 581 1921 620 :
1949 567 2009 637 Α,
2036 563 2381 635 iniquitatem
2410 580 2567 618 suam
2595 564 2849 632 (Lev.xx,
2902 563 3008 637 17).
3059 526 3222 624 Unde
3270 526 3675 643 senatusen-

272 675 307 707 ‹‹
342 651 461 709 Hoc
492 651 692 722 itaque
721 650 1041 708 admonitio
1073 656 1273 708 nostra
1310 652 1638 720 denuntiat,
1672 653 1826 724 quod
1872 651 1923 709 si

274 740 416 814 quis
444 741 693 796 fratrum
726 743 930 796 contra
958 741 1277 797 constituta
1305 740 1499 796 venire
1532 741 1855 809 tentaverit,
1870 744 1928 797 et

273 828 576 903 prohibita
604 828 787 884 fuerit
812 846 993 886 ausus
1025 831 1353 898 admittere,
1388 847 1423 885 a
1454 847 1560 885 suo
1607 848 1669 885 se
1699 830 1924 885 noverit

267 918 467 974 officio
498 918 986 986 submovendum,
1007 934 1112 974 nec
1141 916 1576 975 communionis
1608 922 1818 974 nostra:
1844 920 1925 974 fu-

265 1011 474 1064 turum
506 1023 635 1064 esse
660 1008 1115 1080 consortem,qui
1148 1007 1343 1065 socius
1373 1025 1499 1064 esse
1532 1006 1719 1063 noluit
1748 1007 1923 1064 disci-

265 1095 534 1168 phum.»

750 1236 1294 1293 INTERROGATIO
1331 1238 1450 1292 XII.

342 1358 558 1430 Quinto
589 1360 844 1433 capitulo
877 1360 1045 1418 nobis
1094 1360 1416 1428 rescribite,
1463 1378 1531 1416 ex
1578 1360 1921 1416 auctoritate

264 1450 735 1523 Scripturarum,
766 1454 823 1507 et
850 1450 1164 1506 traditione
1196 1451 1452 1517 Patrum,
1485 1450 1555 1505 de
1576 1453 1803 1521 stupro,
1834 1452 1918 1503 at-

262 1556 385 1613 que
403 1538 621 1595 aborsu
634 1556 766 1611 quae
786 1538 1007 1612 scripta
1021 1539 1590 1608 contiueantur,cum
1613 1541 1918 1594 auctorum

262 1626 613 1691 nominibus
643 1632 700 1685 et
729 1626 1134 1701 designatione
1165 1626 1470 1694 librorum,
1504 1631 1570 1684 ut
1598 1627 1746 1683 scire
1782 1644 1917 1698 pos-

261 1718 483 1788 simas,
500 1720 700 1773 utrum
732 1715 833 1772 tali
866 1716 1222 1785 modo,sicut
1250 1715 1483 1785 dicitur,
1499 1716 1717 1772 femina
1734 1715 1919 1788 possit

260 1804 662 1879 concipere,et
692 1809 824 1877 post
853 1805 1130 1862 aborsum
1149 1804 1309 1878 virgo
1338 1805 1527 1861 valeat
1557 1821 1915 1878 permanere,

453 1893 526 2001 de
560 1894 672 1951 ista
718 1893 933 1951 dicitur
968 1893 1263 1995 accidisse
1296 1912 1321 1994 τ’
1359 1898 1414 1995 et
1459 1894 1508 1950 si
1560 1893 1920 1965 deprehensa
1950 1937 1999 2001 Β

258 1983 449 2045 merit
498 1982 621 2039 hinc
666 1987 802 2039 ante
851 1984 1197 2056 conjugium
1244 1983 1490 2039 crimina
1532 1986 1918 2055 perpetrasse,
1950 1982 2001 2007 "‘

261 2076 474 2131 utrum
508 2071 569 2129 in
600 2071 872 2145 eonjugio
906 2072 1113 2129 debeat
1142 2076 1243 2129 aut
1271 2072 1458 2129 valeat
1489 2088 1847 2144 permanere.

889 2213 1307 2269 RESPONSIO.

332 2339 420 2396 De
468 2340 677 2411 stupro
722 2337 974 2411 denique
1027 2341 1085 2393 et
1132 2338 1369 2406 aborsu,
1399 2354 1525 2409 quae
1577 2354 1726 2409 smpe
1753 2337 1920 2393 dictae

258 2428 501 2500 objecta
553 2426 737 2483 fuisse
779 2424 1112 2482 audivimus
1162 2425 1417 2494 mulieri,
1466 2443 1537 2482 ne
1595 2426 1920 2482 secundum

258 2517 670 2589 conjecturam
720 2514 965 2571 humani
1016 2513 1242 2570 arbitrii
1281 2515 1675 2583 decernentes,
1709 2514 1919 2586 aequis-

259 2605 493 2667 simum
515 2604 781 2676 judicem
811 2603 1130 2661 Dominum
1160 2603 1545 2671 offendamus,
1590 2604 1662 2659 ad
1691 2606 1918 2659 sancta-

260 2712 407 2754 rum
437 2693 876 2766 Scripturarum
908 2692 1155 2765 paginas
1184 2708 1561 2748 recurremus
1592 2708 1606 2747 :
1642 2692 1725 2747 ait
1761 2692 1923 2748 enim

255 2783 417 2842 liber
476 2780 909 2839 Deuteronomii
954 2798 967 2837 :
1032 2781 1095 2837 Si
1145 2782 1367 2837 duxerit
1419 2783 1809 2849 vir‘uxorem,
1869 2790 1922 2838 et

254 2882 457 2948 postea
503 2889 628 2929 eam
675 2862 798 2929 odio
845 2872 1121 2940 habuerit,
1172 2873 1558 2944 qmieritque
1614 2874 1919 2927 occasiones

256 2964 467 3037 quibus
504 2961 747 3018 dimittat
794 2977 935 3027 eam,
962 2961 1231 3037 objiciens
1277 2964 1331 3017 ei
1376 2978 1573 3017 nomen
1597 2961 1915 3031 pessimum,

255 3034 308 3111 et
335 3052 555 3110 dixerit
583 3069 603 3106 :
641 3052 872 3108 Umorem
899 3034 1041 3104 hanc
1070 3052 1271 3121 accepi,
1304 3058 1355 3105 et
1388 3052 1659 3119 ingressus
1688 3050 1757 3103 ad
1797 3066 1921 3105 eam

255 3160 377 3199 non
428 3142 622 3198 inveni
673 3140 833 3195 illam
892 3140 1205 3208 virginem,-
1254 3139 1442 3194 tollent
1493 3154 1616 3193 eam
1869 3145 1920 3193 et

254 3238 446 3288 mater
489 3229 627 3301 ejus,
659 3236 711 3284 et
757 3230 935 3300 ferent
979 3244 1161 3283 secum
1200 3229 1361 3299 signa
1414 3228 1755 3296 virginitatis
1802 3226 1919 3298 ejus

2036 651 2311 724 gustinus
2344 669 2357 707 :
2392 676 2419 702 «
2455 652 2624 720 Quid,
2657 652 2759 720 ait,
2785 651 2845 708 in
2874 652 2984 709 hoc
3013 653 3138 711 loco
3167 654 3515 725 viderit,nisi
3546 673 3678 717 con-

2034 741 2361 797 cumbendo
2394 741 2753 814 cognoverit;
2786 740 2939 797 sicut
2968 741 3107 797 alibi
3138 743 3197 799 in
3235 744 3360 817 lege
3410 745 3625 813 dicitur
3657 763 3670 802 :

2034 832 2280 898 cognovit
2306 846 2534 886 uxorem
2562 847 2722 886 suam
2750 831 2903 900 (Gen.
2939 849 3015 902 1v,
3051 831 3121 903 1),
3149 850 3252 905 pro
3278 850 3343 890 eo
3374 836 3541 907 quod,
3563 839 3673 902 est,

2034 917 2246 975 mistus
2278 922 2365 974 est
2394 919 2544 975 ei.Et
2573 920 2714 991 quid
2746 919 2827 975 ait
2859 937 2872 975 :
2903 928 3181 992 peccatum
3208 924 3671 994 suumaccipient,

2032 1004 2145 1062 nisi
2171 1006 2310 1078 quia
2330 1006 2519 1078 ipsam
2540 1025 2772 1078 poenam
2794 1008 3012 1080 peccati
3039 1011 3344 1080 peccatum
3365 1008 3545 1067 voluit
3574 1002 3685 1083 ap-i

2031 1092 2256 1165 pellari.
2294 1116 2321 1144 »
2350 1096 2420 1151 Et
2446 1095 2584 1166 quia
2614 1097 2960 1154 necessitate
2984 1097 3194 1181 lcoacti,
3229 1096 3389 1157 sicut.
3420 1098 3680 1171 et,_Ap08-

2031 1181 2204 1250 tolus,
2239 1184 2337 1255 qui
2373 1184 2627 1255 quodam
2658 1183 2783 1240 loco
2817 1185 2888 1241 de
2937 1183 3291 1256 quibusdam
3322 1184 3463 1245 dicit
3495 1203 3507 1241 :
3545 1187 3678 1261 Quae

2031 1272 2091 1325 in
2121 1273 2341 1328 occultis
2371 1280 2559 1345 agunt,
2593 1280 2749 1345 turpe
2776 1281 2855 1329 est
2880 1275 3047 1329 etiam
3075 1273 3254 1330 dicere
3277 1272 3674 1348 (Ephes.v,l2),

2030 1360 2382 1416 constrictus
2442 1361 2787 1417 necessitate
2834 1361 3200 1432 apertissime
3254 1363 3342 1419 ad-
3383 1362 3677 1425 Romanos

2028 1449 2326 1521 redarguit
2357 1449 2651 1507 masculos
2686 1449 2742 1504 in
2766 1449 3060 1506 masculos
3093 1451 3514 1524 turpitudinem
3546 1467 3679 1524 ope-

2029 1541 2307 1604 rantes,et
2335 1538 2584 1596 feminas
2604 1539 2928 1595 naturalem
2946 1556 3119 1597 usum
3136 1540 3196 1595 in
3224 1558 3359 1609 eum
3382 1558 3555 1597 usum
3575 1541 3685 1621 qui

2026 1629 2115 1681 est
2164 1632 2366 1684 contra
2415 1632 2685 1683 naturam
2738 1631 3053 1695 mutantes,
3095 1628 3342 1686 velimus
3394 1629 3671 1699 nolimus,

2028 1715 2301 1772 timentes
2332 1716 2846 1773 comminationem
2869 1716 3114 1781 dicentis
3144 1716 3475 1790 Domini,ut
3496 1737 3681 1793 supra

2025 1803 2195 1876 longe
2225 1805 2651 1877 praemisimus:
2681 1806 2785 1873 Qui
2812 1823 2897 1861 me
2924 1806 3203 1863 erubuerit
3229 1814 3277 1862 et
3305 1824 3450 1864 meos
3476 1825 3673 1881 sermo-

2026 1909 2141 1961 nes,
2174 1893 2321 1950 hunc
2347 1894 2619 1951 erubescet
2642 1895 2793 1965 ﬁlius
2824 1893 3060 1951 hominis
3089 1911 3272 1951 coram
3317 1896 3531 1965 angelis
3574 1897 3677 1965 Dei

2031 1981 2179 2053 (Luc.
2201 1984 2415 2052 1x,26);
2448 1982 2640 2038 adhuc
2671 1999 2954 2054 ponemus
2987 1982 3045 2037 in
3076 1982 3184 2039 hac
3216 2000 3393 2051 causa
3423 1986 3494 2041 de
3523 1984 3673 2041 libro

2030 2071 2317 2131 Geneseos
2347 2089 2360 2126 :
2394 2073 2679 2139 Introiens,
2712 2070 2926 2143 inquit,
2957 2071 3108 2128 Onan
3157 2073 3309 2143 ﬁlius
3354 2072 3519 2132 Judte
3563 2073 3681 2145 ﬁlii

2028 2160 2188 2215 Iacob
2216 2160 2548 2231 patriarchae
2575 2159 2645 2215 ad
2676 2176 2903 2217 uxorem
2922 2163 3119 2232 fratris
3145 2162 3239 2217 sui
3266 2163 3373 2219 Her
3396 2163 3671 2233 primoge-

2029 2250 2137 2303 niti
2164 2249 2340 2315 Juda’,
2371 2251 2469 2320 qui
2494 2250 2601 2320 fuit
2628 2264 2862 2321 nequam
2874 2249 2943 2327 in
2961 2256 3242 2322 conspectu
3261 2250 3500 2315 Domini,
3528 2257 3583 2315 et
3604 2250 3684 2331 ab.

2027 2353 2087 2393 eo
2115 2339 2321 2394 occisus
2356 2346 2452 2405 est,
2484 2354 2665 2393 semen
2707 2337 2972 2408 fundebat
3019 2340 3078 2393 in
3126 2346 3347 2403 terram,
3377 2350 3429 2395 et
3473 2338 3679 2401 idcirco,

2024 2428 2291 2498 percussit
2318 2443 2443 2482 eum
2472 2427 2753 2495 Dominus,
2786 2426 2924 2498 quod
2944 2443 3059 2481 rem
3077 2427 3449 2489 detestabilem
3471 2430 3674 2499 faceret

2029 2516 2182 2586 (Gen.
2211 2532 2443 2593 sxxvm,
2476 2517 2511 2568 7
2535 2523 2585 2571 et
2605 2519 2678 2582 9).
2715 2515 2784 2570 Et
2814 2512 3099 2586 scriptum
3132 2518 3221 2571 est
3262 2514 3320 2573 in
3368 2513 3517 2571 libro
3560 2514 3670 2577 Le-

2026 2602 2180 2658 vitici
2217 2620 2229 2658 :
2276 2605 2390 2675 Qui
2437 2603 2725 2658 dormierit
2769 2620 2893 2658 cum
2936 2604 3178 2659 masculo
3226 2605 3369 2659 coitu
3414 2605 3669 2675 femineo,

2028 2699 2250 2763 uterque
2273 2699 2522 2763 operatus
2552 2699 2630 2747 est
2658 2693 2832 2762 nefas,
2860 2699 3031 2748 morte
3056 2692 3367 2749 moriantur
3384 2693 3539 2763 (Lev.
3572 2710 3669 2761 xx,

2030 2780 2137 2850 13).
2174 2780 2335 2835 Unde
2365 2783 2422 2835 et
2448 2780 2604 2852 leges
2638 2780 2911 2836 Romanae
2943 2780 3262 2836 decernunt
3292 2779 3355 2836 in
3397 2780 3675 2854 capitulis

2027 2869 2098 2925 de
2129 2867 2580 2940 stupratoribus,
2606 2867 2761 2940 quod
2792 2866 2989 2938 legens
3020 2866 3269 2942 quisque
3298 2866 3569 2924 inveniet.
3601 2869 3675 2935 Et
3741 2898 3749 2905 ~

2027 2956 2076 3013 si
2104 2959 2174 3013 de
2206 2956 2465 3012 masculo
2497 2974 2630 3011 cum
2672 2954 2932 3011 masculo
2981 2956 3064 3011 ita
3110 2955 3459 3024 decernitur,
3493 2974 3671 3029 quam

2027 3046 2498 3102 adinvcntionem
2528 3044 2683 3117 leges
2715 3044 3008 3101 invenient
3027 3045 3097 3100 de
3128 3043 3390 3102 masculo
3409 3048 3467 3101 et
3496 3045 3675 3115 fratre.

2027 3151 2162 3190 cum
2216 3150 2413 3190 sorore
2460 3151 2530 3189 ex
2585 3133 2897 3190 concubitu
2951 3132 3198 3190 masculi
3247 3133 3675 3199 Sodomitano?

2028 3224 2279 3280 Sanctus
2309 3221 2693 3283 nihilominus
2720 3220 3084 3294 Augustinus
3112 3223 3170 3277 in
3216 3220 3365 3280 libro
3416 3222 3675 3291 secundo

258 3321 329 3379 ad
359 3320 604 3376 seniores
632 3318 808 3382 urbis,
840 3318 939 3389 qui
970 3318 1029 3372 in
1053 3324 1214 3387 porta
1239 3324 1365 3370 sunt
1394 3334 1413 3371 :
1444 3323 1494 3371 et
1532 3315 1671 3371 dicet
1714 3322 1870 3386 pater
1895 3332 1913 3370 :
1945 3301 1988 3368 C
2028 3312 2100 3366 ad
2128 3310 2421 3367 Valerium
2453 3310 2836 3382 Comitem,de
2867 3310 3101 3382 Nuptiis
3120 3310 3675 3384 etConcupiscentia

258 3410 474 3466 Filiam
517 3423 698 3463 meam
742 3404 868 3461 dedi
912 3406 1042 3460 huic
1091 3420 1337 3472 uxorem,
1384 3421 1551 3477 quam
1599 3405 1731 3475 quia
1784 3404 1918 3473 odit,

261 3497 506 3569 imponit
533 3497 588 3553 ei
633 3510 834 3551 nomen
867 3495 1187 3565 pessimum,
1219 3501 1280 3548 ut
1326 3493 1473 3549 dicat
1502 3511 1521 3548 :
1561 3493 1681 3548 Non
1734 3495 1921 3548 inveni

259 3587 449 3658 filiam
476 3592 634 3640 tuam
657 3585 1025 3653 virginem:et
1052 3599 1169 3638 ecce
1198 3583 1316 3639 hac
1343 3590 1471 3637 sunt
1498 3583 1660 3649 signa
1692 3583 1921 3651 virgini-

258 3676 396 3734 tatis
443 3673 586 3745 ﬁliae
630 3687 788 3730 mea).
840 3672 904 3726 Et
952 3671 1259 3743 expandent
1306 3673 1684 3727 vestimentum
1735 3687 1922 3726 coram

261 3764 415 3823 σιτ
475 3763 786 3818 senioribus
832 3761 1094 3827 civitatis,
1135 3755 1919 3832 apprehendenlque'seniores

260 3853 423 3908 urbis
453 3851 612 3908 illius
640 3852 898 3920 virum,et
929 3850 1291 3906 verberabant
1320 3849 1481 3904 illum
1507 3849 1919 3904 condemnantes

262 3943 495 4013 insuper
522 3948 743 3996 centum
768 3939 921 3994 siclis
946 3939 1317 4010 argenti,quos
1337 3938 1489 3993 dabit
1513 3938 1670 4009 patri
1690 3938 1916 4009 puellae,

258 4029 532 4101 quoniam
558 4027 871 4099 diﬂ'amavit
896 4042 1095 4083 nomen
1117 4027 1418 4097 pessimum
1457 4042 1621 4097 super
1650 4026 1922 4093 virginem

256 4118 455 4185 Israel,
482 4118 808 4189 habebitque
834 4133 956 4170 eam
985 4132 1233 4180 iurarem,
1280 4123 1329 4169 et
1359 4132 1467 4169 non
1502 4116 1701 4185 poterit
1731 4114 1918 4170 dimit-

259 4216 377 4266 tere
404 4222 531 4263 eam
556 4207 711 4261 omni
740 4213 975 4277 tempore
1004 4206 1133 4261 vita:
1159 4219 1295 4260 suae.
1332 4204 1480 4272 Quod
1525 4205 1576 4259 si
1622 4220 1809 4259 verum
1846 4211 1924 4258 est

261 4296 407 4368 quod
434 4295 653 4366 objecit,
684 4302 735 4349 et
760 4310 873 4350 non
901 4300 978 4349 est
1006 4294 1228 4348 inventa
1267 4294 1327 4346 in
1370 4293 1560 4364 puella
1602 4294 1917 4364 virginitas,

258 4385 485 4457 ejicient
514 4399 638 4440 eam
664 4390 825 4439 extra
851 4384 996 4453 fores
1016 4382 1205 4437 domus
1232 4383 1407 4452 patris
1435 4382 1543 4450 sui,
1562 4389 1613 4437 et
1643 4381 1919 4453 lapidibus

260 4475 497 4529 obruent
524 4472 638 4527 viri
664 4472 904 4527 civitatis
934 4471 1069 4542 ejus,
1097 4474 1151 4525 et
1179 4471 1465 4537 morietur,
1498 4472 1760 4542 quoniam
1792 4471 1921 4539 fecit

260 4564 421 4634 nefas
453 4562 514 4617 in
542 4561 731 4631 Israel,
753 4567 814 4614 ut
840 4560 1213 4631 fornicaretur
1261 4560 1321 4613 in
1354 4558 1507 4614 domo
1532 4560 1711 4629 patris
1738 4559 1844 4624 sui,
1869 4566 1919 4614 et

263 4652 485 4723 auferes
530 4649 743 4704 malum
790 4648 853 4704 de
899 4647 1077 4703 medio
1126 4649 1212 4703 tui
1238 4648 1414 4717 (Deut.
1447 4663 1585 4736 iniu,
1619 4646 1818 4719 13-21).
1851 4647 1920 4702 Et
1956 4673 1996 4736 ι)

264 4740 335 4798 de
370 4739 594 4805 incesto
626 4738 686 4793 in
719 4736 967 4794 Levitico
998 4737 1282 4809 scriptum
1313 4740 1402 4792 est
1429 4735 1646 4792 :Omnis
1675 4738 1830 4793 homo
1852 4737 1922 4791 ad

258 4829 579 4902 proximam
603 4829 896 4898 sanguinis
925 4829 1018 4882 sui
1046 4843 1157 4883 non
1186 4826 1419 4891 accedat,
1438 4833 1496 4880 ut
1526 4826 1721 4881 revolet
1741 4828 1919 4897 turpi-

263 4918 518 4974 tudinem
564 4917 724 4988 ejus;
767 4933 863 4985 ego
913 4918 1202 4972 Dominus.
1260 4914 1673 4985 Turpitudinem
1721 4916 1923 4970 sororis

265 5015 377 5064 tuae
404 5023 475 5062 ea:
497 5014 676 5078 patre,
703 5007 819 5062 sive
842 5022 913 5061 ea:
944 5013 1137 5072 matre,
1172 5020 1298 5076 qua:
1324 5004 1473 5059 domi
1518 5005 1599 5060 vel
1644 5007 1782 5075 foris
1830 5021 1923 5074 ge-

265 5099 392 5153 nita
420 5103 521 5162 est,
556 5112 668 5152 non
696 5096 967 5151 reuelabis
1009 5096 1153 5165 (Lev.
1194 5110 1356 5162 xvm,
1385 5094 1421 5147 6
1450 5100 1502 5148 et
1527 5092 1606 5165 9.)
1636 5095 1707 5150 Et
1736 5093 1874 5149 item
1908 5111 1920 5148 :

270 5183 461 5241 Omnis
501 5186 692 5240 anima
739 5200 866 5256 quae
910 5186 1100 5254 fecerit
1144 5183 1209 5239 de
1255 5183 1753 5239 abominationibus
1804 5184 1925 5239 istis

270 5274 578 5345 quippiam,
637 5275 843 5345 peribit
886 5273 965 5329 de
1021 5273 1222 5344 populo
1287 5287 1382 5328 suo
1446 5272 1631 5341 (ibid.,
1687 5271 1801 5342 29).
1859 5273 1929 5327 Et

272 5361 416 5418 item
451 5377 465 5418 :
502 5361 610 5431 Qui
635 5363 899 5435 acceperit
927 5378 1166 5419 sororem
1195 5378 1355 5417 suam
1390 5361 1569 5431 ﬁliam
1609 5363 1783 5432 patris
1810 5363 1922 5431 sui,

272 5452 358 5507 vel
381 5452 561 5522 ﬁliam
587 5455 782 5508 matris
828 5468 965 5519 suae,
997 5461 1048 5509 et
1093 5451 1292 5507 viderit
1344 5450 1739 5520 turpitudinem
1785 5452 1919 5523 ejus,

275 5540 480 5614 illaque
508 5544 791 5613 conspexit
831 5544 1028 5614 fratris
1061 5541 1447 5610 ignominiam,
1480 5540 1755 5610 nefariam
1811 5557 1924 5595 rem

275 5632 487 5700 operati
514 5639 665 5700 sunt,
697 5632 1009 5689 occidentur
1041 5634 1099 5686 in
1125 5636 1408 5700 conspectu
1451 5628 1663 5698 populi,
1695 5645 1753 5683 eo
1783 5629 1924 5698 quod

276 5719 676 5790 twpitudinem
706 5737 863 5777 suam
913 5729 1100 5777 mutuo
1149 5718 1525 5781 revelaverant,
1558 5724 1607 5772 et
1632 5718 1927 5786 portabunt

2028 3399 2231 3456 scribit
2259 3405 2400 3473 (cap.
2433 3400 2523 3473 20)
2557 3418 2569 3455 :
2606 3423 2633 3450 «
2668 3400 2830 3468 Quod
2864 3404 3059 3455 autem
3090 3398 3190 3467 ait,
3215 3401 3491 3473 inquiens,
3522 3401 3673 3474 Apo-

2029 3490 2214 3546 stolus
2245 3490 2315 3546 de
2365 3489 2696 3563 improbis:
2751 3491 2949 3546 Relicto
2994 3490 3242 3546 naturali
3294 3506 3401 3546 usu
3453 3493 3677 3562 femina!

2025 3588 2348 3636 exarserunt
2377 3581 2435 3634 in
2455 3578 2725 3636 desideria
2754 3579 2934 3634 suain
2955 3579 3187 3634 invicem
3216 3579 3449 3634 masculi
3478 3579 3537 3634 in
3560 3596 3674 3646 ma-

2026 3669 2202 3725 sculos
2230 3667 2623 3739 turpitudinem
2654 3664 2931 3738 operantes
2960 3667 3132 3735 (Rom.
3166 3684 3205 3734 ι,
3234 3668 3346 3735 27),
3384 3683 3498 3722 non
3529 3665 3674 3729 dixit

2030 3774 2203 3813 usum
2237 3754 2732 3828 conjugalem,sed
2766 3753 3093 3810 naturalem
3125 3770 3259 3832 eum
3282 3752 3478 3809 volens
3509 3752 3674 3817 intel-

2026 3845 2255 3919 ligi,qui
2288 3846 2353 3900 ﬁt
2383 3842 2663 3898 membris
2691 3843 2763 3898 ad
2796 3842 2904 3897 hoc
2936 3842 3239 3911 creatis,ut
3267 3858 3370 3914 per
3396 3858 3464 3897 ea
3487 3842 3674 3912 possit

2027 3936 2100 3991 ad
2132 3933 2527 4007 generandum
2562 3948 2735 3987 sexus
2766 3935 3012 4002 uterque
3044 3927 3380 3986 miscerizac
3407 3946 3512 4001 per
3538 3927 3670 3999 hoc,

2028 4042 2160 4080 cum
2188 4022 2408 4079 eisdem
2440 4019 2721 4076 membris
2754 4018 2928 4074 etiam
2962 4016 3250 4074 meretrici
3291 4016 3539 4090 quisque
3568 4017 3674 4072 mi-

2027 4109 2532 4181 scetur,naluralis
2562 4112 2651 4164 est
2683 4124 2960 4177 usus,nec
2990 4110 3183 4161 tamen
3218 4105 3674 4175 laudabilis,sed

2027 4199 2356 4275 culpabilis.
2389 4199 2473 4254 Ab
2504 4215 2573 4251 ea
2604 4213 2733 4251 vero
2767 4199 2931 4266 parte
2963 4195 3242 4267 corporis,
3277 4210 3404 4266 quae
3438 4211 3554 4251 non
3601 4194 3676 4261 ad

2026 4289 2423 4365 generandum
2456 4290 2543 4341 est
2568 4284 2910 4353 instituta,si
2942 4288 2999 4338 et
3016 4284 3262 4356 conjuge
3284 4282 3532 4356 quisque
3554 4287 3677 4340 uta-

2024 4386 2141 4447 tur,
2175 4378 2327 4453 (με
2358 4380 2560 4433 contra
2590 4378 2859 4429 naturam
2890 4376 2979 4429 est
3007 4376 3065 4429 et
3098 4372 3486 4446 ﬂatigiosum.
3511 4371 3680 4433 Deni.

2028 4486 2140 4543 que
2168 4467 2331 4541 prius
2364 4466 2518 4521 idem
2550 4461 2863 4535 Apostolus
2897 4462 2967 4518 de
3014 4460 3249 4517 feminis
3297 4459 3442 4520 dixit
3473 4476 3489 4517 :
3539 4461 3681 4517 Nam

2024 4559 2251 4630 femina:
2278 4570 2465 4611 eorum
2495 4554 2917 4608 immutaverunt
2942 4551 3255 4607 naturalem
3275 4566 3437 4607 usum
3465 4550 3526 4606 in
3554 4566 3680 4606 eum

2027 4663 2187 4705 usum
2231 4645 2325 4717 qui
2373 4650 2452 4699 est
2500 4648 2687 4698 contra
2742 4648 3006 4696 naturam
3061 4639 3243 4712 (ibid.,
3294 4640 3408 4709 26).
3458 4638 3679 4699 Deinde

2030 4734 2309 4791 masculis
2342 4733 2399 4787 in
2422 4729 2715 4786 masculos
2746 4728 3173 4801 turpitudinem
3204 4728 3579 4801 operantibus
3597 4744 3679 4784 re-

2031 4823 2167 4879 licto
2200 4840 2311 4878 usu
2343 4820 2571 4877 feminae
2603 4817 3002 4885 naturali,non
3032 4818 3233 4874 deisto
3251 4815 3572 4883 nomine,id
3589 4818 3679 4875 est

2032 4911 2306 4980 naturali,
2340 4908 2666 4983 conjugalis
2698 4912 2785 4965 est
2802 4907 3042 4965 laudata
3071 4904 3421 4971 commistio,
3441 4903 3541 4959 sed
3573 4902 3679 4961 im-

2035 5001 2346 5058 mundiora
2365 4998 2688 5055 etsceleratc
2715 4996 2801 5052 ria
2815 4995 3035 5069 flagitia
3052 4995 3325 5050 denotata
3342 4990 3677 5064 sunt,quasi

2034 5091 2232 5148 illicite
2262 5087 2518 5160 feminis,
2551 5087 2651 5143 sed
2685 5089 2880 5141 tamen
2912 5081 3258 5139 naturaliter
3290 5072 3609 5143 uterentur.
3646 5102 3674 5130 ››

2034 5182 2105 5237 Et
2134 5180 2271 5236 item
2308 5178 2365 5233 in
2398 5176 2547 5233 libro
2578 5177 2648 5230 de
2680 5175 2835 5230 Bono
2869 5170 3164 5245 conjugali
3194 5170 3497 5243 (cap.lf):«
3530 5167 3677 5233 Cum

2034 5288 2188 5339 vero,
2211 5267 2424 5340 inquit,
2458 5264 2544 5321 vir
2573 5264 2835 5319 membro
2862 5259 3123 5317 mulieris
3154 5276 3269 5314 non
3301 5258 3372 5315 ad
3400 5256 3509 5314 hoc
3539 5273 3676 5315 con-

2031 5378 2193 5417 cesso
2227 5356 2313 5414 uti
2342 5354 2605 5420 voluerit,
2641 5352 2866 5425 turpior
2894 5354 2983 5407 est
3023 5366 3167 5404 uxor
3195 5347 3245 5405 si
3294 5346 3355 5405 in
3383 5363 3467 5413 se,
3498 5363 3678 5419 quam

2032 5450 2079 5506 si
2113 5449 2171 5504 in
2204 5448 2318 5503 alia
2348 5444 2469 5499 fieri
2502 5439 2852 5515 permiserit.
2890 5462 2916 5488 ››
2949 5440 3019 5494 Et
3055 5436 3115 5492 in
3147 5437 3401 5495 secundo
3429 5434 3579 5492 libro
3605 5435 3679 5492 de

2025 5532 2375 5596 adulterinis
2409 5529 2709 5603 Coujugiis
2739 5532 2881 5600 (cap.
2918 5529 3004 5597 12)
3038 5545 3051 5583 :
3090 5550 3117 5579 «
3151 5527 3210 5584 Si
3244 5530 3440 5584 autem
3473 5542 3535 5582 se
3561 5542 3676 5581 non

2032 5628 2307 5691 continet,
2340 5621 2493 5677 licite
2527 5618 2727 5681 nubat,
2752 5635 2823 5673 ne
2854 5616 3102 5689 turpiter
3132 5620 3387 5691 generet,
3421 5618 3524 5672 aut
3553 5617 3675 5670 tur-

2034 5719 2164 5790 pius
2212 5707 2650 5771 concumbcndo
2700 5723 2813 5762 non
2867 5709 3120 5779 generet.
3168 5710 3514 5781 Quanquam
3544 5703 3673 5772 hoc,

3558 432 3697 528 θρα»
