4148 6454
487 438 606 505 695

1416 436 1807 503 mmmam
1852 402 2300 551 annuensis
2339 386 2958 502 Ancmsrlseopr.

3769 433 3917 496 σω.

487 570 902 658 corrumpitur,
933 563 1097 649 virgo
1128 572 1348 632 femina
1385 591 1502 630 non
1547 573 1816 631 habetur.
1846 573 1959 631 Sed
1988 571 2133 649 et‘in
2164 573 2222 641 Α
2249 574 2308 658 et
2333 570 2634 629 veritatem
2664 588 2798 641 cum
2829 568 2995 658 omni
3020 551 3265 628 studeat
3301 554 3627 651 subtilitate
3649 562 3898 645 perqui'o

488 651 793 737 Scriptura
820 660 1075 737 legimus
1104 661 1686 736 veritatis,quoniam
1717 661 1826 718 hac
1851 658 2155 718 diabolica

488 744 918 819 ddinventione,
953 769 1080 826 quae
1131 751 1202 807 de
1232 751 1346 808 ista
1374 750 1594 808 femina
1620 754 1677 807 et
1706 768 1814 807 suo
1846 750 2023 807 fratre
2050 766 2140 806 re-

488 836 863 915 fertur,0nan
891 857 1026 898 cum
1056 856 1234 897 uxore
1263 857 1373 897 sua
1401 856 1667 913 quaerens
1695 837 1926 913 explere
1954 837 2144 894 libidi-

487 917 718 1000 nem,et
742 929 949 986 nolens
981 927 1346 999 nasciﬁlios,
1365 928 1810 997 concumbebat,
1833 944 1951 1002 qua
1979 928 2052 985 de
2080 942 2140 986 re

488 1004 531 1076 τί
552 1016 803 1075 Domino
859 1014 1179 1093 percussus
1233 1015 1458 1073 interiit
1505 1016 1656 1090 (Gen.
1687 1019 1946 1086 xxxvm).
1978 1014 2143 1072 Unde

487 1125 606 1165 non
628 1106 924 1164 credimus
941 1105 1042 1163 tali
1067 1105 1378 1162 concubitu
1410 1104 1550 1163 hinc
1580 1105 1861 1161 feminam
1883 1102 2143 1178 potuisse

487 1194 810 1270 concipere.
847 1190 974 1251 llaec
1023 1194 1152 1251 ideo
1206 1192 1463 1268 episcopi
1523 1190 1797 1263 dicimus,
1829 1211 1945 1250 non
1983 1192 2142 1267 quod

489 1266 818 1359 puellarum
866 1278 1176 1361 virginalia
1221 1266 1310 1338 vel
1345 1266 1695 1339 [eminarum
1739 1284 1978 1352 secreta,
2002 1266 2141 1355 quae

488 1364 883 1449 experimento
914 1370 1231 1441 nescimus,
1265 1369 1586 1427 scientibus
1620 1369 1892 1441 revelare,
1915 1373 2020 1428 aut
2047 1385 2142 1427 ne-

492 1459 813 1533 scientibus
834 1458 1136 1517 insinuare
1155 1458 1404 1516 velimus
1419 1476 1434 1529 ;
1449 1459 1547 1515 sed
1562 1454 1840 1533 quoniam
1853 1459 2140 1533 scriptum

489 1540 625 1608 est:
661 1532 894 1607 Causam
921 1565 1084 1623 quam
1111 1548 1418 1604 nesciebam
1461 1532 1881 1619 diligentissime
1917 1532 2139 1604 investi-

489 1638 687 1712 gabam
715 1637 833 1707 (Job
863 1653 1019 1702 XXIX,
1051 1635 1161 1706 16),
1194 1630 1410 1692 idcirco
1468 1652 1596 1709 qua:
1628 1634 1687 1691 in
1717 1634 1984 1692 Ecclesia:
2015 1650 2139 1692 ma-

489 1725 806 1801 gistrorum
864 1722 1101 1798 scriptis
1148 1723 1482 1798 relegimus,
1514 1728 1650 1782 ante
1679 1723 1879 1781 oculos
1909 1740 2140 1781 revoca-

489 1832 647 1883 mus,
681 1813 811 1873 utsi
840 1813 901 1870 in
930 1812 1275 1887 hujusmodi
1305 1812 1688 1889 deprehensa,
1715 1810 1788 1870 ad
1820 1830 1928 1870 nos
1955 1813 2024 1869 de
2045 1813 2139 1886 ju-

489 1900 641 1960 dicio
663 1903 965 1977 justorum
987 1901 1283 2013 judicurn.
1293 1905 1496 1976 petens
1535 1900 1938 2002 paenitentiam
1967 1917 2138 1958 vene-
2172 1906 2231 2013 ﬁt

490 1991 586 2061 rit,
619 1991 746 2048 sine
775 2007 970 2048 errore
999 2007 1127 2047 eam
1151 1990 1422 2065 judicare
1449 1989 1770 2063 possimus.

561 2077 924 2155 Quapropter
951 2082 1010 2135 et
1039 2076 1333 2149 addimus,
1356 2082 1423 2135 ut
1451 2078 1501 2135 si
1534 2078 1788 2135 domnus
1820 2082 2021 2136 noster
2046 2096 2147 2136 rex

493 2168 833 2242 praedictam
865 2167 1144 2223 feminam
1177 2158 1397 2224 invenit
1425 2167 1730 2243 virginem,
1761 2185 1867 2225 cur
1895 2184 2025 2225 eam
2055 2168 2148 2224 de-

494 2243 685 2313 notari
743 2254 914 2330 quasi
973 2259 1302 2329 stupratam
1365 2257 1702 2314 consentit?
1727 2256 1788 2314 Si
1819 2274 1952 2314 vero
1982 2254 2148 2314 illam

492 2338 781 2419 virginem
812 2361 929 2402 non
964 2343 1201 2414 invenit,
1229 2360 1410 2417 quare
1460 2345 1665 2402 tandiu
1715 2362 1845 2403 eam
1884 2344 2148 2419 retinuit,

494 2430 585 2491 vel
607 2451 714 2490 cur
732 2432 804 2491 de
824 2431 925 2489 illa
942 2432 1240 2505 judicium
1271 2433 1724 2492 examinationis
1756 2434 2021 2508 recepit?
2045 2434 2151 2493 Ve-

508 2540 641 2579 rum
664 2520 747 2578 illi
770 2519 1121 2578 nobilissimi
1144 2520 1276 2578 laici
1297 2523 1614 2596 conjugati,
1639 2526 1698 2578 et
1719 2523 2036 2597 mquissimi
2059 2525 2153 2599 ju-

508 2610 688 2678 dices,
720 2610 824 2684 qui
853 2610 927 2667 de
954 2609 1063 2667 hoc
1085 2609 1353 2683 judicare
1389 2610 1707 2680 debebunt,
1739 2610 1952 2669 melius
1981 2613 2153 2670 nobis

508 2702 570 2756 et
587 2696 761 2781 citius
788 2717 894 2775 per
921 2714 985 2755 se
1014 2698 1182 2767 scire,
1205 2702 1265 2755 et
1291 2697 1528 2756 licentia
1558 2696 1815 2757 maritali
1853 2701 1926 2757 ab
1958 2701 2153 2781 uxori-

507 2787 621 2845 bus
641 2780 864 2847 diScere
892 2786 1308 2862 praevalebunt,
1332 2791 1530 2847 utrum
1558 2788 1662 2846 tali
1693 2788 1886 2861 modo,
1910 2780 2063 2848 sicut
2083 2791 2154 2849 de

507 2873 624 2934 ista
651 2875 1004 2945 audivimus,
1036 2876 1251 2933 femina
1294 2877 1570 2952 quaelibet
1611 2879 1800 2952 poscit
1827 2881 2150 2953 concipere.

506 2966 578 3023 Et
598 2983 834 3024 necesse
870 2969 961 3023 est
996 2964 1114 3022 illis
1144 2965 1254 3022 hoc
1284 2965 1558 3023 solertius
1579 2970 1636 3023 ct
1661 2967 1954 3025 curiosius
1980 2967 2154 3024 vesti-

505 3071 665 3135 gare,
696 3070 769 3111 ne
799 3054 946 3112 forte
992 3054 1052 3110 in
1099 3054 1209 3111 hoc
1246 3054 1495 3129 justitizs
1523 3059 1582 3112 et
1608 3054 1902 3130 aequitatis
1929 3055 2156 3133 judicio

507 3140 738 3217 possint
766 3159 1119 3217 quocunque
1147 3160 1340 3201 errore
1368 3143 2066 3219 interprehendere,quod
2089 3148 2156 3205 ut

509 3232 580 3288 de
596 3227 814 3292 talibus
830 3231 1098 3305 personis
1111 3233 1183 3288 ad
1204 3235 1500 3290 tantorum
1514 3234 1784 3292 notitiam
1803 3235 2014 3308 poterit
2035 3252 2157 3313 per-

505 3286 729 3389 esse;
751 3286 810 3376 {at
830 3286 954 3395 ἱιὲέο
978 3286 1051 3376 ἆυ
1072 3286 1303 3393 idene};
1316 3286 1583 3394 ᾖὶιῖἕιιῖἷ
1597 3286 2154 3397 ξέῶῥῖιῖιῖέίιῖεῐὲ-
2185 3286 2229 3386 ό

506 3406 658 3466 bunt
679 3402 1082 3482 accipere.Nos
1105 3413 1322 3479 autem,
1347 3413 1413 3465 ut
1431 3409 1611 3483 hujus
1632 3411 1849 3487 negotii
1870 3417 2154 3486 expertes,

506 3490 637 3575 quas
666 3493 920 3569 legimus
949 3494 1286 3564 dicimus,et
1303 3515 1419 3554 non
1447 3496 1584 3556 inde
1609 3498 1866 3573 amplius
1886 3504 1987 3557 aut
2006 3500 2156 3559 scire

507 3582 958 3663 quaerimus,aut
987 3583 1334 3660 investigare
1361 3586 1642 3645 volemus.
1660 3588 1927 3646 Viderint
1957 3599 2155 3648 autem

506 3674 704 3756 legum
724 3673 982 3748 judices,
1017 3672 1065 3730 si
1097 3691 1297 3731 verum
1342 3673 1642 3734 inventum
1693 3676 1866 3734 tuerit
1896 3679 2051 3753 quod
2083 3679 2156 3736 de

505 3751 617 3821 bac
632 3751 851 3822 femina
869 3760 1105 3835 dicitur,
1129 3761 1350 3820 scilicet
1372 3768 1436 3821 ut
1456 3769 1591 3822 ante
1621 3751 2154 3840 desponsationem,

504 3844 842 3929 quandiuin
873 3869 984 3910 sua
1010 3850 1098 3908 vel
1127 3853 1257 3929 ejus
1285 3853 1358 3910 de
1388 3870 1502 3928 quo
1533 3854 1845 3912 denotatur
1872 3860 2156 3933 potestate

503 3941 746 4013 exstitit,
778 3938 1057 3999 indecens
1113 3938 1254 4017 quid
1302 3942 1417 4000 tale
1465 3942 1724 4013 admisit,
1758 3949 1816 4002 et
1844 3948 2154 4021 postquam

500 4029 652 4111 viro.
661 4031 871 4103 juncta
917 4032 1026 4098 est,
1056 4028 1139 4085 illi
1191 4049 1254 4088 se
1313 4031 1418 4088 soli
1475 4032 1742 4105 servavit,
1781 4038 1978 4091 utrum
2025 4054 2152 4092 eam

503 4120 692 4174 morte
749 4118 1125 4175 condemnari
1184 4120 1515 4189 decernent,
1550 4118 1668 4179 sive
1700 4140 1803 4196 per
1824 4123 2009 4198 legem
2041 4124 2152 4181 Ro-

505 4222 764 4273 manam,
796 4208 901 4263 aut
928 4224 1030 4279 per
1060 4202 1296 4263 illorum
1341 4208 1518 4281 leges,
1551 4208 1638 4266 vel
1677 4212 1894 4285 quibus
1941 4210 2044 4269 illa
2072 4212 2153 4270 fe-

505 4292 667 4351 mina
696 4297 787 4350 est
814 4290 1099 4366 subjecta,
1132 4294 1217 4351 vel
1264 4310 1371 4370 per
1414 4314 1563 4370 quas
1593 4297 1676 4355 illi
1706 4315 1837 4356 eam
1865 4298 2155 4358 voluerint

503 4378 784 4455 iudicare.
816 4382 967 4438 Sunt
1019 4381 1175 4439 enim
1229 4380 1473 4441 diversa;
1513 4390 1578 4442 ut
1606 4391 1831 4465 gentes,
1862 4387 1945 4444 ita
1972 4392 2029 4445 et
2056 4403 2152 4447 ea-

503 4466 637 4527 rum
668 4469 848 4544 leges,
881 4487 1051 4543 quas,
1077 4470 1133 4529 si
1165 4470 1504 4531 Christiana:
1561 4479 1721 4545 sunt,
1772 4475 1834 4533 in
1883 4477 2008 4534 suis
2057 4495 2149 4536 or-

502 4554 766 4627 dinibus,
788 4575 916 4632 quae
938 4560 1108 4632 juxta
1138 4562 1276 4617 sunt
1301 4561 1698 4635 decernentes,
1722 4564 1980 4624 Ecclesia
2008 4585 2148 4625 san-

501 4650 596 4705 cta
625 4664 740 4704 non
790 4645 998 4719 rejicit.
1030 4648 1148 4706 Nos
1197 4653 1414 4721 autem,
1466 4652 1638 4710 sicuti
1691 4655 1878 4712 Balaa:
1926 4662 2146 4728 nolam,
2178 4658 2227 4756 ξ)

499 4742 559 4794 et
585 4732 850 4795 criminis
878 4753 1109 4810 pmnam
1156 4755 1328 4798 nosse
1359 4741 1459 4815 qui
1491 4742 1562 4798 de
1592 4742 1836 4801 concilio
1865 4750 1998 4819 post
2026 4746 2147 4803 edi-

497 4826 659 4882 ctum
708 4822 939 4882 Domini
987 4824 1123 4883 dato
1181 4826 1524 4900 refugimus,
1558 4829 1640 4887 ita
1670 4832 1963 4889 neminem
1999 4836 2146 4891 mori

496 4912 890 4987 decernimus,
922 4915 1022 4971 sed
1079 4932 1282 4972 omnes
1333 4916 1524 4975 salvos
1568 4919 1688 4975 fieri
1720 4922 2011 4991 volumus,
2045 4925 2145 4997 qui

495 5003 791 5060 neminem
822 5003 1008 5076 perire
1037 5004 1442 5062 desideramus
1475 5025 1489 5063 :
1535 5025 1721 5081 neque
1750 5009 1978 5083 legibus
2009 5030 2143 5068 san-

492 5089 603 5148 ctis
623 5095 681 5148 et
688 5090 897 5165 justis,
923 5110 1071 5167 quas
1102 5093 1386 5150 hactenus
1417 5100 1621 5152 sancta
1650 5096 1908 5155 Ecclesia
1937 5103 1995 5155 et
2023 5100 2142 5174 epi-

492 5178 745 5253 scOpalis
773 5179 976 5255 religio
1007 5184 1132 5238 tum
1162 5184 1503 5256 acceptavit,
1534 5188 1660 5241 tum
1693 5186 1998 5255 sustinuit,
2029 5189 2142 5245 vio-

491 5262 733 5324 lentiam
787 5268 966 5326 ullam
1030 5268 1243 5327 inferre
1299 5271 1595 5330 molimur.
1654 5274 1765 5331 Sed
1828 5277 2141 5334 tenendam

488 5371 637 5421 esse,
671 5350 893 5431 absque
924 5363 1188 5432 respectu
1222 5358 1629 5436 cujuscunque
1671 5380 1954 5435 persona},
1986 5364 2137 5422 viam

490 5443 710 5515 regiam
741 5444 896 5503 033
930 5447 986 5502 in
1016 5450 1373 5522 exquirendo
1395 5450 1622 5523 judicio
1670 5470 2135 5525 commonemus,

488 5529 643 5586 sicut
673 5533 1021 5607 magnificus
1051 5538 1253 5594 doctor
1289 5540 1602 5613 Gregorius
1632 5542 1701 5597 ad
1744 5542 2135 5602 Domitianum

489 5618 1004 5705 metropolitanum
1050 5626 1388 5701 episcopum
1438 5630 1643 5686 scribit
1671 5631 1790 5702 (lib.
1824 5648 1946 5695 vm,
1974 5635 2131 5705 epist.

486 5704 616 5781 50):
650 5730 678 5759 ‹‹
707 5704 1036 5779 Hortamur,
1072 5712 1363 5788 inquiens,
1397 5717 1819 5774 fraternitatem
1853 5704 2038 5788 tuam,
2069 5726 2133 5779 ut

2249 656 2394 730 rere,
2425 663 2482 716 et
2512 659 2596 717 ita
2622 656 3098 717 contentionibus
3146 656 3402 737 p'artium
3448 658 3774 717 secundum
3798 659 3900 732 jui

2248 746 2472 806 stitiam
2503 747 2680 805 citius
2731 748 2903 805 tinem
2939 747 3257 823 imponere,
3293 759 3532 835 ne'pars.
3559 762 3809 826 quisque
3838 746 3900 804 in

2240 828 2466 911 judicio
2487 853 2550 911 se
2566 837 2689 910 pati
2722 835 3126 911 praejudicium
3159 828 3721 913 conqueratur.Nam
3743 834 3903 894 sicut

2249 926 2376 982 sine
2397 924 2624 998 judicio
2656 925 3336 1003 quemquam_nolumu_s
3386 923 3786 992 condemnari,
3817 925 3904 982 ita

2249 1031 2377 1088 quae
2399 1013 2650 1071 diffinita
2678 999 3086 1087 fuerint,nulla
3116 999 3376 1089 patimur
3392 1013 3777 1100 excusatione
3792 1014 3902 1071 dil-

2248 1101 2444 1160 ferri.»
2473 1102 2546 1158 Et
2573 1100 2645 1158 ad
2675 1100 3085 1160 Constantium
3129 1094 3471 1179 episcopum
3501 1094 3901 1159 Mediolanen-

2249 1207 2373 1248 sem
2403 1190 2627 1260 scribit,
2663 1190 2820 1247 unde
2848 1190 2909 1247 in
2939 1180 3049 1248 hac
3080 1207 3259 1248 causa
3287 1190 3539 1267 quisque
3568 1208 3772 1261 sanus,
3804 1209 3899 1249 sa-

2249 1279 2438 1353 piens,
2468 1283 2528 1336 et
2570 1283 2726 1336 recte
2772 1279 3105 1350 intendens,
3138 1279 3586 1338 similitudinem
3617 1286 3677 1338 et
3705 1296 3903 1339 exem-

2249 1368 2378 1442 plar
2434 1386 2550 1425 non
2608 1369 2999 1443 incongruum
3056 1366 3270 1443 poterit
3320 1362 3576 1453 sumere.
3603 1358 3703 1427 Ait
3740 1371 3902 1431 enim

2248 1456 2431 1531 (ibid,
2464 1459 2622 1533 epist.
2652 1457 2742 1531 31)
2777 1475 2790 1513 :
2847 1478 2877 1508 ‹‹
2909 1458 2966 1514 Si
3009 1456 3201 1531 qualis
3251 1448 3369 1516 fuit
3409 1459 3471 1516 in
3517 1459 3902 1540 requisitions

2249 1542 2410 1627 cura,
2434 1542 2799 1625 talisfuisset
2828 1545 2886 1601 in
2908 1545 3272 1604 discussione
3301 1533 3620 1627 subtilitas,
3655 1534 3805 1607 niliil
3833 1566 3903 1608 ex

2248 1620 2540 1707 hoc,quod
2561 1620 2634 1690 de
2662 1633 2838 1692 fratre
2865 1638 3066 1692 nostro
3095 1632 3320 1692 dictum
3351 1620 3459 1706 est,
3475 1636 3685 1695 fuisset
3714 1638 3900 1697 ambi-

2248 1736 2452 1796 guum,
2477 1720 2578 1780 sed
2607 1724 2804 1780 utrum
2836 1740 3059 1794 verum,
3093 1712 3167 1781 an
3199 1729 3355 1806 esset
3381 1714 3905 1806 compositum,”-

2246 1811 2621 1887 tuisset,quia
2631 1812 2760 1885 jam
2772 1804 3422 1895 contraipsumdudum
3436 1804 3901 1895 in‘Sicilia,apud

2249 1886 2572 1959 reverendae
2597 1901 2888 1957 memoriae
2909 1886 3147 1958 fratrem
3173 1886 3442 1960 nostrum
3473 1886 3900 1965 Maximianum

2251 1987 2612 2064 episcopum,
2636 1989 2771 2046 talis
2792 1988 3060 2065 quaestio,
3088 1994 3152 2047 ut
3172 1990 3574 2067 cognovimus,
3599 1982 3762 2052 mota
3782 1985 3907 2056 est:

2254 2078 2354 2163 sed
2379 2077 2520 2151 quia
2539 2092 2718 2135 causa
2738 2070 2925 2152 ipsius
2953 2076 3158 2135 subtili
3188 2074 3428 2139 omnino
3460 2068 3903 2163 investigatione

2253 2165 2501 2240 quaesita
2529 2171 2640 2235 est,
2673 2167 2914 2225 omnino
2968 2167 3240 2226 inventus
3287 2174 3378 2226 est
3428 2164 3744 2242 innocens,
3776 2176 3911 2249 quia

2256 2252 2447 2312 fuerat
2477 2258 2788 2313 accusatus
2815 2255 2875 2312 in
2909 2255 3176 2333 crimine.
3209 2256 3378 2342 Nunc
3408 2256 3610 2337 igitur,
3627 2262 3912 2342 quoniam

2256 2342 2358 2430 illa
2392 2361 2520 2419 quae
2568 2348 2771 2402 contra
2819 2357 2954 2402 eum
2992 2344 3153 2430 dicta
3182 2336 3343 2418 sunt,
3376 2336 3492 2430 non
3525 2336 3775 2430 subtilia
3805 2370 3919 2429 qua

2257 2428 2458 2519 decuit
2487 2432 2848 2491 districtione
2881 2426 3126 2509 quaesita
3156 2440 3318 2519 sunt,
3350 2424 3413 2496 et
3435 2424 3622 2518 gesta,
3659 2458 3792 2519 qua:
3820 2424 3916 2500 ex-

2259 2518 2396 2579 inde
2425 2522 2584 2597 apud
2614 2520 3039 2581 fraternitatem
3057 2518 3312 2583 vestram
3329 2526 3595 2586 confecta
3616 2530 3783 2599 sunt,
3816 2532 3911 2590 n'e-

2263 2610 2479 2691 queZad
2519 2610 3088 2680 condemnationem,
3120 2602 3311 2691 neque
3359 2601 3432 2674 ad
3481 2613 3918 2678 absolutionem

2261 2688 2391 2784 ejus
2419 2699 2742 2789 probantur
2769 2716 2953 2789 posse,
2971 2688 3383 2789 sufti'cere,non
3411 2702 3552 2765 levis
3585 2724 3683 2765 res
3702 2708 3917 2789 agitur,

2262 2805 2391 2863 quis
2422 2793 2522 2844 aut
2554 2787 2806 2856 incaute,
2832 2788 2921 2847 vel
2940 2786 2998 2846 in
3029 2786 3374 2850 transcursu
3401 2789 3617 2853 debeat
3644 2786 3912 2856 diffiniri.

2261 2876 2409 2934 Nam
2465 2892 2638 2953 grave
2695 2882 2786 2936 est
2837 2878 2982 2936 satis
3029 2884 3086 2936 et
3122 2878 3420 2953 indecens,
3452 2888 3518 2941 ut
3550 2886 3610 2942 in
3646 2904 3712 2945 re
3740 2879 3920 2946 dubia

2261 2969 2421 3023 certa
2444 2966 2678 3027 dicatur
2724 2968 3034 3052 sententia.
3065 2969 3138 3026 Et
3165 2954 3288 3027 haec
3320 2970 3556 3049 quidem
3592 2980 3767 3049 gesta
3794 2960 3919 3036 esse

2264 3055 2617 3127 poterantad
2641 3043 3051 3115 ditl'inicnd'um
3079 3055 3307 3131 idonea,
3336 3043 3385 3118 si
3416 3043 3679 3121 accusati
3703 3082 3774 3122 ea
3791 3083 3920 3124 con-

2262 3141 2439 3225 fessio
2473 3148 2833 3218 sequeretur,
2864 3143 2916 3202 si
2943 3149 3138 3204 tamen
3169 3150 3435 3207 eamdem
3485 3153 3918 3213 confessionem

2263 3231 2876 3319 subtilitas‘examinis
2903 3247 2973 3291 ex
3001 3234 3248 3295 occultis
3273 3238 3594 3317 ejiceret,et
3620 3260 3741 3300 non
3773 3242 3918 3302 afﬂi-

2265 3321 2380 3376 ctio
2405 3321 2719 3409 vehemens
2745 3325 3268 3399 extorqueret,qute
3290 3326 3627 3401 frequenter
3646 3328 3761 3388 hoc
3777 3330 3917 3409 agit,

2265 3411 2330 3465 ut
2360 3404 2562 3467 noxios
2592 3426 2654 3466 se
2703 3410 2871 3468 fateri
2924 3411 3100 3469 etiam
3148 3420 3436 3488 cogantur
3491 3414 3740 3474 innoxii.
3774 3404 3917 3478 Nam

2264 3503 2576 3573 postquam
2611 3498 2890 3572 praefatus
2917 3500 3248 3577 episcopus,
3283 3507 3350 3560 ut
3396 3502 3636 3576 dicitur,
3669 3508 3917 3565 cruciari

2263 3584 2558 3659 custodia,
2579 3587 2946 3662 cremarique
2975 3589 3128 3646 fame
3147 3596 3211 3647 se
3231 3592 3461 3661 asserit,
3491 3594 3641 3652 scire
3668 3594 3918 3665 debetis,

2263 3672 2313 3731 si
2346 3674 2427 3731 ita
2453 3680 2560 3746 est,
2595 3680 2795 3734 utrum
2854 3681 3060 3736 noceat
3105 3677 3155 3736 si
3204 3675 3289 3736 sic
3319 3679 3497 3741 fuerit
3523 3686 3753 3742 extorta
3780 3692 3917 3744 con-

2264 3761 2745 3841 fessio.Nunquid
2777 3766 3012 3839 quando
3039 3766 3394 3827 sententiam
3425 3770 3571 3830 tales
3600 3788 3796 3832 causa!
3828 3788 3918 3834 su-

2261 3851 2540 3939 scipiunt,
2564 3853 2703 3910 etad
2726 3854 2922 3912 sedem
2938 3846 3329 3933 apostolicam
3347 3860 3700 3939 appellatur,
3723 3882 3840 3923 non
3862 3872 3920 3923 et

2262 3956 2514 4017 persona
2561 3959 2689 4019 quae
2730 3943 3038 4017 judicatur
3083 3962 3342 4021 praesens
3371 3952 3480 4019 est,
3512 3952 3571 4008 et
3599 3948 3914 4012 districtis-

2262 4028 2411 4087 sime
2430 4034 2603 4104 atque
2627 4030 2700 4087 ab
2721 4033 2882 4090 omni
2904 4034 3084 4092 latere
3110 4036 3329 4095 veritas
3356 4038 3663 4115 quaeritur,
3688 4047 3756 4100 ut
3778 4041 3915 4101 tun'c

2262 4120 2313 4181 si
2343 4118 2554 4176 debeat
2584 4138 2766 4178 necne
2797 4140 3032 4180 manere
3081 4126 3372 4183 sententia
3420 4129 3822 4190 decernatur?
3848 4128 3917 4190 Et

2262 4206 2391 4297 ideo
2420 4213 2731 4283 postquam
2766 4216 2823 4268 et
2852 4230 3102 4286 persona
3132 4213 3347 4297 absens
3375 4222 3484 4293 est,
3510 4222 3569 4276 et
3590 4222 3761 4295 gesta
3789 4238 3915 4297 quas

2260 4294 2334 4352 ad
2365 4315 2474 4356 nos
2504 4300 2953 4385 transmisistis,
2979 4302 3171 4377 nobis,
3202 4292 3357 4362 sicut
3398 4292 3625 4385 praefati
3681 4292 3913 4379 sumus,

2260 4384 2467 4444 idonee
2497 4387 2832 4446 satisfacere
2862 4382 2978 4448 non
3008 4386 3300 4463 videntur,
3331 4382 3550 4454 temere
3582 4397 3809 4473 aliquid
3845 4400 3915 4458 de

2260 4472 2456 4532 fratris
2512 4493 2761 4551 persona
2816 4477 3125 4536 decernere
3164 4498 3270 4538 nec
3302 4482 3607 4564 debemus,
3643 4472 3751 4546 nec
3777 4503 3913 4567 pos-

2260 4581 2568 4635 sumus,ne
2597 4564 2753 4639 quod
2777 4567 2932 4625 absit
2961 4566 3448 4645 reprehensibiles
3470 4564 3915 4636 inveniamurin

2261 4655 2500 4723 nostris,
2532 4654 2750 4733 quibus
2796 4655 3043 4714 aliorum
3084 4658 3224 4732 jure
3271 4662 3552 4741 competit
3595 4670 3914 4726 retractare

2260 4743 2603 4835 sententias.
2638 4767 2667 4835 ιτ
2699 4744 2772 4802 Et
2800 4747 2870 4802 ad
2904 4742 3214 4822 Virgilium
3257 4749 3655 4830 Arelatensem
3686 4756 3912 4835 episco-

2256 4849 2397 4906 pum
2439 4832 2585 4890 dicit
2624 4832 2728 4903 (lib
2782 4853 2867 4905 ιιι,
2899 4840 3054 4911 epist.
3082 4837 3214 4911 63):
3261 4859 3294 4892 ι
3322 4838 3668 4900 Emendatio
3698 4832 3758 4901 et
3786 4844 3909 4902 vin-

2254 4920 2413 4977 dicta
2441 4920 2793 5011 culpabilem
2826 4924 3016 4995 feriat,
3048 4928 3105 4985 et
3134 4928 3503 5009 innocentem
3537 4930 3684 4990 falsa
3713 4932 3910 5011 opinio

2255 5027 2368 5109 non
2401 5011 2645 5109 affligat.
2680 5036 2722 5109 1i.
2740 5010 2809 5069 Et
2834 5012 3293 5109 ad‘Columbum‘
3327 5016 3671 5109 episcopum
3705 5010 3910 5081 scribit

2251 5096 2374 5197 (tib:
2398 5117 2453 5197 x,
2485 5102 2642 5197 epist.
2675 5101 2729 5175 8)
2760 5120 2774 5159 :
2837 5100 3042 5197 «‘Quia
3070 5105 3217 5165 satis
3247 5090 3589 5197 phnigasplg}
3608 5114 3677 5197 ,ει
3696 5116 3910 5197 εοῐψςι

2251 5186 2702 5248 ecclesiasticam
2757 5190 3042 5277 probatur
3067 5213 3196 5254 esse
3226 5176 3659 5270 ciansuriaEfu—t
3685 5176 3909 5260 lii-nstra

2250 5292 2354 5351 pro
2383 5278 2774 5351 quorumdam
2816 5282 3215 5363 voluntatibus
3243 5286 3380 5360 quis
3409 5286 3691 5362 privetur,
3725 5309 3904 5367 quem

2249 5383 2357 5423 sua
2387 5367 2560 5441 culpa
2585 5367 2672 5425 vel
2704 5366 2931 5428 facinus
2961 5370 3034 5430 ab
3065 5374 3239 5432 officii
3270 5393 3386 5451 quo
3418 5376 3686 5453 fungitur
3715 5366 3903 5455 gradu

2249 5472 2363 5511 non
2393 5456 2646 5530 dejicit.»
2680 5458 2825 5516 llinc
2857 5477 2994 5535 ergo
3025 5462 3302 5539 colligant
3320 5464 3730 5543 judices,quia
3759 5471 3809 5528 si
3831 5468 3903 5528 de

2245 5550 2447 5620 stupro
2468 5547 2683 5604 femina
2703 5550 2859 5606 634
2881 5556 3206 5625 reputatur,
3232 5554 3417 5611 isdem
3447 5557 3547 5631 qui
3580 5559 3631 5614 ei
3662 5558 3780 5617 vim
3813 5558 3904 5617 in.

2243 5633 2396 5703 tulit,
2421 5634 2504 5692 vel
2536 5653 2666 5693 eam
2695 5637 2767 5694 ad
2801 5638 2994 5699 scelus
3021 5641 3699 5716 pellexit,accersiendus
3719 5650 3901 5718 est,et

2241 5725 2431 5798 magis
2460 5743 2565 5799 per
2591 5725 2758 5785 illum
2805 5745 2982 5788 causa
3029 5727 3453 5808 investiganda,
3477 5736 3538 5794 et
3570 5730 3696 5812 ipse
3729 5726 3889 5796 iuva-
