  <div class='ocr_page' id='page_1' title='image "/cluster/home/n/w/nwhite01/storage/ocr_20150623/125/umn.31951002477418t/379.png"; bbox 0 0 4148 6474; ppageno 0'>
   <div class='ocr_carea' id='block_1_1' title="bbox 481 405 599 465">
    <p class='ocr_par' dir='ltr' id='par_1_1' title="bbox 481 405 599 465">
     <span class='ocr_line' id='line_1_1' title="bbox 481 405 599 465; baseline -0.008 0"><span class='ocrx_word' id='word_1_1' title='bbox 481 405 599 465; x_wconf 82' lang='lat'><strong><em>675</em></strong></span> 
     </span>
    </p>
   </div>
   <div class='ocr_carea' id='block_1_2' title="bbox 1428 400 2939 464">
    <p class='ocr_par' dir='ltr' id='par_1_2' title="bbox 1428 400 2939 464">
     <span class='ocr_line' id='line_1_2' title="bbox 1428 400 2939 464; baseline 0.001 -3"><span class='ocrx_word' id='word_1_2' title='bbox 1428 401 1809 462; x_wconf 78' lang='lat' dir='ltr'><strong><em>llINCMAltI</em></strong></span> <span class='ocrx_word' id='word_1_3' title='bbox 1854 400 2302 462; x_wconf 75' lang='lat' dir='ltr'><strong><em>RHEMENSIS</em></strong></span> <span class='ocrx_word' id='word_1_4' title='bbox 2351 403 2939 464; x_wconf 82' lang='lat' dir='ltr'><strong><em>AllCHlEPlSGOPI</em></strong></span> 
     </span>
    </p>
   </div>
   <div class='ocr_carea' id='block_1_3' title="bbox 3765 398 3890 459">
    <p class='ocr_par' dir='ltr' id='par_1_3' title="bbox 3765 398 3890 459">
     <span class='ocr_line' id='line_1_3' title="bbox 3765 398 3890 459; baseline 0.008 -2"><span class='ocrx_word' id='word_1_5' title='bbox 3765 398 3890 459; x_wconf 82' lang='lat'><strong><em>676</em></strong></span> 
     </span>
    </p>
   </div>
   <div class='ocr_carea' id='block_1_4' title="bbox 482 533 3892 608">
    <p class='ocr_par' dir='ltr' id='par_1_4' title="bbox 482 533 3892 608">
     <span class='ocr_line' id='line_1_4' title="bbox 482 533 3892 608; baseline -0.001 -16"><span class='ocrx_word' id='word_1_6' title='bbox 482 539 548 592; x_wconf 83' lang='lat' dir='ltr'><strong><em>Et</em></strong></span> <span class='ocrx_word' id='word_1_7' title='bbox 578 536 718 592; x_wconf 89' lang='lat' dir='ltr'><strong><em>item</em></strong></span> <span class='ocrx_word' id='word_1_8' title='bbox 750 535 1034 608; x_wconf 88' lang='lat' dir='ltr'><strong><em>scriptum</em></strong></span> <span class='ocrx_word' id='word_1_9' title='bbox 1068 538 1159 590; x_wconf 88' lang='lat' dir='ltr'><strong><em>est</em></strong></span> <span class='ocrx_word' id='word_1_10' title='bbox 1188 551 1202 590; x_wconf 89' lang='lat'>:</span> <span class='ocrx_word' id='word_1_11' title='bbox 1237 535 1436 590; x_wconf 81' lang='lat' dir='ltr'><strong><em>Reddes</em></strong></span> <span class='ocrx_word' id='word_1_12' title='bbox 1487 542 1670 590; x_wconf 89' lang='lat' dir='ltr'><strong><em>autem</em></strong></span> <span class='ocrx_word' id='word_1_13' title='bbox 1713 535 1942 590; x_wconf 88' lang='lat' dir='ltr'><strong><em>Domino</em></strong></span> <span class='ocrx_word' id='word_1_14' title='bbox 1969 550 2120 596; x_wconf 70' lang='grc' dir='ltr'><strong><em>πινα-</em></strong></span> <span class='ocrx_word' id='word_1_15' title='bbox 2150 537 2206 604; x_wconf 77' lang='grc' dir='ltr'><strong>Α</strong></span> <span class='ocrx_word' id='word_1_16' title='bbox 2233 534 2503 591; x_wconf 84' lang='lat' dir='ltr'><strong><em>sedentem</em></strong></span> <span class='ocrx_word' id='word_1_17' title='bbox 2556 553 2720 608; x_wconf 84' lang='lat' dir='ltr'><strong><em>super</em></strong></span> <span class='ocrx_word' id='word_1_18' title='bbox 2775 536 2978 591; x_wconf 89' lang='lat' dir='ltr'><strong><em>solium</em></strong></span> <span class='ocrx_word' id='word_1_19' title='bbox 3030 551 3212 602; x_wconf 86' lang='lat' dir='ltr'><strong><em>suum,</em></strong></span> <span class='ocrx_word' id='word_1_20' title='bbox 3245 541 3296 590; x_wconf 91' lang='lat' dir='ltr'><strong><em>et</em></strong></span> <span class='ocrx_word' id='word_1_21' title='bbox 3323 547 3538 590; x_wconf 86' lang='lat' dir='ltr'><strong><em>omnem</em></strong></span> <span class='ocrx_word' id='word_1_22' title='bbox 3581 533 3892 588; x_wconf 72' lang='lat' dir='ltr'><strong><em>exercitum</em></strong></span> 
     </span>
    </p>
   </div>
   <div class='ocr_carea' id='block_1_5' title="bbox 477 621 3892 697">
    <p class='ocr_par' dir='ltr' id='par_1_5' title="bbox 477 621 3892 697">
     <span class='ocr_line' id='line_1_5' title="bbox 477 621 3892 697; baseline -0.001 -16"><span class='ocrx_word' id='word_1_23' title='bbox 477 633 659 682; x_wconf 66' lang='lat' dir='ltr'><strong><em>nauta</em></strong></span> <span class='ocrx_word' id='word_1_24' title='bbox 687 632 782 680; x_wconf 84' lang='lat' dir='ltr'><strong><em>tua</em></strong></span> <span class='ocrx_word' id='word_1_25' title='bbox 813 623 1017 697; x_wconf 81' lang='lat' dir='ltr'><strong><em>(Matth.</em></strong></span> <span class='ocrx_word' id='word_1_26' title='bbox 1052 641 1106 692; x_wconf 83' lang='grc' dir='ltr'><strong><em>ν,</em></strong></span> <span class='ocrx_word' id='word_1_27' title='bbox 1135 625 1247 691; x_wconf 90' lang='grc'><strong><em>33).</em></strong></span> <span class='ocrx_word' id='word_1_28' title='bbox 1283 623 1340 680; x_wconf 88' lang='lat' dir='ltr'><strong><em>Si</em></strong></span> <span class='ocrx_word' id='word_1_29' title='bbox 1377 621 1714 678; x_wconf 85' lang='lat' dir='ltr'><strong><em>ﬁdelitatem</em></strong></span> <span class='ocrx_word' id='word_1_30' title='bbox 1773 623 1984 678; x_wconf 90' lang='lat' dir='ltr'><strong><em>seniori</em></strong></span> <span class='ocrx_word' id='word_1_31' title='bbox 2015 641 2122 678; x_wconf 92' lang='lat' dir='ltr'><strong><em>suo</em></strong></span> <span class='ocrx_word' id='word_1_32' title='bbox 2230 625 2354 678; x_wconf 63' lang='lat' dir='ltr'><strong><em>ca&#39;li</em></strong></span> <span class='ocrx_word' id='word_1_33' title='bbox 2403 627 2740 681; x_wconf 81' lang='lat' dir='ltr'><strong><em>assistentem</em></strong></span> <span class='ocrx_word' id='word_1_34' title='bbox 2795 626 2848 680; x_wconf 89' lang='lat' dir='ltr'><strong><em>ei</em></strong></span> <span class='ocrx_word' id='word_1_35' title='bbox 2900 642 2934 678; x_wconf 90' lang='lat' dir='ltr'><strong><em>a</em></strong></span> <span class='ocrx_word' id='word_1_36' title='bbox 2985 623 3191 680; x_wconf 65' lang='lat' dir='ltr'><strong><em>dextris</em></strong></span> <span class='ocrx_word' id='word_1_37' title='bbox 3239 631 3290 679; x_wconf 90' lang='lat' dir='ltr'><strong><em>et</em></strong></span> <span class='ocrx_word' id='word_1_38' title='bbox 3340 639 3375 676; x_wconf 88' lang='lat' dir='ltr'><strong><em>a</em></strong></span> <span class='ocrx_word' id='word_1_39' title='bbox 3411 623 3674 678; x_wconf 88' lang='lat' dir='ltr'><strong><em>sinistris.</em></strong></span> <span class='ocrx_word' id='word_1_40' title='bbox 3708 621 3776 676; x_wconf 85' lang='lat' dir='ltr'><strong><em>Et</em></strong></span> <span class='ocrx_word' id='word_1_41' title='bbox 3806 622 3892 677; x_wconf 79' lang='lat' dir='ltr'><strong><em>ait</em></strong></span> 
     </span>
    </p>
   </div>
   <div class='ocr_carea' id='block_1_6' title="bbox 479 711 2126 789">
    <p class='ocr_par' dir='ltr' id='par_1_6' title="bbox 479 711 2126 789">
     <span class='ocr_line' id='line_1_6' title="bbox 479 711 2126 789; baseline -0.004 -17"><span class='ocrx_word' id='word_1_42' title='bbox 479 713 768 789; x_wconf 87' lang='lat' dir='ltr'><strong><em>promisit,</em></strong></span> <span class='ocrx_word' id='word_1_43' title='bbox 799 713 1092 784; x_wconf 91' lang='lat' dir='ltr'><strong><em>quomodo</em></strong></span> <span class='ocrx_word' id='word_1_44' title='bbox 1122 713 1258 768; x_wconf 90' lang='lat' dir='ltr'><strong><em>huic</em></strong></span> <span class='ocrx_word' id='word_1_45' title='bbox 1288 712 1544 768; x_wconf 90' lang='lat' dir='ltr'><strong><em>illusioni</em></strong></span> <span class='ocrx_word' id='word_1_46' title='bbox 1569 716 1770 767; x_wconf 87' lang='lat' dir='ltr'><strong><em>contra</em></strong></span> <span class='ocrx_word' id='word_1_47' title='bbox 1797 711 1960 767; x_wconf 90' lang='lat' dir='ltr'><strong><em>illum</em></strong></span> <span class='ocrx_word' id='word_1_48' title='bbox 1995 729 2126 767; x_wconf 92' lang='lat' dir='ltr'><strong><em>con-</em></strong></span> 
     </span>
    </p>
   </div>
   <div class='ocr_carea' id='block_1_7' title="bbox 481 801 2126 877">
    <p class='ocr_par' dir='ltr' id='par_1_7' title="bbox 481 801 2126 877">
     <span class='ocr_line' id='line_1_7' title="bbox 481 801 2126 877; baseline -0.004 -15"><span class='ocrx_word' id='word_1_49' title='bbox 481 803 699 862; x_wconf 86' lang='lat' dir='ltr'><strong><em>sentire</em></strong></span> <span class='ocrx_word' id='word_1_50' title='bbox 730 801 1150 877; x_wconf 66' lang='lat' dir='ltr'><strong><em>praesumpsit?</em></strong></span> <span class='ocrx_word' id='word_1_51' title='bbox 1178 803 1248 857; x_wconf 90' lang='lat' dir='ltr'><strong><em>Et</em></strong></span> <span class='ocrx_word' id='word_1_52' title='bbox 1273 802 1321 856; x_wconf 88' lang='lat' dir='ltr'><strong><em>si</em></strong></span> <span class='ocrx_word' id='word_1_53' title='bbox 1355 807 1494 856; x_wconf 91' lang='lat' dir='ltr'><strong><em>tunc</em></strong></span> <span class='ocrx_word' id='word_1_54' title='bbox 1545 802 1696 858; x_wconf 89' lang='lat' dir='ltr'><strong><em>inter</em></strong></span> <span class='ocrx_word' id='word_1_55' title='bbox 1722 801 1838 856; x_wconf 91' lang='lat' dir='ltr'><strong><em>duo</em></strong></span> <span class='ocrx_word' id='word_1_56' title='bbox 1868 801 2126 873; x_wconf 84' lang='lat' dir='ltr'><strong><em>pericula</em></strong></span> 
     </span>
    </p>
   </div>
   <div class='ocr_carea' id='block_1_8' title="bbox 2230 711 3892 786">
    <p class='ocr_par' dir='ltr' id='par_1_8' title="bbox 2230 711 3892 786">
     <span class='ocr_line' id='line_1_8' title="bbox 2230 711 3892 786; baseline -0.002 -17"><span class='ocrx_word' id='word_1_57' title='bbox 2230 716 2492 770; x_wconf 81' lang='lat' dir='ltr'><strong><em>Dominus</em></strong></span> <span class='ocrx_word' id='word_1_58' title='bbox 2521 733 2540 770; x_wconf 89' lang='lat'><strong><em>:</em></strong></span> <span class='ocrx_word' id='word_1_59' title='bbox 2572 716 2702 784; x_wconf 86' lang='lat' dir='ltr'><strong><em>Quis</em></strong></span> <span class='ocrx_word' id='word_1_60' title='bbox 2731 715 2960 786; x_wconf 77' lang='lat' dir='ltr'><strong><em>decipiet</em></strong></span> <span class='ocrx_word' id='word_1_61' title='bbox 2989 713 3168 768; x_wconf 80' lang='lat' dir='ltr'><strong><em>Achab</em></strong></span> <span class='ocrx_word' id='word_1_62' title='bbox 3185 729 3367 782; x_wconf 80' lang='lat' dir='ltr'><strong><em>regem</em></strong></span> <span class='ocrx_word' id='word_1_63' title='bbox 3395 711 3587 779; x_wconf 79' lang='lat' dir='ltr'><strong><em>Israel,</em></strong></span> <span class='ocrx_word' id='word_1_64' title='bbox 3606 718 3669 766; x_wconf 85' lang='lat' dir='ltr'><strong><em>ut</em></strong></span> <span class='ocrx_word' id='word_1_65' title='bbox 3698 726 3892 765; x_wconf 83' lang='lat' dir='ltr'><strong><em>ascen-</em></strong></span> 
     </span>
    </p>
   </div>
   <div class='ocr_carea' id='block_1_9' title="bbox 2234 799 3890 860">
    <p class='ocr_par' dir='ltr' id='par_1_9' title="bbox 2234 799 3890 860">
     <span class='ocr_line' id='line_1_9' title="bbox 2234 799 3890 860; baseline -0.002 -4"><span class='ocrx_word' id='word_1_66' title='bbox 2234 803 2328 858; x_wconf 90' lang='lat' dir='ltr'><strong><em>dat</em></strong></span> <span class='ocrx_word' id='word_1_67' title='bbox 2355 811 2404 858; x_wconf 89' lang='lat' dir='ltr'><strong><em>et</em></strong></span> <span class='ocrx_word' id='word_1_68' title='bbox 2433 803 2588 860; x_wconf 83' lang='lat' dir='ltr'><strong><em>cadat</em></strong></span> <span class='ocrx_word' id='word_1_69' title='bbox 2618 806 2678 860; x_wconf 89' lang='lat' dir='ltr'><strong><em>in</em></strong></span> <span class='ocrx_word' id='word_1_70' title='bbox 2725 803 2953 859; x_wconf 83' lang='lat' dir='ltr'><strong><em>llamoth</em></strong></span> <span class='ocrx_word' id='word_1_71' title='bbox 3003 800 3208 858; x_wconf 85' lang='lat' dir='ltr'><strong><em>Galaad</em></strong></span> <span class='ocrx_word' id='word_1_72' title='bbox 3232 805 3254 858; x_wconf 70' lang='grc' dir='ltr'>Ρ</span> <span class='ocrx_word' id='word_1_73' title='bbox 3282 802 3346 856; x_wconf 83' lang='lat' dir='ltr'><strong><em>Et</em></strong></span> <span class='ocrx_word' id='word_1_74' title='bbox 3374 800 3520 856; x_wconf 68' lang='lat' dir='ltr'><strong><em>dixit</em></strong></span> <span class='ocrx_word' id='word_1_75' title='bbox 3549 817 3694 856; x_wconf 85' lang='lat' dir='ltr'><strong><em>unus</em></strong></span> <span class='ocrx_word' id='word_1_76' title='bbox 3722 799 3890 854; x_wconf 81' lang='lat' dir='ltr'><strong><em>verba</em></strong></span> 
     </span>
    </p>
   </div>
   <div class='ocr_carea' id='block_1_10' title="bbox 479 889 3888 966">
    <p class='ocr_par' dir='ltr' id='par_1_10' title="bbox 479 889 3888 966">
     <span class='ocr_line' id='line_1_10' title="bbox 479 889 3888 966; baseline -0.001 -18"><span class='ocrx_word' id='word_1_77' title='bbox 479 892 730 966; x_wconf 87' lang='lat' dir='ltr'><strong><em>positus,</em></strong></span> <span class='ocrx_word' id='word_1_78' title='bbox 763 891 962 946; x_wconf 89' lang='lat' dir='ltr'><strong><em>minus</em></strong></span> <span class='ocrx_word' id='word_1_79' title='bbox 993 891 1064 946; x_wconf 89' lang='lat' dir='ltr'><strong><em>de</em></strong></span> <span class='ocrx_word' id='word_1_80' title='bbox 1085 891 1422 964; x_wconf 89' lang='lat' dir='ltr'><strong><em>juramento</em></strong></span> <span class='ocrx_word' id='word_1_81' title='bbox 1481 889 1775 964; x_wconf 88' lang='lat' dir='ltr'><strong><em>negligere</em></strong></span> <span class='ocrx_word' id='word_1_82' title='bbox 1834 889 2026 964; x_wconf 88' lang='lat' dir='ltr'><strong><em>elegit,</em></strong></span> <span class='ocrx_word' id='word_1_83' title='bbox 2063 893 2126 944; x_wconf 91' lang='lat' dir='ltr'><strong><em>ut</em></strong></span> <span class='ocrx_word' id='word_1_84' title='bbox 2231 892 2622 964; x_wconf 78' lang='lat' dir='ltr'><strong><em>hujuscemodi,</em></strong></span> <span class='ocrx_word' id='word_1_85' title='bbox 2653 901 2704 948; x_wconf 85' lang='lat' dir='ltr'><strong><em>et</em></strong></span> <span class='ocrx_word' id='word_1_86' title='bbox 2739 893 2886 948; x_wconf 86' lang='lat' dir='ltr'><strong><em>alius</em></strong></span> <span class='ocrx_word' id='word_1_87' title='bbox 2917 892 3099 947; x_wconf 81' lang='lat' dir='ltr'><strong><em>aliter.</em></strong></span> <span class='ocrx_word' id='word_1_88' title='bbox 3138 891 3394 960; x_wconf 85' lang='lat' dir='ltr'><strong><em>Egressus</em></strong></span> <span class='ocrx_word' id='word_1_89' title='bbox 3442 898 3520 946; x_wconf 89' lang='lat' dir='ltr'><strong><em>est</em></strong></span> <span class='ocrx_word' id='word_1_90' title='bbox 3557 897 3743 944; x_wconf 87' lang='lat' dir='ltr'><strong><em>autem</em></strong></span> <span class='ocrx_word' id='word_1_91' title='bbox 3769 890 3888 960; x_wconf 85' lang='lat' dir='ltr'><strong><em>spi-</em></strong></span> 
     </span>
    </p>
   </div>
   <div class='ocr_carea' id='block_1_11' title="bbox 481 979 2121 1054">
    <p class='ocr_par' dir='ltr' id='par_1_11' title="bbox 481 979 2121 1054">
     <span class='ocr_line' id='line_1_11' title="bbox 481 979 2121 1054; baseline -0.002 -18"><span class='ocrx_word' id='word_1_92' title='bbox 481 983 676 1054; x_wconf 87' lang='lat' dir='ltr'><strong><em>majus</em></strong></span> <span class='ocrx_word' id='word_1_93' title='bbox 723 997 795 1036; x_wconf 90' lang='lat' dir='ltr'><strong><em>ne</em></strong></span> <span class='ocrx_word' id='word_1_94' title='bbox 851 979 1114 1053; x_wconf 89' lang='lat' dir='ltr'><strong><em>proditor</em></strong></span> <span class='ocrx_word' id='word_1_95' title='bbox 1167 979 1551 1036; x_wconf 81' lang='lat' dir='ltr'><strong><em>confessionis</em></strong></span> <span class='ocrx_word' id='word_1_96' title='bbox 1604 980 1767 1034; x_wconf 86' lang='lat' dir='ltr'><strong><em>ﬁeret</em></strong></span> <span class='ocrx_word' id='word_1_97' title='bbox 1824 979 2121 1047; x_wconf 86' lang='lat' dir='ltr'><strong><em>devitaret,</em></strong></span> 
     </span>
    </p>
   </div>
   <div class='ocr_carea' id='block_1_12' title="bbox 481 1066 2128 1143">
    <p class='ocr_par' dir='ltr' id='par_1_12' title="bbox 481 1066 2128 1143">
     <span class='ocr_line' id='line_1_12' title="bbox 481 1066 2128 1143; baseline -0.004 -17"><span class='ocrx_word' id='word_1_98' title='bbox 481 1087 662 1143; x_wconf 87' lang='lat' dir='ltr'><strong><em>quare</em></strong></span> <span class='ocrx_word' id='word_1_99' title='bbox 681 1071 872 1143; x_wconf 85' lang='lat' dir='ltr'><strong><em>ipsam</em></strong></span> <span class='ocrx_word' id='word_1_100' title='bbox 895 1069 1318 1125; x_wconf 78' lang='lat' dir='ltr'><strong><em>confessionem</em></strong></span> <span class='ocrx_word' id='word_1_101' title='bbox 1341 1087 1498 1126; x_wconf 91' lang='lat' dir='ltr'><strong><em>nunc</em></strong></span> <span class='ocrx_word' id='word_1_102' title='bbox 1527 1067 1818 1142; x_wconf 77' lang='lat' dir='ltr'><strong><em>prodidit?</em></strong></span> <span class='ocrx_word' id='word_1_103' title='bbox 1834 1085 1968 1123; x_wconf 91' lang='lat' dir='ltr'><strong><em>cum</em></strong></span> <span class='ocrx_word' id='word_1_104' title='bbox 1991 1066 2128 1124; x_wconf 91' lang='lat' dir='ltr'><strong><em>scri-</em></strong></span> 
     </span>
    </p>
   </div>
   <div class='ocr_carea' id='block_1_13' title="bbox 481 1158 2126 1232">
    <p class='ocr_par' dir='ltr' id='par_1_13' title="bbox 481 1158 2126 1232">
     <span class='ocr_line' id='line_1_13' title="bbox 481 1158 2126 1232; baseline -0.002 -18"><span class='ocrx_word' id='word_1_105' title='bbox 481 1164 650 1232; x_wconf 89' lang='lat' dir='ltr'><strong><em>ptum</em></strong></span> <span class='ocrx_word' id='word_1_106' title='bbox 681 1158 759 1215; x_wconf 90' lang='lat' dir='ltr'><strong><em>sit</em></strong></span> <span class='ocrx_word' id='word_1_107' title='bbox 790 1175 804 1214; x_wconf 89' lang='lat'><strong>:</strong></span> <span class='ocrx_word' id='word_1_108' title='bbox 841 1159 948 1227; x_wconf 81' lang='lat' dir='ltr'><strong><em>Qui</em></strong></span> <span class='ocrx_word' id='word_1_109' title='bbox 973 1159 1217 1214; x_wconf 76' lang='lat' dir='ltr'><strong><em>ambulat</em></strong></span> <span class='ocrx_word' id='word_1_110' title='bbox 1242 1158 1640 1230; x_wconf 80' lang='lat' dir='ltr'><strong><em>fraudulenter,</em></strong></span> <span class='ocrx_word' id='word_1_111' title='bbox 1671 1158 1871 1213; x_wconf 86' lang='lat' dir='ltr'><strong><em>revelat</em></strong></span> <span class='ocrx_word' id='word_1_112' title='bbox 1897 1173 2126 1224; x_wconf 87' lang='lat' dir='ltr'><strong><em>arcana,-</em></strong></span> 
     </span>
    </p>
   </div>
   <div class='ocr_carea' id='block_1_14' title="bbox 482 1247 2122 1320">
    <p class='ocr_par' dir='ltr' id='par_1_14' title="bbox 482 1247 2122 1320">
     <span class='ocr_line' id='line_1_14' title="bbox 482 1247 2122 1320; baseline -0.002 -18"><span class='ocrx_word' id='word_1_113' title='bbox 482 1249 582 1320; x_wconf 87' lang='lat' dir='ltr'><strong><em>qui</em></strong></span> <span class='ocrx_word' id='word_1_114' title='bbox 611 1256 792 1303; x_wconf 83' lang='lat' dir='ltr'><strong><em>autem</em></strong></span> <span class='ocrx_word' id='word_1_115' title='bbox 818 1248 994 1319; x_wconf 83' lang='lat' dir='ltr'><strong><em>ﬁdelis</em></strong></span> <span class='ocrx_word' id='word_1_116' title='bbox 1036 1254 1129 1315; x_wconf 87' lang='lat' dir='ltr'><strong><em>est,</em></strong></span> <span class='ocrx_word' id='word_1_117' title='bbox 1163 1249 1344 1302; x_wconf 69' lang='lat' dir='ltr'><strong><em>arti-ini</em></strong></span> <span class='ocrx_word' id='word_1_118' title='bbox 1387 1249 1523 1303; x_wconf 88' lang='lat' dir='ltr'><strong><em>celat</em></strong></span> <span class='ocrx_word' id='word_1_119' title='bbox 1571 1249 1913 1302; x_wconf 85' lang='lat' dir='ltr'><strong><em>com-missum</em></strong></span> <span class='ocrx_word' id='word_1_120' title='bbox 1942 1247 2122 1316; x_wconf 85' lang='lat' dir='ltr'><strong><em>(Prov.</em></strong></span> 
     </span>
    </p>
   </div>
   <div class='ocr_carea' id='block_1_15' title="bbox 484 1331 2128 1409">
    <p class='ocr_par' dir='ltr' id='par_1_15' title="bbox 484 1331 2128 1409">
     <span class='ocr_line' id='line_1_15' title="bbox 484 1331 2128 1409; baseline -0.004 -17"><span class='ocrx_word' id='word_1_121' title='bbox 484 1353 563 1405; x_wconf 83' lang='lat' dir='ltr'><strong><em>x1,</em></strong></span> <span class='ocrx_word' id='word_1_122' title='bbox 597 1336 706 1409; x_wconf 87' lang='grc'><strong><em>13),</em></strong></span> <span class='ocrx_word' id='word_1_123' title='bbox 741 1352 806 1391; x_wconf 90' lang='lat' dir='ltr'><strong><em>ac</em></strong></span> <span class='ocrx_word' id='word_1_124' title='bbox 839 1335 888 1390; x_wconf 87' lang='lat' dir='ltr'><strong><em>si</em></strong></span> <span class='ocrx_word' id='word_1_125' title='bbox 921 1339 1186 1408; x_wconf 88' lang='lat' dir='ltr'><strong><em>patenter</em></strong></span> <span class='ocrx_word' id='word_1_126' title='bbox 1215 1335 1371 1390; x_wconf 85' lang='lat' dir='ltr'><strong><em>dicat</em></strong></span> <span class='ocrx_word' id='word_1_127' title='bbox 1405 1353 1416 1391; x_wconf 95' lang='lat'>:</span> <span class='ocrx_word' id='word_1_128' title='bbox 1447 1335 1552 1402; x_wconf 86' lang='lat' dir='ltr'><strong><em>Qui</em></strong></span> <span class='ocrx_word' id='word_1_129' title='bbox 1603 1335 1784 1390; x_wconf 90' lang='lat' dir='ltr'><strong><em>animi</em></strong></span> <span class='ocrx_word' id='word_1_130' title='bbox 1835 1351 1950 1390; x_wconf 90' lang='lat' dir='ltr'><strong><em>non</em></strong></span> <span class='ocrx_word' id='word_1_131' title='bbox 1981 1331 2128 1388; x_wconf 80' lang='lat' dir='ltr'><strong><em>celat</em></strong></span> 
     </span>
    </p>
   </div>
   <div class='ocr_carea' id='block_1_16' title="bbox 483 1421 2124 1482">
    <p class='ocr_par' dir='ltr' id='par_1_16' title="bbox 483 1421 2124 1482">
     <span class='ocr_line' id='line_1_16' title="bbox 483 1421 2124 1482; baseline -0.004 -1"><span class='ocrx_word' id='word_1_132' title='bbox 483 1425 868 1482; x_wconf 87' lang='lat' dir='ltr'><strong><em>commissum</em></strong></span> <span class='ocrx_word' id='word_1_133' title='bbox 901 1423 1155 1479; x_wconf 84' lang='lat' dir='ltr'><strong><em>inﬁdelis</em></strong></span> <span class='ocrx_word' id='word_1_134' title='bbox 1184 1425 1376 1480; x_wconf 87' lang='lat' dir='ltr'><strong><em>est.Et</em></strong></span> <span class='ocrx_word' id='word_1_135' title='bbox 1399 1423 1612 1480; x_wconf 79' lang='lat' dir='ltr'><strong><em>Paulus</em></strong></span> <span class='ocrx_word' id='word_1_136' title='bbox 1642 1421 1783 1478; x_wconf 86' lang='lat' dir='ltr'><strong><em>dicit</em></strong></span> <span class='ocrx_word' id='word_1_137' title='bbox 1810 1421 2078 1478; x_wconf 83' lang='lat' dir='ltr'><strong><em>ﬁdelibus</em></strong></span> <span class='ocrx_word' id='word_1_138' title='bbox 2111 1436 2124 1475; x_wconf 89' lang='lat'>:</span> 
     </span>
    </p>
   </div>
   <div class='ocr_carea' id='block_1_17' title="bbox 486 1509 2130 1586">
    <p class='ocr_par' dir='ltr' id='par_1_17' title="bbox 486 1509 2130 1586">
     <span class='ocr_line' id='line_1_17' title="bbox 486 1509 2130 1586; baseline -0.003 -16"><span class='ocrx_word' id='word_1_139' title='bbox 486 1515 621 1584; x_wconf 79' lang='lat' dir='ltr'><strong><em>Quae</em></strong></span> <span class='ocrx_word' id='word_1_140' title='bbox 646 1531 777 1586; x_wconf 86' lang='lat' dir='ltr'><strong><em>pars</em></strong></span> <span class='ocrx_word' id='word_1_141' title='bbox 807 1513 960 1585; x_wconf 80' lang='lat' dir='ltr'><strong><em>ﬁdeli</em></strong></span> <span class='ocrx_word' id='word_1_142' title='bbox 987 1530 1110 1568; x_wconf 88' lang='lat' dir='ltr'><strong><em>eum</em></strong></span> <span class='ocrx_word' id='word_1_143' title='bbox 1161 1514 1422 1586; x_wconf 82' lang='lat' dir='ltr'><strong><em>in/idele?</em></strong></span> <span class='ocrx_word' id='word_1_144' title='bbox 1451 1516 1524 1584; x_wconf 87' lang='grc'><strong><em>(11</em></strong></span> <span class='ocrx_word' id='word_1_145' title='bbox 1553 1515 1672 1569; x_wconf 84' lang='lat' dir='ltr'><strong><em>Cor.</em></strong></span> <span class='ocrx_word' id='word_1_146' title='bbox 1703 1530 1780 1579; x_wconf 71' lang='lat' dir='ltr'><strong><em>vr,</em></strong></span> <span class='ocrx_word' id='word_1_147' title='bbox 1817 1511 1926 1584; x_wconf 91' lang='grc'><strong><em>13.)</em></strong></span> <span class='ocrx_word' id='word_1_148' title='bbox 1958 1509 2130 1566; x_wconf 89' lang='lat' dir='ltr'><strong><em>Plura</em></strong></span> 
     </span>
    </p>
   </div>
   <div class='ocr_carea' id='block_1_18' title="bbox 483 1599 2130 1675">
    <p class='ocr_par' dir='ltr' id='par_1_18' title="bbox 483 1599 2130 1675">
     <span class='ocr_line' id='line_1_18' title="bbox 483 1599 2130 1675; baseline -0.004 -15"><span class='ocrx_word' id='word_1_149' title='bbox 483 1604 622 1660; x_wconf 90' lang='lat' dir='ltr'><strong><em>hinc</em></strong></span> <span class='ocrx_word' id='word_1_150' title='bbox 653 1603 767 1659; x_wconf 91' lang='lat' dir='ltr'><strong><em>dici</em></strong></span> <span class='ocrx_word' id='word_1_151' title='bbox 799 1607 1088 1675; x_wconf 87' lang='lat' dir='ltr'><strong><em>poterant,</em></strong></span> <span class='ocrx_word' id='word_1_152' title='bbox 1122 1603 1220 1658; x_wconf 88' lang='lat' dir='ltr'><strong><em>sed</em></strong></span> <span class='ocrx_word' id='word_1_153' title='bbox 1277 1601 1446 1658; x_wconf 91' lang='lat' dir='ltr'><strong><em>nobis</em></strong></span> <span class='ocrx_word' id='word_1_154' title='bbox 1497 1619 1614 1656; x_wconf 90' lang='lat' dir='ltr'><strong><em>non</em></strong></span> <span class='ocrx_word' id='word_1_155' title='bbox 1647 1600 1933 1657; x_wconf 83' lang='lat' dir='ltr'><strong><em>convenit.</em></strong></span> <span class='ocrx_word' id='word_1_156' title='bbox 1968 1599 2130 1655; x_wconf 83' lang='lat' dir='ltr'><strong><em>Onus</em></strong></span> 
     </span>
    </p>
   </div>
   <div class='ocr_carea' id='block_1_19' title="bbox 484 1689 2127 1764">
    <p class='ocr_par' dir='ltr' id='par_1_19' title="bbox 484 1689 2127 1764">
     <span class='ocr_line' id='line_1_19' title="bbox 484 1689 2127 1764; baseline -0.003 -16"><span class='ocrx_word' id='word_1_157' title='bbox 484 1693 640 1749; x_wconf 87' lang='lat' dir='ltr'><strong><em>enim</em></strong></span> <span class='ocrx_word' id='word_1_158' title='bbox 675 1709 851 1748; x_wconf 90' lang='lat' dir='ltr'><strong><em>suum</em></strong></span> <span class='ocrx_word' id='word_1_159' title='bbox 884 1691 1290 1764; x_wconf 88' lang='lat' dir='ltr'><strong><em>unusquisque</em></strong></span> <span class='ocrx_word' id='word_1_160' title='bbox 1323 1691 1744 1764; x_wconf 60' lang='lat' dir='ltr'><strong><em>portabitllazc</em></strong></span> <span class='ocrx_word' id='word_1_161' title='bbox 1773 1694 1968 1745; x_wconf 86' lang='lat' dir='ltr'><strong><em>autem</em></strong></span> <span class='ocrx_word' id='word_1_162' title='bbox 2000 1689 2127 1744; x_wconf 90' lang='lat' dir='ltr'><strong><em>bre-</em></strong></span> 
     </span>
    </p>
   </div>
   <div class='ocr_carea' id='block_1_20' title="bbox 483 1777 2130 1850">
    <p class='ocr_par' dir='ltr' id='par_1_20' title="bbox 483 1777 2130 1850">
     <span class='ocr_line' id='line_1_20' title="bbox 483 1777 2130 1850; baseline -0.003 -13"><span class='ocrx_word' id='word_1_163' title='bbox 483 1781 631 1838; x_wconf 86' lang='lat' dir='ltr'><strong><em>viter</em></strong></span> <span class='ocrx_word' id='word_1_164' title='bbox 682 1781 962 1848; x_wconf 83' lang='lat' dir='ltr'><strong><em>diximus,</em></strong></span> <span class='ocrx_word' id='word_1_165' title='bbox 997 1798 1111 1835; x_wconf 91' lang='lat' dir='ltr'><strong><em>non</em></strong></span> <span class='ocrx_word' id='word_1_166' title='bbox 1161 1786 1225 1835; x_wconf 90' lang='lat' dir='ltr'><strong><em>ut</em></strong></span> <span class='ocrx_word' id='word_1_167' title='bbox 1267 1781 1500 1836; x_wconf 86' lang='lat' dir='ltr'><strong><em>credere</em></strong></span> <span class='ocrx_word' id='word_1_168' title='bbox 1527 1779 1614 1835; x_wconf 87' lang='lat' dir='ltr'><strong><em>vel</em></strong></span> <span class='ocrx_word' id='word_1_169' title='bbox 1645 1779 1798 1835; x_wconf 91' lang='lat' dir='ltr'><strong><em>credi</em></strong></span> <span class='ocrx_word' id='word_1_170' title='bbox 1831 1779 1904 1834; x_wconf 89' lang='lat' dir='ltr'><strong><em>ab</em></strong></span> <span class='ocrx_word' id='word_1_171' title='bbox 1935 1777 2130 1850; x_wconf 90' lang='lat' dir='ltr'><strong><em>aliquo</em></strong></span> 
     </span>
    </p>
   </div>
   <div class='ocr_carea' id='block_1_21' title="bbox 485 1864 2132 1944">
    <p class='ocr_par' dir='ltr' id='par_1_21' title="bbox 485 1864 2132 1944">
     <span class='ocr_line' id='line_1_21' title="bbox 485 1864 2132 1944; baseline -0.004 -19"><span class='ocrx_word' id='word_1_172' title='bbox 485 1869 824 1942; x_wconf 86' lang='lat' dir='ltr'><strong><em>hujusmodi</em></strong></span> <span class='ocrx_word' id='word_1_173' title='bbox 849 1869 1209 1942; x_wconf 88' lang='lat' dir='ltr'><strong><em>derogationi</em></strong></span> <span class='ocrx_word' id='word_1_174' title='bbox 1228 1871 1300 1924; x_wconf 93' lang='lat' dir='ltr'><strong><em>de</em></strong></span> <span class='ocrx_word' id='word_1_175' title='bbox 1318 1885 1673 1942; x_wconf 90' lang='lat' dir='ltr'><strong><em>quocunque</em></strong></span> <span class='ocrx_word' id='word_1_176' title='bbox 1690 1864 2132 1944; x_wconf 80' lang='lat' dir='ltr'><strong><em>sacerdotevcli-</em></strong></span> 
     </span>
    </p>
   </div>
   <div class='ocr_carea' id='block_1_22' title="bbox 483 1957 2132 2031">
    <p class='ocr_par' dir='ltr' id='par_1_22' title="bbox 483 1957 2132 2031">
     <span class='ocr_line' id='line_1_22' title="bbox 483 1957 2132 2031; baseline -0.002 -17"><span class='ocrx_word' id='word_1_177' title='bbox 483 1976 640 2026; x_wconf 89' lang='lat' dir='ltr'><strong><em>mus,</em></strong></span> <span class='ocrx_word' id='word_1_178' title='bbox 673 1959 771 2014; x_wconf 93' lang='lat' dir='ltr'><strong><em>sed</em></strong></span> <span class='ocrx_word' id='word_1_179' title='bbox 809 1962 872 2013; x_wconf 93' lang='lat' dir='ltr'><strong><em>ut</em></strong></span> <span class='ocrx_word' id='word_1_180' title='bbox 903 1975 1008 2014; x_wconf 91' lang='lat' dir='ltr'><strong><em>nos</em></strong></span> <span class='ocrx_word' id='word_1_181' title='bbox 1037 1962 1328 2030; x_wconf 82' lang='lat' dir='ltr'><strong><em>quatenus</em></strong></span> <span class='ocrx_word' id='word_1_182' title='bbox 1357 1957 1494 2014; x_wconf 90' lang='lat' dir='ltr'><strong><em>hinc</em></strong></span> <span class='ocrx_word' id='word_1_183' title='bbox 1525 1957 2012 2031; x_wconf 82' lang='lat' dir='ltr'><strong><em>respondercmus</em></strong></span> <span class='ocrx_word' id='word_1_184' title='bbox 2029 1971 2132 2028; x_wconf 87' lang='lat' dir='ltr'><strong><em>per</em></strong></span> 
     </span>
    </p>
   </div>
   <div class='ocr_carea' id='block_1_23' title="bbox 483 2045 2132 2120">
    <p class='ocr_par' dir='ltr' id='par_1_23' title="bbox 483 2045 2132 2120">
     <span class='ocr_line' id='line_1_23' title="bbox 483 2045 2132 2120; baseline -0.004 -16"><span class='ocrx_word' id='word_1_185' title='bbox 483 2065 696 2104; x_wconf 88' lang='lat' dir='ltr'><strong><em>nomen</em></strong></span> <span class='ocrx_word' id='word_1_186' title='bbox 727 2047 958 2104; x_wconf 89' lang='lat' dir='ltr'><strong><em>Domini</em></strong></span> <span class='ocrx_word' id='word_1_187' title='bbox 980 2047 1408 2104; x_wconf 88' lang='lat' dir='ltr'><strong><em>obtestantibus</em></strong></span> <span class='ocrx_word' id='word_1_188' title='bbox 1439 2046 1951 2120; x_wconf 88' lang='lat' dir='ltr'><strong><em>designemus,hoc</em></strong></span> <span class='ocrx_word' id='word_1_189' title='bbox 1968 2045 2132 2100; x_wconf 85' lang='lat' dir='ltr'><strong><em>nefas</em></strong></span> 
     </span>
    </p>
   </div>
   <div class='ocr_carea' id='block_1_24' title="bbox 484 2132 2131 2210">
    <p class='ocr_par' dir='ltr' id='par_1_24' title="bbox 484 2132 2131 2210">
     <span class='ocr_line' id='line_1_24' title="bbox 484 2132 2131 2210; baseline -0.003 -18"><span class='ocrx_word' id='word_1_190' title='bbox 484 2136 833 2210; x_wconf 88' lang='lat' dir='ltr'><strong><em>proditionis</em></strong></span> <span class='ocrx_word' id='word_1_191' title='bbox 865 2141 1039 2208; x_wconf 90' lang='lat' dir='ltr'><strong><em>atque</em></strong></span> <span class='ocrx_word' id='word_1_192' title='bbox 1078 2135 1461 2208; x_wconf 89' lang='lat' dir='ltr'><strong><em>duplicitatis,</em></strong></span> <span class='ocrx_word' id='word_1_193' title='bbox 1495 2141 1551 2192; x_wconf 90' lang='lat' dir='ltr'><strong><em>et</em></strong></span> <span class='ocrx_word' id='word_1_194' title='bbox 1583 2151 1931 2209; x_wconf 83' lang='lat' dir='ltr'><strong><em>magnOperc</em></strong></span> <span class='ocrx_word' id='word_1_195' title='bbox 1963 2132 2131 2189; x_wconf 87' lang='lat' dir='ltr'><strong><em>nobis</em></strong></span> 
     </span>
    </p>
   </div>
   <div class='ocr_carea' id='block_1_25' title="bbox 486 2221 2134 2294">
    <p class='ocr_par' dir='ltr' id='par_1_25' title="bbox 486 2221 2134 2294">
     <span class='ocr_line' id='line_1_25' title="bbox 486 2221 2134 2294; baseline -0.004 -12"><span class='ocrx_word' id='word_1_196' title='bbox 486 2243 615 2282; x_wconf 90' lang='lat' dir='ltr'><strong><em>esse</em></strong></span> <span class='ocrx_word' id='word_1_197' title='bbox 644 2225 969 2292; x_wconf 81' lang='lat' dir='ltr'><strong><em>vitandum,</em></strong></span> <span class='ocrx_word' id='word_1_198' title='bbox 1000 2228 1058 2280; x_wconf 89' lang='lat' dir='ltr'><strong><em>et</em></strong></span> <span class='ocrx_word' id='word_1_199' title='bbox 1085 2224 1237 2280; x_wconf 71' lang='lat'><strong><em>615</em></strong></span> <span class='ocrx_word' id='word_1_200' title='bbox 1269 2224 1328 2280; x_wconf 90' lang='lat' dir='ltr'><strong><em>in</em></strong></span> <span class='ocrx_word' id='word_1_201' title='bbox 1361 2223 1636 2280; x_wconf 89' lang='lat' dir='ltr'><strong><em>omnibus</em></strong></span> <span class='ocrx_word' id='word_1_202' title='bbox 1665 2225 1918 2294; x_wconf 87' lang='lat' dir='ltr'><strong><em>profecto</em></strong></span> <span class='ocrx_word' id='word_1_203' title='bbox 1951 2221 2134 2276; x_wconf 88' lang='lat' dir='ltr'><strong><em>homi-</em></strong></span> 
     </span>
    </p>
   </div>
   <div class='ocr_carea' id='block_1_26' title="bbox 485 2315 1124 2400">
    <p class='ocr_par' dir='ltr' id='par_1_26' title="bbox 485 2315 1124 2400">
     <span class='ocr_line' id='line_1_26' title="bbox 485 2315 1124 2400; baseline -0.005 -29"><span class='ocrx_word' id='word_1_204' title='bbox 485 2315 662 2371; x_wconf 86' lang='lat' dir='ltr'><strong><em>nibus</em></strong></span> <span class='ocrx_word' id='word_1_205' title='bbox 692 2315 1124 2400; x_wconf 81' lang='lat' dir='ltr'><strong><em>detestandum.</em></strong></span> 
     </span>
    </p>
   </div>
   <div class='ocr_carea' id='block_1_27' title="bbox 943 2436 1678 2495">
    <p class='ocr_par' dir='ltr' id='par_1_27' title="bbox 943 2436 1678 2495">
     <span class='ocr_line' id='line_1_27' title="bbox 943 2436 1678 2495; baseline -0.005 -1"><span class='ocrx_word' id='word_1_206' title='bbox 943 2437 1483 2495; x_wconf 81' lang='lat' dir='ltr'><strong><em>INTERROGATIO</em></strong></span> <span class='ocrx_word' id='word_1_207' title='bbox 1530 2436 1678 2492; x_wconf 86' lang='lat' dir='ltr'><strong>VIII.</strong></span> 
     </span>
    </p>
   </div>
   <div class='ocr_carea' id='block_1_28' title="bbox 561 2540 2129 2616">
    <p class='ocr_par' dir='ltr' id='par_1_28' title="bbox 561 2540 2129 2616">
     <span class='ocr_line' id='line_1_28' title="bbox 561 2540 2129 2616; baseline -0.005 -13"><span class='ocrx_word' id='word_1_208' title='bbox 561 2547 706 2604; x_wconf 85' lang='lat' dir='ltr'><strong><em>Huic</em></strong></span> <span class='ocrx_word' id='word_1_209' title='bbox 736 2551 932 2603; x_wconf 89' lang='lat' dir='ltr'><strong><em>autem</em></strong></span> <span class='ocrx_word' id='word_1_210' title='bbox 965 2545 1120 2600; x_wconf 90' lang='lat' dir='ltr'><strong><em>dicto</em></strong></span> <span class='ocrx_word' id='word_1_211' title='bbox 1151 2545 1306 2616; x_wconf 90' lang='lat' dir='ltr'><strong><em>quod</em></strong></span> <span class='ocrx_word' id='word_1_212' title='bbox 1339 2543 1503 2598; x_wconf 88' lang='lat' dir='ltr'><strong><em>aiunt</em></strong></span> <span class='ocrx_word' id='word_1_213' title='bbox 1558 2542 1820 2615; x_wconf 91' lang='lat' dir='ltr'><strong><em>quidam,</em></strong></span> <span class='ocrx_word' id='word_1_214' title='bbox 1852 2540 2129 2614; x_wconf 89' lang='lat' dir='ltr'><strong><em>quoniam</em></strong></span> 
     </span>
    </p>
   </div>
   <div class='ocr_carea' id='block_1_29' title="bbox 489 2623 2132 2702">
    <p class='ocr_par' dir='ltr' id='par_1_29' title="bbox 489 2623 2132 2702">
     <span class='ocr_line' id='line_1_29' title="bbox 489 2623 2132 2702; baseline -0.005 -9"><span class='ocrx_word' id='word_1_215' title='bbox 489 2636 738 2692; x_wconf 83' lang='lat' dir='ltr'><strong><em>intentio</em></strong></span> <span class='ocrx_word' id='word_1_216' title='bbox 768 2635 929 2690; x_wconf 90' lang='lat' dir='ltr'><strong><em>illius</em></strong></span> <span class='ocrx_word' id='word_1_217' title='bbox 960 2632 1186 2688; x_wconf 69' lang='lat' dir='ltr'><strong><em>femina:</em></strong></span> <span class='ocrx_word' id='word_1_218' title='bbox 1217 2633 1328 2687; x_wconf 87' lang='lat' dir='ltr'><strong><em>fuit</em></strong></span> <span class='ocrx_word' id='word_1_219' title='bbox 1349 2632 1418 2687; x_wconf 90' lang='lat' dir='ltr'><strong><em>de</em></strong></span> <span class='ocrx_word' id='word_1_220' title='bbox 1441 2631 1552 2686; x_wconf 88' lang='lat' dir='ltr'><strong><em>alio</em></strong></span> <span class='ocrx_word' id='word_1_221' title='bbox 1581 2631 1842 2702; x_wconf 83' lang='lat' dir='ltr'><strong><em>eiusdem</em></strong></span> <span class='ocrx_word' id='word_1_222' title='bbox 1876 2623 2132 2685; x_wconf 79' lang='lat' dir='ltr'><strong><em>nominis</em></strong></span> 
     </span>
    </p>
   </div>
   <div class='ocr_carea' id='block_1_30' title="bbox 488 2720 2133 2794">
    <p class='ocr_par' dir='ltr' id='par_1_30' title="bbox 488 2720 2133 2794">
     <span class='ocr_line' id='line_1_30' title="bbox 488 2720 2133 2794; baseline -0.003 -13"><span class='ocrx_word' id='word_1_223' title='bbox 488 2727 663 2781; x_wconf 83' lang='lat' dir='ltr'><strong><em>fratre</em></strong></span> <span class='ocrx_word' id='word_1_224' title='bbox 685 2723 1054 2794; x_wconf 87' lang='lat' dir='ltr'><strong><em>suo,quando</em></strong></span> <span class='ocrx_word' id='word_1_225' title='bbox 1075 2721 1353 2777; x_wconf 86' lang='lat' dir='ltr'><strong><em>vicarium</em></strong></span> <span class='ocrx_word' id='word_1_226' title='bbox 1379 2737 1552 2775; x_wconf 91' lang='lat' dir='ltr'><strong><em>suum</em></strong></span> <span class='ocrx_word' id='word_1_227' title='bbox 1573 2720 1632 2774; x_wconf 90' lang='lat' dir='ltr'><strong><em>in</em></strong></span> <span class='ocrx_word' id='word_1_228' title='bbox 1647 2720 1938 2789; x_wconf 80' lang='lat' dir='ltr'><strong><em>judicium</em></strong></span> <span class='ocrx_word' id='word_1_229' title='bbox 1956 2737 2057 2792; x_wconf 87' lang='lat' dir='ltr'><strong><em>pro</em></strong></span> <span class='ocrx_word' id='word_1_230' title='bbox 2071 2737 2133 2776; x_wconf 89' lang='lat' dir='ltr'><strong><em>se</em></strong></span> 
     </span>
    </p>
   </div>
   <div class='ocr_carea' id='block_1_31' title="bbox 490 2808 2132 2882">
    <p class='ocr_par' dir='ltr' id='par_1_31' title="bbox 490 2808 2132 2882">
     <span class='ocr_line' id='line_1_31' title="bbox 490 2808 2132 2882; baseline -0.004 -12"><span class='ocrx_word' id='word_1_231' title='bbox 490 2813 670 2880; x_wconf 87' lang='lat' dir='ltr'><strong><em>misit,</em></strong></span> <span class='ocrx_word' id='word_1_232' title='bbox 702 2819 760 2869; x_wconf 88' lang='lat' dir='ltr'><strong><em>et</em></strong></span> <span class='ocrx_word' id='word_1_233' title='bbox 790 2811 1004 2868; x_wconf 89' lang='lat' dir='ltr'><strong><em>idcirco</em></strong></span> <span class='ocrx_word' id='word_1_234' title='bbox 1036 2827 1098 2866; x_wconf 89' lang='lat' dir='ltr'><strong><em>se</em></strong></span> <span class='ocrx_word' id='word_1_235' title='bbox 1127 2811 1186 2865; x_wconf 91' lang='lat' dir='ltr'><strong><em>in</em></strong></span> <span class='ocrx_word' id='word_1_236' title='bbox 1209 2809 1434 2882; x_wconf 87' lang='lat' dir='ltr'><strong><em>judicio</em></strong></span> <span class='ocrx_word' id='word_1_237' title='bbox 1491 2809 1678 2865; x_wconf 87' lang='lat' dir='ltr'><strong><em>isdem</em></strong></span> <span class='ocrx_word' id='word_1_238' title='bbox 1719 2808 1971 2864; x_wconf 83' lang='lat' dir='ltr'><strong><em>vicarius</em></strong></span> <span class='ocrx_word' id='word_1_239' title='bbox 2001 2810 2132 2880; x_wconf 87' lang='lat' dir='ltr'><strong><em>ejus</em></strong></span> 
     </span>
    </p>
   </div>
   <div class='ocr_carea' id='block_1_32' title="bbox 488 2901 806 2961">
    <p class='ocr_par' dir='ltr' id='par_1_32' title="bbox 488 2901 806 2961">
     <span class='ocr_line' id='line_1_32' title="bbox 488 2901 806 2961; baseline -0.009 0"><span class='ocrx_word' id='word_1_240' title='bbox 488 2921 602 2961; x_wconf 90' lang='lat' dir='ltr'><strong><em>non</em></strong></span> <span class='ocrx_word' id='word_1_241' title='bbox 635 2901 806 2959; x_wconf 83' lang='lat' dir='ltr'><strong><em>coxit.</em></strong></span> 
     </span>
    </p>
   </div>
   <div class='ocr_carea' id='block_1_33' title="bbox 1103 3006 1518 3064">
    <p class='ocr_par' dir='ltr' id='par_1_33' title="bbox 1103 3006 1518 3064">
     <span class='ocr_line' id='line_1_33' title="bbox 1103 3006 1518 3064; baseline -0.01 0"><span class='ocrx_word' id='word_1_242' title='bbox 1103 3006 1518 3064; x_wconf 80' lang='lat' dir='ltr'><strong><em>RESPONSIO.</em></strong></span> 
     </span>
    </p>
   </div>
   <div class='ocr_carea' id='block_1_34' title="bbox 557 3109 2130 3188">
    <p class='ocr_par' dir='ltr' id='par_1_34' title="bbox 557 3109 2130 3188">
     <span class='ocr_line' id='line_1_34' title="bbox 557 3109 2130 3188; baseline -0.003 -17"><span class='ocrx_word' id='word_1_243' title='bbox 557 3115 924 3188; x_wconf 82' lang='lat' dir='ltr'><strong><em>Quasijudex</em></strong></span> <span class='ocrx_word' id='word_1_244' title='bbox 944 3113 1210 3170; x_wconf 90' lang='lat' dir='ltr'><strong><em>omnium</em></strong></span> <span class='ocrx_word' id='word_1_245' title='bbox 1237 3131 1365 3185; x_wconf 68' lang='lat' dir='ltr'><strong><em>quae</em></strong></span> <span class='ocrx_word' id='word_1_246' title='bbox 1386 3115 1690 3185; x_wconf 86' lang='lat' dir='ltr'><strong><em>geruntur,</em></strong></span> <span class='ocrx_word' id='word_1_247' title='bbox 1705 3111 1802 3184; x_wconf 92' lang='lat' dir='ltr'><strong><em>qui</em></strong></span> <span class='ocrx_word' id='word_1_248' title='bbox 1829 3109 1986 3166; x_wconf 89' lang='lat' dir='ltr'><strong><em>novit</em></strong></span> <span class='ocrx_word' id='word_1_249' title='bbox 2006 3128 2130 3166; x_wconf 84' lang='lat' dir='ltr'><strong><em>om-</em></strong></span> 
     </span>
    </p>
   </div>
   <div class='ocr_carea' id='block_1_35' title="bbox 490 3199 2128 3275">
    <p class='ocr_par' dir='ltr' id='par_1_35' title="bbox 490 3199 2128 3275">
     <span class='ocr_line' id='line_1_35' title="bbox 490 3199 2128 3275; baseline -0.005 -13"><span class='ocrx_word' id='word_1_250' title='bbox 490 3206 588 3262; x_wconf 90' lang='lat' dir='ltr'><strong><em>nia</em></strong></span> <span class='ocrx_word' id='word_1_251' title='bbox 601 3206 775 3261; x_wconf 85' lang='lat' dir='ltr'><strong><em>etiam</em></strong></span> <span class='ocrx_word' id='word_1_252' title='bbox 797 3209 1112 3275; x_wconf 87' lang='lat' dir='ltr'><strong><em>antequam</em></strong></span> <span class='ocrx_word' id='word_1_253' title='bbox 1133 3205 1298 3270; x_wconf 81' lang='lat' dir='ltr'><strong><em>ﬁant,</em></strong></span> <span class='ocrx_word' id='word_1_254' title='bbox 1317 3201 1416 3256; x_wconf 90' lang='lat' dir='ltr'><strong><em>tali</em></strong></span> <span class='ocrx_word' id='word_1_255' title='bbox 1436 3219 1628 3258; x_wconf 88' lang='lat' dir='ltr'><strong><em>errore</em></strong></span> <span class='ocrx_word' id='word_1_256' title='bbox 1641 3201 1838 3256; x_wconf 90' lang='lat' dir='ltr'><strong><em>seduci</em></strong></span> <span class='ocrx_word' id='word_1_257' title='bbox 1855 3199 2128 3272; x_wconf 89' lang='lat' dir='ltr'><strong><em>potuerit,</em></strong></span> 
     </span>
    </p>
   </div>
   <div class='ocr_carea' id='block_1_36' title="bbox 2159 1913 2207 1978">
    <p class='ocr_par' dir='ltr' id='par_1_36' title="bbox 2159 1913 2207 1978">
     <span class='ocr_line' id='line_1_36' title="bbox 2159 1913 2207 1978; baseline 0 0"><span class='ocrx_word' id='word_1_258' title='bbox 2159 1913 2207 1978; x_wconf 88' lang='lat' dir='ltr'><strong>B</strong></span> 
     </span>
    </p>
   </div>
   <div class='ocr_carea' id='block_1_37' title="bbox 2232 978 3888 1052">
    <p class='ocr_par' dir='ltr' id='par_1_37' title="bbox 2232 978 3888 1052">
     <span class='ocr_line' id='line_1_37' title="bbox 2232 978 3888 1052; baseline -0.002 -17"><span class='ocrx_word' id='word_1_259' title='bbox 2232 983 2374 1037; x_wconf 88' lang='lat' dir='ltr'><strong><em>ritus</em></strong></span> <span class='ocrx_word' id='word_1_260' title='bbox 2397 999 2582 1038; x_wconf 89' lang='lat' dir='ltr'><strong><em>coram</em></strong></span> <span class='ocrx_word' id='word_1_261' title='bbox 2610 983 2860 1052; x_wconf 86' lang='lat' dir='ltr'><strong><em>Domino,</em></strong></span> <span class='ocrx_word' id='word_1_262' title='bbox 2891 989 2940 1036; x_wconf 89' lang='lat' dir='ltr'><strong><em>et</em></strong></span> <span class='ocrx_word' id='word_1_263' title='bbox 2971 982 3051 1036; x_wconf 86' lang='lat' dir='ltr'><strong><em>ait</em></strong></span> <span class='ocrx_word' id='word_1_264' title='bbox 3072 998 3092 1035; x_wconf 89' lang='lat'><em>:</em></span> <span class='ocrx_word' id='word_1_265' title='bbox 3118 981 3231 1049; x_wconf 87' lang='lat' dir='ltr'><strong><em>Ego</em></strong></span> <span class='ocrx_word' id='word_1_266' title='bbox 3258 979 3529 1050; x_wconf 85' lang='lat' dir='ltr'><strong><em>decipiam</em></strong></span> <span class='ocrx_word' id='word_1_267' title='bbox 3561 979 3746 1034; x_wconf 89' lang='lat' dir='ltr'><strong><em>illum.</em></strong></span> <span class='ocrx_word' id='word_1_268' title='bbox 3781 978 3888 1033; x_wconf 86' lang='lat' dir='ltr'><strong><em>Cui</em></strong></span> 
     </span>
    </p>
   </div>
   <div class='ocr_carea' id='block_1_38' title="bbox 2240 1067 3879 1142">
    <p class='ocr_par' dir='ltr' id='par_1_38' title="bbox 2240 1067 3879 1142">
     <span class='ocr_line' id='line_1_38' title="bbox 2240 1067 3879 1142; baseline -0.003 -16"><span class='ocrx_word' id='word_1_269' title='bbox 2240 1072 2450 1126; x_wconf 75' lang='lat' dir='ltr'><strong><em>locutus</em></strong></span> <span class='ocrx_word' id='word_1_270' title='bbox 2499 1079 2575 1127; x_wconf 90' lang='lat' dir='ltr'><strong><em>est</em></strong></span> <span class='ocrx_word' id='word_1_271' title='bbox 2629 1072 2914 1136; x_wconf 86' lang='lat' dir='ltr'><strong><em>Dominus,</em></strong></span> <span class='ocrx_word' id='word_1_272' title='bbox 2945 1071 3007 1126; x_wconf 81' lang='lat' dir='ltr'><strong><em>In</em></strong></span> <span class='ocrx_word' id='word_1_273' title='bbox 3041 1073 3188 1142; x_wconf 84' lang='lat' dir='ltr'><strong><em>quo?</em></strong></span> <span class='ocrx_word' id='word_1_274' title='bbox 3214 1070 3279 1124; x_wconf 88' lang='lat' dir='ltr'><strong><em>Et</em></strong></span> <span class='ocrx_word' id='word_1_275' title='bbox 3308 1069 3404 1125; x_wconf 88' lang='lat' dir='ltr'><strong><em>ille</em></strong></span> <span class='ocrx_word' id='word_1_276' title='bbox 3429 1069 3510 1124; x_wconf 88' lang='lat' dir='ltr'><strong><em>ait</em></strong></span> <span class='ocrx_word' id='word_1_277' title='bbox 3540 1087 3559 1122; x_wconf 93' lang='lat'><em>:</em></span> <span class='ocrx_word' id='word_1_278' title='bbox 3591 1067 3879 1137; x_wconf 84' lang='lat' dir='ltr'><strong><em>Egrediar,</em></strong></span> 
     </span>
    </p>
   </div>
   <div class='ocr_carea' id='block_1_39' title="bbox 2237 1157 3885 1232">
    <p class='ocr_par' dir='ltr' id='par_1_39' title="bbox 2237 1157 3885 1232">
     <span class='ocr_line' id='line_1_39' title="bbox 2237 1157 3885 1232; baseline -0.002 -17"><span class='ocrx_word' id='word_1_279' title='bbox 2237 1169 2286 1215; x_wconf 91' lang='lat' dir='ltr'><strong><em>et</em></strong></span> <span class='ocrx_word' id='word_1_280' title='bbox 2324 1177 2415 1216; x_wconf 86' lang='lat' dir='ltr'><strong><em>cro</em></strong></span> <span class='ocrx_word' id='word_1_281' title='bbox 2441 1162 2668 1232; x_wconf 85' lang='lat' dir='ltr'><strong><em>spiritus</em></strong></span> <span class='ocrx_word' id='word_1_282' title='bbox 2692 1160 2928 1216; x_wconf 67' lang='lat' dir='ltr'><strong><em>merulae:</em></strong></span> <span class='ocrx_word' id='word_1_283' title='bbox 2957 1161 3017 1215; x_wconf 86' lang='lat' dir='ltr'><strong><em>in</em></strong></span> <span class='ocrx_word' id='word_1_284' title='bbox 3047 1175 3139 1215; x_wconf 90' lang='lat' dir='ltr'><strong><em>ore</em></strong></span> <span class='ocrx_word' id='word_1_285' title='bbox 3194 1161 3442 1216; x_wconf 87' lang='lat' dir='ltr'><strong><em>omnium</em></strong></span> <span class='ocrx_word' id='word_1_286' title='bbox 3493 1157 3885 1230; x_wconf 80' lang='lat' dir='ltr'><strong><em>prophetarum</em></strong></span> 
     </span>
    </p>
   </div>
   <div class='ocr_carea' id='block_1_40' title="bbox 2235 1245 3887 1320">
    <p class='ocr_par' dir='ltr' id='par_1_40' title="bbox 2235 1245 3887 1320">
     <span class='ocr_line' id='line_1_40' title="bbox 2235 1245 3887 1320; baseline -0.002 -15"><span class='ocrx_word' id='word_1_287' title='bbox 2235 1250 2372 1320; x_wconf 86' lang='lat' dir='ltr'><strong><em>ejus.</em></strong></span> <span class='ocrx_word' id='word_1_288' title='bbox 2429 1251 2494 1304; x_wconf 90' lang='lat' dir='ltr'><strong><em>Et</em></strong></span> <span class='ocrx_word' id='word_1_289' title='bbox 2551 1249 2705 1305; x_wconf 69' lang='lat' dir='ltr'><strong><em>dixit</em></strong></span> <span class='ocrx_word' id='word_1_290' title='bbox 2749 1249 3011 1305; x_wconf 87' lang='lat' dir='ltr'><strong><em>Dominus</em></strong></span> <span class='ocrx_word' id='word_1_291' title='bbox 3039 1267 3059 1304; x_wconf 91' lang='lat'><strong><em>:</em></strong></span> <span class='ocrx_word' id='word_1_292' title='bbox 3114 1249 3377 1319; x_wconf 82' lang='lat' dir='ltr'><strong><em>Decipies,</em></strong></span> <span class='ocrx_word' id='word_1_293' title='bbox 3435 1255 3486 1303; x_wconf 91' lang='lat' dir='ltr'><strong><em>et</em></strong></span> <span class='ocrx_word' id='word_1_294' title='bbox 3539 1245 3887 1318; x_wconf 62' lang='lat' dir='ltr'><strong><em>pra’valebis,</em></strong></span> 
     </span>
    </p>
   </div>
   <div class='ocr_carea' id='block_1_41' title="bbox 2235 1335 3890 1410">
    <p class='ocr_par' dir='ltr' id='par_1_41' title="bbox 2235 1335 3890 1410">
     <span class='ocr_line' id='line_1_41' title="bbox 2235 1335 3890 1410; baseline -0.002 -16"><span class='ocrx_word' id='word_1_295' title='bbox 2235 1339 2504 1408; x_wconf 77' lang='lat' dir='ltr'><strong><em>egredere,</em></strong></span> <span class='ocrx_word' id='word_1_296' title='bbox 2564 1347 2615 1394; x_wconf 89' lang='lat' dir='ltr'><strong><em>et</em></strong></span> <span class='ocrx_word' id='word_1_297' title='bbox 2663 1341 2755 1410; x_wconf 83' lang='lat' dir='ltr'><strong><em>fac</em></strong></span> <span class='ocrx_word' id='word_1_298' title='bbox 2812 1340 2890 1394; x_wconf 88' lang='lat' dir='ltr'><strong><em>ita</em></strong></span> <span class='ocrx_word' id='word_1_299' title='bbox 2943 1338 3042 1408; x_wconf 85' lang='lat' dir='ltr'><strong><em>(III</em></strong></span> <span class='ocrx_word' id='word_1_300' title='bbox 3097 1338 3224 1406; x_wconf 83' lang='lat' dir='ltr'><strong><em>Reg.</em></strong></span> <span class='ocrx_word' id='word_1_301' title='bbox 3284 1354 3400 1408; x_wconf 71' lang='lat' dir='ltr'><strong><em>xxx,</em></strong></span> <span class='ocrx_word' id='word_1_302' title='bbox 3459 1336 3569 1406; x_wconf 87' lang='grc'>19).</span> <span class='ocrx_word' id='word_1_303' title='bbox 3601 1335 3755 1402; x_wconf 87' lang='lat' dir='ltr'><strong><em>Quid</em></strong></span> <span class='ocrx_word' id='word_1_304' title='bbox 3813 1335 3890 1390; x_wconf 86' lang='lat' dir='ltr'><strong><em>sit</em></strong></span> 
     </span>
    </p>
   </div>
   <div class='ocr_carea' id='block_1_42' title="bbox 2237 1424 3887 1500">
    <p class='ocr_par' dir='ltr' id='par_1_42' title="bbox 2237 1424 3887 1500">
     <span class='ocr_line' id='line_1_42' title="bbox 2237 1424 3887 1500; baseline -0.001 -17"><span class='ocrx_word' id='word_1_305' title='bbox 2237 1431 2428 1485; x_wconf 86' lang='lat' dir='ltr'><strong><em>astare</em></strong></span> <span class='ocrx_word' id='word_1_306' title='bbox 2448 1427 2773 1500; x_wconf 87' lang='lat' dir='ltr'><strong><em>malignum</em></strong></span> <span class='ocrx_word' id='word_1_307' title='bbox 2796 1427 3069 1500; x_wconf 83' lang='lat' dir='ltr'><strong><em>spiritum</em></strong></span> <span class='ocrx_word' id='word_1_308' title='bbox 3094 1425 3360 1491; x_wconf 88' lang='lat' dir='ltr'><strong><em>Domino,</em></strong></span> <span class='ocrx_word' id='word_1_309' title='bbox 3377 1429 3436 1481; x_wconf 88' lang='lat' dir='ltr'><strong><em>et</em></strong></span> <span class='ocrx_word' id='word_1_310' title='bbox 3461 1425 3600 1496; x_wconf 91' lang='lat' dir='ltr'><strong><em>quid</em></strong></span> <span class='ocrx_word' id='word_1_311' title='bbox 3625 1425 3706 1481; x_wconf 87' lang='lat' dir='ltr'><strong><em>sit</em></strong></span> <span class='ocrx_word' id='word_1_312' title='bbox 3734 1424 3887 1497; x_wconf 88' lang='lat' dir='ltr'><strong><em>quod</em></strong></span> 
     </span>
    </p>
   </div>
   <div class='ocr_carea' id='block_1_43' title="bbox 2239 1511 3884 1590">
    <p class='ocr_par' dir='ltr' id='par_1_43' title="bbox 2239 1511 3884 1590">
     <span class='ocr_line' id='line_1_43' title="bbox 2239 1511 3884 1590; baseline -0.003 -18"><span class='ocrx_word' id='word_1_313' title='bbox 2239 1518 2628 1589; x_wconf 81' lang='lat' dir='ltr'><strong><em>interrogasse</em></strong></span> <span class='ocrx_word' id='word_1_314' title='bbox 2666 1517 2991 1590; x_wconf 89' lang='lat' dir='ltr'><strong><em>malignum</em></strong></span> <span class='ocrx_word' id='word_1_315' title='bbox 3026 1514 3298 1588; x_wconf 88' lang='lat' dir='ltr'><strong><em>spiritum</em></strong></span> <span class='ocrx_word' id='word_1_316' title='bbox 3331 1513 3620 1570; x_wconf 87' lang='lat' dir='ltr'><strong><em>Dominus</em></strong></span> <span class='ocrx_word' id='word_1_317' title='bbox 3649 1511 3884 1580; x_wconf 89' lang='lat' dir='ltr'><strong><em>dicitur,</em></strong></span> 
     </span>
    </p>
   </div>
   <div class='ocr_carea' id='block_1_44' title="bbox 2239 1600 3888 1678">
    <p class='ocr_par' dir='ltr' id='par_1_44' title="bbox 2239 1600 3888 1678">
     <span class='ocr_line' id='line_1_44' title="bbox 2239 1600 3888 1678; baseline -0.003 -17"><span class='ocrx_word' id='word_1_318' title='bbox 2239 1610 2297 1662; x_wconf 88' lang='lat' dir='ltr'><strong><em>et</em></strong></span> <span class='ocrx_word' id='word_1_319' title='bbox 2313 1604 2563 1678; x_wconf 86' lang='lat' dir='ltr'><strong><em>qualiter</em></strong></span> <span class='ocrx_word' id='word_1_320' title='bbox 2583 1604 2858 1676; x_wconf 88' lang='lat' dir='ltr'><strong><em>loquatur</em></strong></span> <span class='ocrx_word' id='word_1_321' title='bbox 2878 1604 3034 1660; x_wconf 90' lang='lat' dir='ltr'><strong><em>Deus</em></strong></span> <span class='ocrx_word' id='word_1_322' title='bbox 3065 1603 3138 1660; x_wconf 87' lang='lat' dir='ltr'><strong><em>ad</em></strong></span> <span class='ocrx_word' id='word_1_323' title='bbox 3171 1601 3496 1676; x_wconf 87' lang='lat' dir='ltr'><strong><em>malignum</em></strong></span> <span class='ocrx_word' id='word_1_324' title='bbox 3527 1600 3888 1675; x_wconf 87' lang='lat' dir='ltr'><strong><em>spiritum,et</em></strong></span> 
     </span>
    </p>
   </div>
   <div class='ocr_carea' id='block_1_45' title="bbox 2239 1689 3883 1768">
    <p class='ocr_par' dir='ltr' id='par_1_45' title="bbox 2239 1689 3883 1768">
     <span class='ocr_line' id='line_1_45' title="bbox 2239 1689 3883 1768; baseline -0.004 -17"><span class='ocrx_word' id='word_1_325' title='bbox 2239 1694 2534 1768; x_wconf 89' lang='lat' dir='ltr'><strong><em>malignus</em></strong></span> <span class='ocrx_word' id='word_1_326' title='bbox 2557 1693 2799 1767; x_wconf 87' lang='lat' dir='ltr'><strong><em>spiritus</em></strong></span> <span class='ocrx_word' id='word_1_327' title='bbox 2821 1694 2893 1752; x_wconf 88' lang='lat' dir='ltr'><strong><em>ad</em></strong></span> <span class='ocrx_word' id='word_1_328' title='bbox 2927 1693 3135 1761; x_wconf 67' lang='lat' dir='ltr'><strong><em>Deum,</em></strong></span> <span class='ocrx_word' id='word_1_329' title='bbox 3165 1692 3372 1749; x_wconf 88' lang='lat' dir='ltr'><strong><em>beatus</em></strong></span> <span class='ocrx_word' id='word_1_330' title='bbox 3403 1689 3640 1764; x_wconf 81' lang='lat' dir='ltr'><strong><em>exponit</em></strong></span> <span class='ocrx_word' id='word_1_331' title='bbox 3671 1691 3883 1763; x_wconf 85' lang='lat' dir='ltr'><strong><em>Grego-</em></strong></span> 
     </span>
    </p>
   </div>
   <div class='ocr_carea' id='block_1_46' title="bbox 2239 1778 3884 1858">
    <p class='ocr_par' dir='ltr' id='par_1_46' title="bbox 2239 1778 3884 1858">
     <span class='ocr_line' id='line_1_46' title="bbox 2239 1778 3884 1858; baseline -0.005 -16"><span class='ocrx_word' id='word_1_332' title='bbox 2239 1783 2362 1842; x_wconf 89' lang='lat' dir='ltr'><strong><em>rius</em></strong></span> <span class='ocrx_word' id='word_1_333' title='bbox 2383 1783 2592 1858; x_wconf 81' lang='lat' dir='ltr'><strong><em>(Moral.</em></strong></span> <span class='ocrx_word' id='word_1_334' title='bbox 2625 1801 2702 1851; x_wconf 77' lang='grc' dir='ltr'><strong><em>χι,</em></strong></span> <span class='ocrx_word' id='word_1_335' title='bbox 2725 1800 2846 1855; x_wconf 86' lang='lat' dir='ltr'><strong><em>cap.</em></strong></span> <span class='ocrx_word' id='word_1_336' title='bbox 2880 1784 2934 1852; x_wconf 79' lang='grc'>4)</span> <span class='ocrx_word' id='word_1_337' title='bbox 2964 1781 3025 1837; x_wconf 86' lang='lat' dir='ltr'><strong><em>in</em></strong></span> <span class='ocrx_word' id='word_1_338' title='bbox 3057 1780 3366 1837; x_wconf 83' lang='lat' dir='ltr'><strong><em>Moralium</em></strong></span> <span class='ocrx_word' id='word_1_339' title='bbox 3399 1779 3568 1836; x_wconf 85' lang='lat' dir='ltr'><strong><em>libris</em></strong></span> <span class='ocrx_word' id='word_1_340' title='bbox 3597 1778 3884 1835; x_wconf 83' lang='lat' dir='ltr'><strong><em>devotioni</em></strong></span> 
     </span>
    </p>
   </div>
   <div class='ocr_carea' id='block_1_47' title="bbox 2241 1867 3884 1943">
    <p class='ocr_par' dir='ltr' id='par_1_47' title="bbox 2241 1867 3884 1943">
     <span class='ocr_line' id='line_1_47' title="bbox 2241 1867 3884 1943; baseline -0.004 -14"><span class='ocrx_word' id='word_1_341' title='bbox 2241 1872 2522 1929; x_wconf 88' lang='lat' dir='ltr'><strong><em>lectorum</em></strong></span> <span class='ocrx_word' id='word_1_342' title='bbox 2563 1871 2908 1928; x_wconf 87' lang='lat' dir='ltr'><strong><em>notissimis.</em></strong></span> <span class='ocrx_word' id='word_1_343' title='bbox 2943 1870 3218 1943; x_wconf 88' lang='lat' dir='ltr'><strong><em>Sequitur</em></strong></span> <span class='ocrx_word' id='word_1_344' title='bbox 3250 1871 3308 1925; x_wconf 88' lang='lat' dir='ltr'><strong><em>in</em></strong></span> <span class='ocrx_word' id='word_1_345' title='bbox 3337 1869 3585 1926; x_wconf 83' lang='lat' dir='ltr'><strong><em>historia</em></strong></span> <span class='ocrx_word' id='word_1_346' title='bbox 3612 1867 3749 1924; x_wconf 88' lang='lat' dir='ltr'><strong><em>libri</em></strong></span> <span class='ocrx_word' id='word_1_347' title='bbox 3783 1868 3884 1924; x_wconf 80' lang='lat' dir='ltr'><strong><em>Re-</em></strong></span> 
     </span>
    </p>
   </div>
   <div class='ocr_carea' id='block_1_48' title="bbox 2241 1959 3887 2036">
    <p class='ocr_par' dir='ltr' id='par_1_48' title="bbox 2241 1959 3887 2036">
     <span class='ocr_line' id='line_1_48' title="bbox 2241 1959 3887 2036; baseline -0.003 -18"><span class='ocrx_word' id='word_1_348' title='bbox 2241 1980 2381 2036; x_wconf 88' lang='lat' dir='ltr'><strong><em>gum</em></strong></span> <span class='ocrx_word' id='word_1_349' title='bbox 2417 1980 2430 2018; x_wconf 90' lang='lat'>:</span> <span class='ocrx_word' id='word_1_350' title='bbox 2463 1962 2621 2018; x_wconf 86' lang='lat' dir='ltr'><strong><em>Nunc</em></strong></span> <span class='ocrx_word' id='word_1_351' title='bbox 2648 1963 2825 2030; x_wconf 85' lang='lat' dir='ltr'><strong><em>igitur</em></strong></span> <span class='ocrx_word' id='word_1_352' title='bbox 2852 1976 2968 2016; x_wconf 90' lang='lat' dir='ltr'><strong><em>ecce</em></strong></span> <span class='ocrx_word' id='word_1_353' title='bbox 2995 1960 3141 2015; x_wconf 85' lang='lat' dir='ltr'><strong><em>dedit</em></strong></span> <span class='ocrx_word' id='word_1_354' title='bbox 3171 1961 3432 2015; x_wconf 85' lang='lat' dir='ltr'><strong><em>Dominus</em></strong></span> <span class='ocrx_word' id='word_1_355' title='bbox 3459 1959 3726 2030; x_wconf 84' lang='lat' dir='ltr'><strong><em>spiritum</em></strong></span> <span class='ocrx_word' id='word_1_356' title='bbox 3745 1975 3887 2012; x_wconf 87' lang='lat' dir='ltr'><strong><em>men-</em></strong></span> 
     </span>
    </p>
   </div>
   <div class='ocr_carea' id='block_1_49' title="bbox 2236 2045 3888 2121">
    <p class='ocr_par' dir='ltr' id='par_1_49' title="bbox 2236 2045 3888 2121">
     <span class='ocr_line' id='line_1_49' title="bbox 2236 2045 3888 2121; baseline -0.002 -15"><span class='ocrx_word' id='word_1_357' title='bbox 2236 2052 2387 2107; x_wconf 88' lang='lat' dir='ltr'><strong><em>dacii</em></strong></span> <span class='ocrx_word' id='word_1_358' title='bbox 2416 2053 2473 2106; x_wconf 88' lang='lat' dir='ltr'><strong><em>in</em></strong></span> <span class='ocrx_word' id='word_1_359' title='bbox 2502 2067 2594 2106; x_wconf 91' lang='lat' dir='ltr'><strong><em>ore</em></strong></span> <span class='ocrx_word' id='word_1_360' title='bbox 2623 2052 2869 2106; x_wconf 84' lang='lat' dir='ltr'><strong><em>omnium</em></strong></span> <span class='ocrx_word' id='word_1_361' title='bbox 2915 2051 3304 2121; x_wconf 85' lang='lat' dir='ltr'><strong><em>prophetarum</em></strong></span> <span class='ocrx_word' id='word_1_362' title='bbox 3335 2045 3490 2104; x_wconf 74' lang='lat'><strong><em>016</em></strong></span> <span class='ocrx_word' id='word_1_363' title='bbox 3521 2055 3754 2104; x_wconf 87' lang='lat' dir='ltr'><strong><em>tuorum</em></strong></span> <span class='ocrx_word' id='word_1_364' title='bbox 3797 2048 3888 2120; x_wconf 85' lang='lat' dir='ltr'><strong><em>qui</em></strong></span> 
     </span>
    </p>
   </div>
   <div class='ocr_carea' id='block_1_50' title="bbox 2238 2135 3874 2202">
    <p class='ocr_par' dir='ltr' id='par_1_50' title="bbox 2238 2135 3874 2202">
     <span class='ocr_line' id='line_1_50' title="bbox 2238 2135 3874 2202; baseline -0.002 -10"><span class='ocrx_word' id='word_1_365' title='bbox 2238 2138 2328 2194; x_wconf 85' lang='lat' dir='ltr'><strong><em>hic</em></strong></span> <span class='ocrx_word' id='word_1_366' title='bbox 2354 2146 2500 2194; x_wconf 86' lang='lat' dir='ltr'><strong><em>sunt.</em></strong></span> <span class='ocrx_word' id='word_1_367' title='bbox 2534 2138 2598 2192; x_wconf 91' lang='lat' dir='ltr'><strong><em>Et</em></strong></span> <span class='ocrx_word' id='word_1_368' title='bbox 2627 2139 2890 2192; x_wconf 85' lang='lat' dir='ltr'><strong><em>Dominus</em></strong></span> <span class='ocrx_word' id='word_1_369' title='bbox 2924 2137 3153 2202; x_wconf 41' lang='lat' dir='ltr'><strong><em>,locutus</em></strong></span> <span class='ocrx_word' id='word_1_370' title='bbox 3201 2144 3280 2192; x_wconf 89' lang='lat' dir='ltr'><strong><em>est</em></strong></span> <span class='ocrx_word' id='word_1_371' title='bbox 3333 2144 3525 2191; x_wconf 89' lang='lat' dir='ltr'><strong><em>contra</em></strong></span> <span class='ocrx_word' id='word_1_372' title='bbox 3572 2143 3624 2191; x_wconf 87' lang='lat' dir='ltr'><strong><em>te</em></strong></span> <span class='ocrx_word' id='word_1_373' title='bbox 3652 2135 3874 2190; x_wconf 83' lang='lat' dir='ltr'><strong><em>malum.</em></strong></span> 
     </span>
    </p>
   </div>
   <div class='ocr_carea' id='block_1_51' title="bbox 2236 2224 3883 2299">
    <p class='ocr_par' dir='ltr' id='par_1_51' title="bbox 2236 2224 3883 2299">
     <span class='ocr_line' id='line_1_51' title="bbox 2236 2224 3883 2299; baseline -0.002 -18"><span class='ocrx_word' id='word_1_374' title='bbox 2236 2227 2307 2282; x_wconf 86' lang='lat' dir='ltr'><strong><em>Et</em></strong></span> <span class='ocrx_word' id='word_1_375' title='bbox 2338 2231 2468 2299; x_wconf 88' lang='lat' dir='ltr'><strong><em>post</em></strong></span> <span class='ocrx_word' id='word_1_376' title='bbox 2499 2225 2802 2298; x_wconf 86' lang='lat' dir='ltr'><strong><em>aliquanta</em></strong></span> <span class='ocrx_word' id='word_1_377' title='bbox 2833 2243 2846 2282; x_wconf 90' lang='lat'><strong>:</strong></span> <span class='ocrx_word' id='word_1_378' title='bbox 2885 2226 3028 2283; x_wconf 85' lang='lat' dir='ltr'><strong><em>Unus</em></strong></span> <span class='ocrx_word' id='word_1_379' title='bbox 3059 2233 3241 2280; x_wconf 89' lang='lat' dir='ltr'><strong><em>autem</em></strong></span> <span class='ocrx_word' id='word_1_380' title='bbox 3269 2225 3494 2296; x_wconf 88' lang='lat' dir='ltr'><strong><em>quidam</em></strong></span> <span class='ocrx_word' id='word_1_381' title='bbox 3542 2224 3773 2281; x_wconf 83' lang='lat' dir='ltr'><strong><em>tetendit</em></strong></span> <span class='ocrx_word' id='word_1_382' title='bbox 3797 2241 3883 2281; x_wconf 87' lang='lat' dir='ltr'><strong><em>ar-</em></strong></span> 
     </span>
    </p>
   </div>
   <div class='ocr_carea' id='block_1_52' title="bbox 2238 2315 3888 2387">
    <p class='ocr_par' dir='ltr' id='par_1_52' title="bbox 2238 2315 3888 2387">
     <span class='ocr_line' id='line_1_52' title="bbox 2238 2315 3888 2387; baseline -0.001 -15"><span class='ocrx_word' id='word_1_383' title='bbox 2238 2333 2380 2384; x_wconf 88' lang='lat' dir='ltr'><strong><em>cum,</em></strong></span> <span class='ocrx_word' id='word_1_384' title='bbox 2417 2319 2473 2372; x_wconf 86' lang='lat' dir='ltr'><strong><em>in</em></strong></span> <span class='ocrx_word' id='word_1_385' title='bbox 2509 2317 2776 2370; x_wconf 87' lang='lat' dir='ltr'><strong><em>incertum</em></strong></span> <span class='ocrx_word' id='word_1_386' title='bbox 2804 2317 3062 2384; x_wconf 87' lang='lat' dir='ltr'><strong><em>sagittam</em></strong></span> <span class='ocrx_word' id='word_1_387' title='bbox 3091 2315 3355 2386; x_wconf 86' lang='lat' dir='ltr'><strong><em>dirigens,</em></strong></span> <span class='ocrx_word' id='word_1_388' title='bbox 3387 2323 3438 2370; x_wconf 89' lang='lat' dir='ltr'><strong><em>et</em></strong></span> <span class='ocrx_word' id='word_1_389' title='bbox 3468 2332 3600 2371; x_wconf 90' lang='lat' dir='ltr'><strong><em>casu</em></strong></span> <span class='ocrx_word' id='word_1_390' title='bbox 3624 2317 3888 2387; x_wconf 81' lang='lat' dir='ltr'><strong><em>percussit</em></strong></span> 
     </span>
    </p>
   </div>
   <div class='ocr_carea' id='block_1_53' title="bbox 2239 2403 3890 2478">
    <p class='ocr_par' dir='ltr' id='par_1_53' title="bbox 2239 2403 3890 2478">
     <span class='ocr_line' id='line_1_53' title="bbox 2239 2403 3890 2478; baseline 0 -18"><span class='ocrx_word' id='word_1_391' title='bbox 2239 2421 2416 2478; x_wconf 86' lang='lat' dir='ltr'><strong><em>regem</em></strong></span> <span class='ocrx_word' id='word_1_392' title='bbox 2444 2405 2632 2472; x_wconf 87' lang='lat' dir='ltr'><strong><em>Israel,</em></strong></span> <span class='ocrx_word' id='word_1_393' title='bbox 2665 2403 2724 2460; x_wconf 90' lang='lat' dir='ltr'><strong><em>id</em></strong></span> <span class='ocrx_word' id='word_1_394' title='bbox 2757 2407 2844 2460; x_wconf 91' lang='lat' dir='ltr'><strong><em>est</em></strong></span> <span class='ocrx_word' id='word_1_395' title='bbox 2869 2403 3090 2470; x_wconf 84' lang='lat' dir='ltr'><strong><em>Achab,</em></strong></span> <span class='ocrx_word' id='word_1_396' title='bbox 3115 2405 3258 2460; x_wconf 89' lang='lat' dir='ltr'><strong><em>inter</em></strong></span> <span class='ocrx_word' id='word_1_397' title='bbox 3280 2404 3599 2476; x_wconf 80' lang='lat' dir='ltr'><strong><em>pulmonem</em></strong></span> <span class='ocrx_word' id='word_1_398' title='bbox 3615 2413 3670 2460; x_wconf 86' lang='lat' dir='ltr'><strong><em>et</em></strong></span> <span class='ocrx_word' id='word_1_399' title='bbox 3699 2412 3890 2460; x_wconf 80' lang='lat' dir='ltr'><strong><em>stoma-</em></strong></span> 
     </span>
    </p>
   </div>
   <div class='ocr_carea' id='block_1_54' title="bbox 2239 2492 3888 2566">
    <p class='ocr_par' dir='ltr' id='par_1_54' title="bbox 2239 2492 3888 2566">
     <span class='ocr_line' id='line_1_54' title="bbox 2239 2492 3888 2566; baseline -0.001 -17"><span class='ocrx_word' id='word_1_400' title='bbox 2239 2495 2418 2550; x_wconf 82' lang='lat' dir='ltr'><strong><em>chum.</em></strong></span> <span class='ocrx_word' id='word_1_401' title='bbox 2445 2493 2515 2548; x_wconf 89' lang='lat' dir='ltr'><strong><em>Et</em></strong></span> <span class='ocrx_word' id='word_1_402' title='bbox 2545 2492 2718 2566; x_wconf 88' lang='lat' dir='ltr'><strong><em>paulo</em></strong></span> <span class='ocrx_word' id='word_1_403' title='bbox 2743 2496 2894 2566; x_wconf 82' lang='lat' dir='ltr'><strong><em>post,</em></strong></span> <span class='ocrx_word' id='word_1_404' title='bbox 2922 2502 2974 2549; x_wconf 91' lang='lat' dir='ltr'><strong><em>et</em></strong></span> <span class='ocrx_word' id='word_1_405' title='bbox 2997 2502 3245 2549; x_wconf 87' lang='lat' dir='ltr'><strong><em>mortuus</em></strong></span> <span class='ocrx_word' id='word_1_406' title='bbox 3271 2502 3348 2549; x_wconf 90' lang='lat' dir='ltr'><strong><em>est</em></strong></span> <span class='ocrx_word' id='word_1_407' title='bbox 3377 2509 3610 2566; x_wconf 82' lang='lat' dir='ltr'><strong><em>vespere,</em></strong></span> <span class='ocrx_word' id='word_1_408' title='bbox 3642 2497 3705 2549; x_wconf 85' lang='lat' dir='ltr'><strong><em>et</em></strong></span> <span class='ocrx_word' id='word_1_409' title='bbox 3734 2508 3888 2550; x_wconf 88' lang='lat' dir='ltr'><strong><em>com-</em></strong></span> 
     </span>
    </p>
   </div>
   <div class='ocr_carea' id='block_1_55' title="bbox 2239 2581 3890 2655">
    <p class='ocr_par' dir='ltr' id='par_1_55' title="bbox 2239 2581 3890 2655">
     <span class='ocr_line' id='line_1_55' title="bbox 2239 2581 3890 2655; baseline 0 -17"><span class='ocrx_word' id='word_1_410' title='bbox 2239 2582 2432 2655; x_wconf 87' lang='lat' dir='ltr'><strong><em>pletus</em></strong></span> <span class='ocrx_word' id='word_1_411' title='bbox 2459 2586 2548 2638; x_wconf 90' lang='lat' dir='ltr'><strong><em>est</em></strong></span> <span class='ocrx_word' id='word_1_412' title='bbox 2577 2582 2634 2636; x_wconf 93' lang='lat' dir='ltr'><strong><em>in</em></strong></span> <span class='ocrx_word' id='word_1_413' title='bbox 2667 2598 2732 2637; x_wconf 93' lang='lat' dir='ltr'><strong><em>co</em></strong></span> <span class='ocrx_word' id='word_1_414' title='bbox 2765 2599 2956 2637; x_wconf 88' lang='lat' dir='ltr'><strong><em>sermo</em></strong></span> <span class='ocrx_word' id='word_1_415' title='bbox 2989 2581 3220 2637; x_wconf 89' lang='lat' dir='ltr'><strong><em>Domini</em></strong></span> <span class='ocrx_word' id='word_1_416' title='bbox 3251 2599 3354 2654; x_wconf 89' lang='lat' dir='ltr'><strong><em>per</em></strong></span> <span class='ocrx_word' id='word_1_417' title='bbox 3375 2598 3620 2638; x_wconf 89' lang='lat' dir='ltr'><strong><em>manum</em></strong></span> <span class='ocrx_word' id='word_1_418' title='bbox 3639 2581 3890 2638; x_wconf 67' lang='lat' dir='ltr'><strong><em>Micbea</em></strong></span> 
     </span>
    </p>
   </div>
   <div class='ocr_carea' id='block_1_56' title="bbox 2239 2670 3886 2744">
    <p class='ocr_par' dir='ltr' id='par_1_56' title="bbox 2239 2670 3886 2744">
     <span class='ocr_line' id='line_1_56' title="bbox 2239 2670 3886 2744; baseline 0.001 -19"><span class='ocrx_word' id='word_1_419' title='bbox 2239 2673 2554 2744; x_wconf 75' lang='lat' dir='ltr'><strong><em>prophetas,</em></strong></span> <span class='ocrx_word' id='word_1_420' title='bbox 2574 2672 2644 2726; x_wconf 92' lang='lat' dir='ltr'><strong><em>de</em></strong></span> <span class='ocrx_word' id='word_1_421' title='bbox 2675 2689 2790 2744; x_wconf 91' lang='lat' dir='ltr'><strong><em>quo</em></strong></span> <span class='ocrx_word' id='word_1_422' title='bbox 2821 2676 2994 2727; x_wconf 84' lang='lat' dir='ltr'><strong><em>antea</em></strong></span> <span class='ocrx_word' id='word_1_423' title='bbox 3017 2670 3250 2728; x_wconf 90' lang='lat' dir='ltr'><strong><em>locutus</em></strong></span> <span class='ocrx_word' id='word_1_424' title='bbox 3279 2676 3370 2728; x_wconf 90' lang='lat' dir='ltr'><strong><em>est</em></strong></span> <span class='ocrx_word' id='word_1_425' title='bbox 3401 2671 3555 2727; x_wconf 91' lang='lat' dir='ltr'><strong><em>idem</em></strong></span> <span class='ocrx_word' id='word_1_426' title='bbox 3582 2671 3788 2727; x_wconf 84' lang='lat' dir='ltr'><strong><em>Achab</em></strong></span> <span class='ocrx_word' id='word_1_427' title='bbox 3818 2671 3886 2727; x_wconf 83' lang='lat' dir='ltr'><strong><em>ad</em></strong></span> 
     </span>
    </p>
   </div>
   <div class='ocr_carea' id='block_1_57' title="bbox 2239 2759 3886 2834">
    <p class='ocr_par' dir='ltr' id='par_1_57' title="bbox 2239 2759 3886 2834">
     <span class='ocr_line' id='line_1_57' title="bbox 2239 2759 3886 2834; baseline -0.002 -17"><span class='ocrx_word' id='word_1_428' title='bbox 2239 2761 2522 2833; x_wconf 86' lang='lat' dir='ltr'><strong><em>Josaphat</em></strong></span> <span class='ocrx_word' id='word_1_429' title='bbox 2533 2776 2725 2833; x_wconf 81' lang='lat' dir='ltr'><strong><em>regem</em></strong></span> <span class='ocrx_word' id='word_1_430' title='bbox 2738 2760 2769 2816; x_wconf 87' lang='lat' dir='ltr'><strong>J</strong></span> <span class='ocrx_word' id='word_1_431' title='bbox 2777 2760 2892 2816; x_wconf 91' lang='lat' dir='ltr'><strong><em>uda</em></strong></span> <span class='ocrx_word' id='word_1_432' title='bbox 2903 2760 3254 2832; x_wconf 68' lang='lat' dir='ltr'><strong><em>quaerentem</em></strong></span> <span class='ocrx_word' id='word_1_433' title='bbox 3271 2760 3614 2834; x_wconf 83' lang='lat' dir='ltr'><strong><em>prophetam</em></strong></span> <span class='ocrx_word' id='word_1_434' title='bbox 3629 2759 3886 2816; x_wconf 89' lang='lat' dir='ltr'><strong><em>Domini.</em></strong></span> 
     </span>
    </p>
   </div>
   <div class='ocr_carea' id='block_1_58' title="bbox 2239 2849 3889 2923">
    <p class='ocr_par' dir='ltr' id='par_1_58' title="bbox 2239 2849 3889 2923">
     <span class='ocr_line' id='line_1_58' title="bbox 2239 2849 3889 2923; baseline -0.001 -17"><span class='ocrx_word' id='word_1_435' title='bbox 2239 2849 2735 2922; x_wconf 85' lang='lat' dir='ltr'><strong><em>Remansit,inquit</em></strong></span> <span class='ocrx_word' id='word_1_436' title='bbox 2761 2849 2979 2917; x_wconf 87' lang='lat' dir='ltr'><strong><em>Achab,</em></strong></span> <span class='ocrx_word' id='word_1_437' title='bbox 2998 2851 3084 2905; x_wconf 85' lang='lat' dir='ltr'><strong><em>vir</em></strong></span> <span class='ocrx_word' id='word_1_438' title='bbox 3113 2866 3257 2905; x_wconf 87' lang='lat' dir='ltr'><strong><em>unus</em></strong></span> <span class='ocrx_word' id='word_1_439' title='bbox 3281 2867 3382 2921; x_wconf 87' lang='lat' dir='ltr'><strong><em>per</em></strong></span> <span class='ocrx_word' id='word_1_440' title='bbox 3410 2866 3568 2923; x_wconf 86' lang='lat' dir='ltr'><strong><em>quem</em></strong></span> <span class='ocrx_word' id='word_1_441' title='bbox 3595 2865 3889 2922; x_wconf 83' lang='lat' dir='ltr'><strong><em>possumus</em></strong></span> 
     </span>
    </p>
   </div>
   <div class='ocr_carea' id='block_1_59' title="bbox 2241 2937 3886 3010">
    <p class='ocr_par' dir='ltr' id='par_1_59' title="bbox 2241 2937 3886 3010">
     <span class='ocr_line' id='line_1_59' title="bbox 2241 2937 3886 3010; baseline 0 -16"><span class='ocrx_word' id='word_1_442' title='bbox 2241 2941 2578 3008; x_wconf 86' lang='lat' dir='ltr'><strong><em>interrogare</em></strong></span> <span class='ocrx_word' id='word_1_443' title='bbox 2606 2939 2916 3004; x_wconf 88' lang='lat' dir='ltr'><strong><em>Dominum,</em></strong></span> <span class='ocrx_word' id='word_1_444' title='bbox 2950 2937 3042 2993; x_wconf 86' lang='lat' dir='ltr'><strong><em>sed</em></strong></span> <span class='ocrx_word' id='word_1_445' title='bbox 3071 2954 3168 3007; x_wconf 89' lang='lat' dir='ltr'><strong><em>ego</em></strong></span> <span class='ocrx_word' id='word_1_446' title='bbox 3195 2938 3288 2993; x_wconf 90' lang='lat' dir='ltr'><strong><em>odi</em></strong></span> <span class='ocrx_word' id='word_1_447' title='bbox 3315 2941 3602 3010; x_wconf 86' lang='lat' dir='ltr'><strong><em>eum,quia</em></strong></span> <span class='ocrx_word' id='word_1_448' title='bbox 3631 2955 3747 2995; x_wconf 87' lang='lat' dir='ltr'><strong><em>non</em></strong></span> <span class='ocrx_word' id='word_1_449' title='bbox 3763 2954 3886 3010; x_wconf 66' lang='lat' dir='ltr'><strong><em>pro«</em></strong></span> 
     </span>
    </p>
   </div>
   <div class='ocr_carea' id='block_1_60' title="bbox 2237 3025 3887 3100">
    <p class='ocr_par' dir='ltr' id='par_1_60' title="bbox 2237 3025 3887 3100">
     <span class='ocr_line' id='line_1_60' title="bbox 2237 3025 3887 3100; baseline 0 -18"><span class='ocrx_word' id='word_1_450' title='bbox 2237 3030 2418 3100; x_wconf 86' lang='lat' dir='ltr'><strong><em>phetat</em></strong></span> <span class='ocrx_word' id='word_1_451' title='bbox 2445 3027 2588 3083; x_wconf 86' lang='lat' dir='ltr'><strong><em>mihi</em></strong></span> <span class='ocrx_word' id='word_1_452' title='bbox 2619 3029 2839 3093; x_wconf 86' lang='lat' dir='ltr'><strong><em>bonum,</em></strong></span> <span class='ocrx_word' id='word_1_453' title='bbox 2869 3026 2961 3082; x_wconf 89' lang='lat' dir='ltr'><strong><em>sed</em></strong></span> <span class='ocrx_word' id='word_1_454' title='bbox 3001 3028 3230 3082; x_wconf 89' lang='lat' dir='ltr'><strong><em>malum.</em></strong></span> <span class='ocrx_word' id='word_1_455' title='bbox 3267 3025 3548 3083; x_wconf 84' lang='lat' dir='ltr'><strong><em>Videlicet</em></strong></span> <span class='ocrx_word' id='word_1_456' title='bbox 3605 3027 3887 3100; x_wconf 89' lang='lat' dir='ltr'><strong><em>quoniam</em></strong></span> 
     </span>
    </p>
   </div>
   <div class='ocr_carea' id='block_1_61' title="bbox 2241 3111 3888 3186">
    <p class='ocr_par' dir='ltr' id='par_1_61' title="bbox 2241 3111 3888 3186">
     <span class='ocr_line' id='line_1_61' title="bbox 2241 3111 3888 3186; baseline -0.002 -14"><span class='ocrx_word' id='word_1_457' title='bbox 2241 3132 2373 3172; x_wconf 85' lang='lat' dir='ltr'><strong><em>vera</em></strong></span> <span class='ocrx_word' id='word_1_458' title='bbox 2397 3115 2478 3170; x_wconf 90' lang='lat' dir='ltr'><strong><em>illi</em></strong></span> <span class='ocrx_word' id='word_1_459' title='bbox 2509 3114 2816 3182; x_wconf 88' lang='lat' dir='ltr'><strong><em>dicebat,et</em></strong></span> <span class='ocrx_word' id='word_1_460' title='bbox 2838 3113 2964 3169; x_wconf 90' lang='lat' dir='ltr'><strong><em>ideo</em></strong></span> <span class='ocrx_word' id='word_1_461' title='bbox 2993 3113 3226 3170; x_wconf 89' lang='lat' dir='ltr'><strong><em>odiebat</em></strong></span> <span class='ocrx_word' id='word_1_462' title='bbox 3256 3131 3416 3183; x_wconf 88' lang='lat' dir='ltr'><strong><em>eum,</em></strong></span> <span class='ocrx_word' id='word_1_463' title='bbox 3439 3111 3696 3186; x_wconf 83' lang='lat' dir='ltr'><strong><em>diligens</em></strong></span> <span class='ocrx_word' id='word_1_464' title='bbox 3729 3129 3888 3169; x_wconf 88' lang='lat' dir='ltr'><strong><em>men-</em></strong></span> 
     </span>
    </p>
   </div>
   <div class='ocr_carea' id='block_1_62' title="bbox 2240 3202 3890 3276">
    <p class='ocr_par' dir='ltr' id='par_1_62' title="bbox 2240 3202 3890 3276">
     <span class='ocr_line' id='line_1_62' title="bbox 2240 3202 3890 3276; baseline -0.002 -15"><span class='ocrx_word' id='word_1_465' title='bbox 2240 3206 2412 3261; x_wconf 86' lang='lat' dir='ltr'><strong><em>daces</em></strong></span> <span class='ocrx_word' id='word_1_466' title='bbox 2445 3203 2766 3271; x_wconf 80' lang='lat' dir='ltr'><strong><em>ministros,</em></strong></span> <span class='ocrx_word' id='word_1_467' title='bbox 2800 3207 2856 3259; x_wconf 88' lang='lat' dir='ltr'><strong><em>et</em></strong></span> <span class='ocrx_word' id='word_1_468' title='bbox 2885 3202 2995 3259; x_wconf 89' lang='lat' dir='ltr'><strong><em>sibi</em></strong></span> <span class='ocrx_word' id='word_1_469' title='bbox 3024 3202 3237 3276; x_wconf 89' lang='lat' dir='ltr'><strong><em>impios</em></strong></span> <span class='ocrx_word' id='word_1_470' title='bbox 3262 3221 3274 3272; x_wconf 92' lang='lat'>;</span> <span class='ocrx_word' id='word_1_471' title='bbox 3299 3203 3454 3258; x_wconf 88' lang='lat' dir='ltr'><strong><em>unde</em></strong></span> <span class='ocrx_word' id='word_1_472' title='bbox 3485 3202 3779 3275; x_wconf 90' lang='lat' dir='ltr'><strong><em>scriptum</em></strong></span> <span class='ocrx_word' id='word_1_473' title='bbox 3802 3207 3890 3259; x_wconf 86' lang='lat' dir='ltr'><strong><em>est</em></strong></span> 
     </span>
    </p>
   </div>
   <div class='ocr_carea' id='block_1_63' title="bbox 489 3286 3888 3368">
    <p class='ocr_par' dir='ltr' id='par_1_63' title="bbox 489 3286 3888 3368">
     <span class='ocr_line' id='line_1_63' title="bbox 489 3286 3888 3368; baseline -0.002 -18"><span class='ocrx_word' id='word_1_474' title='bbox 489 3309 834 3366; x_wconf 84' lang='lat' dir='ltr'><strong><em>componere</em></strong></span> <span class='ocrx_word' id='word_1_475' title='bbox 881 3309 1200 3365; x_wconf 86' lang='lat' dir='ltr'><strong><em>possumus</em></strong></span> <span class='ocrx_word' id='word_1_476' title='bbox 1229 3291 1386 3362; x_wconf 90' lang='lat' dir='ltr'><strong><em>quod</em></strong></span> <span class='ocrx_word' id='word_1_477' title='bbox 1419 3290 1622 3345; x_wconf 88' lang='lat' dir='ltr'><strong><em>Petrus</em></strong></span> <span class='ocrx_word' id='word_1_478' title='bbox 1650 3289 1711 3344; x_wconf 90' lang='lat' dir='ltr'><strong><em>in</em></strong></span> <span class='ocrx_word' id='word_1_479' title='bbox 1743 3293 1951 3361; x_wconf 89' lang='lat' dir='ltr'><strong><em>quarto</em></strong></span> <span class='ocrx_word' id='word_1_480' title='bbox 1982 3287 2129 3344; x_wconf 91' lang='lat' dir='ltr'><strong><em>libro</em></strong></span> <span class='ocrx_word' id='word_1_481' title='bbox 2159 3286 2203 3349; x_wconf 89' lang='lat' dir='ltr'>C</span> <span class='ocrx_word' id='word_1_482' title='bbox 2241 3297 2421 3368; x_wconf 81' lang='lat' dir='ltr'><strong><em>(Prov.</em></strong></span> <span class='ocrx_word' id='word_1_483' title='bbox 2453 3312 2607 3363; x_wconf 70' lang='lat' dir='ltr'><strong><em>xxix,</em></strong></span> <span class='ocrx_word' id='word_1_484' title='bbox 2642 3294 2728 3367; x_wconf 83' lang='lat'><strong><em>12)</em></strong></span> <span class='ocrx_word' id='word_1_485' title='bbox 2764 3311 2776 3350; x_wconf 87' lang='lat'>;</span> <span class='ocrx_word' id='word_1_486' title='bbox 2811 3296 3070 3366; x_wconf 80' lang='lat' dir='ltr'><strong><em>Princeps</em></strong></span> <span class='ocrx_word' id='word_1_487' title='bbox 3128 3295 3226 3365; x_wconf 84' lang='lat' dir='ltr'><strong><em>qui</em></strong></span> <span class='ocrx_word' id='word_1_488' title='bbox 3274 3294 3507 3349; x_wconf 81' lang='lat' dir='ltr'><strong><em>libenter</em></strong></span> <span class='ocrx_word' id='word_1_489' title='bbox 3536 3293 3698 3348; x_wconf 82' lang='lat' dir='ltr'><strong><em>audit</em></strong></span> <span class='ocrx_word' id='word_1_490' title='bbox 3725 3294 3888 3348; x_wconf 72' lang='lat' dir='ltr'><strong><em>verba</em></strong></span> 
     </span>
    </p>
   </div>
   <div class='ocr_carea' id='block_1_64' title="bbox 490 3377 2130 3454">
    <p class='ocr_par' dir='ltr' id='par_1_64' title="bbox 490 3377 2130 3454">
     <span class='ocr_line' id='line_1_64' title="bbox 490 3377 2130 3454; baseline -0.003 -17"><span class='ocrx_word' id='word_1_491' title='bbox 490 3381 864 3454; x_wconf 88' lang='lat' dir='ltr'><strong><em>Dialogorum</em></strong></span> <span class='ocrx_word' id='word_1_492' title='bbox 885 3397 919 3436; x_wconf 88' lang='lat' dir='ltr'><strong><em>a</em></strong></span> <span class='ocrx_word' id='word_1_493' title='bbox 935 3381 1100 3435; x_wconf 88' lang='lat' dir='ltr'><strong><em>beato</em></strong></span> <span class='ocrx_word' id='word_1_494' title='bbox 1122 3379 1428 3450; x_wconf 84' lang='lat' dir='ltr'><strong><em>requisivit</em></strong></span> <span class='ocrx_word' id='word_1_495' title='bbox 1443 3378 1752 3452; x_wconf 88' lang='lat' dir='ltr'><strong><em>Gregorio:</em></strong></span> <span class='ocrx_word' id='word_1_496' title='bbox 1786 3400 1812 3427; x_wconf 88' lang='grc'><strong><em>‹‹</em></strong></span> <span class='ocrx_word' id='word_1_497' title='bbox 1839 3377 2130 3442; x_wconf 87' lang='lat' dir='ltr'><strong><em>Quidnam</em></strong></span> 
     </span>
    </p>
   </div>
   <div class='ocr_carea' id='block_1_65' title="bbox 490 3465 2134 3542">
    <p class='ocr_par' dir='ltr' id='par_1_65' title="bbox 490 3465 2134 3542">
     <span class='ocr_line' id='line_1_65' title="bbox 490 3465 2134 3542; baseline -0.004 -14"><span class='ocrx_word' id='word_1_498' title='bbox 490 3475 600 3536; x_wconf 90' lang='lat' dir='ltr'><strong><em>cst,</em></strong></span> <span class='ocrx_word' id='word_1_499' title='bbox 633 3468 929 3542; x_wconf 88' lang='lat' dir='ltr'><strong><em>inquiens,</em></strong></span> <span class='ocrx_word' id='word_1_500' title='bbox 963 3485 1158 3540; x_wconf 65' lang='lat' dir='ltr'><strong><em>quaeso</em></strong></span> <span class='ocrx_word' id='word_1_501' title='bbox 1189 3472 1265 3533; x_wconf 86' lang='lat' dir='ltr'><strong><em>te,</em></strong></span> <span class='ocrx_word' id='word_1_502' title='bbox 1299 3467 1452 3539; x_wconf 91' lang='lat' dir='ltr'><strong><em>quod</em></strong></span> <span class='ocrx_word' id='word_1_503' title='bbox 1503 3465 1766 3522; x_wconf 88' lang='lat' dir='ltr'><strong><em>nonnulli</em></strong></span> <span class='ocrx_word' id='word_1_504' title='bbox 1824 3465 1990 3538; x_wconf 88' lang='lat' dir='ltr'><strong><em>quasi</em></strong></span> <span class='ocrx_word' id='word_1_505' title='bbox 2031 3481 2134 3539; x_wconf 89' lang='lat' dir='ltr'><strong><em>per</em></strong></span> 
     </span>
    </p>
   </div>
   <div class='ocr_carea' id='block_1_66' title="bbox 490 3556 2134 3628">
    <p class='ocr_par' dir='ltr' id='par_1_66' title="bbox 490 3556 2134 3628">
     <span class='ocr_line' id='line_1_66' title="bbox 490 3556 2134 3628; baseline -0.003 -13"><span class='ocrx_word' id='word_1_506' title='bbox 490 3575 745 3616; x_wconf 90' lang='lat' dir='ltr'><strong><em>errorem</em></strong></span> <span class='ocrx_word' id='word_1_507' title='bbox 795 3557 1180 3614; x_wconf 84' lang='lat' dir='ltr'><strong><em>extrahuntur</em></strong></span> <span class='ocrx_word' id='word_1_508' title='bbox 1199 3574 1230 3611; x_wconf 90' lang='lat' dir='ltr'><strong><em>e</em></strong></span> <span class='ocrx_word' id='word_1_509' title='bbox 1251 3556 1527 3628; x_wconf 82' lang='lat' dir='ltr'><strong><em>corpore?</em></strong></span> <span class='ocrx_word' id='word_1_510' title='bbox 1548 3556 1650 3612; x_wconf 90' lang='lat' dir='ltr'><strong><em>Cui</em></strong></span> <span class='ocrx_word' id='word_1_511' title='bbox 1683 3556 1888 3611; x_wconf 90' lang='lat' dir='ltr'><strong><em>beatus</em></strong></span> <span class='ocrx_word' id='word_1_512' title='bbox 1917 3557 2134 3628; x_wconf 82' lang='lat' dir='ltr'><strong><em>Grego-</em></strong></span> 
     </span>
    </p>
   </div>
   <div class='ocr_carea' id='block_1_67' title="bbox 489 3644 2131 3720">
    <p class='ocr_par' dir='ltr' id='par_1_67' title="bbox 489 3644 2131 3720">
     <span class='ocr_line' id='line_1_67' title="bbox 489 3644 2131 3720; baseline -0.002 -15"><span class='ocrx_word' id='word_1_513' title='bbox 489 3649 614 3706; x_wconf 87' lang='lat' dir='ltr'><strong><em>rius</em></strong></span> <span class='ocrx_word' id='word_1_514' title='bbox 634 3648 974 3704; x_wconf 90' lang='lat' dir='ltr'><strong><em>rcferensde</em></strong></span> <span class='ocrx_word' id='word_1_515' title='bbox 997 3646 1226 3702; x_wconf 91' lang='lat' dir='ltr'><strong><em>duobus</em></strong></span> <span class='ocrx_word' id='word_1_516' title='bbox 1257 3646 1591 3720; x_wconf 88' lang='lat' dir='ltr'><strong><em>Stephanis,</em></strong></span> <span class='ocrx_word' id='word_1_517' title='bbox 1625 3645 1766 3717; x_wconf 87' lang='lat' dir='ltr'><strong><em>quia</em></strong></span> <span class='ocrx_word' id='word_1_518' title='bbox 1797 3663 1910 3700; x_wconf 89' lang='lat' dir='ltr'><strong><em>non</em></strong></span> <span class='ocrx_word' id='word_1_519' title='bbox 1945 3644 2131 3701; x_wconf 90' lang='lat' dir='ltr'><strong><em>isdem</em></strong></span> 
     </span>
    </p>
   </div>
   <div class='ocr_carea' id='block_1_68' title="bbox 491 3734 2128 3812">
    <p class='ocr_par' dir='ltr' id='par_1_68' title="bbox 491 3734 2128 3812">
     <span class='ocr_line' id='line_1_68' title="bbox 491 3734 2128 3812; baseline -0.004 -17"><span class='ocrx_word' id='word_1_520' title='bbox 491 3735 954 3812; x_wconf 84' lang='lat' dir='ltr'><strong><em>Stephanus,qui</em></strong></span> <span class='ocrx_word' id='word_1_521' title='bbox 976 3737 1262 3792; x_wconf 86' lang='lat' dir='ltr'><strong><em>adductus</em></strong></span> <span class='ocrx_word' id='word_1_522' title='bbox 1277 3735 1460 3808; x_wconf 85' lang='lat' dir='ltr'><strong><em>judici</em></strong></span> <span class='ocrx_word' id='word_1_523' title='bbox 1477 3736 1544 3790; x_wconf 89' lang='lat' dir='ltr'><strong><em>ad</em></strong></span> <span class='ocrx_word' id='word_1_524' title='bbox 1562 3734 1904 3790; x_wconf 85' lang='lat' dir='ltr'><strong><em>locainferni</em></strong></span> <span class='ocrx_word' id='word_1_525' title='bbox 1925 3737 2128 3802; x_wconf 84' lang='lat' dir='ltr'><strong><em>fuerat,</em></strong></span> 
     </span>
    </p>
   </div>
   <div class='ocr_carea' id='block_1_69' title="bbox 481 3823 2131 3901">
    <p class='ocr_par' dir='ltr' id='par_1_69' title="bbox 481 3823 2131 3901">
     <span class='ocr_line' id='line_1_69' title="bbox 481 3823 2131 3901; baseline -0.002 -17"><span class='ocrx_word' id='word_1_526' title='bbox 481 3829 690 3901; x_wconf 87' lang='lat' dir='ltr'><strong><em>jussus</em></strong></span> <span class='ocrx_word' id='word_1_527' title='bbox 720 3827 928 3882; x_wconf 86' lang='lat' dir='ltr'><strong><em>adduci</em></strong></span> <span class='ocrx_word' id='word_1_528' title='bbox 963 3825 1384 3892; x_wconf 81' lang='lat' dir='ltr'><strong><em>exstiterat,scd</em></strong></span> <span class='ocrx_word' id='word_1_529' title='bbox 1420 3825 1754 3898; x_wconf 79' lang='lat' dir='ltr'><strong><em>Stephanus</em></strong></span> <span class='ocrx_word' id='word_1_530' title='bbox 1785 3823 1932 3879; x_wconf 85' lang='lat' dir='ltr'><strong><em>alter</em></strong></span> <span class='ocrx_word' id='word_1_531' title='bbox 1961 3826 2131 3880; x_wconf 59' lang='lat' dir='ltr'><strong><em>ferrao</em></strong></span> 
     </span>
    </p>
   </div>
   <div class='ocr_carea' id='block_1_70' title="bbox 491 3913 2129 3986">
    <p class='ocr_par' dir='ltr' id='par_1_70' title="bbox 491 3913 2129 3986">
     <span class='ocr_line' id='line_1_70' title="bbox 491 3913 2129 3986; baseline -0.003 -13"><span class='ocrx_word' id='word_1_532' title='bbox 491 3917 614 3973; x_wconf 90' lang='lat' dir='ltr'><strong><em>rius</em></strong></span> <span class='ocrx_word' id='word_1_533' title='bbox 648 3933 660 3972; x_wconf 89' lang='lat'><strong>:</strong></span> <span class='ocrx_word' id='word_1_534' title='bbox 693 3921 749 3972; x_wconf 87' lang='lat' dir='ltr'><strong><em>et</em></strong></span> <span class='ocrx_word' id='word_1_535' title='bbox 775 3915 874 3971; x_wconf 89' lang='lat' dir='ltr'><strong><em>illo</em></strong></span> <span class='ocrx_word' id='word_1_536' title='bbox 905 3916 1164 3984; x_wconf 87' lang='lat' dir='ltr'><strong><em>reducto,</em></strong></span> <span class='ocrx_word' id='word_1_537' title='bbox 1198 3914 1530 3986; x_wconf 86' lang='lat' dir='ltr'><strong><em>Stephanus</em></strong></span> <span class='ocrx_word' id='word_1_538' title='bbox 1563 3913 1860 3979; x_wconf 89' lang='lat' dir='ltr'><strong><em>ferrarius,</em></strong></span> <span class='ocrx_word' id='word_1_539' title='bbox 1892 3913 1990 3985; x_wconf 89' lang='lat' dir='ltr'><strong><em>qui</em></strong></span> <span class='ocrx_word' id='word_1_540' title='bbox 2025 3915 2129 3968; x_wconf 87' lang='lat' dir='ltr'><strong><em>ad-</em></strong></span> 
     </span>
    </p>
   </div>
   <div class='ocr_carea' id='block_1_71' title="bbox 488 4000 2133 4076">
    <p class='ocr_par' dir='ltr' id='par_1_71' title="bbox 488 4000 2133 4076">
     <span class='ocr_line' id='line_1_71' title="bbox 488 4000 2133 4076; baseline -0.003 -15"><span class='ocrx_word' id='word_1_541' title='bbox 488 4005 622 4062; x_wconf 90' lang='lat' dir='ltr'><strong><em>duci</em></strong></span> <span class='ocrx_word' id='word_1_542' title='bbox 681 4005 869 4060; x_wconf 86' lang='lat' dir='ltr'><strong><em>fuerat</em></strong></span> <span class='ocrx_word' id='word_1_543' title='bbox 917 4005 1147 4076; x_wconf 84' lang='lat' dir='ltr'><strong><em>jussus,</em></strong></span> <span class='ocrx_word' id='word_1_544' title='bbox 1195 4003 1483 4058; x_wconf 88' lang='lat' dir='ltr'><strong><em>adductus</em></strong></span> <span class='ocrx_word' id='word_1_545' title='bbox 1541 4007 1648 4058; x_wconf 87' lang='lat' dir='ltr'><strong><em>est.</em></strong></span> <span class='ocrx_word' id='word_1_546' title='bbox 1691 4002 1890 4069; x_wconf 81' lang='lat' dir='ltr'><strong><em>«Hoc,</em></strong></span> <span class='ocrx_word' id='word_1_547' title='bbox 1941 4000 2133 4074; x_wconf 90' lang='lat' dir='ltr'><strong><em>inquit</em></strong></span> 
     </span>
    </p>
   </div>
   <div class='ocr_carea' id='block_1_72' title="bbox 489 4090 2130 4166">
    <p class='ocr_par' dir='ltr' id='par_1_72' title="bbox 489 4090 2130 4166">
     <span class='ocr_line' id='line_1_72' title="bbox 489 4090 2130 4166; baseline -0.004 -16"><span class='ocrx_word' id='word_1_548' title='bbox 489 4095 697 4150; x_wconf 89' lang='lat' dir='ltr'><strong><em>beatus</em></strong></span> <span class='ocrx_word' id='word_1_549' title='bbox 753 4093 1068 4166; x_wconf 86' lang='lat' dir='ltr'><strong><em>Gregorius</em></strong></span> <span class='ocrx_word' id='word_1_550' title='bbox 1100 4093 1238 4164; x_wconf 83' lang='lat' dir='ltr'><strong><em>(cap.</em></strong></span> <span class='ocrx_word' id='word_1_551' title='bbox 1271 4094 1384 4160; x_wconf 77' lang='lat'><strong><em>3(3),</em></strong></span> <span class='ocrx_word' id='word_1_552' title='bbox 1415 4090 1877 4162; x_wconf 84' lang='lat' dir='ltr'><strong><em>quotiescunque</em></strong></span> <span class='ocrx_word' id='word_1_553' title='bbox 1938 4093 2018 4158; x_wconf 84' lang='lat' dir='ltr'><strong><em>tit,</em></strong></span> <span class='ocrx_word' id='word_1_554' title='bbox 2081 4091 2130 4145; x_wconf 88' lang='lat' dir='ltr'><strong><em>si</em></strong></span> 
     </span>
    </p>
   </div>
   <div class='ocr_carea' id='block_1_73' title="bbox 489 4180 2133 4262">
    <p class='ocr_par' dir='ltr' id='par_1_73' title="bbox 489 4180 2133 4262">
     <span class='ocr_line' id='line_1_73' title="bbox 489 4180 2133 4262; baseline -0.004 -22"><span class='ocrx_word' id='word_1_555' title='bbox 489 4185 636 4240; x_wconf 90' lang='lat' dir='ltr'><strong><em>bene</em></strong></span> <span class='ocrx_word' id='word_1_556' title='bbox 665 4181 1186 4262; x_wconf 77' lang='lat' dir='ltr'><strong><em>perpenditur,non</em></strong></span> <span class='ocrx_word' id='word_1_557' title='bbox 1221 4199 1380 4236; x_wconf 84' lang='lat' dir='ltr'><strong><em>error</em></strong></span> <span class='ocrx_word' id='word_1_558' title='bbox 1406 4181 1505 4236; x_wconf 91' lang='lat' dir='ltr'><strong><em>sed</em></strong></span> <span class='ocrx_word' id='word_1_559' title='bbox 1538 4180 1856 4236; x_wconf 87' lang='lat' dir='ltr'><strong><em>admonitio</em></strong></span> <span class='ocrx_word' id='word_1_560' title='bbox 1888 4185 1996 4236; x_wconf 90' lang='lat' dir='ltr'><strong><em>est.</em></strong></span> <span class='ocrx_word' id='word_1_561' title='bbox 2031 4181 2133 4235; x_wconf 88' lang='lat' dir='ltr'><strong><em>Su-</em></strong></span> 
     </span>
    </p>
   </div>
   <div class='ocr_carea' id='block_1_74' title="bbox 490 4268 2133 4346">
    <p class='ocr_par' dir='ltr' id='par_1_74' title="bbox 490 4268 2133 4346">
     <span class='ocr_line' id='line_1_74' title="bbox 490 4268 2133 4346; baseline -0.002 -19"><span class='ocrx_word' id='word_1_562' title='bbox 490 4288 670 4346; x_wconf 87' lang='lat' dir='ltr'><strong><em>perna</em></strong></span> <span class='ocrx_word' id='word_1_563' title='bbox 700 4271 855 4327; x_wconf 88' lang='lat' dir='ltr'><strong><em>enim</em></strong></span> <span class='ocrx_word' id='word_1_564' title='bbox 888 4271 1076 4342; x_wconf 88' lang='lat' dir='ltr'><strong><em>pietas</em></strong></span> <span class='ocrx_word' id='word_1_565' title='bbox 1106 4287 1174 4324; x_wconf 79' lang='lat' dir='ltr'><strong><em>ex</em></strong></span> <span class='ocrx_word' id='word_1_566' title='bbox 1205 4285 1418 4342; x_wconf 87' lang='lat' dir='ltr'><strong><em>magna</em></strong></span> <span class='ocrx_word' id='word_1_567' title='bbox 1450 4268 1860 4324; x_wconf 71' lang='lat' dir='ltr'><strong><em>misericordia:</em></strong></span> <span class='ocrx_word' id='word_1_568' title='bbox 1879 4287 1994 4324; x_wconf 70' lang='lat' dir='ltr'><strong><em>sua:</em></strong></span> <span class='ocrx_word' id='word_1_569' title='bbox 2025 4268 2133 4324; x_wconf 86' lang='lat' dir='ltr'><strong><em>lar-</em></strong></span> 
     </span>
    </p>
   </div>
   <div class='ocr_carea' id='block_1_75' title="bbox 489 4357 2130 4436">
    <p class='ocr_par' dir='ltr' id='par_1_75' title="bbox 489 4357 2130 4436">
     <span class='ocr_line' id='line_1_75' title="bbox 489 4357 2130 4436; baseline -0.001 -21"><span class='ocrx_word' id='word_1_570' title='bbox 489 4361 688 4436; x_wconf 88' lang='lat' dir='ltr'><strong><em>gitate,</em></strong></span> <span class='ocrx_word' id='word_1_571' title='bbox 721 4358 998 4432; x_wconf 87' lang='lat' dir='ltr'><strong><em>disponit,</em></strong></span> <span class='ocrx_word' id='word_1_572' title='bbox 1032 4363 1097 4414; x_wconf 89' lang='lat' dir='ltr'><strong><em>ut</em></strong></span> <span class='ocrx_word' id='word_1_573' title='bbox 1127 4357 1391 4414; x_wconf 88' lang='lat' dir='ltr'><strong><em>nonnulli</em></strong></span> <span class='ocrx_word' id='word_1_574' title='bbox 1424 4357 1596 4412; x_wconf 87' lang='lat' dir='ltr'><strong><em>etiam</em></strong></span> <span class='ocrx_word' id='word_1_575' title='bbox 1630 4363 1762 4431; x_wconf 88' lang='lat' dir='ltr'><strong><em>post</em></strong></span> <span class='ocrx_word' id='word_1_576' title='bbox 1791 4358 2009 4414; x_wconf 79' lang='lat' dir='ltr'><strong><em>exitum</em></strong></span> <span class='ocrx_word' id='word_1_577' title='bbox 2042 4375 2130 4414; x_wconf 89' lang='lat' dir='ltr'><strong><em>re-</em></strong></span> 
     </span>
    </p>
   </div>
   <div class='ocr_carea' id='block_1_76' title="bbox 488 4447 2130 4524">
    <p class='ocr_par' dir='ltr' id='par_1_76' title="bbox 488 4447 2130 4524">
     <span class='ocr_line' id='line_1_76' title="bbox 488 4447 2130 4524; baseline -0.001 -20"><span class='ocrx_word' id='word_1_578' title='bbox 488 4454 660 4524; x_wconf 86' lang='lat' dir='ltr'><strong><em>pente</em></strong></span> <span class='ocrx_word' id='word_1_579' title='bbox 692 4449 762 4504; x_wconf 91' lang='lat' dir='ltr'><strong><em>ad</em></strong></span> <span class='ocrx_word' id='word_1_580' title='bbox 795 4465 1006 4521; x_wconf 89' lang='lat' dir='ltr'><strong><em>corpus</em></strong></span> <span class='ocrx_word' id='word_1_581' title='bbox 1061 4449 1298 4503; x_wconf 87' lang='lat' dir='ltr'><strong><em>redeant</em></strong></span> <span class='ocrx_word' id='word_1_582' title='bbox 1349 4451 1407 4503; x_wconf 91' lang='lat' dir='ltr'><strong><em>et</em></strong></span> <span class='ocrx_word' id='word_1_583' title='bbox 1435 4452 1728 4504; x_wconf 89' lang='lat' dir='ltr'><strong><em>tormenta</em></strong></span> <span class='ocrx_word' id='word_1_584' title='bbox 1785 4447 1975 4515; x_wconf 89' lang='lat' dir='ltr'><strong><em>inferi,</em></strong></span> <span class='ocrx_word' id='word_1_585' title='bbox 2004 4466 2130 4522; x_wconf 68' lang='lat' dir='ltr'><strong><em>quae</em></strong></span> 
     </span>
    </p>
   </div>
   <div class='ocr_carea' id='block_1_77' title="bbox 489 4535 2130 4609">
    <p class='ocr_par' dir='ltr' id='par_1_77' title="bbox 489 4535 2130 4609">
     <span class='ocr_line' id='line_1_77' title="bbox 489 4535 2130 4609; baseline 0 -15"><span class='ocrx_word' id='word_1_586' title='bbox 489 4537 690 4594; x_wconf 86' lang='lat' dir='ltr'><strong><em>audita</em></strong></span> <span class='ocrx_word' id='word_1_587' title='bbox 719 4555 832 4592; x_wconf 91' lang='lat' dir='ltr'><strong><em>non</em></strong></span> <span class='ocrx_word' id='word_1_588' title='bbox 860 4537 1244 4605; x_wconf 89' lang='lat' dir='ltr'><strong><em>crediderant,</em></strong></span> <span class='ocrx_word' id='word_1_589' title='bbox 1269 4537 1478 4592; x_wconf 89' lang='lat' dir='ltr'><strong><em>saltem</em></strong></span> <span class='ocrx_word' id='word_1_590' title='bbox 1509 4536 1632 4592; x_wconf 89' lang='lat' dir='ltr'><strong><em>visa</em></strong></span> <span class='ocrx_word' id='word_1_591' title='bbox 1661 4535 2130 4609; x_wconf 84' lang='lat' dir='ltr'><strong><em>pertimescant.»</em></strong></span> 
     </span>
    </p>
   </div>
   <div class='ocr_carea' id='block_1_78' title="bbox 489 4626 2207 4724">
    <p class='ocr_par' dir='ltr' id='par_1_78' title="bbox 489 4626 2207 4724">
     <span class='ocr_line' id='line_1_78' title="bbox 489 4626 2207 4724; baseline 0 -42"><span class='ocrx_word' id='word_1_592' title='bbox 489 4628 558 4683; x_wconf 87' lang='lat' dir='ltr'><strong><em>Et</em></strong></span> <span class='ocrx_word' id='word_1_593' title='bbox 587 4632 718 4700; x_wconf 89' lang='lat' dir='ltr'><strong><em>post</em></strong></span> <span class='ocrx_word' id='word_1_594' title='bbox 751 4626 1142 4681; x_wconf 90' lang='lat' dir='ltr'><strong><em>narrationem</em></strong></span> <span class='ocrx_word' id='word_1_595' title='bbox 1177 4626 1247 4681; x_wconf 86' lang='lat' dir='ltr'><strong><em>de</em></strong></span> <span class='ocrx_word' id='word_1_596' title='bbox 1280 4626 1592 4698; x_wconf 83' lang='lat' dir='ltr'><strong><em>Stephano,</em></strong></span> <span class='ocrx_word' id='word_1_597' title='bbox 1622 4626 1720 4698; x_wconf 88' lang='lat' dir='ltr'><strong><em>qui</em></strong></span> <span class='ocrx_word' id='word_1_598' title='bbox 1754 4627 2044 4683; x_wconf 88' lang='lat' dir='ltr'><strong><em>adductus</em></strong></span> <span class='ocrx_word' id='word_1_599' title='bbox 2075 4632 2132 4682; x_wconf 91' lang='lat' dir='ltr'><strong><em>et</em></strong></span> <span class='ocrx_word' id='word_1_600' title='bbox 2161 4660 2207 4724; x_wconf 67' lang='grc' dir='ltr'>Ι)</span> 
     </span>
    </p>
   </div>
   <div class='ocr_carea' id='block_1_79' title="bbox 488 4714 2130 4788">
    <p class='ocr_par' dir='ltr' id='par_1_79' title="bbox 488 4714 2130 4788">
     <span class='ocr_line' id='line_1_79' title="bbox 488 4714 2130 4788; baseline 0.001 -17"><span class='ocrx_word' id='word_1_601' title='bbox 488 4715 768 4772; x_wconf 90' lang='lat' dir='ltr'><strong><em>reductus</em></strong></span> <span class='ocrx_word' id='word_1_602' title='bbox 797 4719 854 4770; x_wconf 91' lang='lat' dir='ltr'><strong><em>et</em></strong></span> <span class='ocrx_word' id='word_1_603' title='bbox 878 4718 1080 4786; x_wconf 88' lang='lat' dir='ltr'><strong><em>postea</em></strong></span> <span class='ocrx_word' id='word_1_604' title='bbox 1132 4714 1340 4769; x_wconf 90' lang='lat' dir='ltr'><strong><em>iterum</em></strong></span> <span class='ocrx_word' id='word_1_605' title='bbox 1375 4716 1444 4768; x_wconf 89' lang='lat' dir='ltr'><strong><em>ad</em></strong></span> <span class='ocrx_word' id='word_1_606' title='bbox 1479 4719 1766 4769; x_wconf 87' lang='lat' dir='ltr'><strong><em>tormenta</em></strong></span> <span class='ocrx_word' id='word_1_607' title='bbox 1813 4717 2130 4788; x_wconf 87' lang='lat' dir='ltr'><strong><em>perductus</em></strong></span> 
     </span>
    </p>
   </div>
   <div class='ocr_carea' id='block_1_80' title="bbox 487 4803 2130 4878">
    <p class='ocr_par' dir='ltr' id='par_1_80' title="bbox 487 4803 2130 4878">
     <span class='ocr_line' id='line_1_80' title="bbox 487 4803 2130 4878; baseline -0.001 -17"><span class='ocrx_word' id='word_1_608' title='bbox 487 4803 969 4870; x_wconf 84' lang='lat' dir='ltr'><strong><em>fuerat,subdidit</em></strong></span> <span class='ocrx_word' id='word_1_609' title='bbox 995 4803 1329 4874; x_wconf 80' lang='lat' dir='ltr'><strong><em>(ib.,inﬁne)</em></strong></span> <span class='ocrx_word' id='word_1_610' title='bbox 1365 4822 1382 4858; x_wconf 91' lang='lat'><em>:</em></span> <span class='ocrx_word' id='word_1_611' title='bbox 1415 4827 1441 4852; x_wconf 85' lang='grc'><strong><em>‹‹</em></strong></span> <span class='ocrx_word' id='word_1_612' title='bbox 1477 4806 1600 4869; x_wconf 89' lang='lat' dir='ltr'><strong><em>Qua</em></strong></span> <span class='ocrx_word' id='word_1_613' title='bbox 1629 4804 1700 4858; x_wconf 89' lang='lat' dir='ltr'><strong><em>de</em></strong></span> <span class='ocrx_word' id='word_1_614' title='bbox 1733 4821 1790 4860; x_wconf 89' lang='lat' dir='ltr'><strong><em>re</em></strong></span> <span class='ocrx_word' id='word_1_615' title='bbox 1819 4803 2130 4878; x_wconf 87' lang='lat' dir='ltr'><strong><em>colligitur,</em></strong></span> 
     </span>
    </p>
   </div>
   <div class='ocr_carea' id='block_1_81' title="bbox 487 4892 2133 4968">
    <p class='ocr_par' dir='ltr' id='par_1_81' title="bbox 487 4892 2133 4968">
     <span class='ocr_line' id='line_1_81' title="bbox 487 4892 2133 4968; baseline -0.001 -18"><span class='ocrx_word' id='word_1_616' title='bbox 487 4895 626 4968; x_wconf 89' lang='lat' dir='ltr'><strong><em>quia</em></strong></span> <span class='ocrx_word' id='word_1_617' title='bbox 647 4894 757 4968; x_wconf 90' lang='lat' dir='ltr'><strong><em>ipsi</em></strong></span> <span class='ocrx_word' id='word_1_618' title='bbox 783 4911 1012 4966; x_wconf 90' lang='lat' dir='ltr'><strong><em>quoque</em></strong></span> <span class='ocrx_word' id='word_1_619' title='bbox 1037 4892 1246 4948; x_wconf 86' lang='lat' dir='ltr'><strong><em>inferni</em></strong></span> <span class='ocrx_word' id='word_1_620' title='bbox 1270 4892 1558 4966; x_wconf 78' lang='lat' dir='ltr'><strong><em>supplicia</em></strong></span> <span class='ocrx_word' id='word_1_621' title='bbox 1573 4910 1708 4948; x_wconf 89' lang='lat' dir='ltr'><strong><em>cum</em></strong></span> <span class='ocrx_word' id='word_1_622' title='bbox 1734 4893 2133 4949; x_wconf 86' lang='lat' dir='ltr'><strong><em>demonstran-</em></strong></span> 
     </span>
    </p>
   </div>
   <div class='ocr_carea' id='block_1_82' title="bbox 487 4981 2130 5054">
    <p class='ocr_par' dir='ltr' id='par_1_82' title="bbox 487 4981 2130 5054">
     <span class='ocr_line' id='line_1_82' title="bbox 487 4981 2130 5054; baseline -0.001 -14"><span class='ocrx_word' id='word_1_623' title='bbox 487 4988 602 5050; x_wconf 87' lang='lat' dir='ltr'><strong><em>tur,</em></strong></span> <span class='ocrx_word' id='word_1_624' title='bbox 618 4983 748 5038; x_wconf 90' lang='lat' dir='ltr'><strong><em>aliis</em></strong></span> <span class='ocrx_word' id='word_1_625' title='bbox 781 4983 900 5038; x_wconf 72' lang='lat' dir='ltr'><strong><em>haec</em></strong></span> <span class='ocrx_word' id='word_1_626' title='bbox 931 4983 1000 5038; x_wconf 87' lang='lat' dir='ltr'><strong><em>ad</em></strong></span> <span class='ocrx_word' id='word_1_627' title='bbox 1035 4981 1414 5054; x_wconf 88' lang='lat' dir='ltr'><strong><em>adjutorium,</em></strong></span> <span class='ocrx_word' id='word_1_628' title='bbox 1438 4981 1568 5036; x_wconf 90' lang='lat' dir='ltr'><strong><em>aliis</em></strong></span> <span class='ocrx_word' id='word_1_629' title='bbox 1593 4998 1725 5036; x_wconf 90' lang='lat' dir='ltr'><strong><em>vero</em></strong></span> <span class='ocrx_word' id='word_1_630' title='bbox 1757 4982 1826 5037; x_wconf 88' lang='lat' dir='ltr'><strong><em>ad</em></strong></span> <span class='ocrx_word' id='word_1_631' title='bbox 1870 4983 2130 5038; x_wconf 87' lang='lat' dir='ltr'><strong><em>testimo-</em></strong></span> 
     </span>
    </p>
   </div>
   <div class='ocr_carea' id='block_1_83' title="bbox 488 5070 2132 5143">
    <p class='ocr_par' dir='ltr' id='par_1_83' title="bbox 488 5070 2132 5143">
     <span class='ocr_line' id='line_1_83' title="bbox 488 5070 2132 5143; baseline -0.002 -14"><span class='ocrx_word' id='word_1_632' title='bbox 488 5074 651 5129; x_wconf 89' lang='lat' dir='ltr'><strong><em>nium</em></strong></span> <span class='ocrx_word' id='word_1_633' title='bbox 687 5074 848 5139; x_wconf 84' lang='lat' dir='ltr'><strong><em>fiant,</em></strong></span> <span class='ocrx_word' id='word_1_634' title='bbox 881 5076 944 5127; x_wconf 89' lang='lat' dir='ltr'><strong><em>ut</em></strong></span> <span class='ocrx_word' id='word_1_635' title='bbox 976 5071 1070 5127; x_wconf 89' lang='lat' dir='ltr'><strong><em>isti</em></strong></span> <span class='ocrx_word' id='word_1_636' title='bbox 1120 5071 1353 5126; x_wconf 87' lang='lat' dir='ltr'><strong><em>videant</em></strong></span> <span class='ocrx_word' id='word_1_637' title='bbox 1402 5070 1556 5126; x_wconf 87' lang='lat' dir='ltr'><strong><em>mala</em></strong></span> <span class='ocrx_word' id='word_1_638' title='bbox 1599 5088 1725 5143; x_wconf 72' lang='lat' dir='ltr'><strong><em>qua:</em></strong></span> <span class='ocrx_word' id='word_1_639' title='bbox 1758 5077 2014 5138; x_wconf 76' lang='lat' dir='ltr'><strong><em>caveant,</em></strong></span> <span class='ocrx_word' id='word_1_640' title='bbox 2047 5071 2132 5126; x_wconf 90' lang='lat' dir='ltr'><strong><em>illi</em></strong></span> 
     </span>
    </p>
   </div>
   <div class='ocr_carea' id='block_1_84' title="bbox 485 5159 2132 5236">
    <p class='ocr_par' dir='ltr' id='par_1_84' title="bbox 485 5159 2132 5236">
     <span class='ocr_line' id='line_1_84' title="bbox 485 5159 2132 5236; baseline -0.002 -17"><span class='ocrx_word' id='word_1_641' title='bbox 485 5182 617 5220; x_wconf 86' lang='lat' dir='ltr'><strong><em>vero</em></strong></span> <span class='ocrx_word' id='word_1_642' title='bbox 641 5181 706 5220; x_wconf 92' lang='lat' dir='ltr'><strong><em>eo</em></strong></span> <span class='ocrx_word' id='word_1_643' title='bbox 729 5163 982 5236; x_wconf 89' lang='lat' dir='ltr'><strong><em>amplius</em></strong></span> <span class='ocrx_word' id='word_1_644' title='bbox 1006 5163 1464 5236; x_wconf 90' lang='lat' dir='ltr'><strong><em>puniantur,quo</em></strong></span> <span class='ocrx_word' id='word_1_645' title='bbox 1486 5161 1694 5217; x_wconf 89' lang='lat' dir='ltr'><strong><em>inferni</em></strong></span> <span class='ocrx_word' id='word_1_646' title='bbox 1719 5159 2008 5233; x_wconf 86' lang='lat' dir='ltr'><strong><em>supplicia</em></strong></span> <span class='ocrx_word' id='word_1_647' title='bbox 2028 5177 2132 5216; x_wconf 92' lang='lat' dir='ltr'><strong><em>nec</em></strong></span> 
     </span>
    </p>
   </div>
   <div class='ocr_carea' id='block_1_85' title="bbox 485 5250 2129 5324">
    <p class='ocr_par' dir='ltr' id='par_1_85' title="bbox 485 5250 2129 5324">
     <span class='ocr_line' id='line_1_85' title="bbox 485 5250 2129 5324; baseline -0.001 -16"><span class='ocrx_word' id='word_1_648' title='bbox 485 5253 609 5310; x_wconf 87' lang='lat' dir='ltr'><strong><em>visa</em></strong></span> <span class='ocrx_word' id='word_1_649' title='bbox 639 5258 694 5310; x_wconf 89' lang='lat' dir='ltr'><strong><em>et</em></strong></span> <span class='ocrx_word' id='word_1_650' title='bbox 724 5253 960 5324; x_wconf 79' lang='lat' dir='ltr'><strong><em>cognita</em></strong></span> <span class='ocrx_word' id='word_1_651' title='bbox 1008 5253 1189 5308; x_wconf 86' lang='lat' dir='ltr'><strong><em>vitare</em></strong></span> <span class='ocrx_word' id='word_1_652' title='bbox 1245 5250 1574 5306; x_wconf 90' lang='lat' dir='ltr'><strong><em>voluerunt.</em></strong></span> <span class='ocrx_word' id='word_1_653' title='bbox 1610 5274 1636 5302; x_wconf 83' lang='lat'><strong>»</strong></span> <span class='ocrx_word' id='word_1_654' title='bbox 1671 5251 1766 5306; x_wconf 88' lang='lat' dir='ltr'><strong><em>Sic</em></strong></span> <span class='ocrx_word' id='word_1_655' title='bbox 1797 5255 1853 5306; x_wconf 89' lang='lat' dir='ltr'><strong><em>et</em></strong></span> <span class='ocrx_word' id='word_1_656' title='bbox 1878 5251 2030 5306; x_wconf 90' lang='lat' dir='ltr'><strong><em>Deus</em></strong></span> <span class='ocrx_word' id='word_1_657' title='bbox 2061 5268 2129 5306; x_wconf 83' lang='lat' dir='ltr'><strong><em>ex</em></strong></span> 
     </span>
    </p>
   </div>
   <div class='ocr_carea' id='block_1_86' title="bbox 487 5340 2126 5415">
    <p class='ocr_par' dir='ltr' id='par_1_86' title="bbox 487 5340 2126 5415">
     <span class='ocr_line' id='line_1_86' title="bbox 487 5340 2126 5415; baseline -0.001 -19"><span class='ocrx_word' id='word_1_658' title='bbox 487 5343 777 5415; x_wconf 88' lang='lat' dir='ltr'><strong><em>scriptura</em></strong></span> <span class='ocrx_word' id='word_1_659' title='bbox 809 5343 1064 5399; x_wconf 85' lang='lat' dir='ltr'><strong><em>veritatis</em></strong></span> <span class='ocrx_word' id='word_1_660' title='bbox 1108 5341 1276 5398; x_wconf 84' lang='lat' dir='ltr'><strong><em>nobis</em></strong></span> <span class='ocrx_word' id='word_1_661' title='bbox 1305 5341 1686 5408; x_wconf 89' lang='lat' dir='ltr'><strong><em>demonstrat,</em></strong></span> <span class='ocrx_word' id='word_1_662' title='bbox 1715 5341 1870 5412; x_wconf 91' lang='lat' dir='ltr'><strong><em>quod</em></strong></span> <span class='ocrx_word' id='word_1_663' title='bbox 1902 5340 1972 5394; x_wconf 90' lang='lat' dir='ltr'><strong><em>ad</em></strong></span> <span class='ocrx_word' id='word_1_664' title='bbox 2003 5357 2126 5395; x_wconf 91' lang='lat' dir='ltr'><strong><em>cor-</em></strong></span> 
     </span>
    </p>
   </div>
   <div class='ocr_carea' id='block_1_87' title="bbox 487 5429 2126 5503">
    <p class='ocr_par' dir='ltr' id='par_1_87' title="bbox 487 5429 2126 5503">
     <span class='ocr_line' id='line_1_87' title="bbox 487 5429 2126 5503; baseline -0.001 -18"><span class='ocrx_word' id='word_1_665' title='bbox 487 5430 759 5488; x_wconf 87' lang='lat' dir='ltr'><strong><em>rectionis</em></strong></span> <span class='ocrx_word' id='word_1_666' title='bbox 790 5432 1074 5487; x_wconf 88' lang='lat' dir='ltr'><strong><em>cautelam</em></strong></span> <span class='ocrx_word' id='word_1_667' title='bbox 1120 5431 1290 5486; x_wconf 90' lang='lat' dir='ltr'><strong><em>nobis</em></strong></span> <span class='ocrx_word' id='word_1_668' title='bbox 1335 5429 1618 5503; x_wconf 86' lang='lat' dir='ltr'><strong><em>proficiat,</em></strong></span> <span class='ocrx_word' id='word_1_669' title='bbox 1653 5434 1754 5486; x_wconf 91' lang='lat' dir='ltr'><strong><em>aut</em></strong></span> <span class='ocrx_word' id='word_1_670' title='bbox 1781 5446 1849 5484; x_wconf 79' lang='lat' dir='ltr'><strong><em>ex</em></strong></span> <span class='ocrx_word' id='word_1_671' title='bbox 1881 5429 2126 5484; x_wconf 88' lang='lat' dir='ltr'><strong><em>retribu-</em></strong></span> 
     </span>
    </p>
   </div>
   <div class='ocr_carea' id='block_1_88' title="bbox 486 5517 2126 5592">
    <p class='ocr_par' dir='ltr' id='par_1_88' title="bbox 486 5517 2126 5592">
     <span class='ocr_line' id='line_1_88' title="bbox 486 5517 2126 5592; baseline 0 -17"><span class='ocrx_word' id='word_1_672' title='bbox 486 5518 895 5592; x_wconf 72' lang='lat' dir='ltr'><strong><em>tionejustitia:</em></strong></span> <span class='ocrx_word' id='word_1_673' title='bbox 917 5521 988 5576; x_wconf 87' lang='lat' dir='ltr'><strong><em>ad</em></strong></span> <span class='ocrx_word' id='word_1_674' title='bbox 1013 5521 1248 5592; x_wconf 77' lang='lat' dir='ltr'><strong><em>gravius</em></strong></span> <span class='ocrx_word' id='word_1_675' title='bbox 1264 5518 1723 5590; x_wconf 89' lang='lat' dir='ltr'><strong><em>delinquendum</em></strong></span> <span class='ocrx_word' id='word_1_676' title='bbox 1748 5518 1805 5572; x_wconf 90' lang='lat' dir='ltr'><strong><em>in</em></strong></span> <span class='ocrx_word' id='word_1_677' title='bbox 1823 5517 2126 5575; x_wconf 89' lang='lat' dir='ltr'><strong><em>cumulum</em></strong></span> 
     </span>
    </p>
   </div>
   <div class='ocr_carea' id='block_1_89' title="bbox 2239 3382 3888 3454">
    <p class='ocr_par' dir='ltr' id='par_1_89' title="bbox 2239 3382 3888 3454">
     <span class='ocr_line' id='line_1_89' title="bbox 2239 3382 3888 3454; baseline -0.002 -15"><span class='ocrx_word' id='word_1_678' title='bbox 2239 3384 2530 3452; x_wconf 80' lang='lat' dir='ltr'><strong><em>mendacii,</em></strong></span> <span class='ocrx_word' id='word_1_679' title='bbox 2563 3399 2744 3440; x_wconf 89' lang='lat' dir='ltr'><strong><em>omnes</em></strong></span> <span class='ocrx_word' id='word_1_680' title='bbox 2772 3385 3057 3438; x_wconf 86' lang='lat' dir='ltr'><strong><em>ministros</em></strong></span> <span class='ocrx_word' id='word_1_681' title='bbox 3086 3382 3304 3438; x_wconf 82' lang='lat' dir='ltr'><strong><em>habebit</em></strong></span> <span class='ocrx_word' id='word_1_682' title='bbox 3335 3383 3552 3454; x_wconf 83' lang='lat' dir='ltr'><strong><em>impios.</em></strong></span> <span class='ocrx_word' id='word_1_683' title='bbox 3585 3383 3715 3449; x_wconf 86' lang='lat' dir='ltr'><strong><em>Qua</em></strong></span> <span class='ocrx_word' id='word_1_684' title='bbox 3743 3382 3888 3438; x_wconf 88' lang='lat' dir='ltr'><strong><em>dere</em></strong></span> 
     </span>
    </p>
   </div>
   <div class='ocr_carea' id='block_1_90' title="bbox 2241 3471 3889 3544">
    <p class='ocr_par' dir='ltr' id='par_1_90' title="bbox 2241 3471 3889 3544">
     <span class='ocr_line' id='line_1_90' title="bbox 2241 3471 3889 3544; baseline -0.001 -17"><span class='ocrx_word' id='word_1_685' title='bbox 2241 3471 2570 3528; x_wconf 89' lang='lat' dir='ltr'><strong><em>timendum</em></strong></span> <span class='ocrx_word' id='word_1_686' title='bbox 2600 3475 2688 3527; x_wconf 91' lang='lat' dir='ltr'><strong><em>est</em></strong></span> <span class='ocrx_word' id='word_1_687' title='bbox 2717 3471 2859 3544; x_wconf 85' lang='lat' dir='ltr'><strong><em>regi,</em></strong></span> <span class='ocrx_word' id='word_1_688' title='bbox 2891 3476 2948 3526; x_wconf 91' lang='lat' dir='ltr'><strong><em>ct</em></strong></span> <span class='ocrx_word' id='word_1_689' title='bbox 3003 3471 3234 3527; x_wconf 85' lang='lat' dir='ltr'><strong><em>cunctis</em></strong></span> <span class='ocrx_word' id='word_1_690' title='bbox 3289 3471 3594 3528; x_wconf 88' lang='lat' dir='ltr'><strong><em>mendacio</em></strong></span> <span class='ocrx_word' id='word_1_691' title='bbox 3653 3471 3889 3528; x_wconf 86' lang='lat' dir='ltr'><strong><em>credere</em></strong></span> 
     </span>
    </p>
   </div>
   <div class='ocr_carea' id='block_1_91' title="bbox 2240 3559 3888 3634">
    <p class='ocr_par' dir='ltr' id='par_1_91' title="bbox 2240 3559 3888 3634">
     <span class='ocr_line' id='line_1_91' title="bbox 2240 3559 3888 3634; baseline -0.001 -18"><span class='ocrx_word' id='word_1_692' title='bbox 2240 3560 2588 3630; x_wconf 87' lang='lat' dir='ltr'><strong><em>volentibus,</em></strong></span> <span class='ocrx_word' id='word_1_693' title='bbox 2607 3559 2777 3634; x_wconf 85' lang='lat' dir='ltr'><strong><em>quasi</em></strong></span> <span class='ocrx_word' id='word_1_694' title='bbox 2799 3560 2952 3616; x_wconf 90' lang='lat' dir='ltr'><strong><em>Deus</em></strong></span> <span class='ocrx_word' id='word_1_695' title='bbox 2976 3565 3078 3616; x_wconf 89' lang='lat' dir='ltr'><strong><em>aut</em></strong></span> <span class='ocrx_word' id='word_1_696' title='bbox 3101 3560 3221 3616; x_wconf 79' lang='lat' dir='ltr'><strong><em>falli</em></strong></span> <span class='ocrx_word' id='word_1_697' title='bbox 3253 3561 3530 3634; x_wconf 86' lang='lat' dir='ltr'><strong><em>potuerit,</em></strong></span> <span class='ocrx_word' id='word_1_698' title='bbox 3553 3563 3658 3616; x_wconf 89' lang='lat' dir='ltr'><strong><em>aut</em></strong></span> <span class='ocrx_word' id='word_1_699' title='bbox 3691 3559 3888 3616; x_wconf 85' lang='lat' dir='ltr'><strong><em>fallere</em></strong></span> 
     </span>
    </p>
   </div>
   <div class='ocr_carea' id='block_1_92' title="bbox 2241 3648 3888 3724">
    <p class='ocr_par' dir='ltr' id='par_1_92' title="bbox 2241 3648 3888 3724">
     <span class='ocr_line' id='line_1_92' title="bbox 2241 3648 3888 3724; baseline -0.001 -18"><span class='ocrx_word' id='word_1_700' title='bbox 2241 3667 2600 3724; x_wconf 86' lang='lat' dir='ltr'><strong><em>quemquam</em></strong></span> <span class='ocrx_word' id='word_1_701' title='bbox 2629 3650 2688 3706; x_wconf 93' lang='lat' dir='ltr'><strong><em>in</em></strong></span> <span class='ocrx_word' id='word_1_702' title='bbox 2720 3667 2782 3706; x_wconf 89' lang='lat' dir='ltr'><strong><em>se</em></strong></span> <span class='ocrx_word' id='word_1_703' title='bbox 2809 3655 2961 3706; x_wconf 90' lang='lat' dir='ltr'><strong><em>recte</em></strong></span> <span class='ocrx_word' id='word_1_704' title='bbox 3009 3650 3339 3706; x_wconf 90' lang='lat' dir='ltr'><strong><em>credentem</em></strong></span> <span class='ocrx_word' id='word_1_705' title='bbox 3371 3650 3430 3705; x_wconf 92' lang='lat' dir='ltr'><strong><em>in</em></strong></span> <span class='ocrx_word' id='word_1_706' title='bbox 3453 3648 3683 3722; x_wconf 87' lang='lat' dir='ltr'><strong><em>judicio</em></strong></span> <span class='ocrx_word' id='word_1_707' title='bbox 3731 3648 3888 3715; x_wconf 84' lang='lat' dir='ltr'><strong><em>velit,</em></strong></span> 
     </span>
    </p>
   </div>
   <div class='ocr_carea' id='block_1_93' title="bbox 2243 3737 3885 3806">
    <p class='ocr_par' dir='ltr' id='par_1_93' title="bbox 2243 3737 3885 3806">
     <span class='ocr_line' id='line_1_93' title="bbox 2243 3737 3885 3806; baseline -0.001 -11"><span class='ocrx_word' id='word_1_708' title='bbox 2243 3745 2344 3796; x_wconf 92' lang='lat' dir='ltr'><strong><em>aut</em></strong></span> <span class='ocrx_word' id='word_1_709' title='bbox 2376 3739 2637 3794; x_wconf 86' lang='lat' dir='ltr'><strong><em>indebita</em></strong></span> <span class='ocrx_word' id='word_1_710' title='bbox 2686 3737 3089 3794; x_wconf 90' lang='lat' dir='ltr'><strong><em>misericordia</em></strong></span> <span class='ocrx_word' id='word_1_711' title='bbox 3132 3739 3190 3795; x_wconf 90' lang='lat' dir='ltr'><strong><em>in</em></strong></span> <span class='ocrx_word' id='word_1_712' title='bbox 3222 3738 3467 3795; x_wconf 89' lang='lat' dir='ltr'><strong><em>crimine</em></strong></span> <span class='ocrx_word' id='word_1_713' title='bbox 3519 3738 3885 3806; x_wconf 85' lang='lat' dir='ltr'><strong><em>consistenti,</em></strong></span> 
     </span>
    </p>
   </div>
   <div class='ocr_carea' id='block_1_94' title="bbox 2241 3827 3889 3902">
    <p class='ocr_par' dir='ltr' id='par_1_94' title="bbox 2241 3827 3889 3902">
     <span class='ocr_line' id='line_1_94' title="bbox 2241 3827 3889 3902; baseline -0.001 -18"><span class='ocrx_word' id='word_1_714' title='bbox 2241 3835 2415 3902; x_wconf 89' lang='lat' dir='ltr'><strong><em>atque</em></strong></span> <span class='ocrx_word' id='word_1_715' title='bbox 2457 3827 2675 3884; x_wconf 88' lang='lat' dir='ltr'><strong><em>crimen</em></strong></span> <span class='ocrx_word' id='word_1_716' title='bbox 2711 3828 2906 3900; x_wconf 89' lang='lat' dir='ltr'><strong><em>ipsum</em></strong></span> <span class='ocrx_word' id='word_1_717' title='bbox 2937 3828 3196 3900; x_wconf 83' lang='lat' dir='ltr'><strong><em>neganti,</em></strong></span> <span class='ocrx_word' id='word_1_718' title='bbox 3227 3831 3284 3883; x_wconf 88' lang='lat' dir='ltr'><strong><em>et</em></strong></span> <span class='ocrx_word' id='word_1_719' title='bbox 3309 3844 3370 3884; x_wconf 87' lang='lat' dir='ltr'><strong><em>se</em></strong></span> <span class='ocrx_word' id='word_1_720' title='bbox 3401 3827 3650 3883; x_wconf 87' lang='lat' dir='ltr'><strong><em>tentanti</em></strong></span> <span class='ocrx_word' id='word_1_721' title='bbox 3682 3827 3889 3884; x_wconf 83' lang='lat' dir='ltr'><strong><em>debeat</em></strong></span> 
     </span>
    </p>
   </div>
   <div class='ocr_carea' id='block_1_95' title="bbox 2243 3916 3886 3990">
    <p class='ocr_par' dir='ltr' id='par_1_95' title="bbox 2243 3916 3886 3990">
     <span class='ocr_line' id='line_1_95' title="bbox 2243 3916 3886 3990; baseline -0.001 -16"><span class='ocrx_word' id='word_1_722' title='bbox 2243 3917 2525 3985; x_wconf 87' lang='lat' dir='ltr'><strong><em>misereri,</em></strong></span> <span class='ocrx_word' id='word_1_723' title='bbox 2555 3917 2653 3990; x_wconf 90' lang='lat' dir='ltr'><strong><em>qui</em></strong></span> <span class='ocrx_word' id='word_1_724' title='bbox 2709 3917 2883 3972; x_wconf 87' lang='lat' dir='ltr'><strong><em>etiam</em></strong></span> <span class='ocrx_word' id='word_1_725' title='bbox 2917 3917 3158 3990; x_wconf 87' lang='lat' dir='ltr'><strong><em>pauperi</em></strong></span> <span class='ocrx_word' id='word_1_726' title='bbox 3187 3917 3245 3972; x_wconf 89' lang='lat' dir='ltr'><strong><em>in</em></strong></span> <span class='ocrx_word' id='word_1_727' title='bbox 3272 3917 3496 3990; x_wconf 91' lang='lat' dir='ltr'><strong><em>judicio</em></strong></span> <span class='ocrx_word' id='word_1_728' title='bbox 3522 3916 3610 3973; x_wconf 88' lang='lat' dir='ltr'><strong><em>vel</em></strong></span> <span class='ocrx_word' id='word_1_729' title='bbox 3642 3917 3758 3973; x_wconf 89' lang='lat' dir='ltr'><strong><em>sub</em></strong></span> <span class='ocrx_word' id='word_1_730' title='bbox 3787 3916 3886 3972; x_wconf 88' lang='lat' dir='ltr'><strong><em>ob-</em></strong></span> 
     </span>
    </p>
   </div>
   <div class='ocr_carea' id='block_1_96' title="bbox 2189 4004 3888 4080">
    <p class='ocr_par' dir='ltr' id='par_1_96' title="bbox 2189 4004 3888 4080">
     <span class='ocr_line' id='line_1_96' title="bbox 2189 4004 3888 4080; baseline -0.001 -17"><span class='ocrx_word' id='word_1_731' title='bbox 2189 4057 2196 4064; x_wconf 91' lang='lat'><strong><em>.</em></strong></span> <span class='ocrx_word' id='word_1_732' title='bbox 2239 4013 2404 4063; x_wconf 88' lang='lat' dir='ltr'><strong><em>tentu</em></strong></span> <span class='ocrx_word' id='word_1_733' title='bbox 2451 4006 2684 4080; x_wconf 89' lang='lat' dir='ltr'><strong><em>pietatis</em></strong></span> <span class='ocrx_word' id='word_1_734' title='bbox 2745 4006 3005 4062; x_wconf 89' lang='lat' dir='ltr'><strong><em>misereri</em></strong></span> <span class='ocrx_word' id='word_1_735' title='bbox 3051 4005 3370 4078; x_wconf 89' lang='lat' dir='ltr'><strong><em>prohibuit,</em></strong></span> <span class='ocrx_word' id='word_1_736' title='bbox 3402 4021 3476 4061; x_wconf 91' lang='lat' dir='ltr'><strong><em>ne</em></strong></span> <span class='ocrx_word' id='word_1_737' title='bbox 3508 4009 3748 4078; x_wconf 84' lang='lat' dir='ltr'><strong><em>propter</em></strong></span> <span class='ocrx_word' id='word_1_738' title='bbox 3776 4004 3888 4062; x_wconf 82' lang='lat' dir='ltr'><strong><em>alia</em></strong></span> 
     </span>
    </p>
   </div>
   <div class='ocr_carea' id='block_1_97' title="bbox 2241 4094 3887 4170">
    <p class='ocr_par' dir='ltr' id='par_1_97' title="bbox 2241 4094 3887 4170">
     <span class='ocr_line' id='line_1_97' title="bbox 2241 4094 3887 4170; baseline -0.002 -18"><span class='ocrx_word' id='word_1_739' title='bbox 2241 4101 2571 4170; x_wconf 86' lang='lat' dir='ltr'><strong><em>perpetrata</em></strong></span> <span class='ocrx_word' id='word_1_740' title='bbox 2621 4101 2874 4168; x_wconf 88' lang='lat' dir='ltr'><strong><em>peccata,</em></strong></span> <span class='ocrx_word' id='word_1_741' title='bbox 2907 4096 2980 4151; x_wconf 93' lang='lat' dir='ltr'><strong><em>de</em></strong></span> <span class='ocrx_word' id='word_1_742' title='bbox 3034 4095 3255 4168; x_wconf 89' lang='lat' dir='ltr'><strong><em>quibus</em></strong></span> <span class='ocrx_word' id='word_1_743' title='bbox 3311 4113 3426 4152; x_wconf 90' lang='lat' dir='ltr'><strong><em>non</em></strong></span> <span class='ocrx_word' id='word_1_744' title='bbox 3479 4094 3887 4151; x_wconf 87' lang='lat' dir='ltr'><strong><em>satisfecerunt</em></strong></span> 
     </span>
    </p>
   </div>
   <div class='ocr_carea' id='block_1_98' title="bbox 2242 4183 3885 4257">
    <p class='ocr_par' dir='ltr' id='par_1_98' title="bbox 2242 4183 3885 4257">
     <span class='ocr_line' id='line_1_98' title="bbox 2242 4183 3885 4257; baseline -0.001 -16"><span class='ocrx_word' id='word_1_745' title='bbox 2242 4185 2591 4250; x_wconf 80' lang='lat' dir='ltr'><strong><em>Domino,cx</em></strong></span> <span class='ocrx_word' id='word_1_746' title='bbox 2619 4184 2997 4240; x_wconf 89' lang='lat' dir='ltr'><strong><em>retributione</em></strong></span> <span class='ocrx_word' id='word_1_747' title='bbox 3019 4185 3286 4257; x_wconf 70' lang='lat' dir='ltr'><strong><em>justitiaa,</em></strong></span> <span class='ocrx_word' id='word_1_748' title='bbox 3307 4202 3342 4240; x_wconf 87' lang='lat' dir='ltr'><strong><em>a</em></strong></span> <span class='ocrx_word' id='word_1_749' title='bbox 3367 4185 3648 4240; x_wconf 88' lang='lat' dir='ltr'><strong><em>mendace</em></strong></span> <span class='ocrx_word' id='word_1_750' title='bbox 3679 4183 3885 4257; x_wconf 87' lang='lat' dir='ltr'><strong><em>spiritu</em></strong></span> 
     </span>
    </p>
   </div>
   <div class='ocr_carea' id='block_1_99' title="bbox 2241 4271 3884 4344">
    <p class='ocr_par' dir='ltr' id='par_1_99' title="bbox 2241 4271 3884 4344">
     <span class='ocr_line' id='line_1_99' title="bbox 2241 4271 3884 4344; baseline -0.001 -15"><span class='ocrx_word' id='word_1_751' title='bbox 2241 4275 2616 4341; x_wconf 76' lang='lat' dir='ltr'><strong><em>sertucantur,</em></strong></span> <span class='ocrx_word' id='word_1_752' title='bbox 2652 4276 2717 4328; x_wconf 91' lang='lat' dir='ltr'><strong><em>ut</em></strong></span> <span class='ocrx_word' id='word_1_753' title='bbox 2745 4273 3055 4339; x_wconf 88' lang='lat' dir='ltr'><strong><em>intereant,</em></strong></span> <span class='ocrx_word' id='word_1_754' title='bbox 3089 4278 3146 4328; x_wconf 90' lang='lat' dir='ltr'><strong><em>et</em></strong></span> <span class='ocrx_word' id='word_1_755' title='bbox 3174 4273 3233 4328; x_wconf 89' lang='lat' dir='ltr'><strong><em>in</em></strong></span> <span class='ocrx_word' id='word_1_756' title='bbox 3266 4271 3446 4328; x_wconf 87' lang='lat' dir='ltr'><strong><em>alium</em></strong></span> <span class='ocrx_word' id='word_1_757' title='bbox 3479 4271 3759 4344; x_wconf 88' lang='lat' dir='ltr'><strong><em>laqueum</em></strong></span> <span class='ocrx_word' id='word_1_758' title='bbox 3791 4272 3884 4328; x_wconf 88' lang='lat' dir='ltr'><strong><em>de-</em></strong></span> 
     </span>
    </p>
   </div>
   <div class='ocr_carea' id='block_1_100' title="bbox 2241 4360 3887 4435">
    <p class='ocr_par' dir='ltr' id='par_1_100' title="bbox 2241 4360 3887 4435">
     <span class='ocr_line' id='line_1_100' title="bbox 2241 4360 3887 4435; baseline -0.001 -17"><span class='ocrx_word' id='word_1_759' title='bbox 2241 4361 2390 4434; x_wconf 87' lang='lat' dir='ltr'><strong><em>cepti</em></strong></span> <span class='ocrx_word' id='word_1_760' title='bbox 2422 4361 2894 4428; x_wconf 88' lang='lat' dir='ltr'><strong><em>cadant,sicutde</em></strong></span> <span class='ocrx_word' id='word_1_761' title='bbox 2913 4361 3266 4434; x_wconf 89' lang='lat' dir='ltr'><strong><em>quibusdam</em></strong></span> <span class='ocrx_word' id='word_1_762' title='bbox 3301 4360 3518 4418; x_wconf 89' lang='lat' dir='ltr'><strong><em>Paulus</em></strong></span> <span class='ocrx_word' id='word_1_763' title='bbox 3547 4360 3719 4416; x_wconf 89' lang='lat' dir='ltr'><strong><em>dicit:</em></strong></span> <span class='ocrx_word' id='word_1_764' title='bbox 3745 4366 3887 4435; x_wconf 80' lang='lat' dir='ltr'><strong><em>Quo-</em></strong></span> 
     </span>
    </p>
   </div>
   <div class='ocr_carea' id='block_1_101' title="bbox 2237 4450 3884 4520">
    <p class='ocr_par' dir='ltr' id='par_1_101' title="bbox 2237 4450 3884 4520">
     <span class='ocr_line' id='line_1_101' title="bbox 2237 4450 3884 4520; baseline -0.001 -12"><span class='ocrx_word' id='word_1_765' title='bbox 2237 4454 2393 4508; x_wconf 84' lang='lat' dir='ltr'><strong><em>niam</em></strong></span> <span class='ocrx_word' id='word_1_766' title='bbox 2420 4469 2537 4508; x_wconf 86' lang='lat' dir='ltr'><strong><em>evm</em></strong></span> <span class='ocrx_word' id='word_1_767' title='bbox 2565 4452 2934 4520; x_wconf 85' lang='lat' dir='ltr'><strong><em>cognovissent</em></strong></span> <span class='ocrx_word' id='word_1_768' title='bbox 2964 4453 3152 4518; x_wconf 87' lang='lat' dir='ltr'><strong><em>Deum,</em></strong></span> <span class='ocrx_word' id='word_1_769' title='bbox 3181 4467 3290 4508; x_wconf 87' lang='lat' dir='ltr'><strong><em>non</em></strong></span> <span class='ocrx_word' id='word_1_770' title='bbox 3349 4452 3491 4506; x_wconf 89' lang='lat' dir='ltr'><strong><em>sicut</em></strong></span> <span class='ocrx_word' id='word_1_771' title='bbox 3514 4452 3690 4506; x_wconf 91' lang='lat' dir='ltr'><strong><em>Deum</em></strong></span> <span class='ocrx_word' id='word_1_772' title='bbox 3716 4450 3884 4520; x_wconf 87' lang='lat' dir='ltr'><strong><em>glori-</em></strong></span> 
     </span>
    </p>
   </div>
   <div class='ocr_carea' id='block_1_102' title="bbox 2238 4540 3885 4614">
    <p class='ocr_par' dir='ltr' id='par_1_102' title="bbox 2238 4540 3885 4614">
     <span class='ocr_line' id='line_1_102' title="bbox 2238 4540 3885 4614; baseline -0.002 -17"><span class='ocrx_word' id='word_1_773' title='bbox 2238 4543 2558 4614; x_wconf 83' lang='lat' dir='ltr'><strong><em>ﬁcaverunt,</em></strong></span> <span class='ocrx_word' id='word_1_774' title='bbox 2589 4547 2684 4595; x_wconf 86' lang='lat' dir='ltr'><strong><em>aut</em></strong></span> <span class='ocrx_word' id='word_1_775' title='bbox 2738 4541 2944 4611; x_wconf 87' lang='lat' dir='ltr'><strong><em>gratias</em></strong></span> <span class='ocrx_word' id='word_1_776' title='bbox 2992 4548 3240 4609; x_wconf 86' lang='lat' dir='ltr'><strong><em>eger-unt,</em></strong></span> <span class='ocrx_word' id='word_1_777' title='bbox 3288 4540 3378 4595; x_wconf 89' lang='lat' dir='ltr'><strong><em>sed</em></strong></span> <span class='ocrx_word' id='word_1_778' title='bbox 3435 4547 3780 4596; x_wconf 83' lang='lat' dir='ltr'><strong><em>evanuerunt</em></strong></span> <span class='ocrx_word' id='word_1_779' title='bbox 3827 4541 3885 4594; x_wconf 84' lang='lat' dir='ltr'><strong><em>in</em></strong></span> 
     </span>
    </p>
   </div>
   <div class='ocr_carea' id='block_1_103' title="bbox 2239 4629 3886 4702">
    <p class='ocr_par' dir='ltr' id='par_1_103' title="bbox 2239 4629 3886 4702">
     <span class='ocr_line' id='line_1_103' title="bbox 2239 4629 3886 4702; baseline -0.001 -16"><span class='ocrx_word' id='word_1_780' title='bbox 2239 4632 2662 4698; x_wconf 79' lang='lat' dir='ltr'><strong><em>cegitationibus</em></strong></span> <span class='ocrx_word' id='word_1_781' title='bbox 2705 4631 2842 4698; x_wconf 87' lang='lat' dir='ltr'><strong><em>suis,</em></strong></span> <span class='ocrx_word' id='word_1_782' title='bbox 2871 4637 2921 4684; x_wconf 92' lang='lat' dir='ltr'><strong><em>et</em></strong></span> <span class='ocrx_word' id='word_1_783' title='bbox 2951 4629 3296 4685; x_wconf 84' lang='lat' dir='ltr'><strong><em>obscuratum</em></strong></span> <span class='ocrx_word' id='word_1_784' title='bbox 3347 4637 3424 4685; x_wconf 87' lang='lat' dir='ltr'><strong><em>est</em></strong></span> <span class='ocrx_word' id='word_1_785' title='bbox 3473 4631 3743 4702; x_wconf 82' lang='lat' dir='ltr'><strong><em>insipiens</em></strong></span> <span class='ocrx_word' id='word_1_786' title='bbox 3797 4645 3886 4684; x_wconf 87' lang='lat' dir='ltr'><strong><em>cor</em></strong></span> 
     </span>
    </p>
   </div>
   <div class='ocr_carea' id='block_1_104' title="bbox 2239 4717 3884 4790">
    <p class='ocr_par' dir='ltr' id='par_1_104' title="bbox 2239 4717 3884 4790">
     <span class='ocr_line' id='line_1_104' title="bbox 2239 4717 3884 4790; baseline -0.001 -16"><span class='ocrx_word' id='word_1_787' title='bbox 2239 4736 2465 4788; x_wconf 80' lang='lat' dir='ltr'><strong><em>eorum;</em></strong></span> <span class='ocrx_word' id='word_1_788' title='bbox 2506 4727 2791 4790; x_wconf 85' lang='lat' dir='ltr'><strong><em>propterea</em></strong></span> <span class='ocrx_word' id='word_1_789' title='bbox 2841 4718 3071 4773; x_wconf 84' lang='lat' dir='ltr'><strong><em>tradidit</em></strong></span> <span class='ocrx_word' id='word_1_790' title='bbox 3127 4718 3250 4773; x_wconf 84' lang='lat' dir='ltr'><strong><em>illos</em></strong></span> <span class='ocrx_word' id='word_1_791' title='bbox 3298 4719 3440 4773; x_wconf 88' lang='lat' dir='ltr'><strong><em>Deus</em></strong></span> <span class='ocrx_word' id='word_1_792' title='bbox 3499 4719 3562 4772; x_wconf 86' lang='lat' dir='ltr'><strong><em>in</em></strong></span> <span class='ocrx_word' id='word_1_793' title='bbox 3615 4717 3884 4774; x_wconf 77' lang='lat' dir='ltr'><strong><em>desideria</em></strong></span> 
     </span>
    </p>
   </div>
   <div class='ocr_carea' id='block_1_105' title="bbox 2239 4807 3883 4878">
    <p class='ocr_par' dir='ltr' id='par_1_105' title="bbox 2239 4807 3883 4878">
     <span class='ocr_line' id='line_1_105' title="bbox 2239 4807 3883 4878; baseline -0.002 -15"><span class='ocrx_word' id='word_1_794' title='bbox 2239 4808 2414 4863; x_wconf 86' lang='lat' dir='ltr'><strong><em>cordis</em></strong></span> <span class='ocrx_word' id='word_1_795' title='bbox 2445 4808 2692 4873; x_wconf 83' lang='lat' dir='ltr'><strong><em>illorum,</em></strong></span> <span class='ocrx_word' id='word_1_796' title='bbox 2726 4809 2786 4862; x_wconf 88' lang='lat' dir='ltr'><strong><em>in</em></strong></span> <span class='ocrx_word' id='word_1_797' title='bbox 2817 4807 3242 4876; x_wconf 83' lang='lat' dir='ltr'><strong><em>immunditiam,</em></strong></span> <span class='ocrx_word' id='word_1_798' title='bbox 3275 4816 3336 4863; x_wconf 89' lang='lat' dir='ltr'><strong><em>ut</em></strong></span> <span class='ocrx_word' id='word_1_799' title='bbox 3384 4807 3733 4863; x_wconf 87' lang='lat' dir='ltr'><strong><em>contumeliis</em></strong></span> <span class='ocrx_word' id='word_1_800' title='bbox 3763 4807 3883 4878; x_wconf 75' lang='lat' dir='ltr'><strong><em>afﬁ-</em></strong></span> 
     </span>
    </p>
   </div>
   <div class='ocr_carea' id='block_1_106' title="bbox 2239 4897 3886 4968">
    <p class='ocr_par' dir='ltr' id='par_1_106' title="bbox 2239 4897 3886 4968">
     <span class='ocr_line' id='line_1_106' title="bbox 2239 4897 3886 4968; baseline -0.001 -16"><span class='ocrx_word' id='word_1_801' title='bbox 2239 4899 2387 4952; x_wconf 81' lang='lat' dir='ltr'><strong><em>ciant</em></strong></span> <span class='ocrx_word' id='word_1_802' title='bbox 2415 4913 2640 4967; x_wconf 86' lang='lat' dir='ltr'><strong><em>eorpora</em></strong></span> <span class='ocrx_word' id='word_1_803' title='bbox 2667 4913 2787 4964; x_wconf 89' lang='lat' dir='ltr'><strong><em>sua,</em></strong></span> <span class='ocrx_word' id='word_1_804' title='bbox 2820 4897 3117 4952; x_wconf 85' lang='lat' dir='ltr'><strong><em>mercedem</em></strong></span> <span class='ocrx_word' id='word_1_805' title='bbox 3145 4899 3346 4952; x_wconf 88' lang='lat' dir='ltr'><strong><em>erroris</em></strong></span> <span class='ocrx_word' id='word_1_806' title='bbox 3375 4898 3466 4952; x_wconf 90' lang='lat' dir='ltr'><strong><em>sui</em></strong></span> <span class='ocrx_word' id='word_1_807' title='bbox 3496 4898 3558 4952; x_wconf 88' lang='lat' dir='ltr'><strong><em>in</em></strong></span> <span class='ocrx_word' id='word_1_808' title='bbox 3586 4897 3886 4968; x_wconf 70' lang='lat' dir='ltr'><strong><em>sanetipsis</em></strong></span> 
     </span>
    </p>
   </div>
   <div class='ocr_carea' id='block_1_107' title="bbox 2240 4987 3888 5058">
    <p class='ocr_par' dir='ltr' id='par_1_107' title="bbox 2240 4987 3888 5058">
     <span class='ocr_line' id='line_1_107' title="bbox 2240 4987 3888 5058; baseline 0.001 -18"><span class='ocrx_word' id='word_1_809' title='bbox 2240 4987 2588 5057; x_wconf 85' lang='lat' dir='ltr'><strong><em>recipientes:</em></strong></span> <span class='ocrx_word' id='word_1_810' title='bbox 2617 4993 2668 5040; x_wconf 87' lang='lat' dir='ltr'><strong><em>et</em></strong></span> <span class='ocrx_word' id='word_1_811' title='bbox 2693 5002 2834 5053; x_wconf 86' lang='lat' dir='ltr'><strong><em>guon</em></strong></span> <span class='ocrx_word' id='word_1_812' title='bbox 2845 4989 2954 5041; x_wconf 88' lang='lat' dir='ltr'><strong><em>iam</em></strong></span> <span class='ocrx_word' id='word_1_813' title='bbox 2983 5004 3091 5042; x_wconf 87' lang='lat' dir='ltr'><strong><em>non</em></strong></span> <span class='ocrx_word' id='word_1_814' title='bbox 3109 4988 3475 5058; x_wconf 80' lang='lat' dir='ltr'><strong><em>probaverunt</em></strong></span> <span class='ocrx_word' id='word_1_815' title='bbox 3504 4987 3676 5042; x_wconf 89' lang='lat' dir='ltr'><strong><em>Deum</em></strong></span> <span class='ocrx_word' id='word_1_816' title='bbox 3693 4987 3888 5042; x_wconf 80' lang='lat' dir='ltr'><strong><em>habere</em></strong></span> 
     </span>
    </p>
   </div>
   <div class='ocr_carea' id='block_1_108' title="bbox 2242 5074 3883 5150">
    <p class='ocr_par' dir='ltr' id='par_1_108' title="bbox 2242 5074 3883 5150">
     <span class='ocr_line' id='line_1_108' title="bbox 2242 5074 3883 5150; baseline 0.001 -20"><span class='ocrx_word' id='word_1_817' title='bbox 2242 5077 2301 5130; x_wconf 87' lang='lat' dir='ltr'><strong><em>in</em></strong></span> <span class='ocrx_word' id='word_1_818' title='bbox 2328 5075 2602 5142; x_wconf 83' lang='lat' dir='ltr'><strong><em>notitiam,</em></strong></span> <span class='ocrx_word' id='word_1_819' title='bbox 2635 5074 2863 5130; x_wconf 88' lang='lat' dir='ltr'><strong><em>tradidit</em></strong></span> <span class='ocrx_word' id='word_1_820' title='bbox 2920 5077 3042 5132; x_wconf 88' lang='lat' dir='ltr'><strong><em>illos</em></strong></span> <span class='ocrx_word' id='word_1_821' title='bbox 3071 5079 3209 5132; x_wconf 84' lang='lat' dir='ltr'><strong><em>Deus</em></strong></span> <span class='ocrx_word' id='word_1_822' title='bbox 3242 5079 3298 5132; x_wconf 86' lang='lat' dir='ltr'><strong><em>in</em></strong></span> <span class='ocrx_word' id='word_1_823' title='bbox 3331 5077 3621 5150; x_wconf 83' lang='lat' dir='ltr'><strong><em>reprobum</em></strong></span> <span class='ocrx_word' id='word_1_824' title='bbox 3647 5093 3883 5142; x_wconf 85' lang='lat' dir='ltr'><strong><em>sensum,</em></strong></span> 
     </span>
    </p>
   </div>
   <div class='ocr_carea' id='block_1_109' title="bbox 2240 5165 3884 5236">
    <p class='ocr_par' dir='ltr' id='par_1_109' title="bbox 2240 5165 3884 5236">
     <span class='ocr_line' id='line_1_109' title="bbox 2240 5165 3884 5236; baseline 0.002 -18"><span class='ocrx_word' id='word_1_825' title='bbox 2240 5173 2300 5220; x_wconf 85' lang='lat' dir='ltr'><strong><em>ut</em></strong></span> <span class='ocrx_word' id='word_1_826' title='bbox 2322 5166 2532 5236; x_wconf 78' lang='lat' dir='ltr'><strong><em>faciant</em></strong></span> <span class='ocrx_word' id='word_1_827' title='bbox 2561 5180 2686 5236; x_wconf 78' lang='lat' dir='ltr'><strong><em>quae</em></strong></span> <span class='ocrx_word' id='word_1_828' title='bbox 2712 5182 2821 5220; x_wconf 88' lang='lat' dir='ltr'><strong><em>non</em></strong></span> <span class='ocrx_word' id='word_1_829' title='bbox 2850 5169 3278 5235; x_wconf 61' lang='lat' dir='ltr'><strong><em>conveni-animt</em></strong></span> <span class='ocrx_word' id='word_1_830' title='bbox 3307 5167 3380 5222; x_wconf 91' lang='lat' dir='ltr'><strong><em>ad</em></strong></span> <span class='ocrx_word' id='word_1_831' title='bbox 3411 5165 3884 5224; x_wconf 86' lang='lat' dir='ltr'><strong><em>Thessalonicen-</em></strong></span> 
     </span>
    </p>
   </div>
   <div class='ocr_carea' id='block_1_110' title="bbox 2241 5253 3884 5329">
    <p class='ocr_par' dir='ltr' id='par_1_110' title="bbox 2241 5253 3884 5329">
     <span class='ocr_line' id='line_1_110' title="bbox 2241 5253 3884 5329; baseline 0.001 -21"><span class='ocrx_word' id='word_1_832' title='bbox 2241 5269 2334 5308; x_wconf 85' lang='lat' dir='ltr'><strong><em>ses</em></strong></span> <span class='ocrx_word' id='word_1_833' title='bbox 2367 5255 2437 5326; x_wconf 89' lang='grc'>(11</span> <span class='ocrx_word' id='word_1_834' title='bbox 2472 5253 2646 5309; x_wconf 87' lang='lat' dir='ltr'><strong><em>Thess.</em></strong></span> <span class='ocrx_word' id='word_1_835' title='bbox 2681 5272 2740 5323; x_wconf 83' lang='grc' dir='ltr'><strong><em>ιι,</em></strong></span> <span class='ocrx_word' id='word_1_836' title='bbox 2776 5255 2859 5328; x_wconf 88' lang='grc'><strong><em>10)</em></strong></span> <span class='ocrx_word' id='word_1_837' title='bbox 2895 5272 2908 5311; x_wconf 91' lang='lat'><strong>:</strong></span> <span class='ocrx_word' id='word_1_838' title='bbox 2942 5259 3049 5311; x_wconf 87' lang='lat' dir='ltr'><strong><em>Pro</em></strong></span> <span class='ocrx_word' id='word_1_839' title='bbox 3074 5273 3134 5312; x_wconf 91' lang='lat' dir='ltr'><strong><em>eo</em></strong></span> <span class='ocrx_word' id='word_1_840' title='bbox 3163 5257 3302 5329; x_wconf 90' lang='lat' dir='ltr'><strong><em>quod</em></strong></span> <span class='ocrx_word' id='word_1_841' title='bbox 3357 5257 3702 5313; x_wconf 86' lang='lat' dir='ltr'><strong><em>dilectionem</em></strong></span> <span class='ocrx_word' id='word_1_842' title='bbox 3745 5256 3884 5312; x_wconf 82' lang='lat' dir='ltr'><strong><em>veri-</em></strong></span> 
     </span>
    </p>
   </div>
   <div class='ocr_carea' id='block_1_111' title="bbox 2240 5344 3879 5417">
    <p class='ocr_par' dir='ltr' id='par_1_111' title="bbox 2240 5344 3879 5417">
     <span class='ocr_line' id='line_1_111' title="bbox 2240 5344 3879 5417; baseline 0.002 -21"><span class='ocrx_word' id='word_1_843' title='bbox 2240 5344 2368 5398; x_wconf 88' lang='lat' dir='ltr'><strong><em>tatis</em></strong></span> <span class='ocrx_word' id='word_1_844' title='bbox 2387 5359 2496 5399; x_wconf 87' lang='lat' dir='ltr'><strong><em>non</em></strong></span> <span class='ocrx_word' id='word_1_845' title='bbox 2527 5353 2837 5415; x_wconf 81' lang='lat' dir='ltr'><strong><em>receperunt</em></strong></span> <span class='ocrx_word' id='word_1_846' title='bbox 2865 5345 2934 5400; x_wconf 89' lang='lat' dir='ltr'><strong><em>ad</em></strong></span> <span class='ocrx_word' id='word_1_847' title='bbox 2981 5345 3080 5401; x_wconf 89' lang='lat' dir='ltr'><strong><em>hoc</em></strong></span> <span class='ocrx_word' id='word_1_848' title='bbox 3125 5355 3184 5401; x_wconf 90' lang='lat' dir='ltr'><strong><em>ut</em></strong></span> <span class='ocrx_word' id='word_1_849' title='bbox 3235 5347 3380 5402; x_wconf 84' lang='lat' dir='ltr'><strong><em>salvi</em></strong></span> <span class='ocrx_word' id='word_1_850' title='bbox 3433 5347 3647 5417; x_wconf 80' lang='lat' dir='ltr'><strong><em>ﬁerent,</em></strong></span> <span class='ocrx_word' id='word_1_851' title='bbox 3682 5344 3879 5402; x_wconf 84' lang='lat' dir='ltr'><strong><em>idcirco</em></strong></span> 
     </span>
    </p>
   </div>
   <div class='ocr_carea' id='block_1_112' title="bbox 2242 5433 3884 5506">
    <p class='ocr_par' dir='ltr' id='par_1_112' title="bbox 2242 5433 3884 5506">
     <span class='ocr_line' id='line_1_112' title="bbox 2242 5433 3884 5506; baseline 0.002 -19"><span class='ocrx_word' id='word_1_852' title='bbox 2242 5433 2494 5487; x_wconf 84' lang='lat' dir='ltr'><strong><em>immittet</em></strong></span> <span class='ocrx_word' id='word_1_853' title='bbox 2525 5433 2640 5487; x_wconf 89' lang='lat' dir='ltr'><strong><em>illis</em></strong></span> <span class='ocrx_word' id='word_1_854' title='bbox 2671 5435 2811 5488; x_wconf 83' lang='lat' dir='ltr'><strong><em>Deus</em></strong></span> <span class='ocrx_word' id='word_1_855' title='bbox 2839 5436 3093 5506; x_wconf 84' lang='lat' dir='ltr'><strong><em>spiritum</em></strong></span> <span class='ocrx_word' id='word_1_856' title='bbox 3127 5437 3352 5502; x_wconf 84' lang='lat' dir='ltr'><strong><em>erroris,</em></strong></span> <span class='ocrx_word' id='word_1_857' title='bbox 3402 5442 3462 5490; x_wconf 87' lang='lat' dir='ltr'><strong><em>ut</em></strong></span> <span class='ocrx_word' id='word_1_858' title='bbox 3493 5434 3716 5491; x_wconf 83' lang='lat' dir='ltr'><strong><em>credant</em></strong></span> <span class='ocrx_word' id='word_1_859' title='bbox 3742 5449 3884 5490; x_wconf 80' lang='lat' dir='ltr'><strong><em>men-</em></strong></span> 
     </span>
    </p>
   </div>
   <div class='ocr_carea' id='block_1_113' title="bbox 2236 5521 3882 5598">
    <p class='ocr_par' dir='ltr' id='par_1_113' title="bbox 2236 5521 3882 5598">
     <span class='ocr_line' id='line_1_113' title="bbox 2236 5521 3882 5598; baseline 0.001 -22"><span class='ocrx_word' id='word_1_860' title='bbox 2236 5521 2409 5592; x_wconf 88' lang='lat' dir='ltr'><strong><em>dacio,</em></strong></span> <span class='ocrx_word' id='word_1_861' title='bbox 2442 5531 2706 5594; x_wconf 86' lang='lat' dir='ltr'><strong><em>quatenus</em></strong></span> <span class='ocrx_word' id='word_1_862' title='bbox 2729 5523 3047 5594; x_wconf 86' lang='lat' dir='ltr'><strong><em>judieentur</em></strong></span> <span class='ocrx_word' id='word_1_863' title='bbox 3073 5542 3254 5581; x_wconf 84' lang='lat' dir='ltr'><strong><em>omnes</em></strong></span> <span class='ocrx_word' id='word_1_864' title='bbox 3277 5527 3374 5598; x_wconf 89' lang='lat' dir='ltr'><strong><em>qui</em></strong></span> <span class='ocrx_word' id='word_1_865' title='bbox 3401 5541 3513 5580; x_wconf 90' lang='lat' dir='ltr'><strong><em>non</em></strong></span> <span class='ocrx_word' id='word_1_866' title='bbox 3543 5523 3882 5582; x_wconf 77' lang='lat' dir='ltr'><strong><em>crediderunt</em></strong></span> 
     </span>
    </p>
   </div>
   <div class='ocr_carea' id='block_1_114' title="bbox 487 5605 3879 5688">
    <p class='ocr_par' dir='ltr' id='par_1_114' title="bbox 487 5605 3879 5688">
     <span class='ocr_line' id='line_1_114' title="bbox 487 5605 3879 5688; baseline 0.001 -22"><span class='ocrx_word' id='word_1_867' title='bbox 487 5608 882 5666; x_wconf 88' lang='lat' dir='ltr'><strong><em>damnationis</em></strong></span> <span class='ocrx_word' id='word_1_868' title='bbox 911 5613 1221 5666; x_wconf 81' lang='lat' dir='ltr'><strong><em>excrescat.</em></strong></span> <span class='ocrx_word' id='word_1_869' title='bbox 1257 5609 1551 5682; x_wconf 89' lang='lat' dir='ltr'><strong><em>Scriptum</em></strong></span> <span class='ocrx_word' id='word_1_870' title='bbox 1584 5611 1673 5664; x_wconf 90' lang='lat' dir='ltr'><strong><em>est</em></strong></span> <span class='ocrx_word' id='word_1_871' title='bbox 1702 5605 1856 5662; x_wconf 90' lang='lat' dir='ltr'><strong><em>enim</em></strong></span> <span class='ocrx_word' id='word_1_872' title='bbox 1891 5606 1948 5661; x_wconf 90' lang='lat' dir='ltr'><strong><em>in</em></strong></span> <span class='ocrx_word' id='word_1_873' title='bbox 1979 5607 2126 5666; x_wconf 92' lang='lat' dir='ltr'><strong><em>libro</em></strong></span> <span class='ocrx_word' id='word_1_874' title='bbox 2234 5614 2474 5681; x_wconf 79' lang='lat' dir='ltr'><strong><em>veritati,</em></strong></span> <span class='ocrx_word' id='word_1_875' title='bbox 2507 5612 2598 5667; x_wconf 86' lang='lat' dir='ltr'><strong><em>sed</em></strong></span> <span class='ocrx_word' id='word_1_876' title='bbox 2654 5623 3040 5670; x_wconf 85' lang='lat' dir='ltr'><strong><em>consenserunt</em></strong></span> <span class='ocrx_word' id='word_1_877' title='bbox 3100 5617 3408 5688; x_wconf 84' lang='lat' dir='ltr'><strong><em>iniquitati.</em></strong></span> <span class='ocrx_word' id='word_1_878' title='bbox 3441 5614 3606 5673; x_wconf 90' lang='lat' dir='ltr'><strong><em>Unde</em></strong></span> <span class='ocrx_word' id='word_1_879' title='bbox 3645 5617 3879 5672; x_wconf 86' lang='lat' dir='ltr'><strong><em>sanctus</em></strong></span> 
     </span>
    </p>
   </div>
   <div class='ocr_carea' id='block_1_115' title="bbox 487 5695 3876 5786">
    <p class='ocr_par' dir='ltr' id='par_1_115' title="bbox 487 5695 3876 5786">
     <span class='ocr_line' id='line_1_115' title="bbox 487 5695 3876 5786; baseline 0.002 -30"><span class='ocrx_word' id='word_1_880' title='bbox 487 5698 734 5776; x_wconf 82' lang='lat' dir='ltr'><strong><em>Regum,</em></strong></span> <span class='ocrx_word' id='word_1_881' title='bbox 767 5697 991 5756; x_wconf 88' lang='lat' dir='ltr'><strong><em>dicente</em></strong></span> <span class='ocrx_word' id='word_1_882' title='bbox 1022 5698 1262 5756; x_wconf 69' lang='lat' dir='ltr'><strong><em>Michzea</em></strong></span> <span class='ocrx_word' id='word_1_883' title='bbox 1292 5698 1576 5774; x_wconf 86' lang='lat' dir='ltr'><strong><em>propheta</em></strong></span> <span class='ocrx_word' id='word_1_884' title='bbox 1609 5713 1622 5754; x_wconf 89' lang='lat'><strong>:</strong></span> <span class='ocrx_word' id='word_1_885' title='bbox 1660 5695 1782 5753; x_wconf 83' lang='lat' dir='ltr'><strong><em>Vidi</em></strong></span> <span class='ocrx_word' id='word_1_886' title='bbox 1835 5697 2127 5760; x_wconf 86' lang='lat' dir='ltr'><strong><em>Dominum</em></strong></span> <span class='ocrx_word' id='word_1_887' title='bbox 2233 5700 2598 5778; x_wconf 81' lang='lat' dir='ltr'><strong><em>Augustinus</em></strong></span> <span class='ocrx_word' id='word_1_888' title='bbox 2627 5700 2686 5758; x_wconf 90' lang='lat' dir='ltr'><strong><em>in</em></strong></span> <span class='ocrx_word' id='word_1_889' title='bbox 2719 5703 2887 5765; x_wconf 87' lang='lat' dir='ltr'><strong><em>tertio</em></strong></span> <span class='ocrx_word' id='word_1_890' title='bbox 2915 5703 3064 5764; x_wconf 86' lang='lat' dir='ltr'><strong><em>libro</em></strong></span> <span class='ocrx_word' id='word_1_891' title='bbox 3097 5705 3166 5767; x_wconf 86' lang='lat' dir='ltr'><strong><em>de</em></strong></span> <span class='ocrx_word' id='word_1_892' title='bbox 3197 5705 3480 5768; x_wconf 81' lang='lat' dir='ltr'><strong><em>Trinitate</em></strong></span> <span class='ocrx_word' id='word_1_893' title='bbox 3511 5705 3652 5786; x_wconf 82' lang='lat' dir='ltr'><strong><em>(cap.</em></strong></span> <span class='ocrx_word' id='word_1_894' title='bbox 3683 5706 3762 5785; x_wconf 82' lang='grc'><strong><em>7),</em></strong></span> <span class='ocrx_word' id='word_1_895' title='bbox 3790 5701 3876 5762; x_wconf 85' lang='lat' dir='ltr'><strong><em>lo-</em></strong></span> 
     </span>
    </p>
   </div>
  </div>
