4148 6480
453 400 571 460 675
1401 395 1780 456 IIINCMARI
1826 395 2274 456 RHEMENSIS
2323 397 2912 458 ARCHIEPISGOPI
3737 391 3875 450 676

454 534 519 588 Et
551 531 690 587 item
723 530 1006 603 scriptum
1040 533 1130 585 est
1160 546 1174 585 :
1208 529 1407 584 Reddas
1459 537 1643 584 autem
1685 529 1914 584 Domino
1942 544 2092 590 rura-
2122 531 2178 598 Α
2205 528 2475 585 sedentem
2529 547 2693 602 super
2748 530 2950 584 solium
3003 544 3184 595 suum,
3216 535 3268 583 et
3295 541 3510 583 omnem
3552 527 3878 582 exercitum

449 627 631 676 nauta
660 628 755 674 tua
785 618 989 691 (Matth.
1023 635 1078 686 v,
1106 619 1219 686 33).
1255 619 1313 674 Si
1347 616 1686 672 ﬁdelitatem
1745 616 1956 672 seniori
1987 635 2094 673 suo
2203 619 2326 674 coeli
2376 621 2713 675 assistentem
2767 621 2820 674 ei
2873 635 2907 672 a
2957 617 3163 673 dextris
3212 625 3264 672 et
3313 633 3347 670 a
3383 616 3646 671 sinistris.
3679 615 3748 669 Et
3778 615 3878 670 ait

451 708 741 784 promisit,
771 708 1065 780 quomodo
1094 707 1230 762 huic
1260 706 1518 762 illusioni
1541 711 1742 762 contra
1769 705 1932 762 illum
1967 724 2098 762 con—
2202 710 2464 764 Dominus
2493 728 2512 765 :
2544 710 2674 778 Quis
2703 709 2931 780 decipiet
2961 707 3140 762 Achab
3158 723 3339 776 regem
3368 705 3559 773 Israel,
3577 711 3640 760 ut
3668 719 3880 758 ascen-

453 798 672 857 sentire
702 797 1122 872 praesumpsit?
1150 797 1220 852 Et
1245 797 1294 851 si
1328 801 1466 852 tunc
1516 797 1668 852 inter
1695 796 1810 851 duo
1840 795 2098 868 pericula
2187 797 2300 852 .dat
2327 805 2376 852 et
2405 797 2560 854 cadat
2591 799 2651 853 in
2697 797 2924 853 Ilamoth
2975 795 3180 852 Galaad
3203 799 3226 851 Ρ
3253 795 3319 850 Et
3347 793 3492 849 dixit
3521 811 3665 849 unus
3693 792 3879 847 verba

452 887 703 961 positus,
735 887 934 942 minus
965 886 1036 940 de
1057 886 1394 958 juramento
1453 884 1747 958 negligere
1806 883 1998 957 elegit,
2036 887 2098 938 ut
2204 886 2594 958 hujuscemodi,
2626 895 2676 942 et
2713 887 2860 942 alius
2890 885 3071 941 aliter.
3111 885 3367 954 Egressus
3415 891 3493 940 est
3529 891 3713 938 autem
3740 882 3878 953 spi-

453 977 648 1048 majus
696 992 769 1030 nc
824 973 1086 1048 proditor
1139 973 1524 1030 confessionis
1577 974 1740 1028 ﬁeret
1796 973 2093 1040 devitaret,
2205 977 2346 1031 ritus
2369 993 2555 1032 coram
2582 977 2832 1046 Domino,
2863 983 2912 1031 et
2943 976 3064 1030 ait:
3090 974 3202 1043 Ego
3231 973 3502 1044 decipiam
3532 973 3716 1028 illum.
3752 971 3876 1027 Cui

453 1081 635 1138 quare
654 1065 844 1138 ipsam
867 1063 1290 1119 confessionem
1314 1081 1470 1120 nunc
1501 1061 1791 1136 prodidit?
1807 1079 1940 1118 cum
1963 1061 2100 1118 scri-
2213 1066 2422 1121 locutus
2471 1073 2549 1121 est
2602 1066 2886 1130 Dominus,
2918 1065 2981 1120 In
3013 1079 3116 1136 quo
3135 1066 3161 1118 .9
3187 1064 3251 1118 Et
3280 1063 3376 1119 ille
3403 1064 3482 1118 ait
3513 1080 3532 1116 :
3563 1060 3866 1130 Egredior,

454 1158 623 1227 ptum
654 1153 732 1209 sit
764 1171 776 1208 :
813 1153 920 1222 Qui
945 1153 1189 1208 ambulat
1215 1153 1612 1225 fraudulenter,
1644 1152 1842 1207 revelat
1869 1167 2098 1219 arcana,-
2209 1163 2260 1210 ct
2297 1171 2388 1210 ero
2413 1156 2640 1226 spiritus
2664 1153 2900 1210 mendax
2929 1154 2990 1209 in
3020 1169 3112 1208 ore
3167 1154 3414 1209 omnium
3465 1151 3874 1224 prophetarum

455 1244 556 1314 qui
583 1250 765 1298 autem
792 1243 967 1314 fulelis
1009 1249 1102 1310 est,
1135 1244 1316 1297 animi
1359 1243 1495 1296 celat
1543 1243 1886 1296 conmissum
1915 1242 2095 1310 (Prov.
2207 1244 2344 1315 ejus.
2402 1245 2467 1298 Et
2523 1243 2678 1299 dixit
2722 1243 2983 1313 Dominus
3011 1260 3031 1298 .-
3087 1242 3350 1313 Decipies,
3408 1249 3458 1296 et
3509 1238 3878 1312 praevalebis,

457 1348 536 1400 x1,
570 1331 679 1404 13),
715 1347 780 1386 ac
812 1329 860 1385 si
894 1333 1159 1402 patenter
1188 1329 1344 1385 dicat
1377 1347 1390 1386 :
1419 1329 1526 1396 Qui
1575 1329 1756 1385 animi
1809 1345 1921 1384 non
1953 1325 2100 1382 celat
2207 1333 2477 1402 egredere,
2537 1341 2588 1388 et
2636 1335 2728 1404 fac
2783 1334 2864 1387 ita
2915 1331 3014 1401 (111
3070 1332 3198 1400 Reg.
3257 1347 3374 1402 xx],
3430 1329 3541 1398 19).
3573 1329 3726 1396 Quid
3789 1329 3879 1384 sit

457 1419 840 1476 commissum
873 1417 1128 1474 infidelis
1157 1419 1349 1474 est.Et
1371 1418 1585 1474 Paulus
1615 1417 1756 1472 dicit
1781 1415 2050 1472 ﬁdelibus
2085 1431 2097 1470 :
2211 1425 2400 1478 astare
2421 1420 2745 1495 malignum
2769 1420 3043 1494 spiritum
3067 1417 3332 1485 Domino,
3350 1423 3408 1474 et
3433 1418 3572 1490 quid
3595 1418 3676 1474 sit
3703 1417 3878 1490 quod

459 1510 594 1578 Quae
619 1527 751 1581 pars
781 1508 932 1580 ﬁdeli
959 1525 1084 1564 cum
1133 1508 1395 1579 inﬁdele?
1423 1511 1496 1578 (II
1525 1508 1644 1564 Cor.
1675 1525 1754 1572 Vl,
1789 1506 1898 1578 13.)
1931 1504 2103 1560 Plura
2211 1513 2600 1583 interrogasse
2639 1510 2965 1583 malignum
2999 1508 3273 1582 spiritum
3304 1507 3590 1563 Dominus
3619 1505 3874 1574 dicitur,

456 1598 595 1654 hinc
627 1597 741 1654 dici
773 1601 1060 1670 poterant,
1095 1597 1192 1652 sed
1250 1596 1419 1652 nobis
1471 1613 1586 1651 non
1619 1595 1906 1652 convenit.
1941 1594 2103 1650 Onus
2212 1605 2270 1656 et
2285 1598 2831 1672 qualiter-loquatur
2850 1598 3006 1654 Deus
3037 1597 3110 1652 ad
3143 1595 3469 1670 malignum
3499 1593 3879 1668 spiritum,et

457 1688 614 1744 enim
649 1703 824 1743 suum
856 1685 1264 1760 unusquisque
1297 1685 1717 1758 portabit.I-laec
1746 1688 1942 1739 autem
1973 1683 2101 1738 bre-
2212 1688 2506 1762 malignus
2529 1687 2772 1761 spiritus
2794 1687 2866 1748 ad
2899 1687 3108 1755 Deum,
3139 1686 3345 1742 beatus
3375 1683 3612 1758 exponit
3641 1685 3872 1756 Grego-

455 1776 604 1833 Vitor
655 1775 934 1842 diximus,
969 1793 1083 1830 non
1133 1780 1198 1830 ut
1239 1776 1472 1830 credere
1501 1773 1586 1830 vel
1618 1773 1772 1830 credi
1803 1773 1878 1828 ab
1907 1771 2103 1844 aliquo
2212 1777 2334 1836 rius
2355 1777 2565 1852 (Morel.
2596 1795 2675 1845 x1,
2698 1795 2818 1849 cap.
2853 1778 2907 1846 4)
2938 1775 2997 1831 in
3030 1775 3338 1830 Moralium
3371 1772 3540 1830 libris
3569 1773 3872 1829 devotioni

459 1864 796 1937 hujusmodi
823 1864 1273 1936 derogationidc
1291 1879 1646 1936 quocunque
1663 1858 2104 1940 sacerdotevcli-
2133 1907 2180 1972 Β
2213 1867 2495 1923 lectorum
2535 1865 2882 1922 notissimis.
2916 1864 3192 1937 Sequitur
3224 1864 3281 1919 in
3310 1863 3557 1919 historia
3584 1861 3720 1918 libri
3756 1862 3870 1918 Re—

457 1970 612 2021 mus,
645 1953 746 2009 sed
782 1957 845 2008 ut
876 1971 980 2009 nos
1010 1957 1302 2026 quatenus
1331 1951 1468 2008 hinc
1499 1952 1985 2025 rcspondercmus
2002 1966 2105 2022 per

2213 1974 2354 2030 gum
2391 1974 2403 2012 :
2436 1957 2594 2012 Nunc
2621 1957 2798 2024 igitur
2825 1971 2940 2010 ecce
2968 1953 3114 2008 dedit
3145 1954 3404 2008 Dominus
3431 1953 3696 2024 spiritum
3717 1969 3872 2006 men-

457 2060 668 2100 nomen
700 2041 930 2098 Domini
953 2042 1382 2098 obtestantibus
1411 2041 1924 2115 designemus,hoc
1941 2039 2106 2094 nefas
2209 2046 2360 2102 ducit
2389 2047 2446 2101 in
2475 2062 2567 2100 ore
2595 2047 2843 2100 omnium
2887 2045 3278 2116 prophetarum
3308 2041 3462 2098 016
3494 2048 3724 2098 tuarum
3768 2043 3870 2113 qui

458 2131 806 2206 proditionis
838 2136 1012 2203 atque
1051 2130 1434 2204 duplicitatis,
1467 2135 1524 2187 et
1556 2145 1905 2204 magnopere
1936 2127 2105 2183 nobis
2211 2132 2302 2188 hic
2327 2140 2474 2188 sunt.
2507 2133 2570 2186 Et
2601 2133 2863 2187 Dominus
2900 2131 3127 2196 ,locutus
3174 2138 3252 2186 est
3307 2137 3497 2185 contra
3545 2137 3596 2184 te
3624 2129 3852 2184 malum.

459 2238 588 2277 esse
617 2220 942 2286 vitandum,
973 2223 1032 2274 et
1059 2219 1211 2275 615
1243 2219 1302 2274 in
1333 2218 1609 2275 omnibus
1637 2219 1892 2290 profecto
1923 2215 2107 2270 homi-
2210 2221 2280 2276 Et
2311 2225 2442 2293 post
2472 2218 2775 2292 aliquanta
2806 2237 2819 2276 :
2859 2220 3002 2276 Unus
3033 2226 3214 2274 autem
3242 2219 3468 2290 quidam
3515 2217 3744 2275 tetendit
3771 2235 3865 2275 ar-

459 2311 636 2366 nibus
665 2309 1096 2395 detestandum.
2211 2327 2354 2378 cum,
2391 2312 2446 2366 in
2481 2311 2750 2365 incertum
2777 2310 3034 2378 sagittam
3064 2309 3328 2381 dirigens,
3361 2318 3411 2364 et
3441 2326 3572 2365 casu
3597 2310 3870 2381 percussit

915 2431 1456 2489 INTERROGATIO
1502 2431 1650 2487 Vl".
2213 2415 2390 2472 regem
2417 2400 2606 2489 lsrael,
2637 2397 2696 2489 id
2730 2401 2818 2454 est
2843 2397 3063 2464 Achab,
3089 2399 3231 2454 inter
3254 2398 3570 2470 pulmonem
3588 2405 3640 2454 et
3670 2405 3874 2454 stoma-

2211 2489 2391 2544 chum.
2418 2487 2489 2542 Et
2519 2486 2692 2559 paulo
2717 2490 2868 2560 post,
2896 2495 2946 2542 et
2971 2496 3218 2542 mortuus
3245 2495 3322 2543 est
3351 2504 3583 2560 vespere,
3613 2491 3676 2543 et
3705 2502 3872 2543 com-

2212 2577 2406 2650 pletus
2433 2580 2521 2632 est
2550 2576 2608 2630 in
2641 2592 2706 2632 eo
2739 2592 2929 2632 sermo
2962 2575 3194 2632 Domini
3224 2593 3327 2648 per
3349 2591 3592 2631 manum
3610 2574 3872 2632 Michea

2213 2666 2528 2739 prophetae,
2547 2666 2618 2722 de
2649 2683 2764 2738 quo
2794 2670 2967 2721 antea
2991 2665 3223 2722 locutus
3253 2669 3343 2722 est
3375 2665 3526 2721 idem
3555 2664 3761 2720 Achab
3793 2665 3868 2720 ad

2211 2755 2495 2828 Josaphat
2507 2770 2698 2827 regem
2711 2754 2742 2810 J
2751 2755 2866 2810 uda
2877 2754 3228 2827 quaerentem
3243 2754 3588 2828 prophetam
3603 2753 3866 2810 Domini.

2212 2843 2709 2916 Rmnansit,inquit
2735 2843 2952 2910 Achab,
2971 2845 3058 2899 vir
3085 2861 3230 2899 unus
3255 2861 3355 2916 per
3383 2860 3541 2916 quem
3567 2859 3871 2916 possumus

533 2542 679 2598 Huic
710 2545 906 2598 autem
938 2540 1093 2595 dicto
1125 2540 1278 2610 quod
1312 2538 1477 2593 aiunt
1531 2537 1793 2610 quidam,
1826 2535 2103 2608 quoniam

461 2631 710 2688 intentio
742 2630 902 2685 illius
933 2627 1159 2684 femina:
1191 2627 1301 2682 fuit
1323 2627 1392 2682 de
1414 2625 1526 2681 alio
1555 2626 1815 2696 eiusdem
1849 2617 2106 2680 nominis

461 2722 636 2776 fratre
658 2718 1028 2790 suo,quando
1049 2715 1328 2772 vicarium
1352 2732 1524 2770 suum
1547 2715 1606 2769 in
1621 2714 1911 2784 judicium
1929 2731 2030 2786 pro
2043 2731 2106 2770 se

464 2809 644 2876 misit,
676 2813 733 2864 et
763 2807 978 2862 idcirco
1009 2822 1072 2861 se
1100 2805 1158 2859 in
1183 2803 1408 2875 judicio
1464 2803 1650 2860 isdem
1693 2802 1945 2858 vicarius
1975 2803 2106 2874 ejus

461 2916 576 2956 non
607 2901 780 2954 cont.
1078 3003 1104 3004 7
1215 3001 1244 3004 _
1269 3001 1288 3004 Δ
1401 3001 1414 3004 Α
1437 3000 1459 3004 A
2216 2934 2552 3003 interrogare
2580 2934 2890 2999 Domi-num,
2924 2932 3016 2988 sed
3045 2948 3141 3001 ego
3169 2901 3585 3003 odi‘euni,quia.
3604 2948 3718 2988 non
3733 2949 3868 3004 pro-

1076 3000 1490 3059 RESPONSIO-
2207 3024 2392 3094 phetat
2419 3000 2562 3077 mihi
2593 3023 2812 3086 bonum,
2843 3020 2935 3076 sed
2974 3000 3204 3076 malum.
3240 3000 3522 3076 Videlicet
3578 3000 3869 3093 quoniam

530 3109 897 3182 Quasijudex
917 3107 1183 3164 omnium
1211 3124 1338 3180 quze
1359 3109 1662 3180 geruntur,
1679 3105 1776 3179 qui
1801 3104 1959 3160 novit
1979 3122 2104 3161 om-
2215 3127 2346 3166 vera
2369 3109 2452 3164 illi
2483 3108 2790 3176 dicebat,et
2811 3107 2938 3163 ideo
2967 3107 3201 3163 odiebat
3229 3124 3389 3176 eum,
3413 3105 3670 3180 diligens
3703 3123 3870 3163 men-

464 3201 561 3257 nia
575 3199 749 3256 etiam
772 3203 1086 3270 antequam
1108 3197 1271 3264 ﬁant,
1292 3196 1390 3251 tali
1409 3213 1602 3252 errore
1615 3195 1812 3251 seduci
1829 3193 2102 3267 potuerit,
2214 3201 2386 3256 duces
2419 3197 2740 3266 ministros,
2773 3201 2829 3253 ct
2859 3196 2970 3252 sibi
2998 3196 3210 3270 impios
3235 3215 3248 3266 ;
3273 3197 3428 3252 unde
3458 3196 3751 3269 scriptum
3776 3201 3871 3254 est

462 3303 808 3360 componere
856 3303 1173 3359 possumus
1203 3285 1359 3357 quod
1393 3285 1596 3340 Petrus
1624 3283 1684 3338 in
1717 3287 1924 3356 quarto
1955 3281 2102 3338 libro
2133 3280 2176 3343 C
2215 3290 2395 3362 (Prov.
2427 3307 2582 3358 xxrx,
2617 3288 2702 3360 12)
2739 3305 2750 3344 :
2785 3289 3044 3359 Princeps
3103 3289 3200 3359 qui
3248 3287 3480 3343 libenter
3510 3287 3671 3342 audit
3701 3288 3870 3342 verba

464 3377 838 3449 Dialogorum
859 3375 1074 3430 αδετιιο
1097 3373 1725 3446 requisivitGregoriO:
1760 3395 1786 3421 (ί
1813 3371 2103 3436 Qnidnam
2213 3378 2504 3446 mendacii,
2537 3393 2718 3434 omnes
2747 3378 3030 3432 ministros
3060 3376 3278 3432 habebit
3309 3378 3526 3448 impios.
3557 3377 3689 3443 Qua
3716 3375 3790 3432 de
3809 3391 3871 3431 re

463 3470 574 3532 est,
607 3463 903 3536 inquiens,
937 3479 1132 3535 quaeso
1165 3465 1239 3528 te,
1273 3462 1427 3534 quod
1477 3459 1740 3516 nonnulli
1797 3459 1964 3532 quasi
2005 3475 2108 3533 per
2216 3466 2543 3522 timendum
2574 3469 2662 3521 est
2692 3465 2833 3538 regi,
2865 3469 2922 3520 et
2977 3465 3207 3521 cunctis
3263 3464 3568 3522 mendacio
3629 3465 3870 3522 credere

464 3569 720 3611 errorem
769 3551 1154 3608 extrahuntur
1173 3567 1203 3606 c
1224 3550 1501 3622 corpore?
1523 3549 1624 3606 Cui
1656 3551 1862 3605 beatus
1891 3550 2108 3622 Grego-
2215 3555 2562 3624 volentibus,
2581 3553 2751 3628 quasi
2773 3554 2927 3611 Deus
2950 3559 3052 3610 aut
3075 3553 3195 3610 falli
3227 3554 3503 3628 potuerit,
3528 3557 3634 3609 aut
3665 3552 3870 3610 fallere

463 3644 588 3700 rius
608 3643 862 3699 referens
878 3643 948 3698 de
971 3641 1200 3696 duobus
1231 3639 1566 3714 Stcphanis,
1600 3638 1740 3711 quia
1770 3656 1884 3694 non
1919 3639 2104 3695 isdem
2216 3661 2573 3718 quemquam
2603 3645 2662 3699 in
2695 3661 2756 3700 se
2783 3649 2935 3700 recte
2983 3643 3313 3700 credentem
3345 3643 3404 3698 in
3427 3642 3658 3715 judicio
3705 3642 3870 3710 velit,

465 3728 2103 3806 Stephanus,quiadductusjudiciadlocaint‘crnifuerat,
2217 3739 2318 3790 aut
2351 3733 2610 3788 indebita
2661 3732 3064 3788 misericordia
3105 3732 3163 3788 in
3196 3731 3440 3789 crimine
3493 3732 3868 3802 consistenti,

454 3822 664 3895 jussus
693 3820 902 3876 adduci
937 3819 1358 3886 exstiterat,scd
1395 3818 1729 3891 Stephanus
1759 3817 1906 3873 alter
1936 3819 2104 3874 ferra-
2216 3829 2389 3896 atque
2432 3821 2649 3878 crimen
2685 3822 2880 3894 ipsum
2912 3821 3170 3894 neganti,
3201 3825 3258 3877 et
3283 3838 3344 3878 se
3376 3821 3626 3878 tentanti
3657 3821 3872 3878 debeat

465 3911 587 3966 rius
621 3927 634 3966 :
666 3915 723 3966 et
749 3909 848 3966 illo
877 3911 1138 3978 reducto,
1173 3908 1504 3980 Stephanus
1537 3907 1834 3972 ferrarius,
1866 3907 1965 3979 qui
1999 3908 2102 3962 ad-
2217 3911 2500 3978 misereri,
2529 3910 2628 3984 qui
2683 3912 2858 3966 etiam
2891 3910 3132 3984 pauperi
3161 3911 3220 3966 in
3247 3911 3470 3984 judicio
3496 3909 3585 3966 vel
3617 3911 3734 3967 sub
3763 3910 3869 3966 ob-

462 3998 596 4055 duci
653 3999 844 4054 fuerat
891 3999 1120 4070 jussus,
1169 3997 1457 4052 adductus
1515 4001 1622 4052 cst.
1665 4019 1691 4046 «
1727 3996 1865 4064 H00,
1915 3994 2108 4068 inquit
2163 4050 2170 4058 .
2214 4007 2380 4057 tentu
2425 4000 2658 4074 pietatis
2717 4000 2978 4056 misereri
3024 3999 3345 4072 prohibuit,
3377 4015 3450 4055 ne
3483 4003 3723 4072 propter
3752 3997 3872 4056 alia

462 4088 670 4144 beatus
727 4087 1041 4160 Gregorius
1073 4088 1212 4158 (cap.
1245 4088 1358 4153 3(3),
1389 4084 1851 4157 quotiescunque
1911 4087 1993 4152 tit,
2056 4084 2105 4140 si
2215 4095 2546 4164 perpetrata.
2595 4093 2848 4162 peccata,
2882 4090 2954 4145 de
3009 4089 3228 4162 quibus
3285 4107 3401 4145 non
3453 4087 3872 4145 satisfecerunt

463 4177 611 4234 bene
639 4175 1159 4257 perpenditur,non
1195 4193 1354 4230 error
1379 4175 1479 4230 sed
1511 4173 1830 4230 admonitio
1862 4179 1970 4229 est.
2005 4176 2108 4230 Su-
2216 4180 2565 4245 Domino,cx
2592 4178 2970 4234 retributione
2993 4178 3260 4251 justitia-z,
3282 4196 3317 4234 a
3342 4179 3623 4234 mendace
3655 4177 3868 4251 spiritu

463 4283 645 4340 perna
674 4265 830 4321 enim
863 4265 1050 4336 pietas
1080 4282 1146 4318 ex
1179 4279 1392 4335 magna
1424 4262 1834 4318 misericordiae
1853 4281 1968 4318 sua:
2000 4263 2107 4318 lar—
2215 4268 2590 4335 seducantur,
2625 4271 2691 4321 ut
2719 4266 3029 4331 intereant,
3063 4271 3120 4322 et
3148 4267 3206 4321 in
3241 4265 3421 4322 alium
3454 4265 3734 4338 laqueum
3767 4266 3867 4322 de-

463 4355 662 4429 gitate,
695 4353 972 4426 disponit,
1007 4357 1070 4408 ut
1101 4351 1366 4408 nonnulli
1399 4351 1571 4407 etiam
1605 4357 1735 4425 post
1765 4353 1983 4408 exitum
2017 4369 2104 4408 re-
2215 4355 2364 4428 cepti
2397 4355 2868 4422 cadant,sicutde
2888 4355 3242 4428 quibusdam
3275 4354 3492 4411 Paulus
3522 4354 3694 4410 dicit:
3721 4360 3870 4428 Quo-

462 4447 634 4518 pente
666 4443 737 4498 ad
769 4459 980 4515 corpus
1035 4443 1272 4498 redeant
1323 4446 1381 4497 et
1409 4445 1703 4498 tormenta
1759 4441 1948 4510 inferi,
1979 4461 2105 4516 quae
2211 4447 2368 4500 niam
2395 4462 2512 4501 cvm
2540 4446 2908 4514 cognovissent
2938 4447 3126 4509 Deum,
3155 4461 3266 4502 non
3323 4445 3466 4500 sicut
3489 4445 3666 4500 Deum
3691 4444 3866 4514 glori-

464 4531 664 4588 audita
695 4548 806 4586 non
834 4531 1452 4599 crediderant,saltem
1482 4531 1607 4586 visa
1635 4530 2106 4604 pertimescant.»
2213 4536 2532 4606 ﬁcaverunt,
2564 4541 2658 4590 aut
2712 4535 2918 4605 gratias
2966 4542 3214 4602 egerunt,
3263 4534 3353 4589 sed
3411 4541 3755 4590 evanuerunt
3802 4535 3867 4588 in

463 4622 532 4676 Et
561 4625 692 4694 post
724 4619 1117 4675 narrationem
1151 4620 1221 4674 de
1255 4619 1566 4691 Stephano,
1597 4621 1694 4692 qui
1729 4622 2018 4678 adductus
2049 4624 2106 4677 et
2137 4654 2182 4718 Β
2214 4625 2636 4693 cogitationibus
2679 4625 2817 4691 suis,
2845 4632 2895 4679 et
2925 4623 3271 4679 obscuratum
3321 4631 3398 4679 est
3447 4624 3719 4696 insipiens
3772 4639 3868 4678 cor

463 4709 741 4766 reductus
771 4714 827 4764 et
852 4712 1056 4780 postea
1106 4707 1314 4762 iterum
1349 4709 1420 4762 ad
1455 4712 1740 4764 tormenta
1788 4711 2105 4782 perductus
2137 4707 2177 4718 ”
2214 4730 2439 4783 eorum;
2479 4720 2765 4784 propterea
2816 4711 3044 4767 tradidit
3102 4712 3225 4766 illos
3273 4713 3414 4767 Deus
3474 4713 3536 4766 in
3590 4710 3864 4767 desideria

463 4796 944 4865 fuerat,subdidit
969 4797 1159 4865 (ib.,in
1177 4797 1304 4868 ﬁne)
1339 4815 1358 4850 :
1391 4820 1416 4844 ‹‹
1453 4799 1576 4862 Qua
1605 4798 1676 4852 dc
1707 4816 1765 4853 re
1793 4797 2104 4872 colligitur,
2213 4803 2389 4858 cordis
2420 4802 2665 4867 illorum,
2699 4803 2756 4856 in
2791 4801 3217 4870 immunditiam,
3250 4809 3310 4856 ut
3359 4800 3708 4857 contumeliis
3737 4800 3862 4871 afﬁ-

462 4888 601 4963 quia
623 4888 731 4962 ipsi
757 4904 987 4961 quoque
1011 4885 1220 4942 inferni
1245 4885 1534 4958 supplicia
1549 4903 1682 4941 cum
1709 4887 2108 4943 demonstran-
2213 4894 2362 4947 ciant
2389 4907 2614 4963 corpora
2641 4908 2761 4959 sua,
2794 4891 3092 4947 mercedem
3119 4893 3322 4946 erroris
3349 4892 3442 4946 sui
3471 4892 3532 4946 in
3561 4891 3864 4962 semetipsis

461 4977 722 5045 tur,aliis
755 4976 874 5032 hinc
906 4977 975 5031 ad
1010 4974 1388 5048 adjutorium,
1414 4974 1543 5030 aliis
1570 4991 1700 5029 vero
1731 4975 1802 5030 ad
1844 4976 2104 5032 testimo-
2216 4981 2561 5052 recipientes:
2591 4988 2642 5036 et
2667 4983 2929 5049 guoniam
2958 4997 3066 5035 non
3084 4981 3450 5052 probaverunt
3479 4981 3651 5036 Deum
3669 4981 3865 5036 habere

462 5069 625 5123 nium
661 5067 822 5134 fiant,
855 5070 918 5121 ut
951 5065 1044 5120 isti
1094 5064 1327 5120 videant
1378 5063 1531 5118 mala
1575 5081 1700 5136 quae
1733 5070 1990 5131 caveant,
2023 5065 2106 5121 illi
2216 5071 2275 5124 in
2303 5071 2576 5138 notitiam,
2608 5069 2839 5126 tradidit
2894 5071 3017 5125 illos
3046 5072 3184 5126 Deus
3217 5073 3274 5126 in
3305 5071 3596 5143 reprobum
3623 5087 3859 5136 sensum,

460 5176 592 5214 vero
615 5176 680 5214 eo
703 5157 957 5230 amplius
978 5156 1440 5230 puniantur,quo
1461 5153 1672 5210 inl'erni
1696 5153 1984 5226 supplicia
2004 5171 2108 5211 nec
2214 5168 2274 5214 ut
2296 5161 2504 5231 faciant
2534 5175 2660 5230 quae
2686 5176 2795 5214 non
2825 5162 3253 5228 conveniunt;ct
3282 5160 3354 5216 ad
3386 5159 3861 5216 Thessalonicen-

460 5247 583 5304 visa
613 5251 667 5303 et
699 5248 934 5318 cognita
983 5247 1163 5302 vitare
1219 5244 1550 5301 voluerunt.
1585 5267 1612 5295 »
1648 5244 1742 5300 Sic
1773 5249 1828 5299 et
1854 5245 2006 5300 Deus
2037 5262 2104 5300 ex
2214 5264 2308 5303 ses
2341 5249 2412 5320 (ll
2446 5248 2620 5303 Thess.
2653 5267 2715 5317 ιι,
2750 5249 2834 5322 10)
2870 5267 2882 5304 :
2916 5252 3024 5305 Pro
3049 5266 3109 5305 eo
3137 5250 3276 5323 quod
3333 5250 3678 5306 dilectionem
3720 5250 3860 5306 veri-

462 5337 751 5409 scriptura
783 5337 1039 5393 veritatis
1080 5335 1249 5391 nobis
1278 5335 1662 5402 demonstrat,
1691 5335 1845 5406 quod
1877 5335 1948 5389 ad
1979 5351 2102 5390 cor-
2214 5339 2342 5392 tatis
2362 5353 2471 5392 non
2501 5347 2811 5408 receperunt
2839 5339 2908 5394 ad
2955 5340 3055 5395 hoc
3100 5349 3159 5395 ut
3210 5341 3354 5396 salvi
3408 5340 3622 5412 ﬁerent,
3656 5338 3855 5396 idcirco

462 5423 734 5482 rcctionis
765 5426 1048 5481 cautelam
1095 5425 1264 5480 nobis
1309 5423 1594 5498 proficiat,
1629 5427 1729 5480 aut
1757 5441 1824 5478 ex
1858 5422 2101 5478 retribu-
2215 5427 2469 5482 immittet
2499 5427 2615 5480 illis
2645 5428 2786 5482 Deus
2813 5430 3069 5500 spiritum
3103 5431 3328 5495 erroris,
3376 5436 3436 5484 ut
3468 5428 3692 5485 credant
3719 5444 3861 5484 men-

461 5511 617 5568 tione
630 5513 870 5584 justitia:
892 5515 962 5569 ad
987 5515 1222 5588 gravius
1239 5513 1698 5586 delinquendum
1723 5512 1780 5567 in
1798 5511 2101 5569 cumulum
2209 5515 2384 5585 dacio,
2416 5525 2681 5588 quatenus
2703 5517 3022 5588 judicentur
3047 5536 3229 5575 omnes
3253 5520 3349 5592 qui
3376 5535 3488 5574 non
3518 5517 3860 5576 crediderunt

463 5601 856 5681 damnationis
885 5609 1196 5659 excrescat.
1231 5603 1527 5676 Scriptum
1560 5606 1648 5658 est
1677 5601 1831 5658 enim
1865 5601 1922 5656 in
1953 5601 2101 5660 libro
2208 5607 2448 5674 veritati,
2482 5606 2572 5661 sed
2628 5617 3015 5664 consenserunt
3075 5610 3382 5682 iniquitati.
3415 5608 3580 5666 Unde
3621 5611 3856 5666 sanctus

462 5677 720 5769 Regum,
742 5690 965 5750 dicente
997 5692 1237 5750 Michaaa
1267 5692 1551 5768 propheta
1584 5709 1596 5748 :
1634 5690 1757 5748 Vidi
1809 5693 2102 5752 Dominum
2207 5694 2572 5772 Augustinus
2601 5695 2661 5752 in
2693 5697 2862 5760 tertio
2889 5697 3038 5758 libro
3071 5699 3142 5761 de
3169 5677 3455 5764 Trinitate
3485 5699 3627 5778 (cap.
3657 5700 3737 5778 7),
3765 5695 3854 5758 lo-
