4148 6456
263 408 376 484 681

1174 409 1274 489 DE
1319 411 1690 477 DIVORTIO
1734 408 2106 492 LOTHARII
2151 409 2251 469 ΕΤ
2295 409 2758 498 TETBERGIE.

3549 409 3668 470 682

262 541 330 596 Et
352 544 593 598 sanctus
614 540 978 614 Augustinus
1007 540 1066 596 in
1099 539 1248 598 libro
1277 543 1346 597 de
1378 543 1720 600 Pcenitentia
1745 543 1908 616 (hom.
1939 543 1994 616 Α
2025 541 2308 596 Dominus
2337 541 2574 610 Judam,
2596 557 2729 596 cum
2763 541 2858 596 fur
2884 545 3058 611 esset,
3078 541 3215 623 quia
3233 559 3347 598 non
3379 545 3469 597 est
3496 557 3668 597 accu-

263 629 312 701 L)
339 645 352 684 :
379 629 792 714 «(Plerumque
832 633 1028 705 autem
1077 629 1212 686 boni
1247 631 1562 687 Christiani
1593 635 1914 714 propterea

257 721 472 787 tacent,
496 721 554 774 et
582 709 1148 796 sufferuntaliorum
1180 724 1415 792 peccata
1446 737 1572 792 quae
1593 709 1908 788 noverunt,

233 807 396 884 quia
417 807 799 884 documentis
846 825 998 882 szepe
1030 808 1398 875 deseruntur,
1431 813 1488 863 et
1525 827 1592 864 ea
1623 825 1749 880 quze
1796 807 1908 879 ipsi

255 895 508 976 sciunt,_j
519 897 788 964 udicibus
804 895 1214 974 ecclesiasticis
1236 898 1480 969 probare
1503 915 1616 951 non
1639 899 1906 974 possunt.

251 971 534 1060 Quamvis
563 985 720 1042 enim
750 1003 888 1042 vera
913 985 1031 1064 sint
1052 971 1342 1064 quaedam,
1369 1003 1482 1042 non
1509 991 1702 1041 tamen
1720 971 1908 1064 judici

249 1059 424 1154 facile
465 1074 755 1148 credenda
807 1059 1329 1154 sunt,lnisiicertis
1385 1074 1618 1154 indiciis
1665 1062 1905 1129 demoni-

247 1147 535 1238 strentur.
554 1163 672 1220 Nos
691 1147 824 1218 vero
847 1180 880 1236 a
900 1147 1314 1244 communione
1335 1149 1692 1236 quemquam
1717 1163 1908 1236 prohi-

247 1237 519 1330 bcrejnon
540 1237 1156 1337 possumps,quamvis
1173 1252 1292 1307 hrec
1311 1251 1624 1332 prohibitio
1642 1252 1903 1332 nondum

223 1335 326 1396 'sit
345 1339 634 1415 mortalis,
649 1341 746 1402 sed
777 1335 1290 1421 medicinalismisi
1321 1345 1422 1421 aut
1451 1345 1657 1421 sponte
1676 1341 1902 1402 confes-

244 1427 612 1510 sum,aut:in
649 1415 873 1506 aliquo,
903 1415 1030 1508 sive
1051 1415 1345 1497 saeculari,
1361 1415 1478 1483 sive
1510 1427 1902 1484 ecclesiastico

221 1503 469 1588 judicio
492 1503 862 1596 nominatum
887 1503 1060 1590 atque
1077 1517 1430 1572 convictum.
1447 1517 1585 1584 Quis
1609 1517 1763 1571 enim
1789 1516 1901 1588 sibi

239 1606 395 1686 (321
427 1609 746 1684 utrumque
767 1603 944 1686 audet
965 1622 1286 1684 assumere,
1303 1609 1367 1686 ut
1383 1607 1656 1679 cuiquam
1679 1606 1804 1678 ipse
1825 1605 1902 1662 sit

212 1679 302 1756 ,et'
325 1679 634 1773 accusator
651 1679 1296 1774 etjudex?Cujusmodi
1323 1679 1586 1768 regulam
1609 1693 1781 1749 etiam
1805 1693 1901 1750 hic

214 1777 739 1862 'Pauluszbreviter
757 1782 1100 1866 insinuasse:
1115 1782 1490 1856 intelligetur,
1507 1799 1639 1864 cum
1662 1782 1902 1856 quibus-

205 1933 210 1940 ,
235 1871 380 1928 dam
405 1869 626 1952 talibus
643 1870 1115 1936 commemoratis
1137 1869 1894 1953 criminibus,ecclesiastici

223 1946 444 2034 judicii
471 1946 718 2019 formam
745 1959 816 2015 ad
845 1958 966 2014 haec
997 1957 1216 2016 similia
1245 1975 1312 2014 ex
1335 1959 1688 2031 quibusdam
1709 1946 1894 2026 daret.

215 2034 332 2106 Ἀἰί
351 2034 786 2120 enim:Scripsi
829 2047 978 2103 vobis
1027 2049 1086 2103 in
1135 2047 1384 2120 epistola,
1405 2042 1898 2104 ηοηέοιηηιίδεενί

203 2123 561 2216 :fomicariis
580 2137 629 2208 (I
647 2139 772 2216 Cor.
790 2154 845 2205 v,
871 2136 946 2208 9),
973 2139 1030 2192 et
1051 2135 1330 2209 reliqua.«
1355 2137 1423 2192 Et
1441 2136 1582 2192 item
1608 2153 1659 2190 :«
1679 2135 1736 2191 Si
1761 2135 1894 2209 quis

226 2213 416 2284 frater
467 2213 806 2282 nominatur
857 2229 959 2285 aut
1005 2224 1340 2292 fornicator,
1389 2229 1494 2280 aut
1550 2224 1722 2280 idolis
1770 2242 1892 2281 ser-

201 2299 417 2388 :viens,
453 2301 556 2393 aut
585 2333 820 2385 avarus,
851 2319 952 2370 aut
980 2313 1323 2381 maledicus,
1349 2318 1452 2368 aut
1478 2314 1764 2378 ebriosus,
1791 2319 1893 2370 aut

227 2393 439 2479 rapax,
465 2422 600 2465 cum
633 2403 921 2477 ejusmodi
957 2419 1061 2458 nec
1091 2401 1328 2476 quidem
1359 2402 1551 2458 cibum
1587 2419 1837 2467 sumere.
1862 2401 1889 2453 ἡ

201 2479 346 2552 ’ΞείΙ
373 2493 683 2552 sciendum
710 2481 815 2562 est,
833 2493 972 2570 quia
993 2509 1121 2548 eam
1144 2491 1602 2570 nominationem
1625 2491 1718 2548 hic
1740 2495 1891 2566 Apo-

220 2585 424 2659 stolus
475 2583 726 2657 intelligi
775 2568 978 2648 voluit,
1003 2597 1131 2653 qua:
1164 2581 1230 2636 ﬁt
1262 2581 1321 2636 in
1351 2568 1729 2654 quemquam,
1755 2598 1888 2638 cum

225 2674 529 2733 sententia
549 2673 754 2732 ordine
775 2671 1090 2744 judiciario
1111 2674 1284 2744 atque
1317 2665 1646 2740 integritate
1667 2671 1888 2742 profer-

225 2770 351 2822 tur.
373 2761 520 2820 Nam
540 2763 590 2818 si
613 2745 934 2820 nominatio
956 2759 1194 2828 sufficit,
1215 2757 1383 2814 multi
1409 2753 1724 2814 damnandi
1750 2764 1888 2814 sunt

219 2851 754 2924 innocentes,quia
775 2866 925 2923 saepe
947 2835 1091 2924 falso
1118 2847 1177 2904 in
1201 2863 1494 2920 quoquam
1519 2847 1762 2904 crimine
1790 2865 1886 2903 no-

220 2929 558 3000 minantur.
574 2923 774 2998 Noluit
789 2938 946 3000 enim
964 2923 1022 2993 in
1040 2936 1274 2997 homine
1289 2935 1540 3009 judicari
1559 2951 1624 2992 ex
1643 2936 1884 2991 arbitrio

222 3015 743 3110 suspectionis,vel
763 3027 938 3084 etiam
966 3025 1406 3082 extraordinarii
1437 3029 1714 3098 usurpato
1729 3025 1884 3096 judi-

1927 1913 1975 1985 B

2019 633 2205 695 satus,
2229 629 2369 684 mini
2379 647 2469 684 me
2493 629 2723 700 abjecit.
2746 631 2808 687 Ut
2828 631 3108 686 tolleretur
3135 632 3200 686 de
3225 631 3402 688 medio
3429 639 3668 686 vestram

2020 721 2118 792 qui
2154 719 2252 774 hoc
2299 735 2434 790 opus
2479 719 2610 793 ferit
2629 721 2676 791 (l
2698 719 2900 795 Cor._v,
2921 721 2998 790 2).
3023 711 3266 792 Cognito
3313 737 3484 792 opere
3530 713 3663 788 ista,

2019 807 2355 879 pellendum
2379 807 2547 863 illum
2573 808 2752 864 fuisse
2771 808 2840 864 de
2859 813 3010 863 cmtu
3031 808 3410 885 fraternitatis
3429 826 3442 864 :
3461 824 3666 864 omnes

2017 897 2174 953 enim
2207 897 2428 953 crimen
2461 899 2590 970 ejus
2620 899 2901 965 sciebant,
2926 901 2983 953 et
3011 914 3125 952 non
3167 897 3515 970 arguebant;
3557 913 3665 969 pu-

2017 983 2166 1041 blice
2197 987 2351 1041 enim
2385 1003 2689 1042 novercam
2718 1004 2887 1042 suam
2921 986 3046 1042 loco
3075 986 3274 1041 uxoris
3305 985 3572 1040 habebat.
3601 986 3664 1041 In

2015 1089 2131 1146 qua
2161 1091 2221 1129 re
2255 1091 2442 1146 neque
2479 1073 2727 1131 testibus
2757 1092 2905 1148 opus
2943 1079 3086 1141 erat,
3113 1089 3300 1146 neque
3329 1074 3666 1146 tergiversa-

2013 1161 2170 1218 tione
2197 1161 2394 1236 aliqua
2431 1167 2660 1244 poterat
2691 1163 2804 1236 tegi
2847 1163 3089 1218 crimen.
3118 1164 3228 1232 Ego
3266 1153 3480 1236 quidem
3512 1161 3666 1244 sicut

2012 1251 2207 1308 absens
2236 1268 2476 1325 corpore,
2505 1267 2750 1324 prazsms
2778 1260 2958 1308 autem
2986 1253 3207 1324 spiritu,
3232 1251 3290 1306 id
3316 1255 3424 1322 c’st,
3449 1251 3661 1306 absens

2012 1339 2178 1405 facie,
2212 1357 2469 1412 priesens
2501 1346 2696 1420 autem
2731 1342 3074 1396 auctoritate
3103 1339 3496 1420 spiritus,_qui
3529 1357 3665 1395 nus-

2012 1445 2188 1500 quam
2220 1431 2402 1494 abest,
2419 1430 2541 1501 jam
2577 1414 2833 1501 judicent
2879 1438 2940 1485 at
2985 1446 3226 1502 praesens
3253 1414 3385 1486 cum.
3422 1431 3520 1502 qui
3531 1426 3536 1434 ’
3565 1430 3663 1484 hoc

2009 1516 2232 1574 admisit
2263 1519 2448 1586 (ibim,
2483 1520 2560 1588 3).
2589 1542 2616 1568 υ

2082 1607 2324 1680 ειη-Ει
2353 1609 2632 1683 quoniam
2665 1607 2908 1663 alterius
2932 1612 3019 1664 est
3039 1607 3149 1663 loci
3171 1611 3228 1663 et
3251 1607 3529 1679 temporis
3559 1607 3657 1663 de-

2009 1699 2357 1766 monstrem,
2381 1695 2596 1768 quibus
2624 1698 2680 1752 et
2706 1695 2941 1770 quantis
2968 1695 3098 1752 aliis
3120 1696 3310 1752 modis
3331 1695 3658 1751 secundum

2008 1781 2163 1855 leges
2196 1783 2620 1840 ecclesiasticas
2651 1785 2923 1860 absentes
2953 1785 3181 1860 possint
3211 1788 3268 1839 et
3288 1771 3537 1839 debeant
3555 1785 3657 1855 ju-

2007 1872 2380 1944 dicari,quod
2413 1890 2569 1928 nunc
2601 1873 2671 1929 ad
2707 1890 2826 1929 rem
2861 1873 3130 1946 pertinet,
3145 1873 3417 1946 quodque
3445 1872 3656 1928 Valen-

2006 1958 2126 2016 tina
2160 1961 2420 2035 synodus
2445 1979 2695 2035 sequens
2718 1963 3039 2018 Romanam
3066 1961 3380 2017 Ecclesiam
3413 1962 3656 2040 demon-

2003 2050 2226 2118 stravit,
2248 2049 2304 2106 in
2331 2049 2590 2106 medium
2617 2049 3264 2115 devocemus,videlicct
3283 2053 3424 2120 (can.
3445 2049 3497 2121 4)
3518 2067 3567 2106 ζα
3581 2049 3656 2106 Ut

2003 2137 2050 2192 si
2082 2138 2216 2210 quis
2246 2157 2308 2196 se
2340 2138 2627 2208 rcum,vel
2668 2139 2786 2197 veri
2829 2139 3212 2207 confessione,
3233 2139 3320 2195 vel
3353 2130 3654 2196 mendacio

2001 2226 2272 2284 falsitatis
2294 2228 2778 2301 pronuntiaverit,
2798 2227 2989 2300 neque
3009 2215 3188 2295 enim,
3207 2218 3410 2300 inqa'it,
3431 2227 3651 2283 absolvi

2000 2319 2212 2388 potest,
2247 2317 2344 2390 qui
2377 2317 2436 2372 in
2471 2317 2662 2390 seipse
2711 2316 2921 2372 dixerit
2970 2316 3178 2372 mortis
3228 2331 3490 2392 causam,
3525 2332 3652 2388 qua:

2001 2404 2155 2460 dicta
2185 2406 2242 2460 in
2275 2405 2454 2478 alium
2487 2406 2812 2478 puniretur,
2837 2421 2970 2460 cum
2995 2403 3186 2460 omnis
3209 2405 3310 2477 qui
3335 2403 3446 2460 sibi
3476 2403 3652 2461 fuerit

1999 2495 2205 2566 mortis
2235 2511 2413 2550 causa
2449 2495 2638 2561 maior
2679 2493 2976 2550 homicida
3006 2493 3142 2548 sit.»
3164 2491 3328 2560 Quod
3362 2493 3422 2548 in
3445 2489 3650 2570 Eccle-

1997 2583 2105 2653 sia,
2127 2600 2231 2639 nec
2252 2583 2322 2638 de
2354 2587 2574 2639 secreta
2595 2582 2978 2650 confessione,
2999 2599 3104 2638 nec
3125 2599 3229 2656 per
3258 2581 3435 2638 alium
3460 2585 3650 2656 potest

1999 2671 2118 2727 fieri
2145 2689 2158 2727 :
2185 2676 2404 2744 quanto
2428 2672 2626 2728 minus
2649 2688 2751 2744 per
2772 2672 3125 2738 sacerdotes,
3141 2669 3357 2744 quibus
3379 2687 3494 2726 non
3516 2669 3652 2728 licet

1996 2760 2103 2816 sibi
2127 2761 2390 2816 confessa
2411 2759 2712 2832 publicare
2735 2766 2991 2833 peccata,
3008 2760 3120 2816 nisi
3145 2757 3248 2832 per
3265 2757 3430 2815 illum
3452 2760 3647 2832 ipsum

1993 2849 2092 2921 qui
2122 2854 2421 2922 peccatnm
2455 2847 2774 2915 commisit,
2802 2849 2857 2904 id
2887 2849 3041 2921 quod
3076 2848 3227 2910 male
3257 2853 3453 2921 egerat
3477 2849 3648 2904 fuerit

1989 2937 2405 3012 propalatum?
2435 2938 2514 2993 De
2547 2956 2661 3011 quo
2688 2938 2863 2994 etiam
2902 2939 3203 3010 providere
3235 2937 3519 3010 quantum
3551 2955 3648 3010 po-

1992 3027 2170 3083 tuerit
2191 3025 2360 3082 debet
2380 3027 2712 3100 episcopus,
2730 3027 2802 3082 ad
2826 3027 2995 3099 cujus
3027 3027 3136 3083 hoc
3159 3043 3360 3082 curam
3385 3025 3649 3082 noscitur

191 3125 342 3203 ,cio,
368 3123 470 3178 sed
504 3120 699 3202 potius
737 3135 804 3174 ex
830 3115 1085 3198 legeDei
1115 3115 1440 3172 secundum
1481 3113 1744 3170 ordinem
1775 3115 1882 3200 Ec-
1991 3116 2298 3192 pertinere,
2325 3120 2387 3172 ut
2419 3133 2532 3173 non
2565 3133 2756 3173 errore
2789 3117 3084 3186 seductus,
3111 3119 3212 3172 aut
3239 3116 3451 3172 timore
3483 3131 3652 3186 conc.

189 3193 445 3287 :clesize,
470 3193 590 3266 sive
625 3206 776 3287 ultro
805 3193 1158 3272 confessum,
1181 3205 1302 3265 sive
1333 3207 1674 3263 accusatum
1706 3193 1879 3287 atque
1923 3278 1956 3287 _
1994 3211 2114 3276 tus,
2137 3207 2450 3280 quisquam
2481 3207 2840 3263 mendaciter
2869 3206 2928 3262 in
2961 3223 3022 3264 se
3053 3207 3228 3275 dicat,
3253 3205 3410 3262 unde
3437 3204 3524 3262 vel
3559 3204 3642 3276 se,

219 3283 586 3358 convictum.
632 3297 704 3355 Et
729 3281 810 3352 'in
861 3293 1106 3352 concilio
1150 3291 1427 3352 Toletano
1467 3293 1634 3366 (conc.
1672 3278 1879 3362 Toti'vhl,
1914 3278 1957 3343 (ἶ
1993 3297 2083 3352 vel
2114 3278 2432 3352 Ecclesium
2463 3296 2658 3363 laedat,
2680 3296 2817 3369 quia
2845 3295 2980 3365 inde
3008 3293 3184 3352 etiam
3211 3299 3299 3352 est
3325 3295 3643 3366 decretum,

191 3409 350 3460 .can.
380 3371 538 3462 11);‹‹
562 3387 815 3460 Dignum
843 3389 932 3444 est
952 3387 1016 3440 ut
1039 3383 1156 3438 vita
1186 3381 1514 3438 innocentis
1539 3400 1653 3438 non
1689 3397 1890 3438 macu-
1997 3393 2062 3442 ut
2104 3390 2328 3442 extorta
2373 3385 2682 3452 confessio,
2705 3385 2793 3441 vel
2845 3390 3046 3441 coacta
3091 3385 3464 3458 subscriptio,
3495 3375 3644 3441 nihil

215 3479 386 3536 letur
407 3477 666 3553 pernicie
688 3472 1265 3532 accusantium.ldeo
1287 3466 1558 3546 quisquis
1578 3489 1612 3526 a
1635 3471 1893 3544 quolibet
1993 3467 2210 3549 vigoris
2245 3474 2528 3541 obtineat,
2557 3475 2620 3530 Β.
2642 3474 2966 3542 Alexondro
2997 3479 3249 3548 martyre
3279 3475 3554 3548 glorioso,
3588 3463 3646 3530 et

193 3555 600 3644 :criminatur,
624 3569 746 3626 tam
775 3567 1085 3620 accusatus
1109 3577 1284 3634 quam
1311 3565 1614 3617 accusator
1637 3577 1890 3634 praesen-
1997 3569 2130 3638 post
2153 3565 2214 3620 Β.
2241 3559 2474 3620 Petrum
2496 3567 2704 3637 quarto
2725 3563 3054 3636 apostolicae
3073 3563 3227 3619 sedis
3253 3561 3527 3635 pontifice
3541 3563 3643 3634 ju-

193 3639 448 3732 .tentur,
467 3639 646 3730 atque
667 3655 864 3728 legum
886 3656 944 3708 et
959 3668 1250 3711 canonum
1268 3649 1566 3728 sententiae
1587 3649 1892 3722 exquiran-
1997 3653 2228 3728 dicante
2259 3653 2434 3725 (epist.
2457 3651 2527 3708 ad
2557 3669 2702 3708 omn.
2727 3651 2964 3724 orthod.)
2994 3668 3042 3707 :«
3069 3652 3128 3707 Si
3167 3653 3240 3707 ab
3281 3651 3645 3722 hujusmodi,

191 3737 430 3824 ’ἰαὶ-,μζ
453 3746 502 3822 si
519 3745 775 3825 jnfligna
795 3743 867 3821 ad
889 3741 1286 3823 accusandum
1307 3739 1886 3818 personainvenitur,
1998 3744 2196 3816 inquit,
2245 3741 2533 3814 personis,
2561 3741 2716 3813 quod
2747 3741 2906 3796 omni
2945 3746 3033 3796 est
3063 3739 3389 3795 Christiano
3421 3738 3645 3827 nomini

195 3821 302 3895 “ad
325 3821 463 3911 ejus
499 3821 933 3913 accusationem
957 3821 1268 3906 quiSquam
1302 3846 1414 3885 non
1441 3829 1758 3902 judicetur,
1785 3847 1890 3886 nec
1997 3829 2324 3896 inimicum,
2341 3831 2604 3902 quaadam
2632 3829 2943 3902 Scriptura:
2967 3829 3377 3901 quoquomodo
3399 3821 3502 3901 per
3524 3840 3644 3896 me-

224 3917 681 3994 condemnetur.
710 3947 730 3975 ι
759 3921 829 3980 Et
856 3921 915 3976 in
947 3918 1392 3994 Carthaginensi
1441 3917 1683 3977 concilio
1715 3922 1885 3988 (com.

225 4017 348 4089 Afr.
383 3993 504 4088 cap.
529 4013 620 4086 95)
644 4029 694 4068 :«
718 4008 1104 4078 Quaerendum
1129 3993 1219 4062 est
1240 4007 1534 4080 injudicio
1560 4009 1730 4080 cujus
1753 4024 1890 4064 con-

139 4151 147 4156 .
193 4087 202 4107 ί
228 4087 586 4178 versationis
609 4105 667 4158 et
695 4093 840 4178 ﬁdei.
857 4095 939 4158 sit
960 4097 1010 4154 is
1033 4095 1130 4170 qui
1164 4100 1420 4164 accusat,
1447 4100 1505 4152 et
1533 4097 1582 4150 is
1605 4096 1700 4169 qui
1729 4114 1895 4154 accu-

229 4199 464 4253 satur.»
489 4171 633 4250 I'tem
664 4189 723 4244 in
757 4171 957 4244 eodem
996 4189 1138 4259 (cap.
1161 4186 1253 4255 98)
1278 4202 1328 4240 :«
1351 4187 1554 4241 Testes
1590 4191 1785 4242 autem
1819 4187 1891 4242 ad

230 4264 645 4352 testimonium
669 4295 786 4336 non
806 4275 1221 4346 admittendos,
1241 4273 1339 4348 qui
1363 4291 1466 4331 nec
1487 4275 1558 4330 ad
1578 4277 1896 4332 accusatio-

203 4355 368 4431 nem
405 4369 642 4432 admitti
673 4365 950 4444 praecepti
976 4369 1133 4432 sunt,
1155 4363 1243 4420 vel
1275 4364 1452 4421 etiam
1476 4382 1622 4438 quos
1654 4366 1778 4438 ipse
1807 4385 1898 4423 ac-

208 4456 574 4520 'cusator.de
595 4459 770 4515 domo
793 4473 905 4514 sua
924 4453 1316 4529 produxerit.»
1343 4454 1410 4510 Et
1431 4459 1670 4512 sanctus
1690 4456 1897 4513 Corne-

225 4553 353 4634 lius
372 4567 530 4626 papa
549 4551 608 4604 et
624 4550 866 4634 martyr,
894 4543 1219 4634 beatusque
1242 4541 1399 4634 Felix
1431 4543 1730 4634 Romanus
1750 4563 1893 4622 pon-

1998 3923 2146 3987 tum,
2171 3921 2272 3974 aut
2302 3917 2587 3983 fraudem,
2615 3920 2716 3971 aut
2745 3933 2849 3988 per
2874 3916 2990 3970 vim
3035 3918 3265 3970 extorta:
3295 3914 3533 3980 fuerint,
3555 3913 3644 3970 vel

2001 4011 2066 4065 ut
2096 4025 2157 4064 se
2187 4001 2434 4062 liberare
2466 4004 3078 4078 possint,quocunque
3101 4002 3174 4059 ab
3195 4001 3278 4058 eis
3304 4003 3644 4083 conscriptas

1996 4096 2086 4153 vel
2118 4096 2398 4152 roborata:
2431 4093 2647 4150 fuerint
2676 4093 2928 4167 ingenio,
2953 4094 3022 4148 ad
3057 4090 3286 4148 nullum
3315 4091 3404 4148 eis
3435 4091 3647 4167 praeiu-

2001 4183 2220 4240 dicium
2244 4184 2345 4238 aut
2361 4185 2778 4236 nocumentum
2799 4180 3099 4254 provenire
3117 4195 3442 4249 censemus,
3457 4180 3647 4252 neq‘ne

2002 4273 2183 4330 ullam
2215 4270 2299 4326 eis
2329 4269 2632 4325 infamiam
2664 4269 2750 4325 vel
2783 4253 3161 4339 calumniam,
3188 4253 3362 4325 aut'a
3401 4269 3528 4325 suis
3555 4263 3647 4325 se-

2002 4359 2460 4437 questrationem
2499 4359 2691 4428 bonis,
2714 4375 2998 4432 unquam,
3023 4363 3258 4415 auctore
3300 4357 3567 4428 Domino,
3591 4361 3649 4414 et

2003 4450 2222 4508 sanctis
2243 4448 2866 4522 apostolis.eorumquc
2887 4447 3345 4518 successoribus,
3361 4443 3650 4524 sustinere

2005 4538 2422 4614 permittimus.
2441 4537 2736 4594 Confessio
2756 4552 2888 4593 vero
2916 4535 2977 4592 in
3006 4535 3226 4594 talibus
3250 4553 3365 4593 non
3389 4533 3650 4610 compul-

199 4625 389 4714 tifex,
413 4643 472 4696 et
501 4653 706 4694 omnes
753 4631 914 4690 illius
946 4633 1104 4692 sedis
1125 4631 1442 4705 pontifices
1491 4633 1892 4702 decreverunt,
1926 4651 1972 4716 ι)
2003 4648 2088 4698 sa,
2105 4629 2206 4686 sed
2227 4631 2550 4701 spontaneo
2570 4627 2692 4716 fieri
2715 4625 3046 4716 debet,ipso
3069 4631 3379 4684 attestante
3399 4625 3500 4716 qui
3523 4625 3604 4682 ait
3631 4645 3644 4684 :

199 4733 295 4787 'ut
326 4730 573 4786 caveant
613 4723 846 4800 judices
893 4721 1186 4788 Ecclesiae,
1236 4738 1309 4776 nc
1359 4721 1598 4777 absente
1627 4739 1693 4778 eo
1724 4725 1894 4796 cujus

217 4801 413 4876 causa
437 4799 778 4880 ventilatur,
813 4801 1163 4869 sententiam
1211 4809 1528 4882 proferant,
1552 4812 1691 4884 quia
1727 4812 1891 4870 irrita

227 4909 360 4978 erit,
386 4911 446 4964 et
475 4889 651 4962 etiam
683 4899 968 4960 rationem
999 4917 1102 4974 pro
1125 4899 1351 4955 actione
1376 4899 1431 4953 iu
1458 4902 1764 4972 prmsentia
1784 4903 1892 4958 fra-

194 5001 392 5062 ,trum
422 4996 668 5062 dabunt,
693 4991 948 5065 exceptis
980 4989 1303 5062 designatis
1345 4989 1540 5044 causis
1574 5008 1721 5062 quas
1770 4993 1890 5047 sin-

229 5085 490 5164 gillatim
531 5081 690 5158 leges
737 5079 1005 5138 Ecclesiae
1055 5079 1408 5150 exprimunt,
1434 5079 1585 5134 sicut
1631 5084 1687 5138 et
1736 5081 1893 5155 leges

200 5169 485 5254 'publicaa
517 5173 761 5230 modum
793 5173 1016 5228 certum
1048 5166 1450 5234 denominant,
1476 5186 1592 5240 quo
1625 5171 1894 5228 absentes

205 5263 456 5340 :judicio
489 5263 742 5322 debeant
763 5255 1163 5325 condemnari,
1190 5256 1246 5312 id
1279 5261 1387 5324 est,
1411 5261 1476 5311 ut
1497 5255 1544 5313 si
1569 5262 1686 5314 tam
1719 5259 1898 5316 famo-

203 5335 546 5412 rsissimum
568 5349 788 5428 crimen
813 5347 912 5420 sit,
928 5349 984 5402 et
1005 5345 1064 5400 in
1087 5344 1333 5401 crimine
1357 5345 1753 5403 famosissima
1773 5363 1898 5420 per-

233 5460 400 5510 sona,
439 5444 510 5497 ut
541 5454 731 5514 neque
759 5439 940 5494 testes
972 5435 1044 5490 ad
1085 5433 1548 5490 convincendum
1583 5433 1895 5490 necessarii

233 5519 590 5597 habeantur,
614 5545 719 5584 nec
768 5523 960 5600 ipsius
1006 5523 1342 5598 indigeatur
1393 5519 1721 5595 praesentia,
1746 5522 1898 5578 sicut

233 5600 586 5678 Ambrosius
603 5617 663 5672 in
687 5607 948 5690 Epistola
969 5601 1040 5669 ad
1059 5611 1390 5669 Corinthios
1412 5609 1553 5668 dicit
1573 5627 1620 5668 τί(
1647 5609 1894 5679 Judicis,

235 5705 538 5792 inquiens,
557 5723 676 5789 non
701 5691 792 5764 est
821 5701 949 5788 sine
979 5707 1317 5780 accusatore
1349 5700 1650 5768 damnare,
1673 5697 1812 5774 quia
1840 5703 1899 5758 et

559 5836 832 5905 Parnm.
881 5831 1116 5900 CXXV.

2003 4721 2084 4775 Ea:
2103 4717 2260 4775 corde
2278 4719 2426 4773 enim
2441 4715 2741 4789 procedunt
2757 4715 3075 4785 homicidia,
3102 4716 3392 4784 adulteria,
3413 4715 3651 4788 fornica-

1995 4812 2186 4875 tiones,
2211 4806 2564 4880 blasphemiae
2583 4805 2791 4874 (Matth.
2814 4823 2906 4873 xv,
2931 4805 3040 4878 19),
3055 4808 3112 4860 et
3135 4807 3338 4860 caetera
3359 4819 3486 4875 quae
3510 4807 3650 4858 sunt

1998 4899 2069 4954 ad
2101 4898 2223 4952 haec
2253 4895 2621 4968 pertinentia.
2646 4897 2747 4950 »Εἰ
2775 4895 2911 4950 item
2939 4889 3267 4964 :«Amplius
3297 4894 3493 4947 autem
3527 4909 3648 4947 res-

1999 4987 2142 5058 picit
2167 4986 2323 5040 Deus
2353 4984 2424 5040 ad
2463 4984 2864 5056 cogitationes,
2889 4986 2946 5037 et
2995 4985 3349 5053 spontaneas
3378 4978 3647 5035 volunta-

1998 5081 2108 5142 tes,
2133 5090 2311 5149 quam
2343 5074 2414 5128 ad
2448 5059 2750 5144 actus,qui
2791 5089 2892 5142 per
2929 5069 3387 5141 simplicitatem,
3415 5069 3517 5122 aut
3546 5083 3650 5140 per

2002 5163 2408 5220 necessitatem
2443 5163 2610 5216 tiunt.
2647 5158 2946 5215 Confessio
2983 5174 3114 5212 vero
3161 5173 3276 5211 non
3319 5155 3648 5237 extorpueri

2002 5253 2174 5309 debet
2202 5253 2261 5307 in
2295 5251 2530 5316 talibus,
2547 5251 2644 5305 sed
2687 5248 2881 5322 potius
2917 5249 3122 5317 sponte
3154 5243 3434 5316 proﬁteri.
3458 5245 3647 5301 Pessi-

2003 5359 2168 5399 mum
2188 5346 2278 5398 est
2293 5340 2450 5396 enim
2473 5339 2542 5394 dc
2563 5337 2898 5411 suspicione
2920 5339 3022 5390 aut
3041 5335 3264 5389 extorta
3285 5334 3650 5392 confessione

2003 5446 2360 5504 quemquam
2375 5427 2662 5498 judicare,
2679 5442 2812 5481 cum
2842 5422 3030 5496 magis
3050 5422 3343 5494 inspector
3361 5423 3552 5508 cordis
3573 5424 3652 5480 sit

2005 5520 2290 5576 Dominus
2306 5532 2483 5590 quam
2500 5515 2776 5586 operis,et
2796 5513 2990 5585 potius
3011 5511 3256 5584 requirit
3271 5511 3650 5585 cogitationes

2006 5627 2206 5683 puras,
2225 5613 2282 5664 et
2303 5605 2631 5670 voluntates
2656 5603 3054 5674 bonas,quam
3075 5600 3251 5658 verba
3280 5603 3604 5660 mendacia.
3622 5627 3652 5656 ››

2007 5699 2167 5757 Tatis
2186 5696 2343 5755 enim
2365 5694 2424 5751 in
2457 5689 2714 5750 Ecclesia
2744 5687 2868 5747 fieri
2891 5690 3062 5748 debet
3093 5690 3165 5748 ab
3196 5689 3295 5750 illo
3317 5693 3417 5771 qui
3449 5710 3652 5772 pecca-

3257 5823 3334 5886 22
