4148 6456
521 458 638 520 683

1447 455 1831 518 HINCMARI
1880 450 2328 515 RHEMENSIS
2374 446 2998 510 ARCHIEPISCOPI.

3807 440 3932 502 684

514 590 597 646 vit
627 590 936 658 confessio,
952 590 1108 646 sicut
1126 588 1410 662 scriptum
1433 594 1552 644 cst:
1575 589 1674 644 Dic
1701 594 1760 643 tu
1785 587 1941 659 prior
1963 584 2168 656 iniqni-
2199 584 2246 648 Α
2279 582 2372 636 Ait
2401 580 2554 634 enim
2597 581 2666 634 de
2713 579 2865 634 Juda
2898 595 2910 632 :
2939 602 2966 627 ‹‹
3004 579 3148 633 Tunc
3196 576 3380 632 videns
3433 575 3624 641 Iudas,
3657 577 3757 648 qui
3801 592 3932 631 eum

513 683 664 736 tates
687 685 840 747 tuas,
864 683 929 734 ut
942 679 1310 750 justificeris.
1326 678 1504 745 Prior,
1522 678 1780 750 inquam,
1798 681 1863 731 ut
1882 679 1939 730 et
1959 691 2156 730 vocem

514 768 872 824 accusatoris
893 767 1131 834 diaboli,
1148 771 1206 822 et
1233 767 1437 822 faciem
1460 765 1690 821 Domini
1716 765 1775 820 in
1797 763 2159 820 confessione

514 856 853 930 praevenias,
880 854 1319 927 utjustificeris,
1341 872 1454 908 non
1477 858 1542 908 ut
1560 853 1967 908 condemneris
1989 867 2002 906 :
2025 850 2162 922 quia

514 947 647 1018 ipsa
673 945 849 1001 etiam
869 944 1262 1000 ecclesiastica
1290 943 1834 1009 excommunicatio,
1860 959 1974 997 non
1997 946 2162 994 icter-

517 1035 733 1090 naliter
747 1033 1120 1106 pmnalis,sed
1139 1032 1474 1106 temporalis
1484 1037 1574 1088 est
1589 1038 1682 1104 atq
1692 1049 1762 1087 ue
1779 1029 2161 1096 medicinalis,

518 1126 751 1178 tantum
783 1127 850 1178 ut
879 1126 1249 1178 convertatur
1276 1126 1546 1194 peccator
1575 1122 1647 1176 aul
1692 1119 1880 1187 illum,
1905 1124 1960 1174 et
1990 1118 2164 1181 vivat,

521 1211 624 1284 qui
655 1228 770 1268 non
801 1211 928 1268 vult
958 1216 1207 1269 mortem
1239 1211 1580 1284 peccatoris,
1613 1211 1715 1266 sed
1746 1209 1920 1264 vitam
1954 1207 2164 1279 (Ezech.

2269 669 2518 735 tradidit,
2554 668 2694 740 quod
2747 667 3036 723 damnatus
3066 674 3222 734 esset,
3252 666 3572 738 pamitmtia
3609 663 3805 720 ductus
3845 680 3936 720 re-

2267 760 2396 816 tulit
2426 759 2661 826 triginta
2709 764 2988 825 argenteos
3025 755 3372 828 principibus
3408 761 3740 810 sacereotum
3767 761 3819 808 et
3847 771 3935 810 se—

2267 847 2540 912 nioribus,
2573 846 2756 901 dicens
2786 864 2804 900 :
2836 846 3079 912 Peccavi,
3108 843 3328 900 tradens
3358 844 3686 912 sanguinem
3714 843 3936 914 justum

2270 937 2476 1006 (Matth.
2529 953 2700 1002 xxvn,
2744 936 2799 1004 3,
2844 935 2919 1006 4).
2959 933 3228 989 Avaritiae
3284 932 3754 1006 magnitudinem
3805 931 3934 1006 [al.,

2272 1021 2701 1096 magnitudine]
2759 1020 3084 1094 impietatis
3138 1021 3370 1094 pondus
3415 1019 3682 1076 exclusit.
3715 1019 3938 1077 Videns

2272 1113 2456 1169 Judas
2484 1112 2799 1168 Dominum
2834 1111 3241 1182 adjudicatum
3272 1109 3466 1177 morti,
3497 1110 3753 1182 pretium
3787 1115 3940 1166 retu-

2275 1201 2346 1257 lit
2376 1201 2801 1267 sacerdotibus,
2834 1199 3005 1272 quasi
3053 1200 3112 1255 in
3162 1203 3450 1272 potestate
3480 1216 3587 1255 sua
3618 1205 3777 1256 esset
3808 1217 3936 1272 per-

521 1318 681 1370 xvm,
701 1301 816 1374 23).
838 1302 908 1357 Et
935 1301 1149 1357 iterum
1207 1301 1492 1372 scriptum
1541 1301 1774 1354 estzEx
1831 1297 2004 1354 verbis
2061 1296 2169 1350 tuis
2278 1294 2610 1389 secutorum
2645 1293 2875 1345 mutare
2918 1288 3296 1346 sententiam.
3329 1287 3937 1389 Itaquc,.lice.tm}1u|‘

516 1389 930 1462 justiﬁcaberis,
983 1396 1034 1445 et
1077 1406 1148 1445 ea:
1191 1389 1368 1444 verbis
1415 1391 1522 1444 tuis
1567 1388 2008 1444 condemnaberis
2041 1387 2166 1456 (lsa.
2276 1377 2422 1477 verit
2467 1377 2826 1433 voluntatem
2870 1395 3074 1477 .SUEED.
3121 1383 3317 1432 tamen
3367 1377 3684 1477 νοὶυξξῑξξῖε
3735 1377 3939 1477 Ρῗῖξηαθ

524 1495 680 1547 xuu,
703 1478 818 1547 26).
839 1477 1002 1534 Unde
1037 1478 1423 1550 Hieronymus
1447 1495 1499 1533 τι(
1519 1479 1599 1533 Ex
1640 1477 1810 1532 malis
1840 1475 2033 1531 verbis
2063 1475 2169 1529 du-
2280 1467 2498 1521 exitum
2523 1484 2638 1522 non
2665 1466 2930 1522 mutavit.
2955 1465 3014 1521 Si
3048 1471 3242 1522 autem
3277 1465 3532 1538 peccavit
3566 1465 3662 1522 ille
3684 1466 3788 1538 qui
3821 1471 3940 1522 tra-

527 1565 691 1622 bium
723 1584 838 1623 non
881 1571 970 1623 est
1001 1568 1155 1639 quod
1204 1567 1519 1622 damnetur
1548 1583 1582 1621 θ,
1613 1571 1722 1622 Deo
1754 1566 1930 1620 homo
1959 1563 2058 1636 qui
2108 1579 2176 1618 ea
2280 1554 2431 1610 didit
2462 1554 3312 1627 sanguinemjustum,quanto
3335 1555 3525 1628 magis
3553 1559 3942 1628 peccaverunt

528 1654 771 1728 protulit
802 1671 816 1710 :
843 1655 1158 1726 justiticari
1200 1659 1396 1710 autem
1441 1671 1508 1710 ex
1557 1655 1724 1710 bonis
1771 1653 1964 1710 verbis
2015 1650 2174 1707 nullo
2283 1643 2385 1744 qui
2423 1643 3094 1746 coierantfanguiocm.
3124 1643 3379 1746 litatum,
3403 1648 3458 1698 εἴ
3487 1643 3941 1746 οπθτθῐξίξοιῼςες

529 1743 704 1798 modo
725 1747 936 1815 potest,
962 1742 1074 1799 nisi
1098 1744 1170 1799 de
1188 1742 1397 1799 intimo
1418 1744 1611 1799 cordis
1630 1761 1698 1799 ea
1721 1747 1878 1798 recta
1903 1741 2176 1796 intentio-
2286 1733 2434 1787 tium
2453 1733 2525 1787 ad
2545 1731 2932 1804 proditionem
2951 1730 3306 1803 discipulum
3326 1732 3756 1804 provocarunt?
3769 1735 3842 1790 At
3860 1732 3940 1790 illi

531 1849 604 1888 ne
635 1833 910 1905 proferat.
931 1832 1089 1887 Bona
1117 1831 1346 1888 etiamsi
1391 1833 1530 1898 sint,
1545 1837 1601 1888 et
1632 1850 1746 1887 non
1796 1836 1950 1888 recto
1980 1829 2177 1898 studio

2293 1822 2555 1877 dixerunt
2579 1839 2591 1876 :
2621 1821 2760 1890 Quid
2781 1822 2850 1877 ad
2875 1838 2972 1878 nos
2987 1821 3016 1876 ‘2
3041 1823 3114 1877 Tu
3133 1821 3358 1878 videris.
3380 1823 3444 1877 Et
3460 1823 3723 1894 projectis
3744 1840 3941 1893 argen-

531 1920 751 1976 fuerint
777 1919 1022 1994 prolata,
1038 1921 1366 1992 justificare
1387 1921 1718 1994 loquentem
1742 1938 1857 1976 non
1885 1923 2176 1992 poterunt,

2293 1913 2387 1966 teis
2419 1913 2479 1966 in
2509 1911 2724 1982 templo,
2760 1913 2998 1977 recessit,
3022 1919 3072 1966 et
3101 1910 3291 1967 abiens
3324 1911 3512 1984 laqueo
3558 1929 3617 1968 se
3664 1913 3942 1986 suspendit

533 2009 688 2066 sicut
708 2025 815 2065 nec
835 2007 1087 2080 Caiphas
1107 2010 1255 2066 621
1284 2011 1716 2082 interpretando
1740 2011 1942 2081 justus
1979 2009 2180 2064 inven-

2293 1999 2472 2072 (ibid.,
2499 2016 2546 2054 v.
2569 2000 2645 2072 5).
2671 1999 2825 2054 Nihil
2875 1999 3094 2072 profuit
3141 1999 3333 2073 egisse
3382 2000 3815 2073 paenitentiam,
3843 2019 3942 2075 per

535 2101 633 2153 tus
652 2101 760 2166 est,
785 2097 888 2170 qui
908 2097 1056 2153 dixit
1079 2115 1092 2154 :
1117 2099 1346 2171 Expedit
1365 2108 1426 2156 ut
1452 2116 1595 2154 unus
1615 2099 1772 2154 homo
1794 2100 2062 2154 moriatur
2084 2113 2183 2170 pro
2292 2105 2471 2160 quam
2504 2087 2697 2144 800103
2736 2087 3025 2162 corrigere
3074 2106 3189 2145 ηοῐι
3239 2089 3448 2162 Ροίυίῑ·
3481 2090 3542 2146 Si
3593 2092 3827 2163 quando
3854 2093 3934 2148 δίο

534 2184 754 2256 populo,
775 2191 829 2239 et
853 2200 964 2239 non
993 2191 1101 2239 tota
1129 2201 1260 2256 gens
1284 2194 1468 2256 pereat
1487 2187 1663 2255 (Joan.
1685 2204 1764 2252 x1,
1786 2189 1898 2254 50).
1925 2184 2028 2240 llla
2047 2201 2184 2256 ergo

537 2273 712 2328 verba
733 2272 1067 2344 justificant
1094 2272 1451 2346 loquentem,
1467 2275 1566 2346 qui
1595 2276 1747 2330 bona
1765 2292 1893 2346 qua:
1917 2292 2015 2329 ore
2049 2290 2184 2345 pro-

537 2360 649 2416 fert
677 2359 1019 2416 medullitus
1045 2362 1218 2416 corde
1263 2362 1488 2430 retinet,
1512 2367 1571 2418 et
1618 2367 1819 2418 sancta
1867 2361 2187 2418 intentione

539 2447 776 2521 profert.
799 2448 860 2504 In
876 2449 1186 2504 verborum
1203 2450 1357 2506 enim
1376 2452 1630 2524 pondere
1649 2451 1904 2524 operatio
1922 2449 2190 2506 consistit

537 2537 669 2594 vitis
701 2536 970 2592 humanis
997 2555 1010 2594 :
1037 2538 1196 2610 quia,
1221 2543 1286 2594 ut
1305 2539 1578 2595 Salomon
1608 2540 1722 2596 ait:
1751 2541 1886 2596 Mors
1915 2548 1964 2596 ct
1994 2541 2100 2594 vita
2129 2540 2189 2594 in

539 2625 799 2681 manibus
845 2626 1058 2694 linguae
1076 2632 1258 2695 (Prov.
1283 2645 1441 2693 xvm,
1463 2629 1578 2697 21).
1607 2651 1634 2678 ››
1657 2629 1725 2684 Et
1755 2628 2030 2702 capitulis
2074 2630 2188 2683 Au-

543 2717 851 2786 gustorum
895 2714 1226 2770 decernitur
1259 2732 1308 2770 ;‹‹
1343 2715 1416 2771 Ut
1446 2717 1546 2789 qui
1597 2716 1802 2772 timore
1850 2717 2191 2790 compulsus

545 2818 779 2858 servum
811 2819 873 2858 sc
901 2820 1030 2859 esse
1054 2809 1214 2859 extra
1235 2805 1528 2877 judicium
1551 2805 1779 2875 dixerit,
1803 2806 2031 2861 nullum
2057 2823 2194 2878 prae-

540 2890 838 2963 judicium
867 2892 1154 2948 libertatis
1182 2893 1462 2964 incurrat,
1488 2895 1670 2951 donec
1693 2895 1919 2968 judicio
1950 2913 2197 2968 praesen-

547 2984 724 3048 tetur,
762 2984 828 3036 ut
854 2979 1182 3038 libertatem
1214 3000 1406 3050 suam,
1438 2983 1486 3038 si
1517 3001 1645 3040 eam
1679 2985 2026 3058 probaverit,
2057 3001 2197 3057 pra:-

550 3073 717 3124 sente
759 3068 961 3140 judice
1007 3071 1287 3138 obtineat,
1319 3078 1421 3128 aut
1464 3073 1513 3128 si
1559 3091 1762 3129 servus
1811 3072 2193 3141 convincitur,

503 3139 525 3158 ’
551 3139 1030 3214 Βιαιὶωίῡοιιιίιιο
1061 3161 1426 3218 reformetur.

621 3245 843 3302 Debent
864 3247 1143 3303 nimirum
1167 3249 1714 3322 episcopi,videlicet
1731 3251 1962 3324 judices
1983 3250 2200 3307 anima-

2293 2179 2472 2232 fratcr
2500 2181 2700 2249 peccat
2729 2176 2788 2232 in
2829 2179 3087 2246 fratrem,
3121 2181 3187 2233 ut
3230 2179 3542 2236 emendare
3571 2179 3767 2236 valeat
3793 2181 3938 2253 quod

2295 2265 2572 2338 peccavit,
2607 2270 2794 2338 potest
2841 2270 2899 2322 ct
2929 2265 3145 2322 dimitti
3181 2283 3193 2322 :
3229 2267 3322 2322 sin
3353 2271 3550 2324 autem
3599 2274 3949 2342 permanent

2295 2371 2492 2428 opera,
2527 2354 2744 2409 frustra
2772 2371 2907 2409 voce
2955 2354 3280 2410 assumitur
3317 2355 3681 2428 pcenitcntia.
3715 2357 3836 2414 Hoc
3866 2363 3949 2415 est

2297 2444 2451 2515 quod
2475 2443 2534 2498 in
2554 2443 2782 2499 Psalmo
2803 2443 2872 2498 de
2888 2444 3089 2500 eodem
3110 2442 3512 2501 infelicissimo
3528 2445 3688 2502 Juda
3703 2447 3946 2504 dicitur:

2297 2533 2359 2588 Et
2389 2533 2562 2588 oratio
2591 2533 2708 2605 ejus
2737 2534 2834 2604 ﬁat
2865 2535 2923 2588 in
2961 2541 3240 2606 peccatum
3259 2534 3429 2604 (Psat.
3456 2552 3615 2603 cvm,
3639 2537 3718 2608 7),
3743 2542 3810 2592 ut
3842 2555 3951 2594 non

2299 2622 2452 2678 022
2487 2620 2676 2676 solum
2713 2622 3024 2677 emendare
3045 2622 3369 2694 nequiverit
3393 2624 3752 2696 proditionis
3775 2629 3952 2696 nefas,

2300 2711 2400 2766 sed
2425 2710 2497 2764 ad
2530 2711 2694 2782 prius
2724 2709 2917 2765 scelus
2939 2710 3115 2766 etiam
3147 2711 3365 2785 proprii
3397 2712 3705 2770 homicidii
3737 2715 3954 2772 crimen

2301 2798 2571 2854 adiderit.
2612 2821 2640 2849 »
2693 2798 3032 2854 Timeamus
3071 2816 3274 2856 omnes
3314 2799 3464 2857 hanc
3494 2819 3692 2859 veram
3725 2810 3955 2862 senten-

2302 2887 2466 2956 tiam,
2489 2904 2800 2944 caveamus
2832 2887 2981 2944 hanc
3021 2888 3582 2961 perniciosissimam
3613 2908 3761 2966 erga
3790 2895 3955 2952 dece-

2304 2976 2560 3050 ptioncm
2592 2981 2853 3033 nostram
2885 2977 3182 3034 diabolica:
3223 2978 3607 3052 malignitatis
3650 2983 3954 3052 astutiam,

2305 3082 2422 3138 qua
2443 3064 2843 3121 fraudulenter
2862 3065 3130 3122 diabolus
3151 3067 3327 3123 etiam
3347 3069 3456 3124 sub
3478 3069 3839 3141 poenitentiae
3861 3089 3958 3146 spe

2306 3170 2413 3209 nos
2443 3153 2684 3222 deludit,
2716 3158 2774 3210 et
2804 3171 2873 3210 ex
2901 3153 3142 3210 consilio
3175 3172 3282 3212 nos
3312 3155 3371 3212 in
3402 3157 3575 3231 culpa
3604 3157 3776 3234 ligat,
3805 3163 3956 3235 quod

2306 3257 2440 3297 cum
2473 3242 2547 3296 ab
2575 3246 2732 3298 statu
2773 3243 3017 3313 justitize
3066 3246 3360 3318 peccando
3411 3247 3807 3321 concidimus,
3841 3250 3956 3324 ple-

549 3350 704 3402 rum,
738 3351 1088 3408 magnopere
1136 3337 1454 3410 providere,
1487 3345 1545 3395 et
1604 3322 1799 3396 saeculi
1856 3339 2196 3397 hominibus
2225 3322 2268 3388 C
2303 3348 2554 3404 rumque
2572 3330 2900 3387 simuletin
2922 3331 3198 3404 laqueum
3217 3334 3644 3408 desperationis
3663 3338 3954 3406 cadimus,

548 3422 842 3493 intimare,
875 3441 948 3480 ne
977 3424 1037 3480 in
1077 3428 1417 3496 accusandi,
1439 3428 1525 3484 vel
1575 3429 1945 3497 testiﬁcandi,
1972 3433 2072 3485 aut
2094 3430 2192 3500 ju-

547 3510 782 3566 dicandi
815 3513 1064 3586 negotio,
1089 3515 1257 3587 quasi
1289 3517 1400 3572 sub
1433 3522 1712 3590 praetextu
1736 3519 1942 3574 futurae
1974 3519 2193 3574 confes-

548 3598 732 3657 sionis
760 3617 828 3656 ac
871 3603 1566 3679 pmnitentize,suggestio
1609 3607 1896 3663 diabolica
1945 3607 2195 3663 latenter

547 3689 634 3745 eis
679 3689 986 3764 subripiat,
1011 3691 1209 3750 dicens
1262 3712 1374 3750 non
1424 3697 1616 3765 verbo,
1647 3697 1746 3753 sed
1799 3697 2190 3763 hortamento,

547 3778 878 3854 cuicunque
902 3787 1035 3854 post
1052 3785 1586 3858 concupiscentiam
1611 3787 1801 3844 cordis
1823 3786 1912 3843 sui
1938 3787 2020 3842 ire
2046 3785 2194 3842 desi-

549 3868 775 3925 deranti
800 3887 813 3925 :
839 3870 1098 3939 Intende,
1114 3873 1309 3946 inquit
1329 3875 1618 3944 diabolus,
1635 3881 1698 3931 ut
1719 3876 2014 3949 compleas
2035 3877 2190 3948 quod

548 3957 868 4032 desideras,
893 3976 964 4016 ne
995 3961 1067 4017 de
1095 3979 1161 4019 eo
1192 3963 1444 4020 vincaris
1475 3966 1628 4036 quod
1661 3982 1918 4037 coeperas
1943 3981 1956 4022 :
1981 3965 2192 4021 melius

547 4045 656 4102 tibi
685 4051 775 4104 est
824 4052 1026 4120 postea
1073 4051 1473 4124 paenitentiam
1523 4071 1713 4127 agere,
1746 4071 1923 4126 quam
1973 4055 2191 4110 victum

547 4133 938 4192 dehonestari.
963 4139 1437 4198 Tcstiﬁcantibus
1467 4148 1662 4198 autem
1693 4142 1954 4216 suggerit
1985 4159 1999 4198 :
2035 4144 2194 4216 Inge-

551 4221 717 4279 nium
760 4225 1002 4296 potestis
1049 4244 1273 4300 capere,
1307 4235 1373 4286 ut
1416 4231 1500 4287 ita
1547 4237 1747 4303 parcat
1792 4233 1947 4304 quod
1997 4231 2192 4288 dicitis

548 4327 751 4368 verum
780 4329 929 4370 esse.
963 4315 1270 4374 Judicibus
1305 4335 1438 4376 vero
1479 4319 1749 4377 diabolus
1779 4337 1931 4394 saepe
1963 4321 2188 4388 suadet,

550 4405 617 4457 ut
644 4401 842 4458 dicant
873 4421 886 4459 :
921 4406 1219 4470 Quomodo
1269 4425 1510 4480 possum
1559 4408 1768 4466 aliter?
1817 4410 1970 4466 sicut
2017 4411 2190 4467 audio

541 4489 766 4561 judico.
809 4491 972 4548 Unde
1027 4494 1288 4565 audiant,
1333 4502 1390 4554 et
1435 4499 1749 4556 exaudiant
1796 4517 1924 4572 qua:
1971 4501 2193 4574 scripta

549 4583 690 4635 sunt
721 4597 735 4636 :
764 4580 854 4637 Vw
883 4584 1030 4638 vobis
1061 4586 1158 4656 qui
1174 4586 1494 4657 justiﬁcatis
1523 4604 1613 4643 vos
1641 4605 1824 4645 coram
1853 4591 2187 4660 hominibus,

2301 3425 2360 3476 et
2388 3438 2423 3478 a
2452 3421 2643 3477 radice
2673 3421 2796 3494 spei
2838 3421 3106 3480 funditus
3144 3423 3466 3482 evellimur.
3501 3425 3646 3484 Hinc
3677 3433 3772 3486 est
3804 3431 3954 3504 quod

2302 3527 2406 3582 per
2437 3510 2782 3582 prophetam
2808 3510 3116 3582 Dominus,
3139 3530 3253 3568 non
3275 3518 3396 3570 tam
3425 3516 3954 3590 prmcipitationum

2304 3615 2479 3671 prava
2499 3616 2676 3671 quam
2706 3597 3050 3656 delictorum
3083 3601 3279 3658 studia
3309 3604 3683 3676 reprehendit
3710 3607 3914 3666 dicens
3939 3626 3953 3664 :

2301 3690 2378 3745 Ne
2402 3690 2543 3760 forte
2587 3689 2903 3758 egrediatur
2930 3699 2992 3746 ut
3021 3693 3168 3760 ignis
3211 3691 3518 3762 indignatio
3561 3711 3705 3765 mea,
3736 3705 3791 3754 ct
3836 3715 3955 3755 suc-

2301 3777 2581 3846 cendatur,
2613 3787 2664 3834 ct
2690 3795 2802 3834 non
2831 3780 2902 3834 sit
2931 3781 3028 3852 qui
3070 3783 3387 3850 exstinguat
3411 3791 3634 3857 propter
3678 3787 3955 3844 malitiam

2300 3867 2606 3923 studiorum
2643 3876 2943 3924 vestrorum
2980 3874 3120 3939 (Jer.
3144 3887 3220 3938 ιν,
3245 3870 3320 3943 4).
3345 3869 3490 3927 Hinc
3521 3872 3737 3930 iterum
3770 3874 3956 3933 iratus

2302 3957 2488 4012 dicit:
2524 3956 2757 4013 Visitabo
2807 3975 2970 4030 super
3016 3976 3108 4016 vos
3144 3960 3310 4031 juxta
3353 3961 3597 4031 fructum
3642 3963 3956 4022 studiorum

2303 4055 2602 4102 vestrorum
2647 4047 2779 4115 (Jer.
2804 4064 2915 4115 xxx,
2945 4048 3051 4120 14).
3079 4071 3106 4098 ‹‹
3133 4049 3419 4115 Quoniam
3441 4050 3624 4122 igitur
3643 4069 3679 4108 a
3700 4054 3954 4126 peccatis

2301 4135 2450 4204 aliis,
2495 4140 2562 4192 ut
2617 4135 2759 4192 dicit
2808 4137 3011 4193 beatus
3061 4137 3372 4211 Gregorius
3423 4140 3658 4209 (Pastor.
3717 4143 3820 4201 lib.
3871 4162 3951 4214 ιιι,

2299 4241 2417 4296 cap.
2445 4225 2555 4296 33),
2571 4224 2848 4280 differunt
2869 4230 3106 4298 peccata
3127 4243 3256 4299 qua:
3287 4245 3391 4300 per
3411 4228 3727 4288 consilium
3751 4249 3953 4306 perpe-

2299 4318 2558 4382 trantur;
2593 4331 2707 4370 non
2732 4318 2851 4370 tam
2875 4314 3158 4372 Dominus
3181 4333 3358 4388 prava
3377 4317 3528 4374 facta
3550 4335 3736 4392 quam
3759 4322 3952 4380 studia

2299 4402 2598 4475 pravitatis
2621 4402 3048 4476 insequitur.ln
3073 4404 3241 4462 factis
3263 4405 3420 4462 enim
3451 4424 3604 4480 saepe
3639 4407 3950 4469 inﬁrmita-

2299 4497 2373 4561 te,
2401 4509 2550 4565 saepe
2582 4491 2955 4564 negligentia,
2980 4493 3039 4548 in
3071 4494 3286 4551 studiis
3315 4512 3448 4552 vero
3480 4497 3781 4574 malitiosa
3806 4517 3953 4558 sem-

2299 4599 2402 4654 per
2431 4581 2751 4638 intentione
2781 4587 3073 4653 peccatur.
3098 4583 3168 4638 Et
3198 4583 3320 4656 ipse
3355 4583 3415 4640 in
3451 4584 3736 4644 cathedra
3773 4588 3950 4662 pesti-

546 4669 812 4726 Dominus
842 4678 1022 4726 autem
1048 4676 1198 4729 novit
1227 4675 1390 4731 σονιια
1416 4686 1587 4733 vestra
1617 4679 1766 4751 (ιαε,
1788 4697 1904 4747 xw,
1930 4682 2038 4750 15),
2073 4683 2141 4736 Et
2173 4697 2186 4736 ε
2219 4699 2268 4763 D
2299 4669 2489 4763 lentiae
2512 4671 2695 4763 sedet,
2711 4669 2810 4763 qui
2829 4673 2991 4727 tanta
3009 4671 3341 4763 iniquitatis
3358 4673 3607 4763 elatione
3625 4676 3949 4748 extollitur,

546 4757 612 4814 Si
637 4759 826 4816 oculus
855 4768 1002 4829 tuus,
1037 4761 1094 4817 id
1138 4769 1228 4820 est
1273 4764 1519 4823 intentio
1565 4772 1686 4835 tua,
1717 4772 1952 4837 simplex
1993 4771 2186 4843 fuerit,

545 4857 716 4906 totum
745 4867 937 4924 corpus
978 4859 1134 4908 tuum
1179 4854 1424 4910 lucidum
1470 4859 1576 4913 erit
1604 4857 1804 4928 (Matth.
1828 4877 1905 4927 vi,
1927 4861 2040 4932 22.)
2073 4861 2143 4916 Et
2173 4878 2186 4916 :

543 4942 614 4996 In
665 4955 769 5012 quo
815 4940 1031 5012 judicio
1077 4942 1480 5014 judicaveritis,
1523 4947 1866 5017 judicabitur
1920 4949 1986 5005 de
2038 4951 2188 5006 vobis

543 5027 751 5096 (Matth.
787 5047 886 5097 vn,
917 5031 993 5102 2).
1027 5031 1096 5086 Et
1130 5047 1144 5088 :
1175 5033 1366 5089 Falsus
1396 5037 1543 5090 testis
1581 5053 1690 5092 non
1733 5039 1840 5092 erit
1883 5040 2187 5110 impunitus

544 5117 730 5190 (Prou.
760 5137 875 5185 xix,
904 5122 982 5188 6).
1011 5121 1079 5176 Et
1109 5121 1306 5194 legant
1333 5125 1487 5194 quod
1526 5124 1667 5180 dicit
1706 5131 1942 5182 sanctus
1987 5127 2185 5184 Hiero-

543 5222 756 5278 nymus
776 5208 834 5264 in
857 5211 1277 5267 commentario
1299 5211 1553 5268 Matthaei
1575 5231 1622 5269 :u
1649 5215 1872 5281 Falsus,
1887 5214 2182 5288 inquiens,

540 5296 708 5352 testis
731 5303 842 5365 est,
866 5299 966 5370 qui
999 5315 1114 5355 non
1145 5300 1350 5356 eodem
1382 5318 1556 5357 sensu
1581 5303 1737 5359 dicta
1766 5303 2039 5377 intelligit
2068 5323 2184 5378 quo

505 5382 1109 5454 sdicuntur.»Quanto
1131 5390 1319 5462 magis
1337 5391 1438 5463 qui
1459 5391 1560 5448 illa
1579 5393 1724 5447 dicit
1743 5409 1870 5464 quae
1890 5394 2045 5450 dicta
2068 5413 2182 5452 non

538 5471 714 5527 sunt?
736 5473 805 5529 Et
833 5475 935 5531 tali
963 5479 1516 5552 cogitationi,quam
1547 5481 1836 5548 diabolus,
1863 5482 1980 5539 sive
2011 5501 2182 5556 prave

535 5557 1000 5633 intendentibus,
1035 5567 1155 5624 sive
1214 5569 1690 5638 testiﬁcantibus,
1743 5571 1861 5626 sive
1907 5573 2180 5644 judican-

535 5647 717 5717 tibus,
749 5651 820 5708 de
849 5653 1088 5712 obtentu
1119 5659 1471 5732 pmnitentiae
1515 5660 1804 5732 proponit,
1837 5663 1991 5733 quod
2025 5663 2178 5720 idem

533 5741 776 5802 sanctus
799 5741 1185 5823 Hieronymus
1206 5749 1267 5808 in
1287 5749 1490 5809 eodem
1513 5748 1662 5806 libro
1684 5749 1835 5821 eicit,
1860 5757 2174 5828 opponant.

2301 4764 2365 4815 ut
2395 4759 2636 4832 implere
2681 4757 2902 4814 malum
2952 4759 3128 4816 etiam
3177 4778 3280 4834 per
3325 4762 3634 4820 consilium
3683 4772 3948 4824 conetur.

2299 4848 2442 4903 Hinc
2473 4865 2608 4920 ergo
2633 4847 2906 4921 colligant
2931 4848 3034 4920 qui
3062 4849 3122 4904 in
3153 4850 3326 4924 culpa
3345 4869 3408 4908 se
3428 4851 3604 4909 etiam
3636 4871 3744 4927 per
3764 4857 3950 4913 consi-

2296 4935 2440 4992 lium
2474 4935 2676 5008 ligant,
2710 4953 2826 5008 qua
2856 4937 3206 5012 quandoque
3246 4939 3464 4997 ultione
3503 4941 3751 5000 feriendi
3783 4949 3944 5014 sunt,

2296 5025 2397 5097 qui
2429 5042 2925 5097 nuncpravorum
2957 5044 3071 5083 non
3101 5027 3242 5085 socii
3274 5030 3373 5086 sed
3403 5031 3702 5106 principes
3723 5034 3894 5090 fiunt.
3919 5058 3946 5084 ι»

2295 5114 2557 5172 Cavenda
2585 5117 2674 5170 est
2700 5113 2874 5171 etiam
2907 5114 3102 5172 callidi
3136 5117 3322 5175 hostis
3349 5120 3624 5190 versutia,
3651 5123 3754 5195 qui
3781 5141 3944 5180 men-

2293 5208 2408 5260 tem
2441 5220 2618 5276 quam
2668 5209 2904 5276 peccato
2953 5206 3311 5279 supplantat,
3345 5226 3478 5265 cum
3511 5211 3583 5266 de
3614 5211 3790 5270 ruina
3836 5230 3944 5270 sua

2294 5293 2568 5350 afflictam
2617 5293 2881 5366 respicit,
2926 5296 3255 5354 securitatis
3302 5297 3588 5371 pestiferae
3635 5300 3941 5360 blanditiis

2291 5383 2539 5452 seducit,
2557 5386 2613 5439 et
2631 5382 2680 5438 ei
2705 5398 2838 5454 spes
2881 5400 2946 5440 ac
2972 5385 3311 5442 securitates
3331 5404 3544 5444 vacuas
3573 5394 3709 5446 ante
3739 5390 3939 5448 oculos

2288 5476 2473 5540 vocat,
2488 5476 2780 5545 quatenus
2802 5471 3114 5530 utilitatem
3137 5475 3387 5532 tristitiae
3410 5477 3744 5536 subtrahat.
3771 5480 3936 5537 Modo

2288 5561 2442 5618 enim
2472 5560 2720 5617 aliorum
2753 5560 2903 5616 facta
2929 5562 3212 5635 graviora,
3237 5566 3412 5622 modo
3441 5563 3492 5622 ei
3522 5569 3934 5625 verecundiam

2287 5654 2356 5708 de
2387 5649 2775 5726 promissione
2805 5668 2930 5720 sua,
2956 5669 3132 5726 quam
3166 5671 3337 5727 prave
3368 5655 3688 5730 adimplere
3717 5657 3931 5732 promi-

2286 5748 2460 5814 serat,
2494 5739 2734 5817 opponit
2759 5756 2771 5796 :
2795 5741 2968 5800 modo
3000 5742 3145 5803 nihil
3176 5760 3304 5804 esse
3331 5745 3487 5821 quod
3527 5752 3925 5823 perpetratum
