4148 6452
281 423 403 486 685

1198 427 1301 488 DE
1344 427 1721 492 DIVORTIO
1763 429 2133 492 LOTHARII
2179 431 2279 492 ET
2321 431 2782 494 TETBERG/E.

3569 439 3691 500 (Ξῧὸ

282 563 396 626 est,
423 557 598 614 modo
622 556 1062 615 misericordem
1083 559 1269 616 Deum
1292 560 1572 632 loquitur,
1591 563 1764 620 modo
1790 562 1940 618 utili-
1967 565 2025 630 Α
2052 565 2207 636 epist.
2233 565 2324 634 44)
2347 581 2398 619 ει(
2421 565 2733 637 Agathosa,
2773 565 3067 638 inquiens,
3098 568 3268 626 latrix
3311 573 3687 644 praesentium

281 651 486 715 tatem,
503 646 591 702 vel
615 647 1006 722 quodcunque
1027 648 1488 706 emolumentum
1511 655 1614 706 aut
1631 651 1830 724 gratiae
1849 651 1937 707 vel

281 735 828 807 honoriscorrupta:
852 736 1028 792 menti
1055 737 1292 808 objicit:
1317 739 1488 794 modo
1512 739 1733 796 malum
1755 739 1937 807 aliud,

278 825 440 898 quod
463 825 538 880 de
559 822 712 880 malo
744 823 959 880 minori
991 825 1218 881 excludi
1252 830 1442 898 potest
1462 829 1740 898 ostendit,
1769 829 1941 884 modo

280 915 435 970 aduc
459 917 694 986 tempus
715 913 1082 986 subsequens
1098 915 1170 970 ad
1189 914 1593 986 paenitentiam
1617 916 1938 992 pollicetur,

279 1006 348 1058 ut
369 1003 514 1058 dum
537 1019 642 1075 per
665 1001 787 1057 haec
808 1002 1051 1074 decepta
1068 1020 1234 1059 mens
1255 1003 1506 1072 ducitur,
1522 1021 1554 1059 a
1581 1004 1734 1061 malo
1755 1010 1940 1078 coepto

277 1109 396 1146 non
421 1095 744 1162 revocetur,
767 1095 825 1147 et
849 1091 922 1146 ab
952 1091 1278 1147 intentione
1307 1093 1660 1165 poenitentiae
1693 1111 1937 1167 suspen-

276 1181 460 1236 datur
491 1197 505 1238 :
539 1183 830 1252 quatenus
860 1185 1000 1237 tunc
1031 1181 1186 1236 bona
1231 1181 1397 1238 nulla
1423 1182 1728 1256 percipiat,
1761 1201 1938 1256 quam

275 1285 438 1324 nunc
471 1267 626 1324 mala
657 1267 822 1324 nulla
841 1267 1212 1337 contristent,
1237 1273 1296 1324 et
1323 1274 1463 1325 tunc
1483 1269 1715 1342 plenius
1735 1272 1941 1328 obrua-

277 1363 379 1413 tur
409 1356 740 1431 suppliciis,
763 1374 892 1430 quai
933 1375 1089 1413 nunc
1127 1359 1305 1414 etiam
1347 1359 1566 1430 gaudet
1593 1358 1652 1414 in
1685 1359 1936 1415 delictis.

274 1447 442 1520 Saepe
472 1445 648 1502 etiam
680 1445 918 1518 speciali
949 1445 1106 1502 malo
1135 1445 1467 1519 duplicium
1499 1448 1676 1502 corda
1706 1447 1939 1520 ingenio

273 1534 422 1590 artis
455 1534 708 1608 antiquae
742 1535 1040 1607 pervertit,
1063 1539 1129 1590 ut
1157 1535 1300 1590 dum
1334 1552 1604 1607 perversa
1635 1541 1692 1591 ct
1721 1533 1938 1608 duplici

277 1623 510 1680 actione
557 1627 797 1679 caeteros
845 1622 1265 1696 fallunt,quasi
1307 1623 1681 1696 praestantius
1719 1624 1940 1681 caeteris

271 1713 599 1786 prudentes
634 1729 696 1768 se
722 1728 852 1768 esse
879 1710 1222 1785 glorientur.
1248 1713 1317 1767 Et
1347 1712 1486 1784 quia
1515 1711 1940 1769 districtionem

272 1801 686 1858 retributionis
703 1817 820 1856 non
839 1800 1238 1869 considerant,
1255 1801 1326 1856 de
1346 1800 1579 1856 damnis
1596 1800 1720 1858 suis
1741 1801 1940 1858 miseri

272 1889 596 1992 exsultant,
623 1889 694 1945 de
739 1889 954 1962 quibus
982 1888 1268 1997 prop'belta
1299 1888 1442 1944 dicit
1475 1905 1489 1946 :
1520 1889 1651 1946 Ecce
1680 1889 1796 1988 dies
1835 1893 1939 1946 Do-
1967 1929 2020 1997 Β

274 1979 423 2035 mini
450 1979 599 2035 venit
629 1994 870 2048 magnus
895 1985 948 2033 et
975 1977 1264 2034 horribilis
1293 1994 1458 2050 super
1486 1995 1670 2034 omnes
1698 1980 1942 2035 civitates

270 2067 540 2136 munitas,
563 2074 614 2122 et
643 2081 809 2138 super
831 2081 1018 2122 omnes
1042 2066 1274 2135 angulos
1295 2067 1533 2123 excelsos
1557 2067 1742 2140 (Soph.
1766 2085 1806 2135 1,
1832 2067 1939 2140 16),

241 2213 249 2216 .
273 2154 418 2229 quia
446 2154 535 2211 ira
561 2153 802 2210 extremi
829 2153 1044 2226 judicii
1067 2153 1330 2211 humana
1353 2157 1549 2225 corda,
1576 2160 1632 2212 et
1662 2155 1946 2212 defensio-

273 2244 453 2301 nibus
483 2247 688 2300 contra
715 2243 1018 2298 veritatem
1063 2241 1267 2298 clausa
1307 2244 1579 2311 destruit,
1604 2247 1661 2300 et
1689 2242 1940 2316 duplici-

273 2333 502 2390 tatibus
560 2329 828 2388 involuta
877 2330 1162 2387 dissolvit.
1211 2333 1532 2388 Attendant
1579 2337 1636 2389 et
1695 2349 1938 2388 accusa-

276 2427 436 2481 tores
471 2422 614 2478 l'orte
665 2419 1087 2489 innocentium,
1121 2425 1178 2476 et
1225 2425 1404 2477 testes
1455 2421 1662 2490 dolosi,
1699 2425 1757 2478 et
1779 2421 1942 2494 judi-

273 2529 400 2582 cos,
422 2510 578 2584 quod
639 2509 725 2566 eis
785 2509 1044 2566 dicitur:
1082 2510 1171 2566 Vae
1217 2509 1304 2566 his
1353 2511 1452 2582 qui
1503 2509 1745 2566 condunt
1800 2511 1942 2580 leges

280 2601 530 2674 iniquas,
591 2597 884 2655 scribentes
945 2594 1249 2670 injustitias
1291 2598 1416 2671 (lsa.
1449 2615 1506 2667 x,
1546 2598 1619 2672 1).
1670 2599 1739 2654 Et
1784 2600 1939 2672 quod

280 2705 388 2762 per
433 2688 767 2746 Susannam
815 2685 957 2742 dicit
999 2685 1254 2742 violenta
1310 2686 1505 2758 passio
1565 2687 1728 2742 illata
1789 2689 1942 2744 628

276 2777 353 2834 ab
394 2774 696 2849 injustitia
727 2792 742 2835 :
777 2775 954 2832 habet
1001 2775 1160 2831 enim
1207 2791 1405 2831 vocem
1460 2792 1650 2843 suam,
1685 2775 1838 2832 sicut
1885 2779 1944 2832 et

239 2922 249 2927 -
280 2865 711 2935 misericordia,
744 2865 816 2922 de
846 2881 965 2938 qua
1011 2864 1298 2938 scriptum
1350 2869 1458 2936 est,
1487 2864 1760 2921 Absconde
1805 2867 1942 2921 elec-

279 2971 586 3028 mosyuam,
621 2953 682 3010 id
722 2958 813 3012 est
859 2953 1344 3023 misericordiam,
1381 2955 1441 3008 in
1487 2956 1619 3010 sinu
1657 2957 1940 3028 pauperis,

277 3052 331 3101 et
361 3045 484 3118 ipsa
524 3043 704 3101 orabit
730 3059 834 3116 pro
865 3051 915 3100 te
942 3043 1132 3114 (Eccli.
1165 3059 1319 3112 xxxx,
1346 3043 1455 3112 15).
1489 3042 1580 3098 Ait
1625 3041 1783 3098 enim
1831 3043 1946 3099 vio-

278 3133 443 3190 lenta
469 3132 686 3206 passio,
713 3131 895 3201 illata,
918 3131 1077 3189 sicut
1097 3131 1354 3188 diximus
1377 3132 1448 3187 ab
1471 3131 1780 3203 injustitia,
1803 3134 1946 3188 Deus

282 3231 514 3291 aeterne,
539 3223 638 3295 qui
665 3220 1104 3278 absconditorum
1149 3238 1204 3279 es
1247 3223 1512 3291 cognitor,
1537 3223 1633 3294 qui
1666 3225 1812 3278 nosti
1837 3239 1946 3280 om-

2049 658 2255 724 qucsta
2285 657 2374 708 est
2405 656 2680 710 maritum
2713 672 2887 710 suum
2911 661 3112 713 contra
3129 659 3483 716 voluntatem
3519 679 3685 717 suam

2051 739 2108 793 in
2141 741 2490 798 monasterio
2515 742 2706 798 Urbici
2733 744 2964 800 abbatis
2987 763 3116 801 esse
3137 763 3502 803 conversum.
3526 751 3688 816 Quod

2051 827 2186 900 quia
2208 829 2278 884 ad
2301 831 2350 901 ej
2363 831 2565 886 usdcm
2587 831 2816 888 abbatis
2833 831 3065 904 culpam
3087 838 3144 889 ct
3166 833 3446 892 invidiam
3465 854 3580 892 non
3601 841 3692 894 est

2051 917 2294 972 dubium
2325 919 2632 990 pertinere,
2667 920 3030 993 experientiae
3059 924 3172 977 tuae
3201 923 3594 996 prmeipimus,
3627 929 3694 981 ut

2050 1003 2314 1077 diligenti
2345 1007 2722 1080 inquisitione
2771 1008 3066 1078 discutiat,
3099 1027 3172 1066 ne
3201 1013 3349 1067 forte
3379 1028 3514 1068 cum
3563 1015 3690 1084 ejus

2048 1091 2346 1150 voluntate
2365 1112 2680 1152 conversus
2699 1097 2795 1166 sit,
2813 1097 2900 1152 vel
2932 1097 3059 1170 ipsa
3079 1117 3142 1154 se
3166 1103 3395 1157 mutare
3417 1102 3694 1172 promise-

2049 1179 2142 1236 rit.
2164 1182 2233 1238 Et
2262 1183 2312 1238 si
2342 1182 2451 1240 hoc
2483 1185 2778 1257 repererit,
2801 1191 2858 1242 et
2885 1185 3053 1242 illum
3092 1186 3152 1242 in
3184 1189 3537 1245 monasterio
3569 1207 3694 1262 per-

2049 1287 2283 1326 manere
2312 1273 2630 1344 provideat,
2657 1279 2715 1330 et
2754 1274 2924 1341 hanc,
2957 1277 3108 1332 sicut
3151 1277 3441 1348 promisit,
3465 1283 3693 1336 mutare

2047 1357 2378 1430 compellat.
2410 1361 2468 1416 Si
2502 1379 2633 1418 vero
2683 1363 2828 1419 nihil
2859 1363 3070 1420 horum
3099 1369 3208 1434 est,
3243 1383 3348 1422 nec
3395 1369 3690 1440 quoddam

2049 1446 2452 1504 fornicationis
2477 1449 2718 1520 crimen,
2739 1457 2972 1525 propter
2987 1455 3140 1526 quod
3159 1453 3278 1510 viro
3298 1453 3434 1510 licet
3454 1473 3690 1512 uxorem

2050 1533 2397 1607 relinquere,
2417 1539 2752 1609 praedictam
2777 1540 3080 1598 mulierem
3101 1543 3468 1600 commisisse
3487 1561 3694 1616 cogno-

2038 1623 2218 1692 veris,
2243 1641 2314 1679 ne
2360 1624 2520 1680 illius
2551 1627 2848 1683 conversio
2898 1629 3062 1684 uxori
3109 1629 3319 1686 relictae
3367 1632 3428 1687 in
3479 1631 3691 1688 saeculo

2049 1710 2174 1768 ﬁeri
2203 1713 2388 1784 possit
2409 1715 2750 1786 perditionis
2773 1717 3019 1786 occasio,
3035 1717 3303 1775 volumus
3326 1725 3391 1776 ut
3411 1721 3691 1777 maritum

2049 1817 2224 1856 suum
2255 1801 2360 1869 illi,
2384 1801 2470 1858 vel
2510 1803 2558 1859 si
2597 1804 2724 1876 jam
2755 1809 3097 1863 tonsuratus
3129 1813 3237 1876 est,
3261 1809 3501 1866 reddere
3529 1809 3690 1865 omni

2050 1889 2262 1946 debeas
2293 1891 2662 1948 excusatione
2693 1899 2978 1950 cessante.
3002 1896 3147 1952 Nam
3178 1903 3415 1970 excepta
3441 1898 3691 1954 fornica-

2051 1976 2228 2034 tionis
2258 1994 2456 2050 causa,
2487 1980 2678 2036 virum
2726 1999 2964 2039 uxorem
3015 1983 3342 2058 relinquere
3369 1986 3566 2042 divina
3601 1986 3694 2042 lex

2051 2065 2214 2121 nulla
2242 2066 2464 2123 rationé
2493 2068 2794 2124 concedit:
2819 2069 2958 2142 quia
2985 2077 3298 2143 postquam
3327 2071 3694 2144 copulatione

2050 2153 2309 2226 conjugii
2331 2154 2436 2210 viri
2463 2159 2637 2227 atque
2667 2155 2932 2214 mulieris
2962 2175 3147 2214 unum
3176 2175 3388 2232 corpus
3417 2159 3689 2228 efﬁcitur,

2051 2260 2166 2298 non
2197 2246 2388 2314 potest
2417 2259 2485 2298 ex
2512 2249 2676 2316 parte
2705 2245 2982 2314 converti,
3003 2251 3060 2302 et
3098 2261 3166 2302 ex
3203 2253 3366 2320 parte
3391 2249 3453 2303 in
3483 2247 3694 2304 saeculo

2051 2347 2410 2388 remanere.»
2427 2332 2498 2388 Et
2517 2333 2657 2405 quia
2685 2351 2805 2389 una
2830 2333 2922 2390 lex
2949 2335 3055 2390 viri
3085 2341 3143 2391 et
3171 2336 3369 2393 uxoris
3398 2335 3536 2392 hinc
3565 2353 3696 2392 con-

2051 2425 2203 2476 stare
2235 2420 2618 2492 dignoscitur,
2645 2423 3008 2478 demonstrat
3028 2423 3087 2478 in
3109 2423 3376 2496 epistola,
3403 2441 3582 2498 quam
3603 2443 3697 2480 su-

2051 2525 2158 2581 pra
2195 2509 2522 2580 posuimus,
2546 2511 2619 2566 ad
2651 2510 3051 2567 Secundinum
3094 2512 3434 2586 episcopum
3472 2514 3692 2570 Tauro-

2055 2596 2409 2652 minitanum
2459 2598 2576 2671 (lib.
2600 2615 2720 2667 vm,
2761 2600 2917 2670 epist.
2940 2601 3068 2668 32):
3101 2620 3122 2649 α
3152 2601 3550 2670 Praesentium,
3603 2602 3694 2658 in-

2055 2685 2284 2758 quiens,
2307 2685 2552 2758 portitor
2575 2687 2686 2742 Leo
2708 2687 3111 2744 Chartularius
3132 2690 3204 2744 ad
3227 2707 3334 2746 nos
3353 2691 3590 2747 veniens
3612 2691 3696 2746 in-

2051 2773 2286 2841 dicavit,
2314 2791 2550 2830 uxorem
2573 2792 2762 2846 suam,
2789 2793 2914 2848 qua:
2936 2777 3136 2833 relicto
3158 2795 3224 2834 eo
3246 2795 3348 2850 pro
3371 2779 3697 2834 fornicatio-

2054 2862 2146 2917 nis
2186 2861 2448 2932 crimine,
2475 2880 2591 2936 quo
2638 2863 3038 2922 vehementius
3087 2865 3452 2924 stimulatum
3483 2869 3696 2936 aiebat,

2053 2955 2226 3022 atque
2257 2952 2328 3006 ob
2360 2951 2468 3007 hoc
2500 2952 2831 3026 religioeam
2861 2959 3080 3010 vestem
3111 2955 3401 3022 induerat,
3433 2955 3696 3028 culpabi-

2052 3039 2168 3096 lem
2197 3039 2534 3097 nullatenus
2565 3043 2718 3098 624
2747 3042 3056 3114 exstitisse,
3089 3060 3278 3117 neque
3319 3050 3452 3117 post
3483 3045 3695 3123 initum

2053 3127 2391 3201 conjugium
2413 3129 2472 3184 in
2497 3129 2894 3188 fornicationis
2915 3131 3149 3205 culpam
3167 3131 3494 3206 collapsum
3519 3151 3532 3190 :
3555 3132 3702 3205 adin

2055 3217 2214 3274 ciens
2245 3235 2477 3290 quoque
2507 3219 2662 3291 quod
2693 3219 2880 3276 eidem
2917 3221 3080 3276 uxori
3113 3238 3230 3279 suae
3261 3221 3700 3278 districtissima

281 3313 383 3368 uia
413 3294 710 3384 antequam
737 3311 896 3382 ﬁant,
928 3318 989 3366 tu
1016 3313 1164 3367 nosti
1191 3313 1455 3385 quoniam
1474 3312 1681 3382 falsum
1713 3313 1948 3368 testimo-
1975 3294 2024 3370 α
2055 3310 2420 3363 sacramenta
2451 3309 2782 3380 praebuerit,
2806 3311 3096 3366 insontem
3140 3327 3202 3366 se
3231 3327 3300 3366 ea
3329 3311 3400 3367 de
3438 3327 3518 3380 re,
3542 3311 3699 3367 unde

279 3402 444 3457 nium
472 3400 718 3456 tulerunt
746 3399 1034 3455 adversum
1055 3415 1160 3467 me,
1188 3407 1239 3456 et
1262 3415 1378 3456 ecce
1397 3401 1623 3468 morior,
1650 3417 1777 3456 cum
1805 3402 1948 3456 nihil

281 3490 482 3546 horum
508 3490 733 3562 fecerim
752 3503 877 3562 quae
906 3489 1003 3544 isti
1025 3488 1300 3544 malitiose
1321 3497 1738 3560 composuerunt
1765 3489 1950 3545 adver-

279 3595 407 3636 sum
434 3595 522 3636 me
553 3579 714 3651 (Dan.
737 3595 864 3654 xm,
887 3579 974 3646 42,
1003 3579 1114 3646 43).
1147 3577 1454 3633 Exaudivit
1511 3582 1707 3634 autem
1752 3578 1946 3634 Domi-

284 3686 400 3726 nus
427 3684 630 3724 vocem
669 3667 820 3739 ejus,
851 3670 908 3722 et
939 3666 1192 3722 reddidit
1222 3667 1601 3740 presbyteris,
1638 3667 1738 3741 qui
1783 3672 1951 3724 erant

239 3810 246 3816 .
283 3755 594 3813 constituti
617 3755 852 3827 judices
880 3753 1080 3828 populi
1111 3753 1171 3809 in
1203 3772 1356 3810 anno
1381 3755 1504 3824 illo,
1531 3759 1589 3810 et
1617 3757 1832 3812 falsum
1863 3761 1948 3812 tu-

283 3845 485 3902 lerunt
506 3843 935 3912 testimonium,
949 3844 1122 3915 juxta
1136 3843 1288 3916 quod
1317 3843 1538 3899 malum
1558 3849 1797 3917 egerant
1813 3861 1951 3918 erga

285 3934 646 4009 proximum,
671 3933 770 4006 qui
803 3933 1090 3991 interfecti
1119 3937 1278 3988 sunt.
1303 3935 1372 3988 Et
1401 3935 1790 4003 attendentes,
1811 3934 1952 4007 quia

286 4023 460 4080 multi
512 4021 937 4096 pressentalite’r
975 4021 1152 4078 etiam
1205 4039 1444 4096 corpore
1498 4023 1854 4090 moriuntur,
1889 4028 1953 4080 ut

283 4112 548 4170 Ananiae
579 4116 637 4169 et
667 4111 937 4184 Saphira,
963 4114 1022 4168 et
1044 4111 1145 4184 qui
1168 4111 1693 4181 communicantes,
1717 4117 1784 4168 ut
1805 4113 1951 4168 Pau-

287 4201 384 4260 lus
413 4201 578 4271 dicit,
603 4219 718 4259 non
751 4200 1094 4257 discernunt
1120 4217 1333 4273 corpus
1357 4201 1590 4258 Domini
1616 4203 1664 4272 (l
1685 4201 1806 4259 Cor.
1831 4204 1948 4272 x1):

288 4291 466 4349 multi
499 4294 696 4348 autem
725 4291 784 4346 in
823 4306 1062 4364 corpore
1099 4289 1328 4360 vivunt,
1359 4291 1461 4346 sed
1494 4307 1598 4363 pro
1632 4295 1765 4347 actu
1798 4290 1952 4347 malo

291 4384 434 4438 sunt
461 4379 664 4437 anima
693 4378 934 4447 mortui,
960 4378 1115 4435 sicut
1142 4377 1243 4435 illa
1267 4381 1338 4435 de
1361 4396 1480 4452 qua
1509 4379 1794 4452 scriptum
1826 4384 1949 4436 est:

293 4471 491 4528 Vivens
507 4477 729 4526 mortua
747 4475 827 4524 est
847 4468 890 4542 (Ι
915 4469 1051 4524 Tim.
1073 4485 1130 4535 v,
1149 4468 1204 4540 6)
1229 4483 1244 4524 :
1269 4485 1501 4542 semper
1531 4473 1727 4524 autem
1758 4469 1956 4524 anima

292 4577 424 4633 quae
457 4563 661 4632 peccat
682 4557 952 4626 moritur,
976 4561 1034 4613 et
1054 4561 1494 4630 perseveranter
1523 4563 1834 4630 peccantes
1855 4559 1958 4614 du-

2021 3438 2030 3444 .
2056 3395 2215 3450 illam
2236 3397 2539 3452 mordebat
2555 3397 2833 3470 suspicio,
2847 3399 3554 3470 permansisse,etidcirco
3573 3415 3702 3472 pro—

2056 3483 2185 3556 pria
2212 3501 2338 3540 eam
2373 3491 2580 3557 sponte
2611 3487 2682 3542 ad
2713 3504 2776 3543 se
2807 3490 3244 3546 reversam.Sed
3268 3489 3408 3562 quia
3436 3505 3698 3545 commu-

2058 3573 2231 3629 nione
2254 3573 2417 3629 illam
2439 3591 2574 3630 cum
2600 3575 2818 3631 familia
2837 3593 2944 3632 sua
2969 3593 3072 3649 pro
3102 3576 3211 3632 hoc
3233 3577 3356 3632 solo
3375 3595 3410 3634 a
3431 3577 3700 3634 fraterni-

2055 3666 2172 3718 tate
2203 3669 2393 3719 vcstra
2412 3663 2694 3735 privatam
2716 3665 3112 3737 asserit,quod
3134 3668 3206 3722 ad
3230 3683 3362 3722 eum
3390 3666 3541 3722 clam
3565 3682 3701 3737 pos-

2059 3752 2296 3824 tpositis
2338 3753 2500 3808 vobis
2541 3753 2792 3820 redierit,
2818 3753 3088 3809 volumus
3117 3759 3184 3808 ut
3215 3753 3435 3809 familia
3463 3753 3700 3826 quidem

2057 3841 2244 3914 ipsius
2275 3836 2501 3897 sacram
2549 3841 3021 3897 communionem
3052 3842 3311 3914 recipiat,
3345 3848 3402 3898 et
3449 3842 3700 3898 dominas

2057 3945 2186 3986 eam
2205 3929 2378 4003 culpa
2399 3929 2661 4001 in-hujus
2679 3929 3011 3985 afflictionis
3031 3948 3201 4002 pmna
3221 3931 3321 3986 diu
3343 3948 3458 3986 non
3483 3935 3698 3986 teneat.

2063 4021 2140 4075 De
2161 4018 2290 4092 ipsa
2307 4035 2463 4087 vero,
2480 4019 2536 4074 id
2558 4019 2738 4074 estde
2759 4036 2934 4074 uxore
2959 4019 3218 4092 praedicti
3248 4020 3568 4093 portitoris,
3591 4007 3702 4075 hoc

2057 4124 2162 4163 vos
2185 4107 2493 4163 observare
2526 4124 2762 4164 necesse
2787 4113 2897 4176 est,
2922 4113 2988 4164 ut
3025 4109 3073 4164 si
3115 4109 3422 4166 manifeste
3451 4112 3700 4178 constat,

2061 4195 2203 4268 quia
2231 4199 2433 4252 contra
2451 4197 2760 4270 conjugem
2782 4213 2955 4252 suum
2977 4196 3168 4253 dicere
3192 4197 3337 4253 nihil
3369 4197 3578 4271 potuit,
3601 4197 3702 4254 sed

2061 4283 2307 4358 insuper
2336 4284 2593 4358 suspicio
2637 4285 2846 4358 ipsius,
2878 4285 3136 4357 praestita
3167 4291 3232 4342 ut
3258 4287 3446 4344 edocti
3496 4303 3705 4343 sumus

2063 4378 2452 4443 sacramento,
2506 4379 2810 4448 amputata
2855 4380 2963 4444 est,
2989 4379 3164 4448 atque
3193 4381 3326 4448 post
3353 4377 3462 4434 hoc
3494 4394 3604 4433 sua
3631 4367 3738 4432 adi

2063 4481 2198 4520 eum
2229 4467 2437 4536 sponte
2467 4480 2695 4520 reversa
2723 4468 2830 4533 est,
2856 4469 2913 4520 et
2939 4465 2998 4520 in
3031 4481 3100 4522 ea
3119 4483 3354 4540 quoque
3382 4467 3466 4524 ita
3492 4471 3708 4540 tempe-

2064 4553 2247 4608 randa
2297 4557 2386 4608 est
2431 4552 2932 4624 censurajudicii,
2967 4561 3031 4612 ut
3059 4555 3231 4630 longo
3271 4557 3398 4629 jam
3449 4559 3708 4630 tempore

290 4647 432 4721 plici
449 4646 800 4704 contritione
823 4650 1222 4712 conterentur,
1238 4647 1475 4718 quando
1497 4650 1788 4720 ponentur
1806 4647 1962 4704 sicut
1988 4670 2039 4739 Β
2069 4641 2480 4699 éommunione
2512 4642 2755 4698 minime
2784 4642 3058 4716 privetur.
3083 4668 3113 4696 ››

291 4736 568 4795 clibanus
611 4736 790 4810 ignis,
815 4738 872 4792 et
917 4735 1238 4792 induentur
1283 4735 1438 4791 sicut
1466 4735 1722 4808 diploide
1752 4737 1955 4792 confu-

295 4825 463 4884 sione
495 4843 626 4895 sua,
659 4840 795 4882 cum
841 4825 1163 4898 perdentur
1191 4841 1431 4897 corpore
1460 4829 1518 4880 et
1549 4823 1744 4880 anima
1773 4823 1834 4880 in
1860 4841 1954 4898 ge-

293 4915 513 4972 henna.
538 4915 670 4970 Haec
697 4913 957 4970 dicimus
983 4931 1100 4971 non
1123 4913 1390 4970 tollentes
1413 4913 1578 4985 justa
1594 4913 1957 4985 judicia,scd

295 5005 577 5086 timentes
611 5021 683 5060 ne
703 5002 1048 5076 judicemus
1079 5003 1330 5060 scientes
1361 5002 1602 5074 injuste,
1625 5021 1740 5059 non
1771 5002 1961 5077 prohi-

293 5093 505 5150 bentes
537 5091 840 5150 testificari
870 5108 1026 5162 vera,
1051 5093 1152 5148 sed
1185 5091 1538 5166 refugientes
1562 5093 1885 5148 mendacia.

367 5183 483 5239 Sed
514 5185 572 5239 et
611 5181 752 5254 quia
798 5179 1092 5254 superius,
1116 5184 1173 5236 et
1213 5197 1281 5236 ex
1312 5180 1558 5236 aliorum
1593 5180 1960 5238 institutione

296 5273 634 5338 doctorum,
649 5269 1013 5328 sufficienter
1027 5268 1292 5326 ordinem
1312 5269 1682 5327 diffinitionis
1697 5272 1768 5328 de
1785 5289 1962 5327 causa

297 5361 458 5419 unde
487 5359 683 5434 agitur
704 5376 773 5416 ex
803 5357 1050 5415 decretis
1087 5357 1241 5416 beati
1267 5359 1525 5433 Gregorii
1547 5359 1964 5416 demonstravi-

302 5469 462 5521 mus,
488 5449 684 5506 adhuc
714 5466 830 5506 non
863 5447 1022 5522 piget
1067 5448 1372 5504 ostendere
1403 5465 1576 5521 quem
1625 5449 1868 5504 modum
1901 5450 1960 5504 in

300 5538 688 5613 inquisitione
721 5542 778 5594 et
807 5535 1159 5593 difﬁnitione
1201 5537 1576 5608 hujusmodis
1621 5537 1962 5609 quaestionis

301 5630 624 5688 debeamus
657 5632 875 5686 tenere.
893 5627 988 5683 Ait
1017 5625 1194 5696 enim,
1216 5626 1264 5682 si
1290 5627 1361 5682 de
1383 5643 1560 5682 causa
1587 5631 1720 5699 post
1748 5625 1960 5683 initum

303 5717 648 5799 coniugium
677 5717 893 5798 agitur,
927 5716 999 5778 ad
1041 5715 1363 5778 Adrianum
1406 5715 1700 5775 notarium
1725 5716 1849 5793 (lib.
1882 5733 1958 5790 Ix,

2555 4785 3094 4846 INTERROGATIO
3133 4789 3224 4844 XI.

2138 4892 2206 4946 Et
2228 4891 2366 4963 quia
2387 4892 2636 4947 maritus
2658 4909 2690 4948 a
2717 4893 2984 4966 conjuge,
3005 4893 3094 4949 vel
3122 4911 3266 4949 uxor
3294 4909 3329 4948 a
3356 4893 3584 4962 marito,
3606 4908 3710 4964 per

2069 4980 2420 5054 scripturam
2451 4987 2682 5038 secreta:
2713 4983 3094 5038 confessionis
3125 5000 3186 5038 se
3205 4998 3320 5038 non
3350 4980 3577 5055 possint
3596 4981 3708 5038 dis-

2061 5071 2332 5142 jungere,
2359 5070 2512 5126 sicut
2541 5069 2848 5142 episcopus
2869 5073 2941 5126 ab
2962 5071 3203 5128 ecclesia
3231 5069 3342 5126 sibi
3371 5071 3706 5128 commissa.

2067 5159 2155 5214 vel
2187 5161 2394 5232 gradu,
2420 5166 2522 5214 aut
2567 5160 2812 5232 quilibet
2855 5159 2914 5213 in
2945 5160 3146 5216 ordine
3192 5159 3602 5230 ecclesiastico,
3635 5161 3709 5218 ab

2069 5249 2259 5304 officio
2293 5267 2354 5304 se
2387 5266 2501 5304 non
2532 5246 2802 5320 praevalet
2851 5249 2899 5302 si
2948 5247 3192 5304 voluerit
3222 5265 3534 5318 removere,
3559 5250 3713 5308 sicut

2069 5339 2415 5394 auctoritate
2451 5337 2842 5394 ecclesiastica
2883 5354 3061 5410 supra
3102 5337 3439 5394 studuimus
3469 5339 3712 5398 demon-

2071 5433 2276 5485 strare.

2680 5517 3095 5590 aesrousm.

2129 5629 2340 5716 .Neque
2359 5626 2552 5716 libello
2574 5630 2808 5716 secretae
2829 5587 3211 5688 confessionis
3241 5639 3506 5706 porrecto
3527 5587 3718 5711 publi-

2072 5715 2150 5778 cae
2193 5715 2543 5793 poenitentiae
2575 5715 2890 5792 quisquam
2937 5719 3109 5779 debet
3155 5724 3447 5798 submitti,
3479 5745 3584 5786 nec
3613 5745 3718 5802 per
