4148 6460
270 409 389 476 693

1184 413 1286 476 DE
1329 379 1702 478 nivoa'rlo
1743 411 2109 478 LOTHARlI
2151 415 2252 478 ET
2293 416 2754 480 remensa.

3545 417 3666 484 694

267 542 440 600 brum
461 541 617 600 intra
635 558 870 600 carnem
901 541 1403 613 alterius,factura
1432 545 1774 619 prohibente
1805 564 1907 602 na-
1936 547 1996 614 Α
2021 564 2222 604 verum
2255 552 2313 604 et
2341 547 2704 618 idololatria,
2733 549 2906 622 cujus
2933 550 3186 608 mercedi
3233 554 3370 610 sunt
3412 551 3666 623 reddita,

267 632 716 702 tura,mittunt:
745 633 846 689 sed
877 633 1202 690 naturalem
1233 634 1481 708 hujusce
1512 635 1692 709 partis
1722 653 1919 708 corpo-

264 737 375 778 rea
406 739 582 779 usum
612 721 672 777 in
704 739 840 779 eum
899 741 1076 780 usum
1133 723 1236 796 qui
1267 729 1354 780 est
1383 731 1587 781 contra
1644 729 1913 781 naturam

263 815 812 884 commutantzqua
837 812 1116 868 dicuntur
1145 814 1433 886 quasdam
1466 814 1768 869 machinas
1799 814 1918 870 dia-

261 899 467 956 holica
479 899 834 972 operationis
853 900 1238 958 nihilominus
1254 903 1326 958 ad
1343 903 1775 958 exastuandam
1789 901 1913 957 libi-

261 989 462 1045 dinem
481 989 705 1062 operari
726 1009 739 1060 ;
759 995 817 1046 et
835 994 1030 1046 tamen
1049 991 1405 1047 fornicantes
1427 991 1485 1046 in
1511 1008 1722 1064 corpus
1739 1008 1914 1048 suum

261 1083 526 1152 peccant.
543 1078 826 1136 Similiter
839 1083 897 1134 ct
916 1079 1163 1135 masculi
1182 1079 1239 1134 in
1272 1079 1567 1136 masculos
1597 1079 1912 1152 turpitudi-

261 1184 400 1224 nem
428 1172 761 1241 operantes,
794 1167 852 1224 id
883 1171 973 1224 est
1001 1169 1269 1224 ardorem
1300 1169 1564 1225 libidinis
1593 1186 1914 1241 evaporan-

258 1260 371 1324 tes,
403 1261 464 1313 et
489 1255 849 1329 voluptatem
879 1255 1093 1324 carnis,
1125 1275 1252 1330 qua
1285 1275 1348 1314 se
1379 1258 1646 1326 delectat,
1679 1257 1912 1330 explen-

257 1351 372 1414 tes,
432 1345 536 1419 qui
595 1347 667 1402 ab
723 1347 999 1419 Apostolo
1054 1348 1451 1404 masculorum
1511 1349 1913 1406 concubitores

257 1435 654 1509 appellantur,
681 1439 739 1492 et
769 1435 973 1493 molles
1006 1437 1054 1509 (Ι
1081 1438 1202 1494 Cor.
1225 1441 1324 1504 v1),
1360 1437 1456 1510 qui
1491 1437 1627 1492 huic
1658 1438 1810 1510 turpi
1821 1443 1910 1493 tu«

257 1523 386 1580 dini
414 1523 759 1596 voluptuose
787 1526 1321 1582 succumbunt.Sed
1347 1531 1404 1581 et
1423 1527 1521 1598 qui
1553 1526 1704 1582 tollit
1734 1543 1914 1582 mem-

255 1613 368 1670 bra
393 1611 608 1673 Christi
638 1612 778 1670 facit
803 1614 1069 1671 membra
1097 1615 1436 1683 meretricis,
1463 1615 1766 1672 adhaerens
1797 1633 1913 1672 me-

255 1701 470 1770 ritrici,
505 1718 639 1758 cum
696 1719 814 1774 qua
871 1719 1056 1759 unum
1111 1720 1323 1775 corpus
1381 1703 1651 1759 efﬁcitur.
1685 1705 1754 1759 Et
1809 1704 1909 1776 qui

253 1807 396 1848 cum
418 1790 538 1847 Deo
559 1795 805 1857 sacrata,
829 1790 915 1846 vel
939 1807 1072 1847 cum
1107 1797 1373 1865 cognata,
1397 1796 1610 1848 etcum
1632 1809 1700 1848 ea
1730 1809 1906 1864 quam

252 1883 549 1954 cognatus
577 1879 801 1948 habuit,
833 1878 921 1936 vel
955 1896 1090 1936 eum
1143 1898 1318 1936 uxore
1345 1880 1607 1947 alterius,
1643 1886 1744 1936 aut
1773 1898 1907 1937 cum
1939 1919 1988 1984 Β

252 1985 488 2043 pecore,
524 1985 627 2025 seu
660 1985 795 2024 cum
826 1968 1045 2025 femina
1074 1974 1277 2025 contra
1307 1973 1578 2026 naturam
1627 1971 1910 2043 ﬂagitiose

251 2061 484 2130 peccat,
513 2055 602 2112 vel
635 2056 734 2128 qui
767 2057 1172 2130 semetipsum,
1205 2074 1309 2130 per
1337 2075 1418 2123 se,
1451 2075 1629 2114 manu
1676 2057 1762 2114 vel
1797 2058 1910 2115 alio

250 2145 524 2220 quolibet
536 2146 706 2202 modo
725 2145 952 2219 polluit,
969 2147 1236 2202 ardorem
1253 2145 1515 2202 libidinis
1529 2146 1788 2218 explens,
1805 2148 1913 2202 for-

251 2235 575 2304 nicatur,et
602 2238 764 2290 tanto
795 2234 1277 2302 damnabilius,et
1307 2235 1441 2290 inde
1471 2235 1529 2290 in
1563 2235 1750 2306 poenis
1777 2253 1909 2308 gra-

247 2322 468 2392 vius,si
499 2322 674 2396 digne
701 2339 816 2380 non
847 2322 1202 2396 panituerit,
1230 2325 1698 2391 tormentandus,
1724 2341 1912 2397 quan-

248 2417 317 2470 to
349 2413 604 2486 quisque
646 2416 850 2469 contra
898 2417 1168 2469 naturam
1227 2412 1566 2469 sceleratius
1609 2412 1663 2467 in
1698 2431 1911 2486 corpus

249 2519 437 2560 suum
461 2505 694 2574 peccat:
715 2500 854 2574 quia
870 2505 935 2557 ut
951 2505 1192 2558 sanctus
1222 2501 1608 2574 Augustinus,
1640 2506 1697 2557 et
1721 2502 1911 2558 cateri

250 2591 529 2648 doctores
559 2593 879 2662 exponunt,
913 2589 970 2644 in
1023 2589 1348 2662 expletionc
1403 2591 1802 2646 fornicationis
1833 2592 1912 2646 ita

248 2697 394 2738 cum
426 2695 666 2752 corpore
695 2683 752 2734 et
781 2695 948 2735 mens
979 2679 1233 2735 carnalis
1278 2680 1513 2752 penitus
1544 2681 1910 2746 absorbetur,

251 2774 328 2827 ut
358 2769 507 2826 nihil
538 2767 702 2824 aliud
751 2772 893 2824 tunc
921 2768 1011 2823 vel
1042 2769 1295 2841 cogitare
1327 2768 1650 2840 pravaleat.
1682 2770 1751 2824 Et
1779 2786 1910 2841 pec-

253 2863 460 2916 catum
492 2857 602 2913 hoc
634 2873 748 2912 non
779 2861 1008 2912 tantum
1037 2857 1635 2930 contingit,quantum
1655 2857 1914 2930 possidet

253 2947 585 3022 polluendo
616 2962 828 3018 corpus
851 2949 910 3001 et
924 2945 1300 3001 animamzde
1315 2962 1430 3018 quo
1455 2963 1589 3001 cum
1617 2951 1910 3018 pertrans-

258 3036 334 3091 iit
363 3039 552 3102 actus,
572 3035 716 3090 adeo
749 3037 946 3089 manet
976 3037 1190 3102 reatus,
1216 3038 1282 3089 ut
1309 3039 1362 3089 et
1394 3033 1546 3090 inter
1575 3034 1762 3106 ipsius
1793 3053 1910 3107 pm-

259 3124 528 3182 nitentia
557 3122 812 3197 gemitus
839 3122 1064 3179 stimuli
1097 3123 1355 3196 pristina
1387 3123 1788 3179 delectationis
1810 3123 1914 3178 mi-

262 3211 598 3272 serabiliter
627 3210 852 3268 soleant
877 3210 1134 3278 excitari,
1158 3215 1214 3266 et
1242 3211 1449 3266 talium
1481 3209 1748 3267 omnium
1780 3210 1913 3268 faci-

2026 641 2092 692 ut
2120 637 2375 693 ostendit
2401 637 2734 710 Apostolus,
2769 639 3143 712 deputantur,
3176 639 3329 697 sicut
3382 641 3666 715 scriptum

2025 731 2114 784 est
2132 729 2204 783 de
2225 727 2446 801 gulosis
2469 744 2482 782 :
2511 727 2752 795 Quorum
2767 729 2903 783 Deus
2921 737 3104 786 venter
3130 737 3210 785 est
3233 729 3668 804 (Philip.m,i5),

2024 822 2082 874 et
2111 819 2181 873 de
2201 817 2538 883 luxuriosis,
2566 824 2618 873 et
2645 818 2822 888 gloria
2852 819 2912 873 in
2939 819 3256 890 confusione
3305 821 3547 890 ipsorum
3573 822 3670 893 qui

2025 911 2238 964 terrena
2255 909 2481 978 sapiunt
2497 906 2907 978 (Philip.v,19):
2932 907 3114 962 Deum
3135 907 3350 980 quippe
3369 908 3670 981 Scriptura

2023 994 2269 1069 gloriam
2320 993 2650 1066 appellavit,
2683 1011 2810 1066 qua
2844 994 2987 1050 dicit
3021 1013 3034 1051 :
3068 994 3408 1052 Mutaverunt
3434 998 3670 1068 gloriam

2021 1102 2180 1140 suam
2209 1087 2270 1140 in
2298 1085 2719 1140 similitudinem
2738 1084 2903 1140 vituli
2925 1085 3248 1140 comedentis
3275 1087 3466 1156 fenum
3492 1087 3665 1154 (Psal.

2021 1191 2110 1242 cv,
2141 1176 2276 1243 20);
2306 1177 2364 1228 et
2394 1174 2464 1228 de
2497 1171 2756 1241 avaritia,
2808 1189 2930 1245 qua
2985 1181 3064 1229 est
3115 1174 3386 1230 idolorum
3435 1177 3666 1230 servitus

2022 1263 2234 1335 (Ephes.
2257 1282 2312 1332 ν,
2345 1262 2421 1334 5),
2454 1261 2756 1334 Scriptura
2783 1265 3051 1317 testatur.
3085 1262 3180 1318 Sic
3205 1265 3260 1317 et
3293 1264 3364 1318 de
3394 1262 3546 1328 aliis,
3579 1267 3666 1318 at-

2021 1369 2135 1424 que
2165 1368 2234 1406 ex
2264 1350 2722 1419 aliis,stu«liosus
2751 1349 2930 1406 lector
2957 1350 3016 1404 in
3047 1350 3364 1423 Scripturis
3393 1351 3664 1408 inveniet.

2022 1439 2100 1494 De
2130 1439 2342 1494 aborsu
2375 1455 2508 1493 vero
2539 1437 2596 1492 in
2645 1439 2838 1494 Exodo
2889 1439 3170 1510 scriptum
3218 1443 3309 1495 est
3339 1456 3353 1496 :
3386 1441 3448 1496 Si
3476 1442 3666 1510 litiga—

2021 1531 2156 1582 bunt
2183 1527 2288 1583 duo
2318 1527 2447 1594 viri,
2468 1535 2517 1582 et
2545 1530 2867 1599 percusserit
2889 1529 3178 1584 mulierem
3207 1530 3268 1584 in
3295 1537 3445 1586 utero
3473 1530 3670 1586 haben-

2020 1624 2146 1683 tem,
2178 1625 2230 1672 et
2255 1617 2456 1671 exierit
2510 1616 2698 1687 infans
2753 1617 2870 1687 ejus
2909 1617 3153 1672 nondum
3177 1619 3464 1689 formatus,
3496 1618 3666 1674 detri-

2019 1715 2263 1762 mentum
2288 1707 2530 1776 patietur
2583 1712 2842 1776 quantum
2901 1705 3168 1761 indixerit
3197 1709 3284 1761 vir
3309 1708 3583 1774 mulieris,
3615 1715 3667 1763 et

2017 1795 2174 1850 dabit
2215 1811 2336 1850 cum
2391 1795 2777 1865 postulatione.
2809 1794 2872 1849 Si
2927 1801 3107 1849 autem
3151 1797 3420 1866 formatus
3472 1798 3662 1868 fuerit,

2017 1883 2172 1938 dabit
2201 1885 2447 1938 animam
2495 1898 2598 1953 pro
2644 1883 2838 1937 anima
2868 1883 3058 1954 (Exod.
3090 1899 3204 1950 xxi,
3233 1886 3324 1949 22,
3351 1884 3464 1954 23).
3495 1885 3566 1940 Et
3593 1885 3665 1940 de

2018 1976 2303 2042 conceptu
2333 1971 2390 2026 in
2421 1969 2732 2043 Evangelia
2765 1969 3048 2044 scriptum
3079 1976 3204 2028 est:
3239 1973 3397 2044 Quod
3425 1975 3574 2028 enim
3603 1975 3665 2028 in

2017 2077 2083 2116 ea
2111 2069 2303 2116 natum
2330 2067 2410 2116 est
2436 2059 2640 2128 (Matth.
2675 2076 2715 2126 ῐ,
2744 2059 2857 2130 20),
2889 2060 3045 2131 quod
3087 2061 3215 2116 sine
3245 2059 3444 2126 dubio,
3475 2064 3542 2115 ut
3566 2077 3661 2116 ex-

2019 2149 2184 2223 ponit
2214 2148 2547 2220 Gregorius,
2586 2155 2896 2218 conceptum
2949 2156 3028 2203 est
3081 2147 3311 2204 dicitur.
3347 2149 3492 2204 Nam
3523 2151 3665 2204 tunc

2020 2239 2278 2312 primum
2335 2237 2552 2310 Joscph
2612 2237 2878 2292 haesitare
2935 2237 3128 2309 ccepit,
3161 2237 3301 2308 quia
3339 2239 3663 2292 tumentem

2021 2345 2248 2400 sponsa
2279 2344 2396 2382 sua
2430 2330 2659 2380 uterum
2690 2324 2852 2380 vidit.
2874 2325 3018 2380 Hinc
3050 2324 3412 2380 revolvamus
3441 2341 3510 2380 ex
3540 2324 3666 2398 lege

2021 2409 2312 2490 quomodo
2335 2417 2437 2470 fiat
2465 2414 2792 2470 secundum
2824 2417 3094 2468 naturam
3123 2411 3676 2487 eonceptio.llfulier,_

2019 2505 2231 2576 inquit,
2261 2519 2385 2575 quae
2411 2509 2654 2574 suscepto
2681 2503 2887 2557 semine
2907 2503 3180 2573 pepererit
3224 2502 3527 2556 nwseulum
3553 2503 3668 2556 sive

2019 2595 2283 2666 feminam
2311 2595 2454 2664 (Leo.
2487 2609 2587 2657 xu,
2619 2593 2696 2659 1),
2725 2595 2782 2646 et
2813 2592 2882 2646 de
2940 2589 3326 2662 parturitione
3383 2589 3504 2646 sive
3547 2589 3668 2644 for-

2021 2681 2420 2747 mati,sive,ut
2447 2679 2860 2752 praemisimus,
2891 2678 3211 2746 informati,
3245 2679 3401 2750 quod
3433 2677 3666 2743 mulier.

2020 2771 2141 2826 sive
2171 2768 2504 2835 masculini,
2541 2767 2658 2824 sive
2717 2768 2918 2823 femini
2978 2767 3230 2838 generis,
3263 2766 3416 2840 parit
3445 2766 3529 2822 vel
3563 2767 3664 2822 ah-

2020 2859 2175 2923 ortit,
2209 2859 2491 2930 scriptum
2525 2860 2648 2913 est:
2683 2857 2850 2912 Omne
2873 2857 3012 2928 quod
3040 2857 3217 2927 aperit
3242 2855 3661 2924 vulvam(Exod.

2019 2965 2208 3015 xxxw,
2226 2948 2334 3016 19).
2369 2946 2700 3001 Notandum
2733 2944 2873 3017 quia
2903 2945 3204 3016 Scriptura
3233 2943 3500 3016 perhibet
3527 2961 3664 2998 mu-

2018 3037 2219 3093 lierem
2251 3033 2545 3106 suscipere
2574 3051 2795 3100 semen,
2828 3032 3050 3088 scilicet
3076 3032 3229 3088 coitu
3258 3030 3409 3087 virili
3438 3049 3542 3104 per
3569 3047 3664 3104 ge-

2021 3125 2258 3182 nitalem
2288 3140 2494 3179 venam
2525 3122 2860 3178 immissum
2881 3121 2939 3176 in
2969 3121 3149 3176 vulva
3182 3121 3666 3192 secretum,baju-

2019 3215 2175 3272 lante
2197 3211 2456 3285 matrice,
2477 3211 2630 3268 sicut
2648 3215 2705 3268 et
2725 3210 2964 3284 physica
2981 3211 3226 3267 lectione
3247 3208 3660 3282 comperimus,

263 3319 478 3362 norum
511 3305 858 3374 patratores,
891 3300 1045 3356 sicut
1074 3304 1322 3356 testatur
1347 3300 1680 3373 Apostolus,
1713 3301 1910 3357 exclu-
1941 3285 1986 3351 (ἶ
2021 3308 2079 3360 et
2109 3320 2248 3367 non,
2280 3305 2345 3358 ut
2374 3301 2495 3356 hac
2539 3300 2868 3355 adinventio
2916 3299 3076 3370 dicit,
3110 3315 3309 3355 semen
3341 3297 3454 3354 sibi
3483 3301 3664 3354 attra-

265 3394 493 3451 duntur
509 3407 543 3448 a
559 3406 736 3463 regno
754 3389 878 3456 Dei,
894 3388 1005 3445 nisi
1021 3393 1333 3462 antequam
1347 3391 1418 3444 de
1435 3407 1672 3461 corpore
1687 3394 1916 3458 exeant,

265 3499 376 3556 per
403 3480 736 3536 luctuosam
765 3476 1191 3532 confessionem
1221 3481 1278 3533 et
1307 3478 1576 3548 profusas
1607 3477 1915 3550 lacrymas,

267 3575 446 3644 atque
475 3567 978 3638 eleemosynarum
1005 3564 1918 3638 largitionem,dignosqucpceni-

269 3658 466 3717 tentia
499 3659 888 3726 fructus,cum
921 3654 1111 3710 multa
1135 3655 1448 3710 afﬂictione
1479 3655 1764 3724 carnis,et
1783 3673 1918 3712 con-

269 3747 511 3806 tritione
542 3743 806 3818 spiritus,
839 3747 1137 3799 tantorum
1169 3741 1405 3798 abluere
1437 3741 1772 3798 studuerint
1791 3761 1919 3798 ma-

273 3835 439 3892 culas
464 3831 999 3890 criminum.Nemo
1029 3830 1210 3904 igitur
1239 3831 1411 3899 dicat,
1446 3849 1561 3887 non
1593 3836 1922 3904 perpetrare

273 3942 411 3982 eum
441 3927 748 3997 peccatum
782 3919 1251 3984 Sodomitanum,
1286 3919 1384 3992 qui
1417 3925 1621 3975 contra
1651 3925 1921 3975 naturam

273 4015 336 4071 in
356 4011 690 4070 masculum
709 4009 797 4066 vel
815 4009 874 4065 in
895 4008 1172 4064 feminam
1185 4008 1608 4080 turpitudinem
1630 4013 1922 4081 Operatur,

276 4108 334 4160 et
363 4100 591 4168 attritu,
623 4099 712 4156 vel
743 4103 983 4165 attactu,
1016 4115 1119 4154 seu
1151 4102 1311 4152 motu
1344 4097 1659 4169 impudico,
1693 4115 1761 4153 ex
1791 4097 1930 4152 deli-

278 4189 579 4248 beratione
596 4193 652 4244 et
681 4187 877 4244 studio
917 4185 1262 4242 immundus
1295 4185 1582 4241 efﬁcitur:
1609 4185 1730 4258 qui,
1755 4188 1906 4243 utdo

279 4284 370 4338 cet
396 4277 737 4352 Apostolus,
769 4291 1012 4348 aregno
1071 4273 1172 4330 Dei
1229 4273 1576 4342 excluditur,
1627 4291 1761 4330 cum
1818 4275 1931 4330 alia

279 4369 458 4424 etiam
474 4369 731 4438 peccata,
747 4369 947 4420 contra
952 4365 1092 4436 jura
1102 4365 1323 4418 natura
1346 4366 1650 4434 usurpata,
1666 4363 1930 4420 Sodoma

279 4461 552 4530 reputata
581 4451 939 4511 Sodomitica
967 4449 1354 4524 appellentur,
1374 4451 1600 4506 dicente
1633 4451 1931 4508 ad'civita-

279 4551 400 4602 tem
433 4543 686 4618 peccatis
710 4541 940 4614 plenam
979 4538 1224 4596 Domino
1255 4556 1357 4610 per
1386 4539 1726 4610 prophetam
1763 4557 1776 4595 :
1808 4543 1936 4598 Hac

283 4636 413 4707 fuit,
447 4632 664 4704 inquit,
698 4631 966 4704 iniquitas
992 4630 1196 4685 sororis
1228 4635 1338 4684 tute
1366 4627 1934 4698 Sodomw,otium,sa-
1965 4655 2012 4719 Β

285 4725 482 4781 turitas
512 4722 695 4794 panis,
728 4727 780 4776 et
823 4718 1164 4775 abundantia
1193 4716 1407 4784 (Ezech.
1441 4733 1554 4784 xvr,
1590 4717 1697 4788 49).
1735 4719 1802 4773 Et
1829 4719 1932 4774 Ju-

287 4813 395 4868 dai
425 4813 734 4883 peccantes
791 4825 982 4864 coram
1044 4805 1311 4876 Domino,
1343 4806 1416 4860 ab
1451 4805 1603 4860 Isaia
1645 4805 1940 4878 principes

290 4902 702 4964 Sodomorum,
749 4902 806 4953 et
859 4895 1111 4969 populus
1169 4893 1500 4950 Gomorrha
1560 4895 1746 4949 vocati
1803 4893 1942 4951 sunt

291 4991 420 5062 (Isa.
456 4988 664 5058 1,10):
727 4986 829 5059 qui
889 4985 1039 5040 inter
1093 4981 1208 5039 alia
1259 4981 1639 5054 iniquitatum
1699 5000 1940 5039 suarum

293 5079 444 5136 081
481 5073 704 5132 nefaria
752 5077 1078 5146 posuerunt
1135 5088 1382 5144 puerum
1412 5069 1469 5124 in
1507 5071 1854 5142 prostibulo,
1885 5077 1944 5129 et

291 5165 656 5241 epheborum
679 5161 932 5236 pretium
950 5161 1009 5216 in
1032 5157 1348 5230 marsupiis
1363 5175 1376 5212 :
1393 5175 1642 5230 quorum
1657 5160 1942 5218 dominati

295 5258 439 5311 sunt
468 5249 808 5317 effeminati,
842 5249 943 5322 qui
975 5249 1098 5304 loco
1129 5246 1682 5318 epheborum,quasi
1714 5249 1784 5304 ad
1820 5267 1942 5305 ma-

292 5348 603 5399 tronarum
620 5338 948 5395 custodiam
969 5337 1258 5410 spadones
1278 5334 1867 5407 etl‘eeti,impudicitia
1889 5344 1948 5394 et

294 5428 688 5486 immunditia
711 5426 900 5492 asciti,
922 5430 1095 5499 atque
1118 5424 1340 5480 subacti
1366 5423 1750 5495 lihidini,qum
1771 5428 1946 5482 etiam

295 5521 516 5577 ferreas
548 5521 776 5573 mentes
807 5520 873 5572 ut
901 5515 1116 5571 dicitur
1167 5515 1405 5569 domare
1455 5511 1620 5578 solel‘,
1656 5514 1868 5570 servire
1893 5522 1951 5572 ct

295 5606 632 5665 libidinosis
665 5605 956 5661 dominari
1008 5601 1298 5660 diabolica
1355 5601 1762 5658 adinventione
1794 5605 1953 5662 fuere

301 5695 536 5770 reperti.
571 5695 642 5752 Et
669 5692 1014 5766 hujusmodi
1063 5693 1205 5748 vitia
1250 5707 1363 5746 non
1405 5688 1595 5745 solum
1627 5693 1950 5768 sacrilegio,

2024 3390 2274 3460 here,ch
2307 3405 2608 3446 assumere
2639 3387 2891 3456 alibi,vel
2924 3387 3160 3444 aliunde
3187 3386 3578 3444 emissumzet
3606 3386 3666 3442 in

2025 3479 2360 3544 emissione,
2393 3479 2548 3550 quod
2581 3479 2652 3533 de
2699 3476 2970 3532 immisso
3029 3475 3251 3532 semine
3305 3477 3668 3548 conceperat,

2024 3569 2256 3625 vulvam
2289 3566 2573 3639 adaperiri
2606 3567 2807 3621 eadem
2841 3565 3139 3638 Scriptura
3167 3568 3436 3633 testatur,
3468 3563 3670 3618 videli-

2028 3664 2117 3714 cet
2139 3675 2241 3730 pro
2265 3657 2454 3729 primo
2479 3660 2672 3728 partu,
2697 3673 2824 3726 qua
2857 3671 3084 3710 servare
3111 3653 3394 3709 clausura
3427 3652 3670 3724 integri-

2027 3751 2208 3802 tatem
2236 3762 2350 3800 non
2383 3742 2780 3815 potuit,ctiam
2814 3743 2870 3796 in
2903 3741 3092 3814 primo
3120 3739 3464 3795 naturaliter
3489 3739 3666 3794 coitu.

2028 3836 2344 3890 Credamus
2368 3832 2546 3904 igitur
2567 3831 2720 3902 quod
2742 3829 3084 3902 legimus,et
3103 3828 3259 3900 quod
3283 3843 3396 3882 non
3419 3825 3670 3899 legimus

2031 3929 2292 3981 astruere
2341 3923 2503 3976 nefas
2561 3919 2890 3974 credamus.
2922 3921 2968 3973 A
2999 3917 3208 3973 saeculo
3247 3915 3403 3972 enim
3435 3933 3550 3971 non
3581 3918 3674 3971 est

2033 4013 2433 4079 auditum,nec
2454 4010 2525 4065 de
2546 4009 2655 4065 sub
2688 4008 2798 4063 isto
2829 4006 2972 4063 calo
2998 4007 3058 4061 in
3083 4007 3387 4078 Scriptura
3411 4003 3672 4060 veritatis

2033 4107 2122 4160 est
2141 4101 2382 4165 lectum,
2408 4102 2472 4154 ut
2489 4097 2659 4152 vulva
2679 4097 2905 4152 femina
2927 4096 3052 4152 sine
3073 4095 3228 4151 coitu
3252 4111 3452 4150 semen
3474 4110 3672 4150 susce-

2037 4189 2204 4264 perit,
2232 4193 2407 4260 atque
2427 4185 2774 4258 conceperit,
2796 4191 2855 4241 ct
2883 4185 3080 4240 clauso
3111 4188 3296 4251 utero,
3331 4187 3388 4239 et
3413 4181 3680 4256 inaperta

2035 4279 2227 4344 vulva,
2251 4295 2354 4333 seu
2408 4276 2634 4347 integra
2659 4291 2850 4343 carne,
2883 4273 3076 4329 vivum
3104 4271 3190 4328 vel
3222 4271 3547 4328 abortivum
3579 4289 3678 4344 pe-

2040 4368 2272 4442 pererit,
2296 4369 2532 4438 excepta
2561 4364 2684 4420 sola
2720 4363 3095 4436 singulariter
3115 4361 3282 4416 beata
3303 4365 3360 4416 et
3378 4359 3685 4416 benedicta

2038 4458 2277 4531 Virgine
2298 4455 2501 4522 Maria,
2522 4454 2690 4525 cujus
2711 4451 3009 4524 conceptio
3040 4468 3155 4506 non
3181 4453 3402 4505 natura
3424 4447 3554 4516 fuit,
3582 4449 3682 4505 sed

2042 4547 2264 4622 gratia,
2296 4543 2524 4599 dicente
2583 4541 2654 4597 ad
2711 4557 2839 4596 eam
2895 4537 3244 4612 archangelo
3277 4555 3291 4592 :
3323 4538 3446 4606 Ave,
3497 4539 3688 4612 gratia

2037 4639 2206 4709 plena
2234 4635 2386 4702 (Luc.
2420 4649 2456 4699 ι,
2489 4634 2602 4698 28),
2638 4630 2696 4685 in
2728 4646 2908 4702 quam
2939 4627 3193 4702 Spiritus
3223 4631 3462 4684 sanctus
3491 4641 3686 4696 super-

2042 4725 2217 4789 venit,
2241 4722 2340 4794 qui
2370 4719 2420 4776 ei
2454 4738 2521 4776 ex
2567 4719 2824 4792 virgineo
2876 4718 3119 4785 semine,
3150 4716 3524 4789 virgineoque
3553 4731 3686 4768 san-

2049 4813 2244 4886 guine,
2277 4811 2403 4866 sine
2428 4809 2725 4864 voluntate
2766 4797 2978 4873 carnis,
3002 4811 3057 4861 et
3081 4807 3205 4861 sine
3232 4803 3528 4860 voluntate
3555 4799 3686 4867 viri,

2047 4899 2460 4957 fecunditatem
2496 4897 2674 4969 prolis
2703 4895 2970 4960 contulit,
3002 4893 3394 4966 virginitatem
3417 4905 3531 4944 non
3564 4888 3691 4943 abs-

2049 4989 2186 5047 tulit
2217 5007 2230 5044 :
2265 5005 2392 5060 qua
2443 4985 2596 5042 sicut
2649 5002 2821 5040 carne
2879 4985 3122 5057 integra,
3155 4984 3212 5036 et
3238 4977 3412 5034 vulva
3442 4993 3556 5032 non
3587 4975 3690 5030 ad-

2051 5083 2270 5152 aperta,
2295 5077 2353 5132 id
2384 5080 2474 5130 est
2499 5074 2699 5129 clauso
2729 5077 2892 5128 utero
2921 5069 3206 5142 concepit,
3239 5069 3320 5123 ita
3346 5083 3458 5122 non
3495 5066 3694 5136 aperta

2049 5168 2241 5232 vulva,
2263 5166 2363 5220 sed
2396 5163 2595 5220 clauso
2629 5166 2790 5217 utero
2825 5160 3065 5233 peperit,
3098 5154 3394 5228 simulque
3423 5158 3482 5210 et
3509 5155 3696 5208 mater

2052 5255 2292 5321 exstitit,
2326 5257 2382 5309 et
2401 5254 2679 5325 perpetuo
2701 5267 2766 5304 ac
2789 5265 3018 5320 semper
3035 5247 3210 5317 Virgo
3239 5244 3392 5300 682
3424 5257 3715 5324 parmam.

2055 5345 2152 5401 sit.
2183 5343 2523 5414 Virgineum
2553 5338 2788 5408 quippe,
2824 5342 2888 5391 ut
2933 5335 3204 5408 legimus,
3237 5333 3393 5388 unde
3443 5327 3699 5403 virgines

2058 5453 2184 5506 qua
2217 5449 2391 5487 carne
2423 5429 2656 5497 integra
2689 5429 2827 5479 sunt
2871 5423 3216 5488 vocitantur,
3250 5422 3307 5477 id
3340 5425 3428 5477 est
3457 5418 3700 5494 pellicu-

2060 5523 2197 5588 lam,
2223 5538 2348 5592 qua
2372 5519 2430 5572 in
2453 5516 2535 5570 eis
2561 5517 2615 5569 in
2639 5512 2952 5568 concubitu
2975 5512 3162 5584 primo
3193 5509 3608 5582 corrumpitur,
3641 5507 3700 5562 in

2061 5609 2374 5667 emissione
2424 5602 2739 5675 cujuslibet
2795 5607 2996 5674 partus
3043 5600 3331 5674 integram
3365 5612 3705 5673 permanere
3763 5620 3772 5634 ·

2063 5707 2273 5756 natura
2307 5713 2421 5752 non
2453 5691 2692 5766 patitur,
2725 5695 2781 5745 et
2816 5695 3130 5766 postquam
3187 5690 3514 5764 virgineum
3559 5685 3704 5742 illud
