  <div class='ocr_page' id='page_1' title='image "/cluster/home/n/w/nwhite01/storage/ocr_20150623/125/umn.31951002477418t/391.png"; bbox 0 0 4148 6454; ppageno 0'>
   <div class='ocr_carea' id='block_1_1' title="bbox 455 444 574 512">
    <p class='ocr_par' dir='ltr' id='par_1_1' title="bbox 455 444 574 512">
     <span class='ocr_line' id='line_1_1' title="bbox 455 444 574 512; baseline -0.05 0"><span class='ocrx_word' id='word_1_1' title='bbox 455 444 574 512; x_wconf 83' lang='grc'><strong>695</strong></span> 
     </span>
    </p>
   </div>
   <div class='ocr_carea' id='block_1_2' title="bbox 1384 381 2926 550">
    <p class='ocr_par' dir='ltr' id='par_1_2' title="bbox 1384 381 2926 550">
     <span class='ocr_line' id='line_1_2' title="bbox 1384 381 2926 550; baseline -0.007 -45"><span class='ocrx_word' id='word_1_2' title='bbox 1384 438 1777 504; x_wconf 75' lang='lat' dir='ltr'><strong>HINGM&#39;A&#39;HI</strong></span> <span class='ocrx_word' id='word_1_3' title='bbox 1820 399 2268 550; x_wconf 61' lang='lat' dir='ltr'><strong>[inmensis</strong></span> <span class='ocrx_word' id='word_1_4' title='bbox 2307 381 2926 497; x_wconf 65' lang='lat' dir='ltr'><strong>ancninris‘eopr.</strong></span> 
     </span>
    </p>
   </div>
   <div class='ocr_carea' id='block_1_3' title="bbox 3739 404 3889 488">
    <p class='ocr_par' dir='ltr' id='par_1_3' title="bbox 3739 404 3889 488">
     <span class='ocr_line' id='line_1_3' title="bbox 3739 404 3889 488; baseline 0 -38"><span class='ocrx_word' id='word_1_5' title='bbox 3739 404 3889 488; x_wconf 51' lang='lat'><strong>6&#39;”.</strong></span> 
     </span>
    </p>
   </div>
   <div class='ocr_carea' id='block_1_4' title="bbox 456 546 3872 654">
    <p class='ocr_par' dir='ltr' id='par_1_4' title="bbox 456 546 3872 654">
     <span class='ocr_line' id='line_1_4' title="bbox 456 546 3872 654; baseline -0.006 -16"><span class='ocrx_word' id='word_1_6' title='bbox 456 576 871 654; x_wconf 88' lang='lat' dir='ltr'><strong>corrumpitur,</strong></span> <span class='ocrx_word' id='word_1_7' title='bbox 902 568 1066 653; x_wconf 77' lang='lat' dir='ltr'><strong>virgo</strong></span> <span class='ocrx_word' id='word_1_8' title='bbox 1096 575 1317 635; x_wconf 90' lang='lat' dir='ltr'><strong>femina</strong></span> <span class='ocrx_word' id='word_1_9' title='bbox 1353 593 1471 632; x_wconf 93' lang='lat' dir='ltr'><strong>non</strong></span> <span class='ocrx_word' id='word_1_10' title='bbox 1516 574 1786 635; x_wconf 90' lang='lat' dir='ltr'><strong>habetur.</strong></span> <span class='ocrx_word' id='word_1_11' title='bbox 1815 550 1928 631; x_wconf 84' lang='lat' dir='ltr'><strong>Sed</strong></span> <span class='ocrx_word' id='word_1_12' title='bbox 1958 570 2103 647; x_wconf 77' lang='lat' dir='ltr'><strong>etin</strong></span> <span class='ocrx_word' id='word_1_13' title='bbox 2217 572 2277 654; x_wconf 77' lang='lat' dir='ltr'><strong>et</strong></span> <span class='ocrx_word' id='word_1_14' title='bbox 2301 567 2603 626; x_wconf 75' lang='lat' dir='ltr'><strong>veritatem</strong></span> <span class='ocrx_word' id='word_1_15' title='bbox 2633 584 2767 639; x_wconf 82' lang='lat' dir='ltr'><strong>cum</strong></span> <span class='ocrx_word' id='word_1_16' title='bbox 2797 562 2965 654; x_wconf 17' lang='lat' dir='ltr'><strong>omni)</strong></span> <span class='ocrx_word' id='word_1_17' title='bbox 2989 546 3221 622; x_wconf 80' lang='lat' dir='ltr'><strong>studeat</strong></span> <span class='ocrx_word' id='word_1_18' title='bbox 3270 546 3597 644; x_wconf 81' lang='lat' dir='ltr'><strong>subtilitate</strong></span> <span class='ocrx_word' id='word_1_19' title='bbox 3617 552 3872 654; x_wconf 46' lang='lat' dir='ltr'><strong>perquii-</strong></span> 
     </span>
    </p>
   </div>
   <div class='ocr_carea' id='block_1_5' title="bbox 457 648 3876 742">
    <p class='ocr_par' dir='ltr' id='par_1_5' title="bbox 457 648 3876 742">
     <span class='ocr_line' id='line_1_5' title="bbox 457 648 3876 742; baseline -0.006 -16"><span class='ocrx_word' id='word_1_20' title='bbox 457 648 762 742; x_wconf 70' lang='lat' dir='ltr'><strong>Scriptura</strong></span> <span class='ocrx_word' id='word_1_21' title='bbox 789 648 1044 742; x_wconf 65' lang='lat' dir='ltr'><strong>legimus</strong></span> <span class='ocrx_word' id='word_1_22' title='bbox 1073 663 1656 738; x_wconf 88' lang='lat' dir='ltr'><strong>veritatis,quoniam</strong></span> <span class='ocrx_word' id='word_1_23' title='bbox 1686 662 1796 718; x_wconf 87' lang='lat' dir='ltr'><strong>hac</strong></span> <span class='ocrx_word' id='word_1_24' title='bbox 1821 656 2123 718; x_wconf 81' lang='lat' dir='ltr'><strong>diabolica&#39;</strong></span> <span class='ocrx_word' id='word_1_25' title='bbox 2217 648 2363 729; x_wconf 74' lang='lat' dir='ltr'><strong>rere,</strong></span> <span class='ocrx_word' id='word_1_26' title='bbox 2395 661 2452 714; x_wconf 91' lang='lat' dir='ltr'><strong>et</strong></span> <span class='ocrx_word' id='word_1_27' title='bbox 2482 657 2565 713; x_wconf 89' lang='lat' dir='ltr'><strong>ita</strong></span> <span class='ocrx_word' id='word_1_28' title='bbox 2592 650 3068 713; x_wconf 78' lang='lat' dir='ltr'><strong>contentionibus</strong></span> <span class='ocrx_word' id='word_1_29' title='bbox 3114 652 3372 729; x_wconf 77' lang='lat' dir='ltr'><strong>p&#39;art‘ium</strong></span> <span class='ocrx_word' id='word_1_30' title='bbox 3418 650 3745 710; x_wconf 86' lang='lat' dir='ltr'><strong>secundum</strong></span> <span class='ocrx_word' id='word_1_31' title='bbox 3769 651 3876 742; x_wconf 64' lang='lat' dir='ltr'><strong>jul</strong></span> 
     </span>
    </p>
   </div>
   <div class='ocr_carea' id='block_1_6' title="bbox 458 750 2109 830">
    <p class='ocr_par' dir='ltr' id='par_1_6' title="bbox 458 750 2109 830">
     <span class='ocr_line' id='line_1_6' title="bbox 458 750 2109 830; baseline -0.005 -17"><span class='ocrx_word' id='word_1_32' title='bbox 458 750 888 825; x_wconf 52' lang='lat' dir='ltr'><strong>ddinventione,</strong></span> <span class='ocrx_word' id='word_1_33' title='bbox 922 773 1050 830; x_wconf 67' lang='lat' dir='ltr'><strong>quae</strong></span> <span class='ocrx_word' id='word_1_34' title='bbox 1100 754 1171 811; x_wconf 91' lang='lat' dir='ltr'><strong>de</strong></span> <span class='ocrx_word' id='word_1_35' title='bbox 1201 754 1316 810; x_wconf 89' lang='lat' dir='ltr'><strong>ista</strong></span> <span class='ocrx_word' id='word_1_36' title='bbox 1344 752 1563 810; x_wconf 80' lang='lat' dir='ltr'><strong>femina</strong></span> <span class='ocrx_word' id='word_1_37' title='bbox 1590 755 1648 809; x_wconf 89' lang='lat' dir='ltr'><strong>et</strong></span> <span class='ocrx_word' id='word_1_38' title='bbox 1677 768 1784 808; x_wconf 92' lang='lat' dir='ltr'><strong>suo</strong></span> <span class='ocrx_word' id='word_1_39' title='bbox 1816 751 1994 808; x_wconf 87' lang='lat' dir='ltr'><strong>fratre</strong></span> <span class='ocrx_word' id='word_1_40' title='bbox 2020 765 2109 805; x_wconf 90' lang='lat' dir='ltr'><strong>re-</strong></span> 
     </span>
    </p>
   </div>
   <div class='ocr_carea' id='block_1_7' title="bbox 458 836 2114 921">
    <p class='ocr_par' dir='ltr' id='par_1_7' title="bbox 458 836 2114 921">
     <span class='ocr_line' id='line_1_7' title="bbox 458 836 2114 921; baseline -0.006 -19"><span class='ocrx_word' id='word_1_41' title='bbox 458 838 834 921; x_wconf 79' lang='lat' dir='ltr'><strong>fertur,0nan</strong></span> <span class='ocrx_word' id='word_1_42' title='bbox 861 861 996 902; x_wconf 90' lang='lat' dir='ltr'><strong>cum</strong></span> <span class='ocrx_word' id='word_1_43' title='bbox 1025 859 1203 900; x_wconf 79' lang='lat' dir='ltr'><strong>uxore</strong></span> <span class='ocrx_word' id='word_1_44' title='bbox 1233 859 1342 900; x_wconf 91' lang='lat' dir='ltr'><strong>sua</strong></span> <span class='ocrx_word' id='word_1_45' title='bbox 1371 857 1638 915; x_wconf 63' lang='lat' dir='ltr'><strong>querens</strong></span> <span class='ocrx_word' id='word_1_46' title='bbox 1666 838 1896 913; x_wconf 81' lang='lat' dir='ltr'><strong>explere</strong></span> <span class='ocrx_word' id='word_1_47' title='bbox 1924 836 2114 894; x_wconf 91' lang='lat' dir='ltr'><strong>libidi-</strong></span> 
     </span>
    </p>
   </div>
   <div class='ocr_carea' id='block_1_8' title="bbox 457 923 2112 1004">
    <p class='ocr_par' dir='ltr' id='par_1_8' title="bbox 457 923 2112 1004">
     <span class='ocr_line' id='line_1_8' title="bbox 457 923 2112 1004; baseline -0.005 -10"><span class='ocrx_word' id='word_1_48' title='bbox 457 923 688 1004; x_wconf 68' lang='lat' dir='ltr'><strong>nem,et</strong></span> <span class='ocrx_word' id='word_1_49' title='bbox 713 933 920 992; x_wconf 87' lang='lat' dir='ltr'><strong>nolens</strong></span> <span class='ocrx_word' id='word_1_50' title='bbox 951 930 1316 1002; x_wconf 72' lang='lat' dir='ltr'><strong>nasciﬁlios,</strong></span> <span class='ocrx_word' id='word_1_51' title='bbox 1335 929 1780 997; x_wconf 79' lang='lat' dir='ltr'><strong>concumbebat,</strong></span> <span class='ocrx_word' id='word_1_52' title='bbox 1805 945 1921 1001; x_wconf 91' lang='lat' dir='ltr'><strong>qua</strong></span> <span class='ocrx_word' id='word_1_53' title='bbox 1951 927 2022 983; x_wconf 89' lang='lat' dir='ltr'><strong>de</strong></span> <span class='ocrx_word' id='word_1_54' title='bbox 2051 941 2112 986; x_wconf 79' lang='lat' dir='ltr'><strong>re</strong></span> 
     </span>
    </p>
   </div>
   <div class='ocr_carea' id='block_1_9' title="bbox 459 1010 2114 1099">
    <p class='ocr_par' dir='ltr' id='par_1_9' title="bbox 459 1010 2114 1099">
     <span class='ocr_line' id='line_1_9' title="bbox 459 1010 2114 1099; baseline -0.007 -18"><span class='ocrx_word' id='word_1_55' title='bbox 459 1010 502 1082; x_wconf 67' lang='grc' dir='ltr'><em>ἐ</em></span> <span class='ocrx_word' id='word_1_56' title='bbox 523 1022 774 1081; x_wconf 90' lang='lat' dir='ltr'><strong>Domino</strong></span> <span class='ocrx_word' id='word_1_57' title='bbox 830 1018 1150 1099; x_wconf 84' lang='lat' dir='ltr'><strong>percussus</strong></span> <span class='ocrx_word' id='word_1_58' title='bbox 1203 1017 1429 1076; x_wconf 82' lang='lat' dir='ltr'><strong>interiit</strong></span> <span class='ocrx_word' id='word_1_59' title='bbox 1475 1018 1627 1092; x_wconf 74' lang='lat' dir='ltr'><strong>(Gen.</strong></span> <span class='ocrx_word' id='word_1_60' title='bbox 1658 1018 1917 1086; x_wconf 81' lang='lat' dir='ltr'><strong>xxxvm).</strong></span> <span class='ocrx_word' id='word_1_61' title='bbox 1949 1014 2114 1071; x_wconf 87' lang='lat' dir='ltr'><strong>Unde</strong></span> 
     </span>
    </p>
   </div>
   <div class='ocr_carea' id='block_1_10' title="bbox 458 1101 2114 1178">
    <p class='ocr_par' dir='ltr' id='par_1_10' title="bbox 458 1101 2114 1178">
     <span class='ocr_line' id='line_1_10' title="bbox 458 1101 2114 1178; baseline -0.007 -7"><span class='ocrx_word' id='word_1_62' title='bbox 458 1106 579 1171; x_wconf 76' lang='lat' dir='ltr'><strong>non</strong></span> <span class='ocrx_word' id='word_1_63' title='bbox 599 1111 896 1170; x_wconf 86' lang='lat' dir='ltr'><strong>credimus</strong></span> <span class='ocrx_word' id='word_1_64' title='bbox 912 1109 1014 1167; x_wconf 88' lang='lat' dir='ltr'><strong>tali</strong></span> <span class='ocrx_word' id='word_1_65' title='bbox 1039 1107 1350 1166; x_wconf 75' lang='lat' dir='ltr'><strong>concubitu</strong></span> <span class='ocrx_word' id='word_1_66' title='bbox 1381 1107 1521 1164; x_wconf 89' lang='lat' dir='ltr'><strong>hinc</strong></span> <span class='ocrx_word' id='word_1_67' title='bbox 1551 1106 1833 1163; x_wconf 82' lang='lat' dir='ltr'><strong>feminam</strong></span> <span class='ocrx_word' id='word_1_68' title='bbox 1855 1101 2114 1178; x_wconf 88' lang='lat' dir='ltr'><strong>potuisse</strong></span> 
     </span>
    </p>
   </div>
   <div class='ocr_carea' id='block_1_11' title="bbox 459 1191 2113 1275">
    <p class='ocr_par' dir='ltr' id='par_1_11' title="bbox 459 1191 2113 1275">
     <span class='ocr_line' id='line_1_11' title="bbox 459 1191 2113 1275; baseline -0.007 -16"><span class='ocrx_word' id='word_1_69' title='bbox 459 1196 782 1275; x_wconf 70' lang='lat' dir='ltr'><strong>concipere.</strong></span> <span class='ocrx_word' id='word_1_70' title='bbox 818 1195 946 1256; x_wconf 75' lang='lat' dir='ltr'><strong>llaec</strong></span> <span class='ocrx_word' id='word_1_71' title='bbox 995 1198 1124 1255; x_wconf 91' lang='lat' dir='ltr'><strong>ideo</strong></span> <span class='ocrx_word' id='word_1_72' title='bbox 1179 1195 1435 1271; x_wconf 92' lang='lat' dir='ltr'><strong>episcopi</strong></span> <span class='ocrx_word' id='word_1_73' title='bbox 1495 1192 1768 1264; x_wconf 86' lang='lat' dir='ltr'><strong>dicimus,</strong></span> <span class='ocrx_word' id='word_1_74' title='bbox 1801 1210 1918 1250; x_wconf 91' lang='lat' dir='ltr'><strong>non</strong></span> <span class='ocrx_word' id='word_1_75' title='bbox 1955 1191 2113 1266; x_wconf 90' lang='lat' dir='ltr'><strong>quod</strong></span> 
     </span>
    </p>
   </div>
   <div class='ocr_carea' id='block_1_12' title="bbox 461 1272 2113 1365">
    <p class='ocr_par' dir='ltr' id='par_1_12' title="bbox 461 1272 2113 1365">
     <span class='ocr_line' id='line_1_12' title="bbox 461 1272 2113 1365; baseline -0.007 -17"><span class='ocrx_word' id='word_1_76' title='bbox 461 1272 791 1365; x_wconf 77' lang='lat' dir='ltr'><strong>puellarum</strong></span> <span class='ocrx_word' id='word_1_77' title='bbox 838 1282 1148 1365; x_wconf 73' lang='lat' dir='ltr'><strong>virginalis.</strong></span> <span class='ocrx_word' id='word_1_78' title='bbox 1193 1284 1283 1342; x_wconf 86' lang='lat' dir='ltr'><strong>vel</strong></span> <span class='ocrx_word' id='word_1_79' title='bbox 1317 1283 1668 1342; x_wconf 87' lang='lat' dir='ltr'><strong>teminarum</strong></span> <span class='ocrx_word' id='word_1_80' title='bbox 1711 1284 1950 1351; x_wconf 88' lang='lat' dir='ltr'><strong>secreta,</strong></span> <span class='ocrx_word' id='word_1_81' title='bbox 1985 1298 2113 1354; x_wconf 69' lang='lat' dir='ltr'><strong>qum</strong></span> 
     </span>
    </p>
   </div>
   <div class='ocr_carea' id='block_1_13' title="bbox 460 1368 2115 1454">
    <p class='ocr_par' dir='ltr' id='par_1_13' title="bbox 460 1368 2115 1454">
     <span class='ocr_line' id='line_1_13' title="bbox 460 1368 2115 1454; baseline -0.007 -18"><span class='ocrx_word' id='word_1_82' title='bbox 460 1368 856 1454; x_wconf 80' lang='lat' dir='ltr'><strong>experimento</strong></span> <span class='ocrx_word' id='word_1_83' title='bbox 887 1374 1204 1444; x_wconf 85' lang='lat' dir='ltr'><strong>nescimus,</strong></span> <span class='ocrx_word' id='word_1_84' title='bbox 1239 1371 1558 1430; x_wconf 90' lang='lat' dir='ltr'><strong>scientibus</strong></span> <span class='ocrx_word' id='word_1_85' title='bbox 1592 1370 1864 1441; x_wconf 89' lang='lat' dir='ltr'><strong>revelare,</strong></span> <span class='ocrx_word' id='word_1_86' title='bbox 1888 1372 1992 1427; x_wconf 90' lang='lat' dir='ltr'><strong>aut</strong></span> <span class='ocrx_word' id='word_1_87' title='bbox 2019 1384 2115 1426; x_wconf 89' lang='lat' dir='ltr'><strong>ne-</strong></span> 
     </span>
    </p>
   </div>
   <div class='ocr_carea' id='block_1_14' title="bbox 464 1454 2113 1547">
    <p class='ocr_par' dir='ltr' id='par_1_14' title="bbox 464 1454 2113 1547">
     <span class='ocr_line' id='line_1_14' title="bbox 464 1454 2113 1547; baseline -0.008 -21"><span class='ocrx_word' id='word_1_88' title='bbox 464 1464 786 1547; x_wconf 78' lang='lat' dir='ltr'><strong>scientibus</strong></span> <span class='ocrx_word' id='word_1_89' title='bbox 806 1463 1108 1522; x_wconf 87' lang='lat' dir='ltr'><strong>insinuare</strong></span> <span class='ocrx_word' id='word_1_90' title='bbox 1128 1461 1377 1518; x_wconf 86' lang='lat' dir='ltr'><strong>velimus</strong></span> <span class='ocrx_word' id='word_1_91' title='bbox 1392 1478 1407 1531; x_wconf 84' lang='lat'><strong>;</strong></span> <span class='ocrx_word' id='word_1_92' title='bbox 1422 1460 1520 1518; x_wconf 89' lang='lat' dir='ltr'><strong>sed</strong></span> <span class='ocrx_word' id='word_1_93' title='bbox 1535 1454 1813 1534; x_wconf 89' lang='lat' dir='ltr'><strong>quoniam</strong></span> <span class='ocrx_word' id='word_1_94' title='bbox 1826 1458 2113 1533; x_wconf 89' lang='lat' dir='ltr'><strong>scriptum</strong></span> 
     </span>
    </p>
   </div>
   <div class='ocr_carea' id='block_1_15' title="bbox 463 1546 2112 1627">
    <p class='ocr_par' dir='ltr' id='par_1_15' title="bbox 463 1546 2112 1627">
     <span class='ocr_line' id='line_1_15' title="bbox 463 1546 2112 1627; baseline -0.007 -13"><span class='ocrx_word' id='word_1_95' title='bbox 463 1546 598 1615; x_wconf 74' lang='lat' dir='ltr'><strong>est:</strong></span> <span class='ocrx_word' id='word_1_96' title='bbox 634 1546 868 1625; x_wconf 64' lang='lat' dir='ltr'><strong>Causam</strong></span> <span class='ocrx_word' id='word_1_97' title='bbox 895 1569 1058 1627; x_wconf 84' lang='lat' dir='ltr'><strong>quam</strong></span> <span class='ocrx_word' id='word_1_98' title='bbox 1085 1551 1391 1608; x_wconf 74' lang='lat' dir='ltr'><strong>nesciebam</strong></span> <span class='ocrx_word' id='word_1_99' title='bbox 1435 1548 1854 1620; x_wconf 74' lang='lat' dir='ltr'><strong>diligentissime</strong></span> <span class='ocrx_word' id='word_1_100' title='bbox 1889 1546 2112 1603; x_wconf 71' lang='lat' dir='ltr'><strong>investi-</strong></span> 
     </span>
    </p>
   </div>
   <div class='ocr_carea' id='block_1_16' title="bbox 463 1628 2112 1718">
    <p class='ocr_par' dir='ltr' id='par_1_16' title="bbox 463 1628 2112 1718">
     <span class='ocr_line' id='line_1_16' title="bbox 463 1628 2112 1718; baseline -0.005 -19"><span class='ocrx_word' id='word_1_101' title='bbox 463 1644 661 1718; x_wconf 84' lang='lat' dir='ltr'><strong>gabam</strong></span> <span class='ocrx_word' id='word_1_102' title='bbox 689 1641 807 1712; x_wconf 79' lang='lat' dir='ltr'><strong>(Job</strong></span> <span class='ocrx_word' id='word_1_103' title='bbox 836 1657 992 1706; x_wconf 70' lang='grc' dir='ltr'><strong>χχιχ,</strong></span> <span class='ocrx_word' id='word_1_104' title='bbox 1025 1639 1135 1709; x_wconf 86' lang='grc'><strong>16),</strong></span> <span class='ocrx_word' id='word_1_105' title='bbox 1167 1628 1401 1694; x_wconf 64' lang='grc' dir='ltr'><strong>ἰὰοἱνοό</strong></span> <span class='ocrx_word' id='word_1_106' title='bbox 1441 1653 1569 1710; x_wconf 68' lang='lat' dir='ltr'><strong>quae</strong></span> <span class='ocrx_word' id='word_1_107' title='bbox 1601 1635 1661 1692; x_wconf 89' lang='lat' dir='ltr'><strong>in</strong></span> <span class='ocrx_word' id='word_1_108' title='bbox 1691 1634 1958 1693; x_wconf 76' lang='lat' dir='ltr'><strong>Ecclesiae</strong></span> <span class='ocrx_word' id='word_1_109' title='bbox 1988 1648 2112 1691; x_wconf 89' lang='lat' dir='ltr'><strong>ma-</strong></span> 
     </span>
    </p>
   </div>
   <div class='ocr_carea' id='block_1_17' title="bbox 463 1723 2114 1806">
    <p class='ocr_par' dir='ltr' id='par_1_17' title="bbox 463 1723 2114 1806">
     <span class='ocr_line' id='line_1_17' title="bbox 463 1723 2114 1806; baseline -0.006 -17"><span class='ocrx_word' id='word_1_110' title='bbox 463 1731 780 1806; x_wconf 88' lang='lat' dir='ltr'><strong>gistrorum</strong></span> <span class='ocrx_word' id='word_1_111' title='bbox 838 1726 1075 1802; x_wconf 86' lang='lat' dir='ltr'><strong>scriptis</strong></span> <span class='ocrx_word' id='word_1_112' title='bbox 1121 1725 1456 1800; x_wconf 88' lang='lat' dir='ltr'><strong>relegimus,</strong></span> <span class='ocrx_word' id='word_1_113' title='bbox 1487 1729 1624 1783; x_wconf 85' lang='lat' dir='ltr'><strong>ante</strong></span> <span class='ocrx_word' id='word_1_114' title='bbox 1653 1723 1853 1782; x_wconf 90' lang='lat' dir='ltr'><strong>oculos</strong></span> <span class='ocrx_word' id='word_1_115' title='bbox 1883 1738 2114 1780; x_wconf 89' lang='lat' dir='ltr'><strong>revoca-</strong></span> 
     </span>
    </p>
   </div>
   <div class='ocr_carea' id='block_1_18' title="bbox 463 1810 2113 1891">
    <p class='ocr_par' dir='ltr' id='par_1_18' title="bbox 463 1810 2113 1891">
     <span class='ocr_line' id='line_1_18' title="bbox 463 1810 2113 1891; baseline -0.006 -13"><span class='ocrx_word' id='word_1_116' title='bbox 463 1837 621 1889; x_wconf 85' lang='lat' dir='ltr'><strong>mus,</strong></span> <span class='ocrx_word' id='word_1_117' title='bbox 655 1817 785 1877; x_wconf 91' lang='lat' dir='ltr'><strong>utsi</strong></span> <span class='ocrx_word' id='word_1_118' title='bbox 815 1817 876 1874; x_wconf 93' lang='lat' dir='ltr'><strong>in</strong></span> <span class='ocrx_word' id='word_1_119' title='bbox 905 1814 1250 1890; x_wconf 84' lang='lat' dir='ltr'><strong>hujusmodi</strong></span> <span class='ocrx_word' id='word_1_120' title='bbox 1279 1813 1662 1891; x_wconf 87' lang='lat' dir='ltr'><strong>deprehensa,</strong></span> <span class='ocrx_word' id='word_1_121' title='bbox 1689 1810 1763 1870; x_wconf 89' lang='lat' dir='ltr'><strong>ad</strong></span> <span class='ocrx_word' id='word_1_122' title='bbox 1795 1830 1902 1870; x_wconf 89' lang='lat' dir='ltr'><strong>nos</strong></span> <span class='ocrx_word' id='word_1_123' title='bbox 1929 1812 1999 1868; x_wconf 90' lang='lat' dir='ltr'><strong>de</strong></span> <span class='ocrx_word' id='word_1_124' title='bbox 2020 1812 2113 1885; x_wconf 90' lang='lat' dir='ltr'><strong>ju-</strong></span> 
     </span>
    </p>
   </div>
   <div class='ocr_carea' id='block_1_19' title="bbox 464 1901 2206 2012">
    <p class='ocr_par' dir='ltr' id='par_1_19' title="bbox 464 1901 2206 2012">
     <span class='ocr_line' id='line_1_19' title="bbox 464 1901 2206 2012; baseline -0.006 -47"><span class='ocrx_word' id='word_1_125' title='bbox 464 1906 617 1965; x_wconf 90' lang='lat' dir='ltr'><strong>dicio</strong></span> <span class='ocrx_word' id='word_1_126' title='bbox 639 1908 940 1982; x_wconf 84' lang='lat' dir='ltr'><strong>justorum</strong></span> <span class='ocrx_word' id='word_1_127' title='bbox 962 1903 1258 2012; x_wconf 44' lang='lat' dir='ltr'><strong>judicum.</strong></span> <span class='ocrx_word' id='word_1_128' title='bbox 1267 1907 1472 1978; x_wconf 88' lang='lat' dir='ltr'><strong>petens</strong></span> <span class='ocrx_word' id='word_1_129' title='bbox 1510 1901 1913 2003; x_wconf 70' lang='lat' dir='ltr'><strong>paenitentiam</strong></span> <span class='ocrx_word' id='word_1_130' title='bbox 1941 1916 2113 1958; x_wconf 89' lang='lat' dir='ltr'><strong>vene-</strong></span> <span class='ocrx_word' id='word_1_131' title='bbox 2146 1904 2206 2012; x_wconf 48' lang='lat' dir='ltr'><strong>ﬁt</strong></span> 
     </span>
    </p>
   </div>
   <div class='ocr_carea' id='block_1_20' title="bbox 464 1991 1746 2067">
    <p class='ocr_par' dir='ltr' id='par_1_20' title="bbox 464 1991 1746 2067">
     <span class='ocr_line' id='line_1_20' title="bbox 464 1991 1746 2067; baseline -0.006 -13"><span class='ocrx_word' id='word_1_132' title='bbox 464 1996 562 2065; x_wconf 89' lang='lat' dir='ltr'><strong>rit,</strong></span> <span class='ocrx_word' id='word_1_133' title='bbox 595 1997 722 2054; x_wconf 89' lang='lat' dir='ltr'><strong>sine</strong></span> <span class='ocrx_word' id='word_1_134' title='bbox 750 2011 945 2052; x_wconf 90' lang='lat' dir='ltr'><strong>errore</strong></span> <span class='ocrx_word' id='word_1_135' title='bbox 974 1991 1103 2050; x_wconf 84' lang='lat' dir='ltr'><strong>eam</strong></span> <span class='ocrx_word' id='word_1_136' title='bbox 1127 1992 1398 2067; x_wconf 83' lang='lat' dir='ltr'><strong>judicare</strong></span> <span class='ocrx_word' id='word_1_137' title='bbox 1425 1991 1746 2064; x_wconf 85' lang='lat' dir='ltr'><strong>possimus.</strong></span> 
     </span>
    </p>
   </div>
   <div class='ocr_carea' id='block_1_21' title="bbox 538 2078 2122 2159">
    <p class='ocr_par' dir='ltr' id='par_1_21' title="bbox 538 2078 2122 2159">
     <span class='ocr_line' id='line_1_21' title="bbox 538 2078 2122 2159; baseline -0.005 -16"><span class='ocrx_word' id='word_1_138' title='bbox 538 2082 900 2159; x_wconf 83' lang='lat' dir='ltr'><strong>Quapropter</strong></span> <span class='ocrx_word' id='word_1_139' title='bbox 927 2086 986 2139; x_wconf 92' lang='lat' dir='ltr'><strong>et</strong></span> <span class='ocrx_word' id='word_1_140' title='bbox 1015 2078 1309 2151; x_wconf 86' lang='lat' dir='ltr'><strong>addimus,</strong></span> <span class='ocrx_word' id='word_1_141' title='bbox 1331 2083 1399 2136; x_wconf 91' lang='lat' dir='ltr'><strong>ut</strong></span> <span class='ocrx_word' id='word_1_142' title='bbox 1427 2080 1477 2136; x_wconf 89' lang='lat' dir='ltr'><strong>si</strong></span> <span class='ocrx_word' id='word_1_143' title='bbox 1509 2079 1763 2136; x_wconf 89' lang='lat' dir='ltr'><strong>domnus</strong></span> <span class='ocrx_word' id='word_1_144' title='bbox 1795 2081 1997 2136; x_wconf 89' lang='lat' dir='ltr'><strong>noster</strong></span> <span class='ocrx_word' id='word_1_145' title='bbox 2022 2095 2122 2134; x_wconf 80' lang='lat' dir='ltr'><strong>rex</strong></span> 
     </span>
    </p>
   </div>
   <div class='ocr_carea' id='block_1_22' title="bbox 469 2160 2124 2248">
    <p class='ocr_par' dir='ltr' id='par_1_22' title="bbox 469 2160 2124 2248">
     <span class='ocr_line' id='line_1_22' title="bbox 469 2160 2124 2248; baseline -0.004 -18"><span class='ocrx_word' id='word_1_146' title='bbox 469 2172 809 2248; x_wconf 77' lang='lat' dir='ltr'><strong>praedictam</strong></span> <span class='ocrx_word' id='word_1_147' title='bbox 841 2170 1121 2227; x_wconf 84' lang='lat' dir='ltr'><strong>feminam</strong></span> <span class='ocrx_word' id='word_1_148' title='bbox 1152 2160 1374 2226; x_wconf 78' lang='lat' dir='ltr'><strong>invenit</strong></span> <span class='ocrx_word' id='word_1_149' title='bbox 1401 2168 1706 2245; x_wconf 82' lang='lat' dir='ltr'><strong>virginem,</strong></span> <span class='ocrx_word' id='word_1_150' title='bbox 1737 2185 1843 2225; x_wconf 91' lang='lat' dir='ltr'><strong>cur</strong></span> <span class='ocrx_word' id='word_1_151' title='bbox 1871 2184 2000 2224; x_wconf 89' lang='lat' dir='ltr'><strong>eam</strong></span> <span class='ocrx_word' id='word_1_152' title='bbox 2031 2167 2124 2223; x_wconf 90' lang='lat' dir='ltr'><strong>de-</strong></span> 
     </span>
    </p>
   </div>
   <div class='ocr_carea' id='block_1_23' title="bbox 471 2247 2124 2335">
    <p class='ocr_par' dir='ltr' id='par_1_23' title="bbox 471 2247 2124 2335">
     <span class='ocr_line' id='line_1_23' title="bbox 471 2247 2124 2335; baseline -0.004 -16"><span class='ocrx_word' id='word_1_153' title='bbox 471 2247 662 2319; x_wconf 73' lang='lat' dir='ltr'><strong>notari</strong></span> <span class='ocrx_word' id='word_1_154' title='bbox 719 2258 890 2335; x_wconf 87' lang='lat' dir='ltr'><strong>quasi</strong></span> <span class='ocrx_word' id='word_1_155' title='bbox 949 2261 1279 2332; x_wconf 86' lang='lat' dir='ltr'><strong>stupratam</strong></span> <span class='ocrx_word' id='word_1_156' title='bbox 1341 2258 1678 2314; x_wconf 84' lang='lat' dir='ltr'><strong>consentit?</strong></span> <span class='ocrx_word' id='word_1_157' title='bbox 1705 2256 1765 2314; x_wconf 89' lang='lat' dir='ltr'><strong>Si</strong></span> <span class='ocrx_word' id='word_1_158' title='bbox 1795 2273 1928 2314; x_wconf 88' lang='lat' dir='ltr'><strong>vero</strong></span> <span class='ocrx_word' id='word_1_159' title='bbox 1959 2254 2124 2313; x_wconf 91' lang='lat' dir='ltr'><strong>illam</strong></span> 
     </span>
    </p>
   </div>
   <div class='ocr_carea' id='block_1_24' title="bbox 469 2343 2125 2424">
    <p class='ocr_par' dir='ltr' id='par_1_24' title="bbox 469 2343 2125 2424">
     <span class='ocr_line' id='line_1_24' title="bbox 469 2343 2125 2424; baseline -0.005 -16"><span class='ocrx_word' id='word_1_160' title='bbox 469 2344 758 2424; x_wconf 77' lang='lat' dir='ltr'><strong>virginem</strong></span> <span class='ocrx_word' id='word_1_161' title='bbox 789 2365 906 2406; x_wconf 90' lang='lat' dir='ltr'><strong>non</strong></span> <span class='ocrx_word' id='word_1_162' title='bbox 940 2347 1178 2417; x_wconf 88' lang='lat' dir='ltr'><strong>invenit,</strong></span> <span class='ocrx_word' id='word_1_163' title='bbox 1207 2362 1387 2420; x_wconf 88' lang='lat' dir='ltr'><strong>quare</strong></span> <span class='ocrx_word' id='word_1_164' title='bbox 1437 2346 1643 2404; x_wconf 89' lang='lat' dir='ltr'><strong>tandiu</strong></span> <span class='ocrx_word' id='word_1_165' title='bbox 1693 2363 1822 2403; x_wconf 87' lang='lat' dir='ltr'><strong>eam</strong></span> <span class='ocrx_word' id='word_1_166' title='bbox 1861 2343 2125 2421; x_wconf 77' lang='lat' dir='ltr'><strong>retinuit,</strong></span> 
     </span>
    </p>
   </div>
   <div class='ocr_carea' id='block_1_25' title="bbox 472 2432 2128 2508">
    <p class='ocr_par' dir='ltr' id='par_1_25' title="bbox 472 2432 2128 2508">
     <span class='ocr_line' id='line_1_25' title="bbox 472 2432 2128 2508; baseline -0.002 -12"><span class='ocrx_word' id='word_1_167' title='bbox 472 2436 563 2497; x_wconf 78' lang='lat' dir='ltr'><strong>vel</strong></span> <span class='ocrx_word' id='word_1_168' title='bbox 585 2455 693 2494; x_wconf 90' lang='lat' dir='ltr'><strong>cur</strong></span> <span class='ocrx_word' id='word_1_169' title='bbox 709 2436 782 2495; x_wconf 90' lang='lat' dir='ltr'><strong>de</strong></span> <span class='ocrx_word' id='word_1_170' title='bbox 802 2435 902 2492; x_wconf 91' lang='lat' dir='ltr'><strong>illa</strong></span> <span class='ocrx_word' id='word_1_171' title='bbox 920 2435 1218 2507; x_wconf 89' lang='lat' dir='ltr'><strong>judicium</strong></span> <span class='ocrx_word' id='word_1_172' title='bbox 1250 2434 1702 2492; x_wconf 77' lang='lat' dir='ltr'><strong>oxaminationis</strong></span> <span class='ocrx_word' id='word_1_173' title='bbox 1734 2434 1952 2508; x_wconf 88' lang='lat' dir='ltr'><strong>recepit</strong></span> <span class='ocrx_word' id='word_1_174' title='bbox 1968 2435 1998 2491; x_wconf 84' lang='lat'><strong>?</strong></span> <span class='ocrx_word' id='word_1_175' title='bbox 2022 2432 2128 2492; x_wconf 86' lang='lat' dir='ltr'><strong>Ve-</strong></span> 
     </span>
    </p>
   </div>
   <div class='ocr_carea' id='block_1_26' title="bbox 486 2522 2130 2598">
    <p class='ocr_par' dir='ltr' id='par_1_26' title="bbox 486 2522 2130 2598">
     <span class='ocr_line' id='line_1_26' title="bbox 486 2522 2130 2598; baseline -0.002 -14"><span class='ocrx_word' id='word_1_176' title='bbox 486 2545 620 2584; x_wconf 89' lang='lat' dir='ltr'><strong>rum</strong></span> <span class='ocrx_word' id='word_1_177' title='bbox 641 2524 725 2582; x_wconf 90' lang='lat' dir='ltr'><strong>illi</strong></span> <span class='ocrx_word' id='word_1_178' title='bbox 748 2522 1099 2582; x_wconf 87' lang='lat' dir='ltr'><strong>nobilissimi</strong></span> <span class='ocrx_word' id='word_1_179' title='bbox 1122 2522 1253 2580; x_wconf 86' lang='lat' dir='ltr'><strong>laici</strong></span> <span class='ocrx_word' id='word_1_180' title='bbox 1275 2524 1592 2598; x_wconf 87' lang='lat' dir='ltr'><strong>conjngati,</strong></span> <span class='ocrx_word' id='word_1_181' title='bbox 1617 2527 1676 2579; x_wconf 91' lang='lat' dir='ltr'><strong>et</strong></span> <span class='ocrx_word' id='word_1_182' title='bbox 1697 2522 2014 2596; x_wconf 74' lang='lat' dir='ltr'><strong>aequissimi</strong></span> <span class='ocrx_word' id='word_1_183' title='bbox 2037 2525 2130 2597; x_wconf 90' lang='lat' dir='ltr'><strong>ju-</strong></span> 
     </span>
    </p>
   </div>
   <div class='ocr_carea' id='block_1_27' title="bbox 486 2609 2131 2688">
    <p class='ocr_par' dir='ltr' id='par_1_27' title="bbox 486 2609 2131 2688">
     <span class='ocr_line' id='line_1_27' title="bbox 486 2609 2131 2688; baseline -0.003 -14"><span class='ocrx_word' id='word_1_184' title='bbox 486 2614 666 2682; x_wconf 88' lang='lat' dir='ltr'><strong>dices,</strong></span> <span class='ocrx_word' id='word_1_185' title='bbox 698 2613 802 2688; x_wconf 88' lang='lat' dir='ltr'><strong>qui</strong></span> <span class='ocrx_word' id='word_1_186' title='bbox 833 2614 905 2670; x_wconf 90' lang='lat' dir='ltr'><strong>de</strong></span> <span class='ocrx_word' id='word_1_187' title='bbox 933 2613 1042 2670; x_wconf 90' lang='lat' dir='ltr'><strong>hoc</strong></span> <span class='ocrx_word' id='word_1_188' title='bbox 1063 2612 1331 2686; x_wconf 86' lang='lat' dir='ltr'><strong>judicare</strong></span> <span class='ocrx_word' id='word_1_189' title='bbox 1367 2612 1685 2681; x_wconf 87' lang='lat' dir='ltr'><strong>debebunt,</strong></span> <span class='ocrx_word' id='word_1_190' title='bbox 1717 2609 1930 2669; x_wconf 85' lang='lat' dir='ltr'><strong>melius</strong></span> <span class='ocrx_word' id='word_1_191' title='bbox 1960 2611 2131 2669; x_wconf 86' lang='lat' dir='ltr'><strong>nobis</strong></span> 
     </span>
    </p>
   </div>
   <div class='ocr_carea' id='block_1_28' title="bbox 488 2698 2131 2781">
    <p class='ocr_par' dir='ltr' id='par_1_28' title="bbox 488 2698 2131 2781">
     <span class='ocr_line' id='line_1_28' title="bbox 488 2698 2131 2781; baseline -0.002 -19"><span class='ocrx_word' id='word_1_192' title='bbox 488 2708 549 2762; x_wconf 85' lang='lat' dir='ltr'><strong>et</strong></span> <span class='ocrx_word' id='word_1_193' title='bbox 565 2700 739 2762; x_wconf 88' lang='lat' dir='ltr'><strong>citius</strong></span> <span class='ocrx_word' id='word_1_194' title='bbox 768 2721 872 2781; x_wconf 89' lang='lat' dir='ltr'><strong>per</strong></span> <span class='ocrx_word' id='word_1_195' title='bbox 900 2718 964 2759; x_wconf 88' lang='lat' dir='ltr'><strong>se</strong></span> <span class='ocrx_word' id='word_1_196' title='bbox 993 2701 1160 2771; x_wconf 88' lang='lat' dir='ltr'><strong>scire,</strong></span> <span class='ocrx_word' id='word_1_197' title='bbox 1185 2704 1244 2758; x_wconf 89' lang='lat' dir='ltr'><strong>et</strong></span> <span class='ocrx_word' id='word_1_198' title='bbox 1270 2699 1507 2757; x_wconf 88' lang='lat' dir='ltr'><strong>licentia</strong></span> <span class='ocrx_word' id='word_1_199' title='bbox 1536 2698 1793 2758; x_wconf 87' lang='lat' dir='ltr'><strong>maritali</strong></span> <span class='ocrx_word' id='word_1_200' title='bbox 1832 2701 1905 2756; x_wconf 89' lang='lat' dir='ltr'><strong>ab</strong></span> <span class='ocrx_word' id='word_1_201' title='bbox 1937 2700 2131 2759; x_wconf 83' lang='lat' dir='ltr'><strong>uxori-</strong></span> 
     </span>
    </p>
   </div>
   <div class='ocr_carea' id='block_1_29' title="bbox 486 2788 2133 2866">
    <p class='ocr_par' dir='ltr' id='par_1_29' title="bbox 486 2788 2133 2866">
     <span class='ocr_line' id='line_1_29' title="bbox 486 2788 2133 2866; baseline -0.002 -15"><span class='ocrx_word' id='word_1_202' title='bbox 486 2793 600 2863; x_wconf 88' lang='lat' dir='ltr'><strong>bus</strong></span> <span class='ocrx_word' id='word_1_203' title='bbox 621 2792 844 2853; x_wconf 84' lang='lat' dir='ltr'><strong>discere</strong></span> <span class='ocrx_word' id='word_1_204' title='bbox 872 2790 1286 2866; x_wconf 70' lang='lat' dir='ltr'><strong>praevalebunt,</strong></span> <span class='ocrx_word' id='word_1_205' title='bbox 1311 2793 1509 2847; x_wconf 89' lang='lat' dir='ltr'><strong>utrum</strong></span> <span class='ocrx_word' id='word_1_206' title='bbox 1536 2788 1640 2847; x_wconf 89' lang='lat' dir='ltr'><strong>tali</strong></span> <span class='ocrx_word' id='word_1_207' title='bbox 1671 2788 1865 2860; x_wconf 90' lang='lat' dir='ltr'><strong>modo,</strong></span> <span class='ocrx_word' id='word_1_208' title='bbox 1889 2790 2042 2847; x_wconf 88' lang='lat' dir='ltr'><strong>sicut</strong></span> <span class='ocrx_word' id='word_1_209' title='bbox 2061 2789 2133 2848; x_wconf 91' lang='lat' dir='ltr'><strong>de</strong></span> 
     </span>
    </p>
   </div>
   <div class='ocr_carea' id='block_1_30' title="bbox 486 2879 2129 2957">
    <p class='ocr_par' dir='ltr' id='par_1_30' title="bbox 486 2879 2129 2957">
     <span class='ocr_line' id='line_1_30' title="bbox 486 2879 2129 2957; baseline -0.004 -17"><span class='ocrx_word' id='word_1_210' title='bbox 486 2879 983 2957; x_wconf 30' lang='lat' dir='ltr'><strong>istaraudivimus,</strong></span> <span class='ocrx_word' id='word_1_211' title='bbox 1015 2879 1231 2936; x_wconf 83' lang='lat' dir='ltr'><strong>femina</strong></span> <span class='ocrx_word' id='word_1_212' title='bbox 1274 2879 1549 2954; x_wconf 70' lang='lat' dir='ltr'><strong>quaelibet</strong></span> <span class='ocrx_word' id='word_1_213' title='bbox 1590 2879 1780 2955; x_wconf 87' lang='lat' dir='ltr'><strong>poscit</strong></span> <span class='ocrx_word' id='word_1_214' title='bbox 1806 2879 2129 2953; x_wconf 89' lang='lat' dir='ltr'><strong>concipere.</strong></span> 
     </span>
    </p>
   </div>
   <div class='ocr_carea' id='block_1_31' title="bbox 486 2965 2133 3029">
    <p class='ocr_par' dir='ltr' id='par_1_31' title="bbox 486 2965 2133 3029">
     <span class='ocr_line' id='line_1_31' title="bbox 486 2965 2133 3029; baseline -0.004 0"><span class='ocrx_word' id='word_1_215' title='bbox 486 2972 558 3029; x_wconf 88' lang='lat' dir='ltr'><strong>Et</strong></span> <span class='ocrx_word' id='word_1_216' title='bbox 577 2987 814 3028; x_wconf 87' lang='lat' dir='ltr'><strong>necesse</strong></span> <span class='ocrx_word' id='word_1_217' title='bbox 851 2973 940 3026; x_wconf 88' lang='lat' dir='ltr'><strong>est</strong></span> <span class='ocrx_word' id='word_1_218' title='bbox 975 2966 1094 3025; x_wconf 85' lang='lat' dir='ltr'><strong>illis</strong></span> <span class='ocrx_word' id='word_1_219' title='bbox 1125 2968 1233 3025; x_wconf 88' lang='lat' dir='ltr'><strong>hoc</strong></span> <span class='ocrx_word' id='word_1_220' title='bbox 1263 2968 1538 3025; x_wconf 89' lang='lat' dir='ltr'><strong>solertius</strong></span> <span class='ocrx_word' id='word_1_221' title='bbox 1559 2970 1616 3024; x_wconf 89' lang='lat' dir='ltr'><strong>ct</strong></span> <span class='ocrx_word' id='word_1_222' title='bbox 1641 2968 1932 3025; x_wconf 88' lang='lat' dir='ltr'><strong>curiosius</strong></span> <span class='ocrx_word' id='word_1_223' title='bbox 1961 2965 2133 3023; x_wconf 89' lang='lat' dir='ltr'><strong>vesti-</strong></span> 
     </span>
    </p>
   </div>
   <div class='ocr_carea' id='block_1_32' title="bbox 485 3054 2135 3143">
    <p class='ocr_par' dir='ltr' id='par_1_32' title="bbox 485 3054 2135 3143">
     <span class='ocr_line' id='line_1_32' title="bbox 485 3054 2135 3143; baseline -0.004 -25"><span class='ocrx_word' id='word_1_224' title='bbox 485 3077 646 3143; x_wconf 84' lang='lat' dir='ltr'><strong>gare,</strong></span> <span class='ocrx_word' id='word_1_225' title='bbox 677 3074 750 3116; x_wconf 89' lang='lat' dir='ltr'><strong>ne</strong></span> <span class='ocrx_word' id='word_1_226' title='bbox 779 3059 926 3116; x_wconf 84' lang='lat' dir='ltr'><strong>forte</strong></span> <span class='ocrx_word' id='word_1_227' title='bbox 971 3057 1033 3114; x_wconf 92' lang='lat' dir='ltr'><strong>in</strong></span> <span class='ocrx_word' id='word_1_228' title='bbox 1078 3057 1190 3114; x_wconf 89' lang='lat' dir='ltr'><strong>hoc</strong></span> <span class='ocrx_word' id='word_1_229' title='bbox 1226 3056 1475 3131; x_wconf 83' lang='lat' dir='ltr'><strong>justitiae</strong></span> <span class='ocrx_word' id='word_1_230' title='bbox 1503 3060 1562 3113; x_wconf 91' lang='lat' dir='ltr'><strong>et</strong></span> <span class='ocrx_word' id='word_1_231' title='bbox 1589 3055 1882 3130; x_wconf 70' lang='lat' dir='ltr'><strong>aequitatis</strong></span> <span class='ocrx_word' id='word_1_232' title='bbox 1909 3054 2135 3131; x_wconf 86' lang='lat' dir='ltr'><strong>judicio</strong></span> 
     </span>
    </p>
   </div>
   <div class='ocr_carea' id='block_1_33' title="bbox 488 3144 2136 3223">
    <p class='ocr_par' dir='ltr' id='par_1_33' title="bbox 488 3144 2136 3223">
     <span class='ocr_line' id='line_1_33' title="bbox 488 3144 2136 3223; baseline -0.002 -17"><span class='ocrx_word' id='word_1_233' title='bbox 488 3146 718 3223; x_wconf 88' lang='lat' dir='ltr'><strong>possint</strong></span> <span class='ocrx_word' id='word_1_234' title='bbox 747 3163 1100 3223; x_wconf 89' lang='lat' dir='ltr'><strong>quocunque</strong></span> <span class='ocrx_word' id='word_1_235' title='bbox 1127 3163 1320 3203; x_wconf 86' lang='lat' dir='ltr'><strong>errore</strong></span> <span class='ocrx_word' id='word_1_236' title='bbox 1348 3145 1876 3218; x_wconf 88' lang='lat' dir='ltr'><strong>interprehendere,</strong></span> <span class='ocrx_word' id='word_1_237' title='bbox 1891 3144 2046 3218; x_wconf 92' lang='lat' dir='ltr'><strong>quod</strong></span> <span class='ocrx_word' id='word_1_238' title='bbox 2070 3146 2136 3203; x_wconf 85' lang='lat' dir='ltr'><strong>ut</strong></span> 
     </span>
    </p>
   </div>
   <div class='ocr_carea' id='block_1_34' title="bbox 489 3232 2138 3315">
    <p class='ocr_par' dir='ltr' id='par_1_34' title="bbox 489 3232 2138 3315">
     <span class='ocr_line' id='line_1_34' title="bbox 489 3232 2138 3315; baseline -0.002 -21"><span class='ocrx_word' id='word_1_239' title='bbox 489 3238 560 3315; x_wconf 79' lang='lat' dir='ltr'><strong>de</strong></span> <span class='ocrx_word' id='word_1_240' title='bbox 576 3232 796 3299; x_wconf 84' lang='lat' dir='ltr'><strong>talibus</strong></span> <span class='ocrx_word' id='word_1_241' title='bbox 811 3232 1078 3310; x_wconf 87' lang='lat' dir='ltr'><strong>personis</strong></span> <span class='ocrx_word' id='word_1_242' title='bbox 1093 3235 1164 3291; x_wconf 90' lang='lat' dir='ltr'><strong>ad</strong></span> <span class='ocrx_word' id='word_1_243' title='bbox 1184 3237 1482 3292; x_wconf 90' lang='lat' dir='ltr'><strong>tantorum</strong></span> <span class='ocrx_word' id='word_1_244' title='bbox 1495 3234 1765 3292; x_wconf 88' lang='lat' dir='ltr'><strong>notitiam</strong></span> <span class='ocrx_word' id='word_1_245' title='bbox 1784 3233 1995 3308; x_wconf 87' lang='lat' dir='ltr'><strong>poterit</strong></span> <span class='ocrx_word' id='word_1_246' title='bbox 2015 3251 2138 3311; x_wconf 88' lang='lat' dir='ltr'><strong>pcr-</strong></span> 
     </span>
    </p>
   </div>
   <div class='ocr_carea' id='block_1_35' title="bbox 2217 737 3877 821">
    <p class='ocr_par' dir='ltr' id='par_1_35' title="bbox 2217 737 3877 821">
     <span class='ocr_line' id='line_1_35' title="bbox 2217 737 3877 821; baseline -0.006 -17"><span class='ocrx_word' id='word_1_247' title='bbox 2217 742 2442 804; x_wconf 86' lang='lat' dir='ltr'><strong>stitiam</strong></span> <span class='ocrx_word' id='word_1_248' title='bbox 2474 743 2650 802; x_wconf 87' lang='lat' dir='ltr'><strong>citius</strong></span> <span class='ocrx_word' id='word_1_249' title='bbox 2700 744 2873 800; x_wconf 83' lang='lat' dir='ltr'><strong>tinem</strong></span> <span class='ocrx_word' id='word_1_250' title='bbox 2909 743 3226 819; x_wconf 87' lang='lat' dir='ltr'><strong>imponere,</strong></span> <span class='ocrx_word' id='word_1_251' title='bbox 3263 745 3334 801; x_wconf 78' lang='lat' dir='ltr'><strong>ne</strong></span> <span class='ocrx_word' id='word_1_252' title='bbox 3363 756 3502 821; x_wconf 79' lang='lat' dir='ltr'><strong>pars</strong></span> <span class='ocrx_word' id='word_1_253' title='bbox 3530 754 3781 821; x_wconf 65' lang='lat' dir='ltr'><strong>quaeque</strong></span> <span class='ocrx_word' id='word_1_254' title='bbox 3812 737 3877 794; x_wconf 91' lang='lat' dir='ltr'><strong>in</strong></span> 
     </span>
    </p>
   </div>
   <div class='ocr_carea' id='block_1_36' title="bbox 2211 826 3879 909">
    <p class='ocr_par' dir='ltr' id='par_1_36' title="bbox 2211 826 3879 909">
     <span class='ocr_line' id='line_1_36' title="bbox 2211 826 3879 909; baseline -0.005 -17"><span class='ocrx_word' id='word_1_255' title='bbox 2211 826 2437 909; x_wconf 75' lang='lat' dir='ltr'><strong>judicio</strong></span> <span class='ocrx_word' id='word_1_256' title='bbox 2457 851 2520 907; x_wconf 81' lang='lat' dir='ltr'><strong>se</strong></span> <span class='ocrx_word' id='word_1_257' title='bbox 2539 833 2659 907; x_wconf 89' lang='lat' dir='ltr'><strong>pati</strong></span> <span class='ocrx_word' id='word_1_258' title='bbox 2693 830 3096 907; x_wconf 68' lang='lat' dir='ltr'><strong>praeiudicium</strong></span> <span class='ocrx_word' id='word_1_259' title='bbox 3129 829 3692 907; x_wconf 82' lang='lat' dir='ltr'><strong>conqueratur.Nam</strong></span> <span class='ocrx_word' id='word_1_260' title='bbox 3715 826 3879 885; x_wconf 82' lang='lat' dir='ltr'><strong>sicut</strong></span> 
     </span>
    </p>
   </div>
   <div class='ocr_carea' id='block_1_37' title="bbox 2219 914 3882 997">
    <p class='ocr_par' dir='ltr' id='par_1_37' title="bbox 2219 914 3882 997">
     <span class='ocr_line' id='line_1_37' title="bbox 2219 914 3882 997; baseline -0.004 -16"><span class='ocrx_word' id='word_1_261' title='bbox 2219 924 2346 981; x_wconf 89' lang='lat' dir='ltr'><strong>sine</strong></span> <span class='ocrx_word' id='word_1_262' title='bbox 2367 921 2594 997; x_wconf 77' lang='lat' dir='ltr'><strong>judicio</strong></span> <span class='ocrx_word' id='word_1_263' title='bbox 2627 919 3306 997; x_wconf 78' lang='lat' dir='ltr'><strong>quemquamnolumus</strong></span> <span class='ocrx_word' id='word_1_264' title='bbox 3357 914 3758 984; x_wconf 88' lang='lat' dir='ltr'><strong>condemnari,</strong></span> <span class='ocrx_word' id='word_1_265' title='bbox 3790 917 3882 974; x_wconf 86' lang='lat' dir='ltr'><strong>ita</strong></span> 
     </span>
    </p>
   </div>
   <div class='ocr_carea' id='block_1_38' title="bbox 2220 992 3880 1091">
    <p class='ocr_par' dir='ltr' id='par_1_38' title="bbox 2220 992 3880 1091">
     <span class='ocr_line' id='line_1_38' title="bbox 2220 992 3880 1091; baseline -0.004 -23"><span class='ocrx_word' id='word_1_266' title='bbox 2220 1029 2348 1085; x_wconf 66' lang='lat' dir='ltr'><strong>quae</strong></span> <span class='ocrx_word' id='word_1_267' title='bbox 2369 992 2622 1068; x_wconf 78' lang='lat' dir='ltr'><strong>difﬁnila</strong></span> <span class='ocrx_word' id='word_1_268' title='bbox 2643 992 3056 1083; x_wconf 70' lang='lat' dir='ltr'><strong>iuerint,nulla</strong></span> <span class='ocrx_word' id='word_1_269' title='bbox 3088 992 3346 1083; x_wconf 84' lang='lat' dir='ltr'><strong>patimur</strong></span> <span class='ocrx_word' id='word_1_270' title='bbox 3365 1005 3749 1091; x_wconf 72' lang='lat' dir='ltr'><strong>excusatione</strong></span> <span class='ocrx_word' id='word_1_271' title='bbox 3764 1006 3880 1062; x_wconf 83' lang='lat' dir='ltr'><strong>dil-</strong></span> 
     </span>
    </p>
   </div>
   <div class='ocr_carea' id='block_1_39' title="bbox 2219 1086 3876 1173">
    <p class='ocr_par' dir='ltr' id='par_1_39' title="bbox 2219 1086 3876 1173">
     <span class='ocr_line' id='line_1_39' title="bbox 2219 1086 3876 1173; baseline -0.004 -16"><span class='ocrx_word' id='word_1_272' title='bbox 2219 1099 2416 1158; x_wconf 86' lang='lat' dir='ltr'><strong>ferri.»</strong></span> <span class='ocrx_word' id='word_1_273' title='bbox 2444 1099 2516 1155; x_wconf 89' lang='lat' dir='ltr'><strong>Et</strong></span> <span class='ocrx_word' id='word_1_274' title='bbox 2544 1096 2616 1155; x_wconf 90' lang='lat' dir='ltr'><strong>ad</strong></span> <span class='ocrx_word' id='word_1_275' title='bbox 2647 1095 3057 1157; x_wconf 83' lang='lat' dir='ltr'><strong>Constantium</strong></span> <span class='ocrx_word' id='word_1_276' title='bbox 3101 1086 3442 1173; x_wconf 82' lang='lat' dir='ltr'><strong>episcopum</strong></span> <span class='ocrx_word' id='word_1_277' title='bbox 3473 1086 3876 1152; x_wconf 69' lang='lat' dir='ltr'><strong>mediolanen-</strong></span> 
     </span>
    </p>
   </div>
   <div class='ocr_carea' id='block_1_40' title="bbox 2220 1174 3876 1263">
    <p class='ocr_par' dir='ltr' id='par_1_40' title="bbox 2220 1174 3876 1263">
     <span class='ocr_line' id='line_1_40' title="bbox 2220 1174 3876 1263; baseline -0.004 -17"><span class='ocrx_word' id='word_1_278' title='bbox 2220 1205 2345 1246; x_wconf 89' lang='lat' dir='ltr'><strong>sem</strong></span> <span class='ocrx_word' id='word_1_279' title='bbox 2375 1187 2599 1256; x_wconf 84' lang='lat' dir='ltr'><strong>scribit,</strong></span> <span class='ocrx_word' id='word_1_280' title='bbox 2635 1186 2791 1244; x_wconf 90' lang='lat' dir='ltr'><strong>unde</strong></span> <span class='ocrx_word' id='word_1_281' title='bbox 2820 1186 2881 1242; x_wconf 91' lang='lat' dir='ltr'><strong>in</strong></span> <span class='ocrx_word' id='word_1_282' title='bbox 2911 1174 3021 1242; x_wconf 82' lang='lat' dir='ltr'><strong>hac</strong></span> <span class='ocrx_word' id='word_1_283' title='bbox 3052 1200 3231 1242; x_wconf 88' lang='lat' dir='ltr'><strong>causa</strong></span> <span class='ocrx_word' id='word_1_284' title='bbox 3254 1182 3511 1263; x_wconf 81' lang='lat' dir='ltr'><strong>quisque</strong></span> <span class='ocrx_word' id='word_1_285' title='bbox 3540 1198 3745 1253; x_wconf 88' lang='lat' dir='ltr'><strong>sanus,</strong></span> <span class='ocrx_word' id='word_1_286' title='bbox 3778 1201 3876 1240; x_wconf 87' lang='lat' dir='ltr'><strong>sa-</strong></span> 
     </span>
    </p>
   </div>
   <div class='ocr_carea' id='block_1_41' title="bbox 2221 1272 3881 1351">
    <p class='ocr_par' dir='ltr' id='par_1_41' title="bbox 2221 1272 3881 1351">
     <span class='ocr_line' id='line_1_41' title="bbox 2221 1272 3881 1351; baseline -0.002 -18"><span class='ocrx_word' id='word_1_287' title='bbox 2221 1272 2410 1351; x_wconf 80' lang='lat' dir='ltr'><strong>piens,</strong></span> <span class='ocrx_word' id='word_1_288' title='bbox 2441 1280 2500 1334; x_wconf 88' lang='lat' dir='ltr'><strong>et</strong></span> <span class='ocrx_word' id='word_1_289' title='bbox 2542 1279 2698 1333; x_wconf 89' lang='lat' dir='ltr'><strong>recte</strong></span> <span class='ocrx_word' id='word_1_290' title='bbox 2743 1274 3077 1344; x_wconf 89' lang='lat' dir='ltr'><strong>intendens,</strong></span> <span class='ocrx_word' id='word_1_291' title='bbox 3109 1272 3560 1332; x_wconf 88' lang='lat' dir='ltr'><strong>similitudinem</strong></span> <span class='ocrx_word' id='word_1_292' title='bbox 3590 1278 3881 1351; x_wconf 17' lang='lat' dir='ltr'><strong>ct‘exem-</strong></span> 
     </span>
    </p>
   </div>
   <div class='ocr_carea' id='block_1_42' title="bbox 2221 1348 3880 1443">
    <p class='ocr_par' dir='ltr' id='par_1_42' title="bbox 2221 1348 3880 1443">
     <span class='ocr_line' id='line_1_42' title="bbox 2221 1348 3880 1443; baseline -0.003 -20"><span class='ocrx_word' id='word_1_293' title='bbox 2221 1348 2350 1440; x_wconf 80' lang='lat' dir='ltr'><strong>plar</strong></span> <span class='ocrx_word' id='word_1_294' title='bbox 2406 1382 2522 1422; x_wconf 91' lang='lat' dir='ltr'><strong>non</strong></span> <span class='ocrx_word' id='word_1_295' title='bbox 2581 1365 2971 1443; x_wconf 80' lang='lat' dir='ltr'><strong>incongruum</strong></span> <span class='ocrx_word' id='word_1_296' title='bbox 3029 1358 3247 1437; x_wconf 80' lang='lat' dir='ltr'><strong>poterit</strong></span> <span class='ocrx_word' id='word_1_297' title='bbox 3294 1354 3550 1443; x_wconf 76' lang='lat' dir='ltr'><strong>sumere.</strong></span> <span class='ocrx_word' id='word_1_298' title='bbox 3576 1348 3677 1419; x_wconf 55' lang='lat' dir='ltr'><strong>Ait‘</strong></span> <span class='ocrx_word' id='word_1_299' title='bbox 3714 1362 3880 1421; x_wconf 84' lang='lat' dir='ltr'><strong>enim</strong></span> 
     </span>
    </p>
   </div>
   <div class='ocr_carea' id='block_1_43' title="bbox 2221 1438 3881 1535">
    <p class='ocr_par' dir='ltr' id='par_1_43' title="bbox 2221 1438 3881 1535">
     <span class='ocr_line' id='line_1_43' title="bbox 2221 1438 3881 1535; baseline -0.002 -23"><span class='ocrx_word' id='word_1_300' title='bbox 2221 1438 2404 1529; x_wconf 60' lang='grc' dir='ltr'><strong>ξίὺίάη</strong></span> <span class='ocrx_word' id='word_1_301' title='bbox 2436 1455 2595 1529; x_wconf 75' lang='lat' dir='ltr'><strong>epist.</strong></span> <span class='ocrx_word' id='word_1_302' title='bbox 2624 1438 2715 1527; x_wconf 78' lang='lat'><strong>31)</strong></span> <span class='ocrx_word' id='word_1_303' title='bbox 2749 1438 2783 1509; x_wconf 10' lang='lat'><strong>:77</strong></span> <span class='ocrx_word' id='word_1_304' title='bbox 2820 1474 2849 1503; x_wconf 88' lang='lat'><strong>«</strong></span> <span class='ocrx_word' id='word_1_305' title='bbox 2881 1452 2938 1510; x_wconf 92' lang='lat' dir='ltr'><strong>Si</strong></span> <span class='ocrx_word' id='word_1_306' title='bbox 2982 1448 3174 1525; x_wconf 85' lang='lat' dir='ltr'><strong>qualis</strong></span> <span class='ocrx_word' id='word_1_307' title='bbox 3224 1438 3344 1508; x_wconf 66' lang='lat' dir='ltr'><strong>fuitl</strong></span> <span class='ocrx_word' id='word_1_308' title='bbox 3383 1438 3444 1508; x_wconf 82' lang='lat' dir='ltr'><strong>in</strong></span> <span class='ocrx_word' id='word_1_309' title='bbox 3490 1444 3881 1535; x_wconf 64' lang='lat' dir='ltr'><strong>requisitions</strong></span> 
     </span>
    </p>
   </div>
   <div class='ocr_carea' id='block_1_44' title="bbox 2223 1528 3880 1622">
    <p class='ocr_par' dir='ltr' id='par_1_44' title="bbox 2223 1528 3880 1622">
     <span class='ocr_line' id='line_1_44' title="bbox 2223 1528 3880 1622; baseline -0.001 -22"><span class='ocrx_word' id='word_1_310' title='bbox 2223 1528 2383 1622; x_wconf 82' lang='lat' dir='ltr'><strong>cura,</strong></span> <span class='ocrx_word' id='word_1_311' title='bbox 2406 1528 2772 1622; x_wconf 41' lang='lat' dir='ltr'><strong>talis-fuisset</strong></span> <span class='ocrx_word' id='word_1_312' title='bbox 2801 1541 2860 1597; x_wconf 91' lang='lat' dir='ltr'><strong>in</strong></span> <span class='ocrx_word' id='word_1_313' title='bbox 2881 1539 3246 1598; x_wconf 73' lang='lat' dir='ltr'><strong>discussione</strong></span> <span class='ocrx_word' id='word_1_314' title='bbox 3274 1528 3594 1621; x_wconf 64' lang='lat' dir='ltr'><strong>subtilitas,</strong></span> <span class='ocrx_word' id='word_1_315' title='bbox 3628 1528 3779 1598; x_wconf 67' lang='lat' dir='ltr'><strong>nihil</strong></span> <span class='ocrx_word' id='word_1_316' title='bbox 3809 1532 3880 1599; x_wconf 68' lang='lat' dir='ltr'><strong>ei</strong></span> 
     </span>
    </p>
   </div>
   <div class='ocr_carea' id='block_1_45' title="bbox 2222 1616 3876 1704">
    <p class='ocr_par' dir='ltr' id='par_1_45' title="bbox 2222 1616 3876 1704">
     <span class='ocr_line' id='line_1_45' title="bbox 2222 1616 3876 1704; baseline -0.003 -13"><span class='ocrx_word' id='word_1_317' title='bbox 2222 1616 2513 1704; x_wconf 77' lang='lat' dir='ltr'><strong>hoe,quod</strong></span> <span class='ocrx_word' id='word_1_318' title='bbox 2535 1616 2607 1687; x_wconf 87' lang='lat' dir='ltr'><strong>de</strong></span> <span class='ocrx_word' id='word_1_319' title='bbox 2636 1630 2810 1687; x_wconf 81' lang='lat' dir='ltr'><strong>fratre</strong></span> <span class='ocrx_word' id='word_1_320' title='bbox 2839 1633 3038 1687; x_wconf 89' lang='lat' dir='ltr'><strong>nostro</strong></span> <span class='ocrx_word' id='word_1_321' title='bbox 3069 1626 3294 1686; x_wconf 89' lang='lat' dir='ltr'><strong>dictum</strong></span> <span class='ocrx_word' id='word_1_322' title='bbox 3325 1616 3660 1699; x_wconf 78' lang='lat' dir='ltr'><strong>est,t‘uisset</strong></span> <span class='ocrx_word' id='word_1_323' title='bbox 3688 1628 3876 1689; x_wconf 82' lang='lat' dir='ltr'><strong>ambi-</strong></span> 
     </span>
    </p>
   </div>
   <div class='ocr_carea' id='block_1_46' title="bbox 2222 1703 3882 1797">
    <p class='ocr_par' dir='ltr' id='par_1_46' title="bbox 2222 1703 3882 1797">
     <span class='ocr_line' id='line_1_46' title="bbox 2222 1703 3882 1797; baseline 0.001 -22"><span class='ocrx_word' id='word_1_324' title='bbox 2222 1703 2426 1794; x_wconf 83' lang='lat' dir='ltr'><strong>guum,</strong></span> <span class='ocrx_word' id='word_1_325' title='bbox 2451 1709 2778 1777; x_wconf 66' lang='lat' dir='ltr'><strong>sed&#39;utrum</strong></span> <span class='ocrx_word' id='word_1_326' title='bbox 2809 1706 3033 1789; x_wconf 87' lang='lat' dir='ltr'><strong>verum,</strong></span> <span class='ocrx_word' id='word_1_327' title='bbox 3067 1703 3153 1776; x_wconf 70' lang='lat' dir='ltr'><strong>an</strong></span> <span class='ocrx_word' id='word_1_328' title='bbox 3173 1722 3329 1797; x_wconf 80' lang='lat' dir='ltr'><strong>esset</strong></span> <span class='ocrx_word' id='word_1_329' title='bbox 3356 1704 3882 1797; x_wconf 60' lang='lat' dir='ltr'><strong>compositum,pa-</strong></span> 
     </span>
    </p>
   </div>
   <div class='ocr_carea' id='block_1_47' title="bbox 2220 1791 3891 1887">
    <p class='ocr_par' dir='ltr' id='par_1_47' title="bbox 2220 1791 3891 1887">
     <span class='ocr_line' id='line_1_47' title="bbox 2220 1791 3891 1887; baseline 0.001 -21"><span class='ocrx_word' id='word_1_330' title='bbox 2220 1791 2596 1884; x_wconf 77' lang='lat' dir='ltr'><strong>tuissct,quia</strong></span> <span class='ocrx_word' id='word_1_331' title='bbox 2606 1809 2734 1882; x_wconf 87' lang='lat' dir='ltr'><strong>jam</strong></span> <span class='ocrx_word' id='word_1_332' title='bbox 2746 1811 2950 1867; x_wconf 89' lang='lat' dir='ltr'><strong>contra</strong></span> <span class='ocrx_word' id='word_1_333' title='bbox 2962 1808 3157 1885; x_wconf 89' lang='lat' dir='ltr'><strong>ipsum</strong></span> <span class='ocrx_word' id='word_1_334' title='bbox 3169 1791 3396 1887; x_wconf 77' lang='lat' dir='ltr'><strong>dudum</strong></span> <span class='ocrx_word' id='word_1_335' title='bbox 3411 1800 3471 1864; x_wconf 83' lang='lat' dir='ltr'><strong>in</strong></span> <span class='ocrx_word' id='word_1_336' title='bbox 3487 1791 3891 1887; x_wconf 43' lang='lat' dir='ltr'><strong>SiciliaLap—ud&#39;</strong></span> 
     </span>
    </p>
   </div>
   <div class='ocr_carea' id='block_1_48' title="bbox 2224 1882 3876 1956">
    <p class='ocr_par' dir='ltr' id='par_1_48' title="bbox 2224 1882 3876 1956">
     <span class='ocr_line' id='line_1_48' title="bbox 2224 1882 3876 1956; baseline 0.001 -2"><span class='ocrx_word' id='word_1_337' title='bbox 2224 1882 2547 1955; x_wconf 70' lang='lat' dir='ltr'><strong>reverendae</strong></span> <span class='ocrx_word' id='word_1_338' title='bbox 2571 1896 2863 1954; x_wconf 80' lang='lat' dir='ltr'><strong>memoriae</strong></span> <span class='ocrx_word' id='word_1_339' title='bbox 2884 1882 3121 1953; x_wconf 77' lang='lat' dir='ltr'><strong>fratrem</strong></span> <span class='ocrx_word' id='word_1_340' title='bbox 3147 1882 3417 1955; x_wconf 75' lang='lat' dir='ltr'><strong>nostrum</strong></span> <span class='ocrx_word' id='word_1_341' title='bbox 3448 1882 3876 1956; x_wconf 75' lang='lat' dir='ltr'><strong>Maximianum</strong></span> 
     </span>
    </p>
   </div>
   <div class='ocr_carea' id='block_1_49' title="bbox 2226 1973 3881 2062">
    <p class='ocr_par' dir='ltr' id='par_1_49' title="bbox 2226 1973 3881 2062">
     <span class='ocr_line' id='line_1_49' title="bbox 2226 1973 3881 2062; baseline 0.002 -19"><span class='ocrx_word' id='word_1_342' title='bbox 2226 1985 2587 2062; x_wconf 88' lang='lat' dir='ltr'><strong>episcopum,</strong></span> <span class='ocrx_word' id='word_1_343' title='bbox 2612 1985 2746 2042; x_wconf 90' lang='lat' dir='ltr'><strong>talis</strong></span> <span class='ocrx_word' id='word_1_344' title='bbox 2768 1982 3034 2060; x_wconf 67' lang='lat' dir='ltr'><strong>quaestio,</strong></span> <span class='ocrx_word' id='word_1_345' title='bbox 3063 1989 3127 2042; x_wconf 91' lang='lat' dir='ltr'><strong>ut</strong></span> <span class='ocrx_word' id='word_1_346' title='bbox 3147 1984 3549 2061; x_wconf 77' lang='lat' dir='ltr'><strong>cognovimus;</strong></span> <span class='ocrx_word' id='word_1_347' title='bbox 3575 1991 3737 2062; x_wconf 77' lang='lat' dir='ltr'><strong>mota</strong></span> <span class='ocrx_word' id='word_1_348' title='bbox 3757 1973 3881 2046; x_wconf 65' lang='lat' dir='ltr'><strong>est:</strong></span> 
     </span>
    </p>
   </div>
   <div class='ocr_carea' id='block_1_50' title="bbox 2229 2059 3878 2160">
    <p class='ocr_par' dir='ltr' id='par_1_50' title="bbox 2229 2059 3878 2160">
     <span class='ocr_line' id='line_1_50' title="bbox 2229 2059 3878 2160; baseline 0.002 -29"><span class='ocrx_word' id='word_1_349' title='bbox 2229 2059 2330 2160; x_wconf 72' lang='lat' dir='ltr'><strong>sed</strong></span> <span class='ocrx_word' id='word_1_350' title='bbox 2355 2059 2495 2147; x_wconf 83' lang='lat' dir='ltr'><strong>quia</strong></span> <span class='ocrx_word' id='word_1_351' title='bbox 2514 2088 2694 2132; x_wconf 88' lang='lat' dir='ltr'><strong>causa</strong></span> <span class='ocrx_word' id='word_1_352' title='bbox 2713 2059 2900 2149; x_wconf 80' lang='lat' dir='ltr'><strong>ipsius</strong></span> <span class='ocrx_word' id='word_1_353' title='bbox 2929 2070 3134 2130; x_wconf 88' lang='lat' dir='ltr'><strong>subtili</strong></span> <span class='ocrx_word' id='word_1_354' title='bbox 3164 2059 3403 2157; x_wconf 76' lang='lat' dir='ltr'><strong>omnino</strong></span> <span class='ocrx_word' id='word_1_355' title='bbox 3435 2059 3878 2153; x_wconf 71' lang='lat' dir='ltr'><strong>investigatione</strong></span> 
     </span>
    </p>
   </div>
   <div class='ocr_carea' id='block_1_51' title="bbox 2229 2154 3885 2241">
    <p class='ocr_par' dir='ltr' id='par_1_51' title="bbox 2229 2154 3885 2241">
     <span class='ocr_line' id='line_1_51' title="bbox 2229 2154 3885 2241; baseline 0.002 -21"><span class='ocrx_word' id='word_1_356' title='bbox 2229 2154 2477 2238; x_wconf 63' lang='lat' dir='ltr'><strong>quaesita</strong></span> <span class='ocrx_word' id='word_1_357' title='bbox 2505 2167 2616 2232; x_wconf 89' lang='lat' dir='ltr'><strong>est,</strong></span> <span class='ocrx_word' id='word_1_358' title='bbox 2649 2163 2890 2221; x_wconf 88' lang='lat' dir='ltr'><strong>omnino</strong></span> <span class='ocrx_word' id='word_1_359' title='bbox 2944 2162 3215 2220; x_wconf 87' lang='lat' dir='ltr'><strong>inventus</strong></span> <span class='ocrx_word' id='word_1_360' title='bbox 3263 2154 3354 2220; x_wconf 86' lang='lat' dir='ltr'><strong>est</strong></span> <span class='ocrx_word' id='word_1_361' title='bbox 3404 2154 3719 2241; x_wconf 77' lang='lat' dir='ltr'><strong>innocens,</strong></span> <span class='ocrx_word' id='word_1_362' title='bbox 3751 2166 3885 2241; x_wconf 80' lang='lat' dir='ltr'><strong>quia</strong></span> 
     </span>
    </p>
   </div>
   <div class='ocr_carea' id='block_1_52' title="bbox 2232 2239 3889 2335">
    <p class='ocr_par' dir='ltr' id='par_1_52' title="bbox 2232 2239 3889 2335">
     <span class='ocr_line' id='line_1_52' title="bbox 2232 2239 3889 2335; baseline 0.002 -25"><span class='ocrx_word' id='word_1_363' title='bbox 2232 2250 2424 2310; x_wconf 85' lang='lat' dir='ltr'><strong>fuerat</strong></span> <span class='ocrx_word' id='word_1_364' title='bbox 2454 2252 2765 2308; x_wconf 86' lang='lat' dir='ltr'><strong>accusatus</strong></span> <span class='ocrx_word' id='word_1_365' title='bbox 2792 2251 2852 2306; x_wconf 91' lang='lat' dir='ltr'><strong>in</strong></span> <span class='ocrx_word' id='word_1_366' title='bbox 2885 2249 3152 2333; x_wconf 80' lang='lat' dir='ltr'><strong>crimine.</strong></span> <span class='ocrx_word' id='word_1_367' title='bbox 3185 2247 3354 2335; x_wconf 80' lang='lat' dir='ltr'><strong>Nunc</strong></span> <span class='ocrx_word' id='word_1_368' title='bbox 3384 2250 3586 2328; x_wconf 82' lang='lat' dir='ltr'><strong>igitur,</strong></span> <span class='ocrx_word' id='word_1_369' title='bbox 3606 2239 3889 2328; x_wconf 78' lang='lat' dir='ltr'><strong>quoniam</strong></span> 
     </span>
    </p>
   </div>
   <div class='ocr_carea' id='block_1_53' title="bbox 2233 2339 3897 2423">
    <p class='ocr_par' dir='ltr' id='par_1_53' title="bbox 2233 2339 3897 2423">
     <span class='ocr_line' id='line_1_53' title="bbox 2233 2339 3897 2423; baseline 0.002 -25"><span class='ocrx_word' id='word_1_370' title='bbox 2233 2340 2334 2398; x_wconf 87' lang='lat' dir='ltr'><strong>illa</strong></span> <span class='ocrx_word' id='word_1_371' title='bbox 2369 2358 2497 2417; x_wconf 67' lang='lat' dir='ltr'><strong>quae</strong></span> <span class='ocrx_word' id='word_1_372' title='bbox 2545 2342 2748 2398; x_wconf 87' lang='lat' dir='ltr'><strong>contra</strong></span> <span class='ocrx_word' id='word_1_373' title='bbox 2796 2350 2932 2397; x_wconf 84' lang='lat' dir='ltr'><strong>eum</strong></span> <span class='ocrx_word' id='word_1_374' title='bbox 2969 2339 3130 2423; x_wconf 85' lang='lat' dir='ltr'><strong>dicta</strong></span> <span class='ocrx_word' id='word_1_375' title='bbox 3158 2345 3319 2412; x_wconf 87' lang='lat' dir='ltr'><strong>sunt,</strong></span> <span class='ocrx_word' id='word_1_376' title='bbox 3353 2358 3469 2423; x_wconf 76' lang='lat' dir='ltr'><strong>non</strong></span> <span class='ocrx_word' id='word_1_377' title='bbox 3501 2343 3616 2423; x_wconf 84' lang='lat' dir='ltr'><strong>sub</strong></span> <span class='ocrx_word' id='word_1_378' title='bbox 3649 2342 3750 2402; x_wconf 89' lang='lat' dir='ltr'><strong>illa</strong></span> <span class='ocrx_word' id='word_1_379' title='bbox 3780 2362 3897 2420; x_wconf 86' lang='lat' dir='ltr'><strong>qua</strong></span> 
     </span>
    </p>
   </div>
   <div class='ocr_carea' id='block_1_54' title="bbox 2235 2416 3895 2513">
    <p class='ocr_par' dir='ltr' id='par_1_54' title="bbox 2235 2416 3895 2513">
     <span class='ocr_line' id='line_1_54' title="bbox 2235 2416 3895 2513; baseline -0.007 -25"><span class='ocrx_word' id='word_1_380' title='bbox 2235 2427 2435 2505; x_wconf 79' lang='lat' dir='ltr'><strong>decuit</strong></span> <span class='ocrx_word' id='word_1_381' title='bbox 2465 2428 2826 2487; x_wconf 87' lang='lat' dir='ltr'><strong>districtione</strong></span> <span class='ocrx_word' id='word_1_382' title='bbox 2858 2421 3104 2513; x_wconf 66' lang='lat' dir='ltr'><strong>quesita</strong></span> <span class='ocrx_word' id='word_1_383' title='bbox 3133 2433 3295 2513; x_wconf 79' lang='lat' dir='ltr'><strong>sunt,</strong></span> <span class='ocrx_word' id='word_1_384' title='bbox 3327 2416 3389 2489; x_wconf 79' lang='lat' dir='ltr'><strong>et</strong></span> <span class='ocrx_word' id='word_1_385' title='bbox 3412 2416 3600 2511; x_wconf 65' lang='lat' dir='ltr'><strong>gesta,</strong></span> <span class='ocrx_word' id='word_1_386' title='bbox 3636 2451 3768 2509; x_wconf 64' lang='lat' dir='ltr'><strong>qua;</strong></span> <span class='ocrx_word' id='word_1_387' title='bbox 3797 2416 3895 2491; x_wconf 52' lang='grc' dir='ltr'><strong>ἐκ-</strong></span> 
     </span>
    </p>
   </div>
   <div class='ocr_carea' id='block_1_55' title="bbox 2237 2510 3891 2595">
    <p class='ocr_par' dir='ltr' id='par_1_55' title="bbox 2237 2510 3891 2595">
     <span class='ocr_line' id='line_1_55' title="bbox 2237 2510 3891 2595; baseline 0.003 -20"><span class='ocrx_word' id='word_1_388' title='bbox 2237 2514 2374 2577; x_wconf 90' lang='lat' dir='ltr'><strong>inde</strong></span> <span class='ocrx_word' id='word_1_389' title='bbox 2403 2519 2562 2595; x_wconf 88' lang='lat' dir='ltr'><strong>apud</strong></span> <span class='ocrx_word' id='word_1_390' title='bbox 2593 2510 3289 2577; x_wconf 63' lang='lat' dir='ltr'><strong>fraternitatem&#39;vestram</strong></span> <span class='ocrx_word' id='word_1_391' title='bbox 3306 2518 3573 2595; x_wconf 79' lang='lat' dir='ltr'><strong>confecta</strong></span> <span class='ocrx_word' id='word_1_392' title='bbox 3594 2520 3760 2590; x_wconf 83' lang='lat' dir='ltr'><strong>sunt,</strong></span> <span class='ocrx_word' id='word_1_393' title='bbox 3792 2522 3891 2580; x_wconf 82' lang='lat' dir='ltr'><strong>n&#39;e-</strong></span> 
     </span>
    </p>
   </div>
   <div class='ocr_carea' id='block_1_56' title="bbox 2241 2594 3899 2685">
    <p class='ocr_par' dir='ltr' id='par_1_56' title="bbox 2241 2594 3899 2685">
     <span class='ocr_line' id='line_1_56' title="bbox 2241 2594 3899 2685; baseline 0.004 -23"><span class='ocrx_word' id='word_1_394' title='bbox 2241 2594 2461 2683; x_wconf 63' lang='lat' dir='ltr'><strong>que:ad</strong></span> <span class='ocrx_word' id='word_1_395' title='bbox 2496 2598 3066 2674; x_wconf 81' lang='lat' dir='ltr'><strong>condemnationem,</strong></span> <span class='ocrx_word' id='word_1_396' title='bbox 3097 2596 3288 2685; x_wconf 75' lang='lat' dir='ltr'><strong>neque</strong></span> <span class='ocrx_word' id='word_1_397' title='bbox 3337 2594 3410 2685; x_wconf 77' lang='lat' dir='ltr'><strong>ad</strong></span> <span class='ocrx_word' id='word_1_398' title='bbox 3459 2596 3899 2669; x_wconf 82' lang='lat' dir='ltr'><strong>absolutionem</strong></span> 
     </span>
    </p>
   </div>
   <div class='ocr_carea' id='block_1_57' title="bbox 2239 2682 3898 2783">
    <p class='ocr_par' dir='ltr' id='par_1_57' title="bbox 2239 2682 3898 2783">
     <span class='ocr_line' id='line_1_57' title="bbox 2239 2682 3898 2783; baseline 0.002 -29"><span class='ocrx_word' id='word_1_399' title='bbox 2239 2686 2370 2782; x_wconf 73' lang='lat' dir='ltr'><strong>ejus</strong></span> <span class='ocrx_word' id='word_1_400' title='bbox 2397 2697 2720 2783; x_wconf 82' lang='lat' dir='ltr'><strong>probantur</strong></span> <span class='ocrx_word' id='word_1_401' title='bbox 2748 2710 2933 2783; x_wconf 86' lang='lat' dir='ltr'><strong>posse</strong></span> <span class='ocrx_word' id='word_1_402' title='bbox 2950 2682 3367 2781; x_wconf 36' lang='lat' dir='ltr'><strong>sufﬁ&#39;cere,non&#39;</strong></span> <span class='ocrx_word' id='word_1_403' title='bbox 3389 2697 3531 2757; x_wconf 90' lang='lat' dir='ltr'><strong>levis</strong></span> <span class='ocrx_word' id='word_1_404' title='bbox 3563 2694 3898 2783; x_wconf 52' lang='lat' dir='ltr'><strong>res&#39;agitur,</strong></span> 
     </span>
    </p>
   </div>
   <div class='ocr_carea' id='block_1_58' title="bbox 2241 2779 3894 2871">
    <p class='ocr_par' dir='ltr' id='par_1_58' title="bbox 2241 2779 3894 2871">
     <span class='ocr_line' id='line_1_58' title="bbox 2241 2779 3894 2871; baseline 0.003 -29"><span class='ocrx_word' id='word_1_405' title='bbox 2241 2779 2370 2861; x_wconf 81' lang='lat' dir='ltr'><strong>quae</strong></span> <span class='ocrx_word' id='word_1_406' title='bbox 2400 2790 2501 2841; x_wconf 87' lang='lat' dir='ltr'><strong>aut</strong></span> <span class='ocrx_word' id='word_1_407' title='bbox 2533 2779 2785 2871; x_wconf 82' lang='lat' dir='ltr'><strong>incaute,</strong></span> <span class='ocrx_word' id='word_1_408' title='bbox 2811 2782 2977 2871; x_wconf 44' lang='lat' dir='ltr'><strong>vel‘in</strong></span> <span class='ocrx_word' id='word_1_409' title='bbox 3008 2779 3353 2871; x_wconf 80' lang='lat' dir='ltr'><strong>transcursu</strong></span> <span class='ocrx_word' id='word_1_410' title='bbox 3380 2779 3597 2845; x_wconf 61' lang='lat' dir='ltr'><strong>debeat‘</strong></span> <span class='ocrx_word' id='word_1_411' title='bbox 3623 2779 3894 2871; x_wconf 77' lang='lat' dir='ltr'><strong>difflniri.</strong></span> 
     </span>
    </p>
   </div>
   <div class='ocr_carea' id='block_1_59' title="bbox 2240 2861 3903 2961">
    <p class='ocr_par' dir='ltr' id='par_1_59' title="bbox 2240 2861 3903 2961">
     <span class='ocr_line' id='line_1_59' title="bbox 2240 2861 3903 2961; baseline 0.004 -30"><span class='ocrx_word' id='word_1_412' title='bbox 2240 2872 2388 2932; x_wconf 87' lang='lat' dir='ltr'><strong>Nam</strong></span> <span class='ocrx_word' id='word_1_413' title='bbox 2445 2865 2616 2953; x_wconf 81' lang='lat' dir='ltr'><strong>grave</strong></span> <span class='ocrx_word' id='word_1_414' title='bbox 2674 2877 2765 2932; x_wconf 89' lang='lat' dir='ltr'><strong>est</strong></span> <span class='ocrx_word' id='word_1_415' title='bbox 2817 2861 2962 2931; x_wconf 81' lang='lat' dir='ltr'><strong>satis</strong></span> <span class='ocrx_word' id='word_1_416' title='bbox 3007 2878 3066 2930; x_wconf 87' lang='lat' dir='ltr'><strong>et</strong></span> <span class='ocrx_word' id='word_1_417' title='bbox 3101 2861 3400 2961; x_wconf 70' lang='lat' dir='ltr'><strong>indecens,</strong></span> <span class='ocrx_word' id='word_1_418' title='bbox 3431 2880 3497 2958; x_wconf 83' lang='lat' dir='ltr'><strong>ut</strong></span> <span class='ocrx_word' id='word_1_419' title='bbox 3529 2878 3590 2934; x_wconf 90' lang='lat' dir='ltr'><strong>in</strong></span> <span class='ocrx_word' id='word_1_420' title='bbox 3625 2897 3690 2937; x_wconf 88' lang='lat' dir='ltr'><strong>re</strong></span> <span class='ocrx_word' id='word_1_421' title='bbox 3718 2869 3903 2961; x_wconf 72' lang='lat' dir='ltr'><strong>dubia&#39;</strong></span> 
     </span>
    </p>
   </div>
   <div class='ocr_carea' id='block_1_60' title="bbox 2241 2952 3903 3043">
    <p class='ocr_par' dir='ltr' id='par_1_60' title="bbox 2241 2952 3903 3043">
     <span class='ocr_line' id='line_1_60' title="bbox 2241 2952 3903 3043; baseline 0.004 -23"><span class='ocrx_word' id='word_1_422' title='bbox 2241 2967 2402 3020; x_wconf 85' lang='lat' dir='ltr'><strong>certa</strong></span> <span class='ocrx_word' id='word_1_423' title='bbox 2424 2952 2658 3023; x_wconf 84' lang='lat' dir='ltr'><strong>dicatur</strong></span> <span class='ocrx_word' id='word_1_424' title='bbox 2704 2963 3014 3043; x_wconf 80' lang='lat' dir='ltr'><strong>sententia.</strong></span> <span class='ocrx_word' id='word_1_425' title='bbox 3045 2964 3118 3020; x_wconf 90' lang='lat' dir='ltr'><strong>Et</strong></span> <span class='ocrx_word' id='word_1_426' title='bbox 3146 2952 3268 3020; x_wconf 71' lang='lat' dir='ltr'><strong>haec</strong></span> <span class='ocrx_word' id='word_1_427' title='bbox 3300 2952 3537 3043; x_wconf 83' lang='lat' dir='ltr'><strong>quidem</strong></span> <span class='ocrx_word' id='word_1_428' title='bbox 3571 2972 3745 3041; x_wconf 86' lang='lat' dir='ltr'><strong>gesta</strong></span> <span class='ocrx_word' id='word_1_429' title='bbox 3772 2952 3903 3027; x_wconf 71' lang='lat' dir='ltr'><strong>esse</strong></span> 
     </span>
    </p>
   </div>
   <div class='ocr_carea' id='block_1_61' title="bbox 2243 3037 3905 3125">
    <p class='ocr_par' dir='ltr' id='par_1_61' title="bbox 2243 3037 3905 3125">
     <span class='ocr_line' id='line_1_61' title="bbox 2243 3037 3905 3125; baseline 0.004 -17"><span class='ocrx_word' id='word_1_430' title='bbox 2243 3051 2598 3124; x_wconf 86' lang='lat' dir='ltr'><strong>poterantad</strong></span> <span class='ocrx_word' id='word_1_431' title='bbox 2622 3037 3032 3112; x_wconf 62' lang='lat' dir='ltr'><strong>diﬂiniend&#39;um</strong></span> <span class='ocrx_word' id='word_1_432' title='bbox 3059 3050 3287 3125; x_wconf 79' lang='lat' dir='ltr'><strong>idenea,</strong></span> <span class='ocrx_word' id='word_1_433' title='bbox 3316 3037 3365 3110; x_wconf 74' lang='lat' dir='ltr'><strong>si</strong></span> <span class='ocrx_word' id='word_1_434' title='bbox 3397 3037 3657 3112; x_wconf 69' lang='lat' dir='ltr'><strong>accusati</strong></span> <span class='ocrx_word' id='word_1_435' title='bbox 3681 3073 3753 3114; x_wconf 87' lang='lat' dir='ltr'><strong>ea</strong></span> <span class='ocrx_word' id='word_1_436' title='bbox 3770 3074 3905 3114; x_wconf 75' lang='lat' dir='ltr'><strong>con~</strong></span> 
     </span>
    </p>
   </div>
   <div class='ocr_carea' id='block_1_62' title="bbox 2243 3139 3903 3215">
    <p class='ocr_par' dir='ltr' id='par_1_62' title="bbox 2243 3139 3903 3215">
     <span class='ocr_line' id='line_1_62' title="bbox 2243 3139 3903 3215; baseline 0.004 -18"><span class='ocrx_word' id='word_1_437' title='bbox 2243 3139 2419 3215; x_wconf 83' lang='lat' dir='ltr'><strong>fessio</strong></span> <span class='ocrx_word' id='word_1_438' title='bbox 2454 3144 2817 3215; x_wconf 90' lang='lat' dir='ltr'><strong>sequeretur,</strong></span> <span class='ocrx_word' id='word_1_439' title='bbox 2845 3139 2897 3197; x_wconf 90' lang='lat' dir='ltr'><strong>si</strong></span> <span class='ocrx_word' id='word_1_440' title='bbox 2924 3144 3119 3198; x_wconf 88' lang='lat' dir='ltr'><strong>tamen</strong></span> <span class='ocrx_word' id='word_1_441' title='bbox 3149 3142 3415 3201; x_wconf 88' lang='lat' dir='ltr'><strong>eamdem</strong></span> <span class='ocrx_word' id='word_1_442' title='bbox 3466 3145 3903 3204; x_wconf 85' lang='lat' dir='ltr'><strong>confessionem</strong></span> 
     </span>
    </p>
   </div>
   <div class='ocr_carea' id='block_1_63' title="bbox 2199 3214 3903 3307">
    <p class='ocr_par' dir='ltr' id='par_1_63' title="bbox 2199 3214 3903 3307">
     <span class='ocr_line' id='line_1_63' title="bbox 2199 3214 3903 3307; baseline 0.002 -19"><span class='ocrx_word' id='word_1_443' title='bbox 2199 3286 2210 3299; x_wconf 85' lang='grc'><em>,</em></span> <span class='ocrx_word' id='word_1_444' title='bbox 2243 3214 2857 3307; x_wconf 75' lang='lat' dir='ltr'><strong>subtilitasexaminis</strong></span> <span class='ocrx_word' id='word_1_445' title='bbox 2885 3243 2954 3286; x_wconf 84' lang='lat' dir='ltr'><strong>ex</strong></span> <span class='ocrx_word' id='word_1_446' title='bbox 2983 3228 3228 3288; x_wconf 87' lang='lat' dir='ltr'><strong>occultis</strong></span> <span class='ocrx_word' id='word_1_447' title='bbox 3253 3231 3575 3307; x_wconf 87' lang='lat' dir='ltr'><strong>ejiceret,et</strong></span> <span class='ocrx_word' id='word_1_448' title='bbox 3600 3251 3720 3292; x_wconf 90' lang='lat' dir='ltr'><strong>non</strong></span> <span class='ocrx_word' id='word_1_449' title='bbox 3752 3232 3903 3292; x_wconf 82' lang='lat' dir='ltr'><strong>afﬂi-</strong></span> 
     </span>
    </p>
   </div>
   <div class='ocr_carea' id='block_1_64' title="bbox 485 3306 3903 3399">
    <p class='ocr_par' dir='ltr' id='par_1_64' title="bbox 485 3306 3903 3399">
     <span class='ocr_line' id='line_1_64' title="bbox 485 3306 3903 3399; baseline -0.001 -14"><span class='ocrx_word' id='word_1_450' title='bbox 485 3306 705 3394; x_wconf 78' lang='lat' dir='ltr'><strong>venire,</strong></span> <span class='ocrx_word' id='word_1_451' title='bbox 733 3306 934 3399; x_wconf 75' lang='lat' dir='ltr'><strong>etquo</strong></span> <span class='ocrx_word' id='word_1_452' title='bbox 960 3323 1032 3380; x_wconf 88' lang='lat' dir='ltr'><strong>de</strong></span> <span class='ocrx_word' id='word_1_453' title='bbox 1053 3322 1278 3397; x_wconf 89' lang='lat' dir='ltr'><strong>judicio</strong></span> <span class='ocrx_word' id='word_1_454' title='bbox 1310 3323 1546 3396; x_wconf 89' lang='lat' dir='ltr'><strong>plurimi</strong></span> <span class='ocrx_word' id='word_1_455' title='bbox 1579 3306 1908 3397; x_wconf 79' lang='lat' dir='ltr'><strong>exemplum</strong></span> <span class='ocrx_word' id='word_1_456' title='bbox 1939 3306 2136 3381; x_wconf 73' lang='lat' dir='ltr'><strong>stude-</strong></span> <span class='ocrx_word' id='word_1_457' title='bbox 2166 3310 2210 3384; x_wconf 71' lang='grc' dir='ltr'><strong>Β</strong></span> <span class='ocrx_word' id='word_1_458' title='bbox 2247 3319 2361 3374; x_wconf 59' lang='lat' dir='ltr'><strong>Clio</strong></span> <span class='ocrx_word' id='word_1_459' title='bbox 2387 3306 2703 3375; x_wconf 59' lang='lat' dir='ltr'><strong>Vehemens</strong></span> <span class='ocrx_word' id='word_1_460' title='bbox 2727 3320 3250 3394; x_wconf 76' lang='lat' dir='ltr'><strong>extorqueret,qu</strong></span> <span class='ocrx_word' id='word_1_461' title='bbox 3271 3306 3608 3394; x_wconf 79' lang='lat' dir='ltr'><strong>frequenter</strong></span> <span class='ocrx_word' id='word_1_462' title='bbox 3625 3320 3740 3399; x_wconf 81' lang='lat' dir='ltr'><strong>hoc</strong></span> <span class='ocrx_word' id='word_1_463' title='bbox 3756 3318 3903 3399; x_wconf 73' lang='lat' dir='ltr'><strong>agit,</strong></span> 
     </span>
    </p>
   </div>
   <div class='ocr_carea' id='block_1_65' title="bbox 487 3406 2136 3489">
    <p class='ocr_par' dir='ltr' id='par_1_65' title="bbox 487 3406 2136 3489">
     <span class='ocr_line' id='line_1_65' title="bbox 487 3406 2136 3489; baseline -0.002 -17"><span class='ocrx_word' id='word_1_464' title='bbox 487 3412 641 3472; x_wconf 89' lang='lat' dir='ltr'><strong>bunt</strong></span> <span class='ocrx_word' id='word_1_465' title='bbox 661 3406 1064 3487; x_wconf 87' lang='lat' dir='ltr'><strong>accipere.Nos</strong></span> <span class='ocrx_word' id='word_1_466' title='bbox 1087 3416 1304 3482; x_wconf 89' lang='lat' dir='ltr'><strong>autem,</strong></span> <span class='ocrx_word' id='word_1_467' title='bbox 1329 3412 1396 3467; x_wconf 89' lang='lat' dir='ltr'><strong>ut</strong></span> <span class='ocrx_word' id='word_1_468' title='bbox 1413 3410 1594 3484; x_wconf 89' lang='lat' dir='ltr'><strong>hujus</strong></span> <span class='ocrx_word' id='word_1_469' title='bbox 1614 3411 1832 3489; x_wconf 86' lang='lat' dir='ltr'><strong>negotii</strong></span> <span class='ocrx_word' id='word_1_470' title='bbox 1851 3417 2136 3486; x_wconf 82' lang='lat' dir='ltr'><strong>expertes,</strong></span> 
     </span>
    </p>
   </div>
   <div class='ocr_carea' id='block_1_66' title="bbox 488 3496 2138 3579">
    <p class='ocr_par' dir='ltr' id='par_1_66' title="bbox 488 3496 2138 3579">
     <span class='ocr_line' id='line_1_66' title="bbox 488 3496 2138 3579; baseline -0.002 -18"><span class='ocrx_word' id='word_1_471' title='bbox 488 3498 620 3579; x_wconf 69' lang='lat' dir='ltr'><strong>quae</strong></span> <span class='ocrx_word' id='word_1_472' title='bbox 648 3498 901 3576; x_wconf 86' lang='lat' dir='ltr'><strong>legimus</strong></span> <span class='ocrx_word' id='word_1_473' title='bbox 931 3499 1268 3568; x_wconf 89' lang='lat' dir='ltr'><strong>dicimus,et</strong></span> <span class='ocrx_word' id='word_1_474' title='bbox 1285 3517 1401 3556; x_wconf 92' lang='lat' dir='ltr'><strong>non</strong></span> <span class='ocrx_word' id='word_1_475' title='bbox 1430 3498 1567 3557; x_wconf 87' lang='lat' dir='ltr'><strong>inde</strong></span> <span class='ocrx_word' id='word_1_476' title='bbox 1592 3498 1848 3574; x_wconf 87' lang='lat' dir='ltr'><strong>amplius</strong></span> <span class='ocrx_word' id='word_1_477' title='bbox 1868 3504 1969 3557; x_wconf 88' lang='lat' dir='ltr'><strong>aut</strong></span> <span class='ocrx_word' id='word_1_478' title='bbox 1988 3496 2138 3558; x_wconf 88' lang='lat' dir='ltr'><strong>scire</strong></span> 
     </span>
    </p>
   </div>
   <div class='ocr_carea' id='block_1_67' title="bbox 491 3588 2137 3669">
    <p class='ocr_par' dir='ltr' id='par_1_67' title="bbox 491 3588 2137 3669">
     <span class='ocr_line' id='line_1_67' title="bbox 491 3588 2137 3669; baseline -0.002 -20"><span class='ocrx_word' id='word_1_479' title='bbox 491 3588 940 3669; x_wconf 73' lang='lat' dir='ltr'><strong>quaerimus,aut</strong></span> <span class='ocrx_word' id='word_1_480' title='bbox 969 3588 1316 3664; x_wconf 87' lang='lat' dir='ltr'><strong>investigare</strong></span> <span class='ocrx_word' id='word_1_481' title='bbox 1343 3589 1625 3646; x_wconf 88' lang='lat' dir='ltr'><strong>volemus.</strong></span> <span class='ocrx_word' id='word_1_482' title='bbox 1643 3589 1910 3646; x_wconf 84' lang='lat' dir='ltr'><strong>Viderint</strong></span> <span class='ocrx_word' id='word_1_483' title='bbox 1939 3599 2137 3646; x_wconf 87' lang='lat' dir='ltr'><strong>autem</strong></span> 
     </span>
    </p>
   </div>
   <div class='ocr_carea' id='block_1_68' title="bbox 489 3674 2139 3766">
    <p class='ocr_par' dir='ltr' id='par_1_68' title="bbox 489 3674 2139 3766">
     <span class='ocr_line' id='line_1_68' title="bbox 489 3674 2139 3766; baseline -0.001 -29"><span class='ocrx_word' id='word_1_484' title='bbox 489 3681 687 3766; x_wconf 73' lang='lat' dir='ltr'><strong>legum</strong></span> <span class='ocrx_word' id='word_1_485' title='bbox 708 3678 966 3753; x_wconf 86' lang='lat' dir='ltr'><strong>judices,</strong></span> <span class='ocrx_word' id='word_1_486' title='bbox 999 3674 1048 3734; x_wconf 91' lang='lat' dir='ltr'><strong>si</strong></span> <span class='ocrx_word' id='word_1_487' title='bbox 1080 3695 1280 3735; x_wconf 90' lang='lat' dir='ltr'><strong>verum</strong></span> <span class='ocrx_word' id='word_1_488' title='bbox 1325 3676 1625 3735; x_wconf 90' lang='lat' dir='ltr'><strong>inventum</strong></span> <span class='ocrx_word' id='word_1_489' title='bbox 1676 3677 1850 3734; x_wconf 85' lang='lat' dir='ltr'><strong>tuerit</strong></span> <span class='ocrx_word' id='word_1_490' title='bbox 1879 3678 2034 3752; x_wconf 89' lang='lat' dir='ltr'><strong>quod</strong></span> <span class='ocrx_word' id='word_1_491' title='bbox 2067 3678 2139 3736; x_wconf 88' lang='lat' dir='ltr'><strong>de</strong></span> 
     </span>
    </p>
   </div>
   <div class='ocr_carea' id='block_1_69' title="bbox 489 3756 2137 3840">
    <p class='ocr_par' dir='ltr' id='par_1_69' title="bbox 489 3756 2137 3840">
     <span class='ocr_line' id='line_1_69' title="bbox 489 3756 2137 3840; baseline -0.001 -12"><span class='ocrx_word' id='word_1_492' title='bbox 489 3756 600 3828; x_wconf 77' lang='lat' dir='ltr'><strong>liae</strong></span> <span class='ocrx_word' id='word_1_493' title='bbox 615 3756 835 3827; x_wconf 82' lang='lat' dir='ltr'><strong>femina</strong></span> <span class='ocrx_word' id='word_1_494' title='bbox 853 3765 966 3824; x_wconf 85' lang='lat' dir='ltr'><strong>dici</strong></span> <span class='ocrx_word' id='word_1_495' title='bbox 975 3770 1088 3839; x_wconf 91' lang='lat' dir='ltr'><strong>tur,</strong></span> <span class='ocrx_word' id='word_1_496' title='bbox 1112 3765 1333 3839; x_wconf 84' lang='lat' dir='ltr'><strong>scilicet</strong></span> <span class='ocrx_word' id='word_1_497' title='bbox 1355 3770 1419 3824; x_wconf 91' lang='lat' dir='ltr'><strong>ut</strong></span> <span class='ocrx_word' id='word_1_498' title='bbox 1439 3771 1574 3824; x_wconf 87' lang='lat' dir='ltr'><strong>ante</strong></span> <span class='ocrx_word' id='word_1_499' title='bbox 1604 3766 2137 3840; x_wconf 53' lang='lat' dir='ltr'><strong>d‘esponsationem,</strong></span> 
     </span>
    </p>
   </div>
   <div class='ocr_carea' id='block_1_70' title="bbox 488 3844 2140 3935">
    <p class='ocr_par' dir='ltr' id='par_1_70' title="bbox 488 3844 2140 3935">
     <span class='ocr_line' id='line_1_70' title="bbox 488 3844 2140 3935; baseline -0.001 -20"><span class='ocrx_word' id='word_1_500' title='bbox 488 3844 826 3935; x_wconf 74' lang='lat' dir='ltr'><strong>quandiuin</strong></span> <span class='ocrx_word' id='word_1_501' title='bbox 857 3874 968 3914; x_wconf 89' lang='lat' dir='ltr'><strong>sua</strong></span> <span class='ocrx_word' id='word_1_502' title='bbox 995 3854 1082 3912; x_wconf 89' lang='lat' dir='ltr'><strong>vel</strong></span> <span class='ocrx_word' id='word_1_503' title='bbox 1111 3857 1240 3931; x_wconf 88' lang='lat' dir='ltr'><strong>ejus</strong></span> <span class='ocrx_word' id='word_1_504' title='bbox 1269 3855 1342 3912; x_wconf 90' lang='lat' dir='ltr'><strong>de</strong></span> <span class='ocrx_word' id='word_1_505' title='bbox 1372 3872 1486 3929; x_wconf 91' lang='lat' dir='ltr'><strong>quo</strong></span> <span class='ocrx_word' id='word_1_506' title='bbox 1517 3856 1828 3913; x_wconf 87' lang='lat' dir='ltr'><strong>denotatur</strong></span> <span class='ocrx_word' id='word_1_507' title='bbox 1856 3860 2140 3932; x_wconf 83' lang='lat' dir='ltr'><strong>potestate</strong></span> 
     </span>
    </p>
   </div>
   <div class='ocr_carea' id='block_1_71' title="bbox 488 3940 2138 4020">
    <p class='ocr_par' dir='ltr' id='par_1_71' title="bbox 488 3940 2138 4020">
     <span class='ocr_line' id='line_1_71' title="bbox 488 3940 2138 4020; baseline -0.001 -14"><span class='ocrx_word' id='word_1_508' title='bbox 488 3946 730 4019; x_wconf 82' lang='lat' dir='ltr'><strong>exstitit,</strong></span> <span class='ocrx_word' id='word_1_509' title='bbox 762 3942 1042 4004; x_wconf 87' lang='lat' dir='ltr'><strong>indecens</strong></span> <span class='ocrx_word' id='word_1_510' title='bbox 1098 3940 1238 4019; x_wconf 90' lang='lat' dir='ltr'><strong>quid</strong></span> <span class='ocrx_word' id='word_1_511' title='bbox 1286 3944 1402 4002; x_wconf 87' lang='lat' dir='ltr'><strong>tale</strong></span> <span class='ocrx_word' id='word_1_512' title='bbox 1449 3944 1709 4013; x_wconf 90' lang='lat' dir='ltr'><strong>admisit,</strong></span> <span class='ocrx_word' id='word_1_513' title='bbox 1742 3949 1801 4002; x_wconf 88' lang='lat' dir='ltr'><strong>et</strong></span> <span class='ocrx_word' id='word_1_514' title='bbox 1828 3946 2138 4020; x_wconf 86' lang='lat' dir='ltr'><strong>postquam</strong></span> 
     </span>
    </p>
   </div>
   <div class='ocr_carea' id='block_1_72' title="bbox 485 4032 2138 4112">
    <p class='ocr_par' dir='ltr' id='par_1_72' title="bbox 485 4032 2138 4112">
     <span class='ocr_line' id='line_1_72' title="bbox 485 4032 2138 4112; baseline -0.002 -19"><span class='ocrx_word' id='word_1_515' title='bbox 485 4035 609 4093; x_wconf 91' lang='lat' dir='ltr'><strong>viro</strong></span> <span class='ocrx_word' id='word_1_516' title='bbox 630 4100 637 4112; x_wconf 43' lang='grc' dir='ltr'>ι</span> <span class='ocrx_word' id='word_1_517' title='bbox 645 4037 856 4108; x_wconf 87' lang='lat' dir='ltr'><strong>juncta</strong></span> <span class='ocrx_word' id='word_1_518' title='bbox 902 4036 1010 4102; x_wconf 89' lang='lat' dir='ltr'><strong>est,</strong></span> <span class='ocrx_word' id='word_1_519' title='bbox 1040 4032 1124 4088; x_wconf 87' lang='lat' dir='ltr'><strong>illi</strong></span> <span class='ocrx_word' id='word_1_520' title='bbox 1176 4051 1239 4090; x_wconf 89' lang='lat' dir='ltr'><strong>se</strong></span> <span class='ocrx_word' id='word_1_521' title='bbox 1297 4032 1403 4090; x_wconf 88' lang='lat' dir='ltr'><strong>soli</strong></span> <span class='ocrx_word' id='word_1_522' title='bbox 1459 4032 1726 4105; x_wconf 82' lang='lat' dir='ltr'><strong>servavit,</strong></span> <span class='ocrx_word' id='word_1_523' title='bbox 1766 4038 1963 4091; x_wconf 90' lang='lat' dir='ltr'><strong>utrum</strong></span> <span class='ocrx_word' id='word_1_524' title='bbox 2009 4052 2138 4092; x_wconf 88' lang='lat' dir='ltr'><strong>eam</strong></span> 
     </span>
    </p>
   </div>
   <div class='ocr_carea' id='block_1_73' title="bbox 489 4118 2138 4197">
    <p class='ocr_par' dir='ltr' id='par_1_73' title="bbox 489 4118 2138 4197">
     <span class='ocr_line' id='line_1_73' title="bbox 489 4118 2138 4197; baseline -0.001 -16"><span class='ocrx_word' id='word_1_525' title='bbox 489 4126 678 4181; x_wconf 90' lang='lat' dir='ltr'><strong>morte</strong></span> <span class='ocrx_word' id='word_1_526' title='bbox 734 4122 1111 4179; x_wconf 87' lang='lat' dir='ltr'><strong>condemnari</strong></span> <span class='ocrx_word' id='word_1_527' title='bbox 1169 4123 1500 4191; x_wconf 87' lang='lat' dir='ltr'><strong>decernent,</strong></span> <span class='ocrx_word' id='word_1_528' title='bbox 1535 4120 1653 4180; x_wconf 87' lang='lat' dir='ltr'><strong>sive</strong></span> <span class='ocrx_word' id='word_1_529' title='bbox 1684 4118 1788 4196; x_wconf 82' lang='lat' dir='ltr'><strong>per</strong></span> <span class='ocrx_word' id='word_1_530' title='bbox 1809 4122 1994 4197; x_wconf 86' lang='lat' dir='ltr'><strong>legem</strong></span> <span class='ocrx_word' id='word_1_531' title='bbox 2027 4124 2138 4180; x_wconf 82' lang='lat' dir='ltr'><strong>Ro-</strong></span> 
     </span>
    </p>
   </div>
   <div class='ocr_carea' id='block_1_74' title="bbox 490 4206 2138 4285">
    <p class='ocr_par' dir='ltr' id='par_1_74' title="bbox 490 4206 2138 4285">
     <span class='ocr_line' id='line_1_74' title="bbox 490 4206 2138 4285; baseline 0.001 -18"><span class='ocrx_word' id='word_1_532' title='bbox 490 4228 750 4279; x_wconf 89' lang='lat' dir='ltr'><strong>manam,</strong></span> <span class='ocrx_word' id='word_1_533' title='bbox 782 4214 886 4267; x_wconf 87' lang='lat' dir='ltr'><strong>aut</strong></span> <span class='ocrx_word' id='word_1_534' title='bbox 915 4228 1016 4284; x_wconf 88' lang='lat' dir='ltr'><strong>per</strong></span> <span class='ocrx_word' id='word_1_535' title='bbox 1046 4206 1282 4266; x_wconf 90' lang='lat' dir='ltr'><strong>illorum</strong></span> <span class='ocrx_word' id='word_1_536' title='bbox 1326 4210 1504 4283; x_wconf 84' lang='lat' dir='ltr'><strong>leges,</strong></span> <span class='ocrx_word' id='word_1_537' title='bbox 1535 4210 1623 4268; x_wconf 85' lang='lat' dir='ltr'><strong>vel</strong></span> <span class='ocrx_word' id='word_1_538' title='bbox 1663 4212 1880 4285; x_wconf 89' lang='lat' dir='ltr'><strong>quibus</strong></span> <span class='ocrx_word' id='word_1_539' title='bbox 1926 4210 2030 4269; x_wconf 87' lang='lat' dir='ltr'><strong>illa</strong></span> <span class='ocrx_word' id='word_1_540' title='bbox 2059 4210 2138 4269; x_wconf 90' lang='lat' dir='ltr'><strong>fe-</strong></span> 
     </span>
    </p>
   </div>
   <div class='ocr_carea' id='block_1_75' title="bbox 490 4294 2142 4372">
    <p class='ocr_par' dir='ltr' id='par_1_75' title="bbox 490 4294 2142 4372">
     <span class='ocr_line' id='line_1_75' title="bbox 490 4294 2142 4372; baseline -0.001 -13"><span class='ocrx_word' id='word_1_541' title='bbox 490 4298 654 4359; x_wconf 87' lang='lat' dir='ltr'><strong>mina</strong></span> <span class='ocrx_word' id='word_1_542' title='bbox 682 4302 773 4356; x_wconf 88' lang='lat' dir='ltr'><strong>est</strong></span> <span class='ocrx_word' id='word_1_543' title='bbox 801 4298 1085 4370; x_wconf 88' lang='lat' dir='ltr'><strong>subjecta,</strong></span> <span class='ocrx_word' id='word_1_544' title='bbox 1119 4294 1203 4355; x_wconf 88' lang='lat' dir='ltr'><strong>vel</strong></span> <span class='ocrx_word' id='word_1_545' title='bbox 1250 4312 1357 4372; x_wconf 85' lang='lat' dir='ltr'><strong>per</strong></span> <span class='ocrx_word' id='word_1_546' title='bbox 1401 4316 1549 4372; x_wconf 89' lang='lat' dir='ltr'><strong>quas</strong></span> <span class='ocrx_word' id='word_1_547' title='bbox 1580 4298 1662 4355; x_wconf 91' lang='lat' dir='ltr'><strong>illi</strong></span> <span class='ocrx_word' id='word_1_548' title='bbox 1693 4315 1823 4356; x_wconf 86' lang='lat' dir='ltr'><strong>eam</strong></span> <span class='ocrx_word' id='word_1_549' title='bbox 1851 4298 2142 4357; x_wconf 87' lang='lat' dir='ltr'><strong>voluerint</strong></span> 
     </span>
    </p>
   </div>
   <div class='ocr_carea' id='block_1_76' title="bbox 489 4384 2138 4467">
    <p class='ocr_par' dir='ltr' id='par_1_76' title="bbox 489 4384 2138 4467">
     <span class='ocr_line' id='line_1_76' title="bbox 489 4384 2138 4467; baseline 0.001 -23"><span class='ocrx_word' id='word_1_550' title='bbox 489 4384 770 4463; x_wconf 81' lang='lat' dir='ltr'><strong>iudicare.</strong></span> <span class='ocrx_word' id='word_1_551' title='bbox 803 4387 953 4443; x_wconf 90' lang='lat' dir='ltr'><strong>Sunt</strong></span> <span class='ocrx_word' id='word_1_552' title='bbox 1004 4384 1162 4442; x_wconf 90' lang='lat' dir='ltr'><strong>enim</strong></span> <span class='ocrx_word' id='word_1_553' title='bbox 1217 4384 1459 4442; x_wconf 83' lang='lat' dir='ltr'><strong>diversae</strong></span> <span class='ocrx_word' id='word_1_554' title='bbox 1499 4390 1565 4443; x_wconf 90' lang='lat' dir='ltr'><strong>ut</strong></span> <span class='ocrx_word' id='word_1_555' title='bbox 1593 4393 1817 4467; x_wconf 81' lang='lat' dir='ltr'><strong>gentes,</strong></span> <span class='ocrx_word' id='word_1_556' title='bbox 1849 4386 1932 4444; x_wconf 87' lang='lat' dir='ltr'><strong>ita</strong></span> <span class='ocrx_word' id='word_1_557' title='bbox 1959 4392 2016 4444; x_wconf 86' lang='lat' dir='ltr'><strong>et</strong></span> <span class='ocrx_word' id='word_1_558' title='bbox 2043 4402 2138 4447; x_wconf 80' lang='lat' dir='ltr'><strong>ea-</strong></span> 
     </span>
    </p>
   </div>
   <div class='ocr_carea' id='block_1_77' title="bbox 489 4472 2136 4550">
    <p class='ocr_par' dir='ltr' id='par_1_77' title="bbox 489 4472 2136 4550">
     <span class='ocr_line' id='line_1_77' title="bbox 489 4472 2136 4550; baseline 0.001 -16"><span class='ocrx_word' id='word_1_559' title='bbox 489 4472 624 4534; x_wconf 83' lang='lat' dir='ltr'><strong>rum</strong></span> <span class='ocrx_word' id='word_1_560' title='bbox 656 4474 834 4550; x_wconf 79' lang='lat' dir='ltr'><strong>leges.</strong></span> <span class='ocrx_word' id='word_1_561' title='bbox 868 4492 1038 4548; x_wconf 86' lang='lat' dir='ltr'><strong>quas,</strong></span> <span class='ocrx_word' id='word_1_562' title='bbox 1064 4472 1119 4533; x_wconf 88' lang='lat' dir='ltr'><strong>si</strong></span> <span class='ocrx_word' id='word_1_563' title='bbox 1151 4472 1492 4532; x_wconf 74' lang='lat' dir='ltr'><strong>Christiana:</strong></span> <span class='ocrx_word' id='word_1_564' title='bbox 1548 4480 1708 4545; x_wconf 90' lang='lat' dir='ltr'><strong>sunt,</strong></span> <span class='ocrx_word' id='word_1_565' title='bbox 1758 4472 1820 4533; x_wconf 90' lang='lat' dir='ltr'><strong>in</strong></span> <span class='ocrx_word' id='word_1_566' title='bbox 1870 4476 1994 4534; x_wconf 89' lang='lat' dir='ltr'><strong>suis</strong></span> <span class='ocrx_word' id='word_1_567' title='bbox 2044 4495 2136 4535; x_wconf 88' lang='lat' dir='ltr'><strong>or-</strong></span> 
     </span>
    </p>
   </div>
   <div class='ocr_carea' id='block_1_78' title="bbox 489 4558 2135 4637">
    <p class='ocr_par' dir='ltr' id='par_1_78' title="bbox 489 4558 2135 4637">
     <span class='ocr_line' id='line_1_78' title="bbox 489 4558 2135 4637; baseline 0.002 -16"><span class='ocrx_word' id='word_1_568' title='bbox 489 4562 754 4632; x_wconf 89' lang='lat' dir='ltr'><strong>dinibus,</strong></span> <span class='ocrx_word' id='word_1_569' title='bbox 776 4580 902 4637; x_wconf 71' lang='lat' dir='ltr'><strong>quae</strong></span> <span class='ocrx_word' id='word_1_570' title='bbox 925 4565 1095 4636; x_wconf 85' lang='lat' dir='ltr'><strong>juxta</strong></span> <span class='ocrx_word' id='word_1_571' title='bbox 1125 4564 1263 4620; x_wconf 89' lang='lat' dir='ltr'><strong>sunt</strong></span> <span class='ocrx_word' id='word_1_572' title='bbox 1287 4564 1686 4636; x_wconf 85' lang='lat' dir='ltr'><strong>decernentes,</strong></span> <span class='ocrx_word' id='word_1_573' title='bbox 1709 4558 1967 4624; x_wconf 86' lang='lat' dir='ltr'><strong>Ecclesia</strong></span> <span class='ocrx_word' id='word_1_574' title='bbox 1995 4584 2135 4625; x_wconf 90' lang='lat' dir='ltr'><strong>san-</strong></span> 
     </span>
    </p>
   </div>
   <div class='ocr_carea' id='block_1_79' title="bbox 2247 3398 3903 3487">
    <p class='ocr_par' dir='ltr' id='par_1_79' title="bbox 2247 3398 3903 3487">
     <span class='ocr_line' id='line_1_79' title="bbox 2247 3398 3903 3487; baseline 0.004 -25"><span class='ocrx_word' id='word_1_575' title='bbox 2247 3409 2312 3462; x_wconf 89' lang='lat' dir='ltr'><strong>ut</strong></span> <span class='ocrx_word' id='word_1_576' title='bbox 2340 3402 2544 3464; x_wconf 83' lang='lat' dir='ltr'><strong>noxios</strong></span> <span class='ocrx_word' id='word_1_577' title='bbox 2574 3423 2636 3463; x_wconf 88' lang='lat' dir='ltr'><strong>se</strong></span> <span class='ocrx_word' id='word_1_578' title='bbox 2684 3404 2853 3464; x_wconf 82' lang='lat' dir='ltr'><strong>fateri</strong></span> <span class='ocrx_word' id='word_1_579' title='bbox 2905 3405 3082 3487; x_wconf 83' lang='lat' dir='ltr'><strong>etiam</strong></span> <span class='ocrx_word' id='word_1_580' title='bbox 3130 3413 3418 3483; x_wconf 89' lang='lat' dir='ltr'><strong>cogantur</strong></span> <span class='ocrx_word' id='word_1_581' title='bbox 3472 3398 3720 3466; x_wconf 82' lang='lat' dir='ltr'><strong>innoxii.</strong></span> <span class='ocrx_word' id='word_1_582' title='bbox 3752 3411 3903 3469; x_wconf 74' lang='lat' dir='ltr'><strong>Nam</strong></span> 
     </span>
    </p>
   </div>
   <div class='ocr_carea' id='block_1_80' title="bbox 2245 3494 3904 3572">
    <p class='ocr_par' dir='ltr' id='par_1_80' title="bbox 2245 3494 3904 3572">
     <span class='ocr_line' id='line_1_80' title="bbox 2245 3494 3904 3572; baseline 0.004 -22"><span class='ocrx_word' id='word_1_583' title='bbox 2245 3499 2560 3571; x_wconf 88' lang='lat' dir='ltr'><strong>postquam</strong></span> <span class='ocrx_word' id='word_1_584' title='bbox 2594 3494 2872 3568; x_wconf 65' lang='lat' dir='ltr'><strong>praefatus</strong></span> <span class='ocrx_word' id='word_1_585' title='bbox 2899 3495 3231 3572; x_wconf 87' lang='lat' dir='ltr'><strong>episcopus,</strong></span> <span class='ocrx_word' id='word_1_586' title='bbox 3265 3500 3332 3553; x_wconf 89' lang='lat' dir='ltr'><strong>ut</strong></span> <span class='ocrx_word' id='word_1_587' title='bbox 3378 3494 3617 3569; x_wconf 88' lang='lat' dir='ltr'><strong>dicitur,</strong></span> <span class='ocrx_word' id='word_1_588' title='bbox 3650 3499 3904 3557; x_wconf 84' lang='lat' dir='ltr'><strong>cruciari</strong></span> 
     </span>
    </p>
   </div>
   <div class='ocr_carea' id='block_1_81' title="bbox 2246 3582 3904 3665">
    <p class='ocr_par' dir='ltr' id='par_1_81' title="bbox 2246 3582 3904 3665">
     <span class='ocr_line' id='line_1_81' title="bbox 2246 3582 3904 3665; baseline 0.005 -27"><span class='ocrx_word' id='word_1_589' title='bbox 2246 3582 2541 3655; x_wconf 88' lang='lat' dir='ltr'><strong>custodia,</strong></span> <span class='ocrx_word' id='word_1_590' title='bbox 2562 3583 2928 3657; x_wconf 87' lang='lat' dir='ltr'><strong>cremarique</strong></span> <span class='ocrx_word' id='word_1_591' title='bbox 2957 3584 3111 3641; x_wconf 90' lang='lat' dir='ltr'><strong>fame</strong></span> <span class='ocrx_word' id='word_1_592' title='bbox 3130 3585 3194 3641; x_wconf 82' lang='lat' dir='ltr'><strong>se</strong></span> <span class='ocrx_word' id='word_1_593' title='bbox 3213 3585 3444 3665; x_wconf 81' lang='lat' dir='ltr'><strong>asserit,</strong></span> <span class='ocrx_word' id='word_1_594' title='bbox 3473 3586 3624 3665; x_wconf 78' lang='lat' dir='ltr'><strong>scire</strong></span> <span class='ocrx_word' id='word_1_595' title='bbox 3649 3584 3904 3657; x_wconf 86' lang='lat' dir='ltr'><strong>debetis,</strong></span> 
     </span>
    </p>
   </div>
   <div class='ocr_carea' id='block_1_82' title="bbox 2246 3660 3903 3742">
    <p class='ocr_par' dir='ltr' id='par_1_82' title="bbox 2246 3660 3903 3742">
     <span class='ocr_line' id='line_1_82' title="bbox 2246 3660 3903 3742; baseline 0.004 -13"><span class='ocrx_word' id='word_1_596' title='bbox 2246 3671 2297 3729; x_wconf 88' lang='lat' dir='ltr'><strong>sl</strong></span> <span class='ocrx_word' id='word_1_597' title='bbox 2329 3672 2409 3728; x_wconf 88' lang='lat' dir='ltr'><strong>ita</strong></span> <span class='ocrx_word' id='word_1_598' title='bbox 2436 3677 2544 3742; x_wconf 88' lang='lat' dir='ltr'><strong>est,</strong></span> <span class='ocrx_word' id='word_1_599' title='bbox 2578 3676 2778 3731; x_wconf 89' lang='lat' dir='ltr'><strong>utrum</strong></span> <span class='ocrx_word' id='word_1_600' title='bbox 2837 3676 3043 3730; x_wconf 89' lang='lat' dir='ltr'><strong>noceat</strong></span> <span class='ocrx_word' id='word_1_601' title='bbox 3087 3673 3143 3731; x_wconf 74' lang='lat' dir='ltr'><strong>si“</strong></span> <span class='ocrx_word' id='word_1_602' title='bbox 3187 3661 3272 3731; x_wconf 83' lang='lat' dir='ltr'><strong>sic</strong></span> <span class='ocrx_word' id='word_1_603' title='bbox 3302 3660 3479 3733; x_wconf 78' lang='lat' dir='ltr'><strong>fuerit</strong></span> <span class='ocrx_word' id='word_1_604' title='bbox 3506 3660 3733 3734; x_wconf 78' lang='lat' dir='ltr'><strong>extorta</strong></span> <span class='ocrx_word' id='word_1_605' title='bbox 3761 3684 3903 3735; x_wconf 74' lang='lat' dir='ltr'><strong>cod-</strong></span> 
     </span>
    </p>
   </div>
   <div class='ocr_carea' id='block_1_83' title="bbox 2247 3750 3905 3837">
    <p class='ocr_par' dir='ltr' id='par_1_83' title="bbox 2247 3750 3905 3837">
     <span class='ocr_line' id='line_1_83' title="bbox 2247 3750 3905 3837; baseline 0.005 -20"><span class='ocrx_word' id='word_1_606' title='bbox 2247 3758 2728 3837; x_wconf 88' lang='lat' dir='ltr'><strong>fessio.Nunquid</strong></span> <span class='ocrx_word' id='word_1_607' title='bbox 2761 3760 2996 3835; x_wconf 83' lang='lat' dir='ltr'><strong>quando</strong></span> <span class='ocrx_word' id='word_1_608' title='bbox 3023 3750 3377 3821; x_wconf 80' lang='lat' dir='ltr'><strong>sententiam</strong></span> <span class='ocrx_word' id='word_1_609' title='bbox 3408 3763 3555 3822; x_wconf 84' lang='lat' dir='ltr'><strong>tales</strong></span> <span class='ocrx_word' id='word_1_610' title='bbox 3584 3778 3777 3824; x_wconf 76' lang='lat' dir='ltr'><strong>causae</strong></span> <span class='ocrx_word' id='word_1_611' title='bbox 3809 3782 3905 3824; x_wconf 79' lang='lat' dir='ltr'><strong>su-</strong></span> 
     </span>
    </p>
   </div>
   <div class='ocr_carea' id='block_1_84' title="bbox 2245 3838 3908 3937">
    <p class='ocr_par' dir='ltr' id='par_1_84' title="bbox 2245 3838 3908 3937">
     <span class='ocr_line' id='line_1_84' title="bbox 2245 3838 3908 3937; baseline 0.003 -29"><span class='ocrx_word' id='word_1_612' title='bbox 2245 3849 2522 3937; x_wconf 77' lang='lat' dir='ltr'><strong>scipiunt,</strong></span> <span class='ocrx_word' id='word_1_613' title='bbox 2549 3850 2687 3907; x_wconf 89' lang='lat' dir='ltr'><strong>etad</strong></span> <span class='ocrx_word' id='word_1_614' title='bbox 2709 3850 2906 3908; x_wconf 89' lang='lat' dir='ltr'><strong>sedem</strong></span> <span class='ocrx_word' id='word_1_615' title='bbox 2922 3838 3682 3937; x_wconf 39' lang='lat' dir='ltr'><strong>apostolicam’appellatur,</strong></span> <span class='ocrx_word' id='word_1_616' title='bbox 3702 3871 3821 3937; x_wconf 87' lang='lat' dir='ltr'><strong>non</strong></span> <span class='ocrx_word' id='word_1_617' title='bbox 3845 3863 3908 3914; x_wconf 85' lang='lat' dir='ltr'><strong>et</strong></span> 
     </span>
    </p>
   </div>
   <div class='ocr_carea' id='block_1_85' title="bbox 2247 3933 3902 4027">
    <p class='ocr_par' dir='ltr' id='par_1_85' title="bbox 2247 3933 3902 4027">
     <span class='ocr_line' id='line_1_85' title="bbox 2247 3933 3902 4027; baseline 0.002 -31"><span class='ocrx_word' id='word_1_618' title='bbox 2247 3933 2499 4027; x_wconf 81' lang='lat' dir='ltr'><strong>persona</strong></span> <span class='ocrx_word' id='word_1_619' title='bbox 2545 3956 2674 4027; x_wconf 81' lang='lat' dir='ltr'><strong>quae</strong></span> <span class='ocrx_word' id='word_1_620' title='bbox 2714 3939 3023 4014; x_wconf 87' lang='lat' dir='ltr'><strong>judicatur</strong></span> <span class='ocrx_word' id='word_1_621' title='bbox 3068 3933 3326 4015; x_wconf 72' lang='lat' dir='ltr'><strong>praesens</strong></span> <span class='ocrx_word' id='word_1_622' title='bbox 3355 3943 3464 4027; x_wconf 82' lang='lat' dir='ltr'><strong>est,</strong></span> <span class='ocrx_word' id='word_1_623' title='bbox 3496 3944 3556 4001; x_wconf 87' lang='lat' dir='ltr'><strong>et</strong></span> <span class='ocrx_word' id='word_1_624' title='bbox 3583 3933 3902 4027; x_wconf 66' lang='lat' dir='ltr'><strong>districtis-</strong></span> 
     </span>
    </p>
   </div>
   <div class='ocr_carea' id='block_1_86' title="bbox 2247 4020 3905 4107">
    <p class='ocr_par' dir='ltr' id='par_1_86' title="bbox 2247 4020 3905 4107">
     <span class='ocr_line' id='line_1_86' title="bbox 2247 4020 3905 4107; baseline 0.004 -21"><span class='ocrx_word' id='word_1_625' title='bbox 2247 4020 2395 4086; x_wconf 82' lang='lat' dir='ltr'><strong>sime</strong></span> <span class='ocrx_word' id='word_1_626' title='bbox 2415 4031 2589 4102; x_wconf 89' lang='lat' dir='ltr'><strong>atque</strong></span> <span class='ocrx_word' id='word_1_627' title='bbox 2611 4026 2684 4084; x_wconf 90' lang='lat' dir='ltr'><strong>ab</strong></span> <span class='ocrx_word' id='word_1_628' title='bbox 2705 4029 2867 4085; x_wconf 90' lang='lat' dir='ltr'><strong>omni</strong></span> <span class='ocrx_word' id='word_1_629' title='bbox 2889 4029 3069 4086; x_wconf 88' lang='lat' dir='ltr'><strong>latere</strong></span> <span class='ocrx_word' id='word_1_630' title='bbox 3094 4030 3313 4088; x_wconf 84' lang='lat' dir='ltr'><strong>veritas</strong></span> <span class='ocrx_word' id='word_1_631' title='bbox 3340 4020 3647 4107; x_wconf 67' lang='lat' dir='ltr'><strong>quaeritur,</strong></span> <span class='ocrx_word' id='word_1_632' title='bbox 3670 4038 3739 4090; x_wconf 90' lang='lat' dir='ltr'><strong>ut</strong></span> <span class='ocrx_word' id='word_1_633' title='bbox 3760 4024 3905 4092; x_wconf 67' lang='lat' dir='ltr'><strong>tun‘c</strong></span> 
     </span>
    </p>
   </div>
   <div class='ocr_carea' id='block_1_87' title="bbox 2248 4114 3907 4181">
    <p class='ocr_par' dir='ltr' id='par_1_87' title="bbox 2248 4114 3907 4181">
     <span class='ocr_line' id='line_1_87' title="bbox 2248 4114 3907 4181; baseline 0.004 -7"><span class='ocrx_word' id='word_1_634' title='bbox 2248 4118 2299 4177; x_wconf 89' lang='lat' dir='ltr'><strong>si</strong></span> <span class='ocrx_word' id='word_1_635' title='bbox 2329 4114 2539 4174; x_wconf 85' lang='lat' dir='ltr'><strong>debeat</strong></span> <span class='ocrx_word' id='word_1_636' title='bbox 2569 4135 2751 4174; x_wconf 88' lang='lat' dir='ltr'><strong>necne</strong></span> <span class='ocrx_word' id='word_1_637' title='bbox 2782 4135 3017 4175; x_wconf 88' lang='lat' dir='ltr'><strong>manere</strong></span> <span class='ocrx_word' id='word_1_638' title='bbox 3066 4120 3357 4176; x_wconf 83' lang='lat' dir='ltr'><strong>sententia</strong></span> <span class='ocrx_word' id='word_1_639' title='bbox 3405 4122 3806 4181; x_wconf 78' lang='lat' dir='ltr'><strong>decernatur?</strong></span> <span class='ocrx_word' id='word_1_640' title='bbox 3832 4117 3907 4181; x_wconf 75' lang='lat' dir='ltr'><strong>Et</strong></span> 
     </span>
    </p>
   </div>
   <div class='ocr_carea' id='block_1_88' title="bbox 2247 4204 3904 4287">
    <p class='ocr_par' dir='ltr' id='par_1_88' title="bbox 2247 4204 3904 4287">
     <span class='ocr_line' id='line_1_88' title="bbox 2247 4204 3904 4287; baseline 0.004 -25"><span class='ocrx_word' id='word_1_641' title='bbox 2247 4204 2376 4262; x_wconf 90' lang='lat' dir='ltr'><strong>ideo</strong></span> <span class='ocrx_word' id='word_1_642' title='bbox 2405 4209 2716 4281; x_wconf 84' lang='lat' dir='ltr'><strong>postquam</strong></span> <span class='ocrx_word' id='word_1_643' title='bbox 2751 4211 2809 4263; x_wconf 92' lang='lat' dir='ltr'><strong>et</strong></span> <span class='ocrx_word' id='word_1_644' title='bbox 2838 4225 3088 4281; x_wconf 79' lang='lat' dir='ltr'><strong>persona</strong></span> <span class='ocrx_word' id='word_1_645' title='bbox 3118 4204 3332 4287; x_wconf 78' lang='lat' dir='ltr'><strong>abs‘ens</strong></span> <span class='ocrx_word' id='word_1_646' title='bbox 3360 4214 3469 4285; x_wconf 86' lang='lat' dir='ltr'><strong>est,</strong></span> <span class='ocrx_word' id='word_1_647' title='bbox 3496 4214 3554 4268; x_wconf 91' lang='lat' dir='ltr'><strong>et</strong></span> <span class='ocrx_word' id='word_1_648' title='bbox 3575 4212 3744 4287; x_wconf 86' lang='lat' dir='ltr'><strong>gesta</strong></span> <span class='ocrx_word' id='word_1_649' title='bbox 3773 4228 3904 4287; x_wconf 68' lang='lat' dir='ltr'><strong>quas</strong></span> 
     </span>
    </p>
   </div>
   <div class='ocr_carea' id='block_1_89' title="bbox 2247 4286 3902 4377">
    <p class='ocr_par' dir='ltr' id='par_1_89' title="bbox 2247 4286 3902 4377">
     <span class='ocr_line' id='line_1_89' title="bbox 2247 4286 3902 4377; baseline 0.005 -27"><span class='ocrx_word' id='word_1_650' title='bbox 2247 4294 2321 4351; x_wconf 89' lang='lat' dir='ltr'><strong>ad</strong></span> <span class='ocrx_word' id='word_1_651' title='bbox 2352 4313 2459 4352; x_wconf 88' lang='lat' dir='ltr'><strong>nos</strong></span> <span class='ocrx_word' id='word_1_652' title='bbox 2490 4296 2928 4365; x_wconf 89' lang='lat' dir='ltr'><strong>transmisistis,</strong></span> <span class='ocrx_word' id='word_1_653' title='bbox 2965 4296 3156 4372; x_wconf 79' lang='lat' dir='ltr'><strong>nobis,</strong></span> <span class='ocrx_word' id='word_1_654' title='bbox 3187 4286 3342 4354; x_wconf 79' lang='lat' dir='ltr'><strong>sicut</strong></span> <span class='ocrx_word' id='word_1_655' title='bbox 3382 4286 3611 4377; x_wconf 77' lang='lat' dir='ltr'><strong>praefati</strong></span> <span class='ocrx_word' id='word_1_656' title='bbox 3665 4286 3902 4371; x_wconf 83' lang='lat' dir='ltr'><strong>sumus,</strong></span> 
     </span>
    </p>
   </div>
   <div class='ocr_carea' id='block_1_90' title="bbox 2248 4380 3905 4465">
    <p class='ocr_par' dir='ltr' id='par_1_90' title="bbox 2248 4380 3905 4465">
     <span class='ocr_line' id='line_1_90' title="bbox 2248 4380 3905 4465; baseline 0.007 -26"><span class='ocrx_word' id='word_1_657' title='bbox 2248 4383 2453 4442; x_wconf 90' lang='lat' dir='ltr'><strong>idonee</strong></span> <span class='ocrx_word' id='word_1_658' title='bbox 2483 4384 2818 4443; x_wconf 87' lang='lat' dir='ltr'><strong>satisfacere</strong></span> <span class='ocrx_word' id='word_1_659' title='bbox 2848 4403 2964 4444; x_wconf 92' lang='lat' dir='ltr'><strong>non</strong></span> <span class='ocrx_word' id='word_1_660' title='bbox 2994 4380 3285 4456; x_wconf 86' lang='lat' dir='ltr'><strong>videntur,</strong></span> <span class='ocrx_word' id='word_1_661' title='bbox 3317 4390 3537 4446; x_wconf 88' lang='lat' dir='ltr'><strong>temere</strong></span> <span class='ocrx_word' id='word_1_662' title='bbox 3569 4389 3794 4465; x_wconf 90' lang='lat' dir='ltr'><strong>aliquid</strong></span> <span class='ocrx_word' id='word_1_663' title='bbox 3829 4390 3905 4450; x_wconf 82' lang='lat' dir='ltr'><strong>de</strong></span> 
     </span>
    </p>
   </div>
   <div class='ocr_carea' id='block_1_91' title="bbox 2248 4468 3903 4559">
    <p class='ocr_par' dir='ltr' id='par_1_91' title="bbox 2248 4468 3903 4559">
     <span class='ocr_line' id='line_1_91' title="bbox 2248 4468 3903 4559; baseline 0.007 -31"><span class='ocrx_word' id='word_1_664' title='bbox 2248 4470 2442 4530; x_wconf 90' lang='lat' dir='ltr'><strong>fratris</strong></span> <span class='ocrx_word' id='word_1_665' title='bbox 2498 4490 2748 4549; x_wconf 88' lang='lat' dir='ltr'><strong>persona</strong></span> <span class='ocrx_word' id='word_1_666' title='bbox 2802 4468 3112 4531; x_wconf 85' lang='lat' dir='ltr'><strong>decernere</strong></span> <span class='ocrx_word' id='word_1_667' title='bbox 3151 4491 3257 4532; x_wconf 89' lang='lat' dir='ltr'><strong>nec</strong></span> <span class='ocrx_word' id='word_1_668' title='bbox 3288 4474 3594 4557; x_wconf 83' lang='lat' dir='ltr'><strong>debemus,</strong></span> <span class='ocrx_word' id='word_1_669' title='bbox 3629 4494 3736 4559; x_wconf 84' lang='lat' dir='ltr'><strong>nec</strong></span> <span class='ocrx_word' id='word_1_670' title='bbox 3760 4486 3903 4557; x_wconf 74' lang='lat' dir='ltr'><strong>pos-</strong></span> 
     </span>
    </p>
   </div>
   <div class='ocr_carea' id='block_1_92' title="bbox 2247 4560 3905 4641">
    <p class='ocr_par' dir='ltr' id='par_1_92' title="bbox 2247 4560 3905 4641">
     <span class='ocr_line' id='line_1_92' title="bbox 2247 4560 3905 4641; baseline 0.005 -22"><span class='ocrx_word' id='word_1_671' title='bbox 2247 4579 2555 4633; x_wconf 89' lang='lat' dir='ltr'><strong>sumus,ne</strong></span> <span class='ocrx_word' id='word_1_672' title='bbox 2583 4562 2740 4636; x_wconf 89' lang='lat' dir='ltr'><strong>quod</strong></span> <span class='ocrx_word' id='word_1_673' title='bbox 2763 4563 2919 4621; x_wconf 89' lang='lat' dir='ltr'><strong>absit</strong></span> <span class='ocrx_word' id='word_1_674' title='bbox 2948 4560 3436 4641; x_wconf 80' lang='lat' dir='ltr'><strong>reprehensibiles</strong></span> <span class='ocrx_word' id='word_1_675' title='bbox 3457 4562 3905 4627; x_wconf 88' lang='lat' dir='ltr'><strong>inveniamurin</strong></span> 
     </span>
    </p>
   </div>
   <div class='ocr_carea' id='block_1_93' title="bbox 488 4650 3904 4754">
    <p class='ocr_par' dir='ltr' id='par_1_93' title="bbox 488 4650 3904 4754">
     <span class='ocr_line' id='line_1_93' title="bbox 488 4650 3904 4754; baseline 0.001 -42"><span class='ocrx_word' id='word_1_676' title='bbox 488 4656 583 4712; x_wconf 89' lang='lat' dir='ltr'><strong>cta</strong></span> <span class='ocrx_word' id='word_1_677' title='bbox 612 4670 729 4754; x_wconf 68' lang='lat' dir='ltr'><strong>non</strong></span> <span class='ocrx_word' id='word_1_678' title='bbox 777 4650 986 4725; x_wconf 89' lang='lat' dir='ltr'><strong>rejicit.</strong></span> <span class='ocrx_word' id='word_1_679' title='bbox 1017 4653 1135 4709; x_wconf 80' lang='lat' dir='ltr'><strong>Nos</strong></span> <span class='ocrx_word' id='word_1_680' title='bbox 1185 4654 1401 4723; x_wconf 87' lang='lat' dir='ltr'><strong>autem,</strong></span> <span class='ocrx_word' id='word_1_681' title='bbox 1453 4653 1626 4711; x_wconf 87' lang='lat' dir='ltr'><strong>sicuti</strong></span> <span class='ocrx_word' id='word_1_682' title='bbox 1678 4655 1866 4713; x_wconf 80' lang='lat' dir='ltr'><strong>Balaae</strong></span> <span class='ocrx_word' id='word_1_683' title='bbox 1914 4656 2214 4754; x_wconf 88' lang='lat' dir='ltr'><strong>notam,</strong></span> <span class='ocrx_word' id='word_1_684' title='bbox 2248 4653 2486 4723; x_wconf 87' lang='lat' dir='ltr'><strong>nostris,</strong></span> <span class='ocrx_word' id='word_1_685' title='bbox 2520 4650 2738 4731; x_wconf 77' lang='lat' dir='ltr'><strong>quibus</strong></span> <span class='ocrx_word' id='word_1_686' title='bbox 2783 4651 3031 4709; x_wconf 88' lang='lat' dir='ltr'><strong>aliorum</strong></span> <span class='ocrx_word' id='word_1_687' title='bbox 3072 4653 3211 4726; x_wconf 88' lang='lat' dir='ltr'><strong>jure</strong></span> <span class='ocrx_word' id='word_1_688' title='bbox 3259 4655 3541 4736; x_wconf 77' lang='lat' dir='ltr'><strong>competit</strong></span> <span class='ocrx_word' id='word_1_689' title='bbox 3583 4661 3904 4718; x_wconf 84' lang='lat' dir='ltr'><strong>retractare</strong></span> 
     </span>
    </p>
   </div>
   <div class='ocr_carea' id='block_1_94' title="bbox 487 4734 2136 4819">
    <p class='ocr_par' dir='ltr' id='par_1_94' title="bbox 487 4734 2136 4819">
     <span class='ocr_line' id='line_1_94' title="bbox 487 4734 2136 4819; baseline 0 -19"><span class='ocrx_word' id='word_1_690' title='bbox 487 4749 546 4800; x_wconf 87' lang='lat' dir='ltr'><strong>et</strong></span> <span class='ocrx_word' id='word_1_691' title='bbox 573 4734 838 4801; x_wconf 85' lang='lat' dir='ltr'><strong>criminis</strong></span> <span class='ocrx_word' id='word_1_692' title='bbox 868 4758 1097 4814; x_wconf 64' lang='lat' dir='ltr'><strong>poenam</strong></span> <span class='ocrx_word' id='word_1_693' title='bbox 1143 4758 1315 4802; x_wconf 87' lang='lat' dir='ltr'><strong>nosse</strong></span> <span class='ocrx_word' id='word_1_694' title='bbox 1346 4743 1447 4819; x_wconf 88' lang='lat' dir='ltr'><strong>qui</strong></span> <span class='ocrx_word' id='word_1_695' title='bbox 1479 4744 1550 4800; x_wconf 91' lang='lat' dir='ltr'><strong>de</strong></span> <span class='ocrx_word' id='word_1_696' title='bbox 1579 4742 1825 4802; x_wconf 90' lang='lat' dir='ltr'><strong>concilio</strong></span> <span class='ocrx_word' id='word_1_697' title='bbox 1854 4750 1987 4819; x_wconf 90' lang='lat' dir='ltr'><strong>post</strong></span> <span class='ocrx_word' id='word_1_698' title='bbox 2015 4744 2136 4801; x_wconf 90' lang='lat' dir='ltr'><strong>edi-</strong></span> 
     </span>
    </p>
   </div>
   <div class='ocr_carea' id='block_1_95' title="bbox 485 4826 2134 4904">
    <p class='ocr_par' dir='ltr' id='par_1_95' title="bbox 485 4826 2134 4904">
     <span class='ocr_line' id='line_1_95' title="bbox 485 4826 2134 4904; baseline 0.001 -16"><span class='ocrx_word' id='word_1_699' title='bbox 485 4832 647 4896; x_wconf 80' lang='lat' dir='ltr'><strong>ctum</strong></span> <span class='ocrx_word' id='word_1_700' title='bbox 696 4826 927 4888; x_wconf 91' lang='lat' dir='ltr'><strong>Domini</strong></span> <span class='ocrx_word' id='word_1_701' title='bbox 976 4830 1111 4886; x_wconf 90' lang='lat' dir='ltr'><strong>dato</strong></span> <span class='ocrx_word' id='word_1_702' title='bbox 1169 4830 1512 4904; x_wconf 79' lang='lat' dir='ltr'><strong>refugimus,</strong></span> <span class='ocrx_word' id='word_1_703' title='bbox 1546 4831 1628 4889; x_wconf 88' lang='lat' dir='ltr'><strong>ita</strong></span> <span class='ocrx_word' id='word_1_704' title='bbox 1659 4833 1952 4890; x_wconf 88' lang='lat' dir='ltr'><strong>neminem</strong></span> <span class='ocrx_word' id='word_1_705' title='bbox 1988 4834 2134 4890; x_wconf 89' lang='lat' dir='ltr'><strong>mori</strong></span> 
     </span>
    </p>
   </div>
   <div class='ocr_carea' id='block_1_96' title="bbox 485 4918 2134 4995">
    <p class='ocr_par' dir='ltr' id='par_1_96' title="bbox 485 4918 2134 4995">
     <span class='ocr_line' id='line_1_96' title="bbox 485 4918 2134 4995; baseline 0 -17"><span class='ocrx_word' id='word_1_706' title='bbox 485 4918 878 4992; x_wconf 86' lang='lat' dir='ltr'><strong>decernimus,</strong></span> <span class='ocrx_word' id='word_1_707' title='bbox 910 4919 1011 4975; x_wconf 89' lang='lat' dir='ltr'><strong>sed</strong></span> <span class='ocrx_word' id='word_1_708' title='bbox 1067 4936 1272 4975; x_wconf 88' lang='lat' dir='ltr'><strong>omnes</strong></span> <span class='ocrx_word' id='word_1_709' title='bbox 1321 4920 1512 4978; x_wconf 87' lang='lat' dir='ltr'><strong>salvos</strong></span> <span class='ocrx_word' id='word_1_710' title='bbox 1556 4921 1678 4977; x_wconf 82' lang='lat' dir='ltr'><strong>fieri</strong></span> <span class='ocrx_word' id='word_1_711' title='bbox 1707 4922 2000 4992; x_wconf 88' lang='lat' dir='ltr'><strong>volumus,</strong></span> <span class='ocrx_word' id='word_1_712' title='bbox 2033 4923 2134 4995; x_wconf 89' lang='lat' dir='ltr'><strong>qui</strong></span> 
     </span>
    </p>
   </div>
   <div class='ocr_carea' id='block_1_97' title="bbox 484 5007 2132 5085">
    <p class='ocr_par' dir='ltr' id='par_1_97' title="bbox 484 5007 2132 5085">
     <span class='ocr_line' id='line_1_97' title="bbox 484 5007 2132 5085; baseline 0 -19"><span class='ocrx_word' id='word_1_713' title='bbox 484 5009 780 5066; x_wconf 84' lang='lat' dir='ltr'><strong>neminem</strong></span> <span class='ocrx_word' id='word_1_714' title='bbox 810 5007 998 5082; x_wconf 89' lang='lat' dir='ltr'><strong>perire</strong></span> <span class='ocrx_word' id='word_1_715' title='bbox 1027 5007 1430 5065; x_wconf 84' lang='lat' dir='ltr'><strong>desideramus</strong></span> <span class='ocrx_word' id='word_1_716' title='bbox 1464 5028 1477 5066; x_wconf 94' lang='lat'><strong>:</strong></span> <span class='ocrx_word' id='word_1_717' title='bbox 1522 5027 1710 5083; x_wconf 89' lang='lat' dir='ltr'><strong>neque</strong></span> <span class='ocrx_word' id='word_1_718' title='bbox 1738 5009 1968 5085; x_wconf 89' lang='lat' dir='ltr'><strong>legibus</strong></span> <span class='ocrx_word' id='word_1_719' title='bbox 1999 5028 2132 5067; x_wconf 86' lang='lat' dir='ltr'><strong>san-</strong></span> 
     </span>
    </p>
   </div>
   <div class='ocr_carea' id='block_1_98' title="bbox 482 5095 2132 5175">
    <p class='ocr_par' dir='ltr' id='par_1_98' title="bbox 482 5095 2132 5175">
     <span class='ocr_line' id='line_1_98' title="bbox 482 5095 2132 5175; baseline 0.001 -21"><span class='ocrx_word' id='word_1_720' title='bbox 482 5096 592 5154; x_wconf 88' lang='lat' dir='ltr'><strong>ctis</strong></span> <span class='ocrx_word' id='word_1_721' title='bbox 613 5101 671 5154; x_wconf 91' lang='lat' dir='ltr'><strong>et</strong></span> <span class='ocrx_word' id='word_1_722' title='bbox 678 5096 886 5171; x_wconf 88' lang='lat' dir='ltr'><strong>justis,</strong></span> <span class='ocrx_word' id='word_1_723' title='bbox 913 5113 1061 5171; x_wconf 90' lang='lat' dir='ltr'><strong>quas</strong></span> <span class='ocrx_word' id='word_1_724' title='bbox 1091 5095 1376 5154; x_wconf 87' lang='lat' dir='ltr'><strong>hactenus</strong></span> <span class='ocrx_word' id='word_1_725' title='bbox 1406 5102 1611 5155; x_wconf 89' lang='lat' dir='ltr'><strong>sancta</strong></span> <span class='ocrx_word' id='word_1_726' title='bbox 1640 5096 1898 5159; x_wconf 89' lang='lat' dir='ltr'><strong>Ecclesia</strong></span> <span class='ocrx_word' id='word_1_727' title='bbox 1928 5103 1985 5155; x_wconf 85' lang='lat' dir='ltr'><strong>et</strong></span> <span class='ocrx_word' id='word_1_728' title='bbox 2013 5099 2132 5175; x_wconf 88' lang='lat' dir='ltr'><strong>epi-</strong></span> 
     </span>
    </p>
   </div>
   <div class='ocr_carea' id='block_1_99' title="bbox 482 5183 2131 5260">
    <p class='ocr_par' dir='ltr' id='par_1_99' title="bbox 482 5183 2131 5260">
     <span class='ocr_line' id='line_1_99' title="bbox 482 5183 2131 5260; baseline 0.001 -17"><span class='ocrx_word' id='word_1_729' title='bbox 482 5184 735 5260; x_wconf 88' lang='lat' dir='ltr'><strong>sc0palis</strong></span> <span class='ocrx_word' id='word_1_730' title='bbox 763 5183 966 5259; x_wconf 89' lang='lat' dir='ltr'><strong>religio</strong></span> <span class='ocrx_word' id='word_1_731' title='bbox 998 5188 1122 5241; x_wconf 88' lang='lat' dir='ltr'><strong>tum</strong></span> <span class='ocrx_word' id='word_1_732' title='bbox 1153 5186 1493 5258; x_wconf 87' lang='lat' dir='ltr'><strong>acccptavit,</strong></span> <span class='ocrx_word' id='word_1_733' title='bbox 1526 5191 1652 5243; x_wconf 91' lang='lat' dir='ltr'><strong>tum</strong></span> <span class='ocrx_word' id='word_1_734' title='bbox 1683 5187 1988 5256; x_wconf 88' lang='lat' dir='ltr'><strong>sustinuit,</strong></span> <span class='ocrx_word' id='word_1_735' title='bbox 2019 5189 2131 5246; x_wconf 87' lang='lat' dir='ltr'><strong>vio-</strong></span> 
     </span>
    </p>
   </div>
   <div class='ocr_carea' id='block_1_100' title="bbox 482 5268 2130 5334">
    <p class='ocr_par' dir='ltr' id='par_1_100' title="bbox 482 5268 2130 5334">
     <span class='ocr_line' id='line_1_100' title="bbox 482 5268 2130 5334; baseline 0.004 -6"><span class='ocrx_word' id='word_1_736' title='bbox 482 5268 722 5330; x_wconf 88' lang='lat' dir='ltr'><strong>lentiam</strong></span> <span class='ocrx_word' id='word_1_737' title='bbox 778 5272 958 5330; x_wconf 86' lang='lat' dir='ltr'><strong>ullam</strong></span> <span class='ocrx_word' id='word_1_738' title='bbox 1022 5272 1233 5330; x_wconf 77' lang='lat' dir='ltr'><strong>inferre</strong></span> <span class='ocrx_word' id='word_1_739' title='bbox 1290 5274 1586 5332; x_wconf 85' lang='lat' dir='ltr'><strong>molimur.</strong></span> <span class='ocrx_word' id='word_1_740' title='bbox 1645 5276 1755 5332; x_wconf 89' lang='lat' dir='ltr'><strong>Sed</strong></span> <span class='ocrx_word' id='word_1_741' title='bbox 1818 5277 2130 5334; x_wconf 86' lang='lat' dir='ltr'><strong>tenendam</strong></span> 
     </span>
    </p>
   </div>
   <div class='ocr_carea' id='block_1_101' title="bbox 479 5354 2128 5437">
    <p class='ocr_par' dir='ltr' id='par_1_101' title="bbox 479 5354 2128 5437">
     <span class='ocr_line' id='line_1_101' title="bbox 479 5354 2128 5437; baseline 0.002 -20"><span class='ocrx_word' id='word_1_742' title='bbox 479 5377 628 5425; x_wconf 90' lang='lat' dir='ltr'><strong>esse,</strong></span> <span class='ocrx_word' id='word_1_743' title='bbox 661 5354 884 5437; x_wconf 80' lang='lat' dir='ltr'><strong>absque</strong></span> <span class='ocrx_word' id='word_1_744' title='bbox 915 5366 1179 5436; x_wconf 68' lang='lat' dir='ltr'><strong>respectu</strong></span> <span class='ocrx_word' id='word_1_745' title='bbox 1213 5362 1621 5436; x_wconf 74' lang='lat' dir='ltr'><strong>cujuscunque</strong></span> <span class='ocrx_word' id='word_1_746' title='bbox 1663 5381 1945 5436; x_wconf 77' lang='lat' dir='ltr'><strong>personae,</strong></span> <span class='ocrx_word' id='word_1_747' title='bbox 1976 5365 2128 5422; x_wconf 84' lang='lat' dir='ltr'><strong>viam</strong></span> 
     </span>
    </p>
   </div>
   <div class='ocr_carea' id='block_1_102' title="bbox 482 5448 2126 5526">
    <p class='ocr_par' dir='ltr' id='par_1_102' title="bbox 482 5448 2126 5526">
     <span class='ocr_line' id='line_1_102' title="bbox 482 5448 2126 5526; baseline 0.005 -23"><span class='ocrx_word' id='word_1_748' title='bbox 482 5449 701 5522; x_wconf 85' lang='lat' dir='ltr'><strong>regiam</strong></span> <span class='ocrx_word' id='word_1_749' title='bbox 731 5448 886 5508; x_wconf 70' lang='lat'><strong>038</strong></span> <span class='ocrx_word' id='word_1_750' title='bbox 921 5451 977 5506; x_wconf 93' lang='lat' dir='ltr'><strong>in</strong></span> <span class='ocrx_word' id='word_1_751' title='bbox 1007 5453 1364 5526; x_wconf 78' lang='lat' dir='ltr'><strong>exquirendo</strong></span> <span class='ocrx_word' id='word_1_752' title='bbox 1387 5452 1614 5524; x_wconf 86' lang='lat' dir='ltr'><strong>judicio</strong></span> <span class='ocrx_word' id='word_1_753' title='bbox 1663 5470 2126 5524; x_wconf 79' lang='lat' dir='ltr'><strong>commonemus,</strong></span> 
     </span>
    </p>
   </div>
   <div class='ocr_carea' id='block_1_103' title="bbox 480 5535 2126 5615">
    <p class='ocr_par' dir='ltr' id='par_1_103' title="bbox 480 5535 2126 5615">
     <span class='ocr_line' id='line_1_103' title="bbox 480 5535 2126 5615; baseline 0.005 -21"><span class='ocrx_word' id='word_1_754' title='bbox 480 5535 634 5594; x_wconf 89' lang='lat' dir='ltr'><strong>sicut</strong></span> <span class='ocrx_word' id='word_1_755' title='bbox 665 5538 1012 5612; x_wconf 78' lang='lat' dir='ltr'><strong>magnificus</strong></span> <span class='ocrx_word' id='word_1_756' title='bbox 1043 5542 1245 5598; x_wconf 89' lang='lat' dir='ltr'><strong>doctor</strong></span> <span class='ocrx_word' id='word_1_757' title='bbox 1281 5541 1594 5615; x_wconf 86' lang='lat' dir='ltr'><strong>Gregorius</strong></span> <span class='ocrx_word' id='word_1_758' title='bbox 1625 5542 1695 5597; x_wconf 85' lang='lat' dir='ltr'><strong>ad</strong></span> <span class='ocrx_word' id='word_1_759' title='bbox 1737 5542 2126 5602; x_wconf 78' lang='lat' dir='ltr'><strong>Domitianum</strong></span> 
     </span>
    </p>
   </div>
   <div class='ocr_carea' id='block_1_104' title="bbox 481 5623 2122 5705">
    <p class='ocr_par' dir='ltr' id='par_1_104' title="bbox 481 5623 2122 5705">
     <span class='ocr_line' id='line_1_104' title="bbox 481 5623 2122 5705; baseline 0.005 -23"><span class='ocrx_word' id='word_1_760' title='bbox 481 5623 997 5698; x_wconf 85' lang='lat' dir='ltr'><strong>metropolitanum</strong></span> <span class='ocrx_word' id='word_1_761' title='bbox 1041 5629 1381 5703; x_wconf 84' lang='lat' dir='ltr'><strong>episcOpum</strong></span> <span class='ocrx_word' id='word_1_762' title='bbox 1431 5630 1636 5686; x_wconf 86' lang='lat' dir='ltr'><strong>scribit</strong></span> <span class='ocrx_word' id='word_1_763' title='bbox 1665 5631 1783 5702; x_wconf 74' lang='lat' dir='ltr'><strong>(lib.</strong></span> <span class='ocrx_word' id='word_1_764' title='bbox 1818 5647 1939 5697; x_wconf 79' lang='lat' dir='ltr'><strong>VIII,</strong></span> <span class='ocrx_word' id='word_1_765' title='bbox 1967 5634 2122 5705; x_wconf 74' lang='lat' dir='ltr'><strong>epist.</strong></span> 
     </span>
    </p>
   </div>
   <div class='ocr_carea' id='block_1_105' title="bbox 478 5708 2125 5790">
    <p class='ocr_par' dir='ltr' id='par_1_105' title="bbox 478 5708 2125 5790">
     <span class='ocr_line' id='line_1_105' title="bbox 478 5708 2125 5790; baseline 0.005 -20"><span class='ocrx_word' id='word_1_766' title='bbox 478 5708 608 5787; x_wconf 82' lang='lat'><strong>50):</strong></span> <span class='ocrx_word' id='word_1_767' title='bbox 642 5737 670 5765; x_wconf 91' lang='grc'><em>‹‹</em></span> <span class='ocrx_word' id='word_1_768' title='bbox 699 5710 1028 5784; x_wconf 83' lang='lat' dir='ltr'><strong>Hortamur,</strong></span> <span class='ocrx_word' id='word_1_769' title='bbox 1063 5715 1357 5790; x_wconf 80' lang='lat' dir='ltr'><strong>inquiens,</strong></span> <span class='ocrx_word' id='word_1_770' title='bbox 1390 5718 1813 5775; x_wconf 87' lang='lat' dir='ltr'><strong>fraternitatem</strong></span> <span class='ocrx_word' id='word_1_771' title='bbox 1847 5722 2031 5788; x_wconf 90' lang='lat' dir='ltr'><strong>tuam,</strong></span> <span class='ocrx_word' id='word_1_772' title='bbox 2062 5726 2125 5780; x_wconf 89' lang='lat' dir='ltr'><strong>ut</strong></span> 
     </span>
    </p>
   </div>
   <div class='ocr_carea' id='block_1_106' title="bbox 2248 4736 3902 4827">
    <p class='ocr_par' dir='ltr' id='par_1_106' title="bbox 2248 4736 3902 4827">
     <span class='ocr_line' id='line_1_106' title="bbox 2248 4736 3902 4827; baseline 0.005 -31"><span class='ocrx_word' id='word_1_773' title='bbox 2248 4740 2590 4798; x_wconf 83' lang='lat' dir='ltr'><strong>sententias.</strong></span> <span class='ocrx_word' id='word_1_774' title='bbox 2624 4764 2654 4791; x_wconf 74' lang='grc' dir='ltr'><strong>ι)</strong></span> <span class='ocrx_word' id='word_1_775' title='bbox 2686 4742 2759 4798; x_wconf 86' lang='lat' dir='ltr'><strong>Et</strong></span> <span class='ocrx_word' id='word_1_776' title='bbox 2788 4742 2858 4798; x_wconf 89' lang='lat' dir='ltr'><strong>ad</strong></span> <span class='ocrx_word' id='word_1_777' title='bbox 2893 4736 3201 4819; x_wconf 85' lang='lat' dir='ltr'><strong>Virgilium</strong></span> <span class='ocrx_word' id='word_1_778' title='bbox 3245 4742 3643 4823; x_wconf 81' lang='lat' dir='ltr'><strong>Arelatensem</strong></span> <span class='ocrx_word' id='word_1_779' title='bbox 3673 4746 3902 4827; x_wconf 86' lang='lat' dir='ltr'><strong>episco-</strong></span> 
     </span>
    </p>
   </div>
   <div class='ocr_carea' id='block_1_107' title="bbox 2243 4828 3898 4907">
    <p class='ocr_par' dir='ltr' id='par_1_107' title="bbox 2243 4828 3898 4907">
     <span class='ocr_line' id='line_1_107' title="bbox 2243 4828 3898 4907; baseline 0.004 -21"><span class='ocrx_word' id='word_1_780' title='bbox 2243 4847 2386 4907; x_wconf 91' lang='lat' dir='ltr'><strong>pum</strong></span> <span class='ocrx_word' id='word_1_781' title='bbox 2427 4828 2573 4887; x_wconf 88' lang='lat' dir='ltr'><strong>dicit</strong></span> <span class='ocrx_word' id='word_1_782' title='bbox 2612 4830 2716 4900; x_wconf 79' lang='lat' dir='ltr'><strong>(lib</strong></span> <span class='ocrx_word' id='word_1_783' title='bbox 2770 4850 2856 4900; x_wconf 84' lang='grc' dir='ltr'>ιιι,</span> <span class='ocrx_word' id='word_1_784' title='bbox 2888 4835 3043 4906; x_wconf 73' lang='lat' dir='ltr'><strong>epist.</strong></span> <span class='ocrx_word' id='word_1_785' title='bbox 3071 4832 3202 4904; x_wconf 83' lang='lat'><strong>63):</strong></span> <span class='ocrx_word' id='word_1_786' title='bbox 3249 4853 3282 4886; x_wconf 73' lang='grc' dir='ltr'>ι</span> <span class='ocrx_word' id='word_1_787' title='bbox 3310 4830 3656 4892; x_wconf 85' lang='lat' dir='ltr'><strong>Emendatio</strong></span> <span class='ocrx_word' id='word_1_788' title='bbox 3685 4840 3744 4892; x_wconf 87' lang='lat' dir='ltr'><strong>et</strong></span> <span class='ocrx_word' id='word_1_789' title='bbox 3773 4834 3898 4893; x_wconf 78' lang='lat' dir='ltr'><strong>vin-</strong></span> 
     </span>
    </p>
   </div>
   <div class='ocr_carea' id='block_1_108' title="bbox 2243 4917 3898 5003">
    <p class='ocr_par' dir='ltr' id='par_1_108' title="bbox 2243 4917 3898 5003">
     <span class='ocr_line' id='line_1_108' title="bbox 2243 4917 3898 5003; baseline 0.005 -29"><span class='ocrx_word' id='word_1_790' title='bbox 2243 4918 2402 4975; x_wconf 85' lang='lat' dir='ltr'><strong>dicta</strong></span> <span class='ocrx_word' id='word_1_791' title='bbox 2431 4917 2783 4992; x_wconf 81' lang='lat' dir='ltr'><strong>culpabilem</strong></span> <span class='ocrx_word' id='word_1_792' title='bbox 2814 4918 3004 4991; x_wconf 87' lang='lat' dir='ltr'><strong>feriat,</strong></span> <span class='ocrx_word' id='word_1_793' title='bbox 3037 4921 3094 4980; x_wconf 88' lang='lat' dir='ltr'><strong>et</strong></span> <span class='ocrx_word' id='word_1_794' title='bbox 3122 4922 3493 5001; x_wconf 78' lang='lat' dir='ltr'><strong>innocentem</strong></span> <span class='ocrx_word' id='word_1_795' title='bbox 3526 4922 3672 4982; x_wconf 86' lang='lat' dir='ltr'><strong>falsa</strong></span> <span class='ocrx_word' id='word_1_796' title='bbox 3699 4924 3898 5003; x_wconf 89' lang='lat' dir='ltr'><strong>opinio</strong></span> 
     </span>
    </p>
   </div>
   <div class='ocr_carea' id='block_1_109' title="bbox 2245 5006 3899 5103">
    <p class='ocr_par' dir='ltr' id='par_1_109' title="bbox 2245 5006 3899 5103">
     <span class='ocr_line' id='line_1_109' title="bbox 2245 5006 3899 5103; baseline 0.007 -42"><span class='ocrx_word' id='word_1_797' title='bbox 2245 5026 2357 5103; x_wconf 75' lang='lat' dir='ltr'><strong>non</strong></span> <span class='ocrx_word' id='word_1_798' title='bbox 2390 5008 2634 5103; x_wconf 82' lang='lat' dir='ltr'><strong>afﬂigat.</strong></span> <span class='ocrx_word' id='word_1_799' title='bbox 2671 5032 2711 5103; x_wconf 33' lang='grc' dir='ltr'><strong>ξ.</strong></span> <span class='ocrx_word' id='word_1_800' title='bbox 2728 5006 2799 5064; x_wconf 88' lang='lat' dir='ltr'><strong>Et</strong></span> <span class='ocrx_word' id='word_1_801' title='bbox 2824 5008 2911 5103; x_wconf 79' lang='lat' dir='ltr'><strong>ad</strong></span> <span class='ocrx_word' id='word_1_802' title='bbox 2925 5008 3283 5103; x_wconf 68' lang='lat' dir='ltr'><strong>columbum</strong></span> <span class='ocrx_word' id='word_1_803' title='bbox 3317 5008 3660 5103; x_wconf 71' lang='lat' dir='ltr'><strong>episcopum</strong></span> <span class='ocrx_word' id='word_1_804' title='bbox 3693 5006 3899 5073; x_wconf 87' lang='lat' dir='ltr'><strong>scribit</strong></span> 
     </span>
    </p>
   </div>
   <div class='ocr_carea' id='block_1_110' title="bbox 2240 5094 3899 5189">
    <p class='ocr_par' dir='ltr' id='par_1_110' title="bbox 2240 5094 3899 5189">
     <span class='ocr_line' id='line_1_110' title="bbox 2240 5094 3899 5189; baseline 0.006 -37"><span class='ocrx_word' id='word_1_805' title='bbox 2240 5096 2364 5189; x_wconf 61' lang='lat' dir='ltr'><strong>(lio.</strong></span> <span class='ocrx_word' id='word_1_806' title='bbox 2388 5115 2442 5189; x_wconf 77' lang='lat' dir='ltr'><strong>x,</strong></span> <span class='ocrx_word' id='word_1_807' title='bbox 2474 5099 2631 5189; x_wconf 65' lang='lat' dir='ltr'><strong>epist.</strong></span> <span class='ocrx_word' id='word_1_808' title='bbox 2664 5096 2719 5171; x_wconf 89' lang='lat'><strong>8)</strong></span> <span class='ocrx_word' id='word_1_809' title='bbox 2750 5116 2764 5155; x_wconf 89' lang='lat'><strong>:</strong></span> <span class='ocrx_word' id='word_1_810' title='bbox 2827 5096 3032 5189; x_wconf 67' lang='lat' dir='ltr'><strong>«Quia</strong></span> <span class='ocrx_word' id='word_1_811' title='bbox 3061 5098 3207 5159; x_wconf 88' lang='lat' dir='ltr'><strong>satis</strong></span> <span class='ocrx_word' id='word_1_812' title='bbox 3597 5106 3666 5189; x_wconf 57' lang='grc' dir='ltr'><strong>εἰ</strong></span> <span class='ocrx_word' id='word_1_813' title='bbox 3684 5109 3899 5189; x_wconf 55' lang='lat' dir='ltr'><strong>punire</strong></span> 
     </span>
    </p>
   </div>
   <div class='ocr_carea' id='block_1_111' title="bbox 2241 5173 3899 5273">
    <p class='ocr_par' dir='ltr' id='par_1_111' title="bbox 2241 5173 3899 5273">
     <span class='ocr_line' id='line_1_111' title="bbox 2241 5173 3899 5273; baseline 0.005 -31"><span class='ocrx_word' id='word_1_814' title='bbox 2241 5184 2692 5244; x_wconf 83' lang='lat' dir='ltr'><strong>ecclesiasticam</strong></span> <span class='ocrx_word' id='word_1_815' title='bbox 2747 5186 3032 5273; x_wconf 78' lang='lat' dir='ltr'><strong>probatur</strong></span> <span class='ocrx_word' id='word_1_816' title='bbox 3057 5207 3188 5248; x_wconf 89' lang='lat' dir='ltr'><strong>esse</strong></span> <span class='ocrx_word' id='word_1_817' title='bbox 3216 5173 3649 5262; x_wconf 46' lang='lat' dir='ltr'><strong>censura—difui</strong></span> <span class='ocrx_word' id='word_1_818' title='bbox 3674 5173 3899 5251; x_wconf 63' lang='lat' dir='ltr'><strong>fius&#39;tra</strong></span> 
     </span>
    </p>
   </div>
   <div class='ocr_carea' id='block_1_112' title="bbox 2239 5274 3893 5361">
    <p class='ocr_par' dir='ltr' id='par_1_112' title="bbox 2239 5274 3893 5361">
     <span class='ocr_line' id='line_1_112' title="bbox 2239 5274 3893 5361; baseline 0.006 -31"><span class='ocrx_word' id='word_1_819' title='bbox 2239 5291 2345 5349; x_wconf 92' lang='lat' dir='ltr'><strong>pro</strong></span> <span class='ocrx_word' id='word_1_820' title='bbox 2374 5274 2764 5348; x_wconf 85' lang='lat' dir='ltr'><strong>quorumdam</strong></span> <span class='ocrx_word' id='word_1_821' title='bbox 2807 5276 3206 5361; x_wconf 84' lang='lat' dir='ltr'><strong>voluntatibus</strong></span> <span class='ocrx_word' id='word_1_822' title='bbox 3234 5280 3370 5354; x_wconf 88' lang='lat' dir='ltr'><strong>quis</strong></span> <span class='ocrx_word' id='word_1_823' title='bbox 3400 5278 3681 5355; x_wconf 84' lang='lat' dir='ltr'><strong>privetur,</strong></span> <span class='ocrx_word' id='word_1_824' title='bbox 3714 5299 3893 5359; x_wconf 88' lang='lat' dir='ltr'><strong>quem</strong></span> 
     </span>
    </p>
   </div>
   <div class='ocr_carea' id='block_1_113' title="bbox 2240 5362 3893 5445">
    <p class='ocr_par' dir='ltr' id='par_1_113' title="bbox 2240 5362 3893 5445">
     <span class='ocr_line' id='line_1_113' title="bbox 2240 5362 3893 5445; baseline 0.005 -24"><span class='ocrx_word' id='word_1_825' title='bbox 2240 5382 2349 5421; x_wconf 87' lang='lat' dir='ltr'><strong>sua</strong></span> <span class='ocrx_word' id='word_1_826' title='bbox 2378 5364 2552 5439; x_wconf 88' lang='lat' dir='ltr'><strong>culpa</strong></span> <span class='ocrx_word' id='word_1_827' title='bbox 2577 5364 2665 5421; x_wconf 87' lang='lat' dir='ltr'><strong>vel</strong></span> <span class='ocrx_word' id='word_1_828' title='bbox 2694 5362 2922 5424; x_wconf 86' lang='lat' dir='ltr'><strong>facinus</strong></span> <span class='ocrx_word' id='word_1_829' title='bbox 2953 5366 3026 5424; x_wconf 92' lang='lat' dir='ltr'><strong>ab</strong></span> <span class='ocrx_word' id='word_1_830' title='bbox 3055 5368 3230 5426; x_wconf 79' lang='lat' dir='ltr'><strong>officii</strong></span> <span class='ocrx_word' id='word_1_831' title='bbox 3262 5386 3378 5445; x_wconf 91' lang='lat' dir='ltr'><strong>quo</strong></span> <span class='ocrx_word' id='word_1_832' title='bbox 3409 5368 3676 5444; x_wconf 84' lang='lat' dir='ltr'><strong>fungitur</strong></span> <span class='ocrx_word' id='word_1_833' title='bbox 3704 5372 3893 5445; x_wconf 82' lang='lat' dir='ltr'><strong>gradu</strong></span> 
     </span>
    </p>
   </div>
   <div class='ocr_carea' id='block_1_114' title="bbox 2239 5453 3895 5534">
    <p class='ocr_par' dir='ltr' id='par_1_114' title="bbox 2239 5453 3895 5534">
     <span class='ocr_line' id='line_1_114' title="bbox 2239 5453 3895 5534; baseline 0.005 -25"><span class='ocrx_word' id='word_1_834' title='bbox 2239 5471 2355 5510; x_wconf 88' lang='lat' dir='ltr'><strong>non</strong></span> <span class='ocrx_word' id='word_1_835' title='bbox 2385 5453 2638 5527; x_wconf 78' lang='lat' dir='ltr'><strong>dejicit.»</strong></span> <span class='ocrx_word' id='word_1_836' title='bbox 2672 5455 2817 5512; x_wconf 83' lang='lat' dir='ltr'><strong>Hinc</strong></span> <span class='ocrx_word' id='word_1_837' title='bbox 2849 5472 2986 5531; x_wconf 85' lang='lat' dir='ltr'><strong>ergo</strong></span> <span class='ocrx_word' id='word_1_838' title='bbox 3018 5456 3294 5533; x_wconf 82' lang='lat' dir='ltr'><strong>colligant</strong></span> <span class='ocrx_word' id='word_1_839' title='bbox 3313 5456 3720 5534; x_wconf 85' lang='lat' dir='ltr'><strong>judices,quia</strong></span> <span class='ocrx_word' id='word_1_840' title='bbox 3749 5462 3798 5518; x_wconf 89' lang='lat' dir='ltr'><strong>si</strong></span> <span class='ocrx_word' id='word_1_841' title='bbox 3820 5458 3895 5518; x_wconf 88' lang='lat' dir='ltr'><strong>de</strong></span> 
     </span>
    </p>
   </div>
   <div class='ocr_carea' id='block_1_115' title="bbox 2237 5540 3896 5623">
    <p class='ocr_par' dir='ltr' id='par_1_115' title="bbox 2237 5540 3896 5623">
     <span class='ocr_line' id='line_1_115' title="bbox 2237 5540 3896 5623; baseline 0.001 -22"><span class='ocrx_word' id='word_1_842' title='bbox 2237 5548 2439 5619; x_wconf 85' lang='lat' dir='ltr'><strong>stupro</strong></span> <span class='ocrx_word' id='word_1_843' title='bbox 2460 5544 2674 5601; x_wconf 88' lang='lat' dir='ltr'><strong>femina</strong></span> <span class='ocrx_word' id='word_1_844' title='bbox 2696 5546 2850 5603; x_wconf 70' lang='lat'><strong>634</strong></span> <span class='ocrx_word' id='word_1_845' title='bbox 2873 5551 3198 5620; x_wconf 86' lang='lat' dir='ltr'><strong>reputatur,</strong></span> <span class='ocrx_word' id='word_1_846' title='bbox 3223 5546 3409 5604; x_wconf 85' lang='lat' dir='ltr'><strong>isdem</strong></span> <span class='ocrx_word' id='word_1_847' title='bbox 3438 5549 3539 5623; x_wconf 90' lang='lat' dir='ltr'><strong>qui</strong></span> <span class='ocrx_word' id='word_1_848' title='bbox 3571 5550 3623 5606; x_wconf 89' lang='lat' dir='ltr'><strong>ci</strong></span> <span class='ocrx_word' id='word_1_849' title='bbox 3653 5548 3770 5607; x_wconf 87' lang='lat' dir='ltr'><strong>vim</strong></span> <span class='ocrx_word' id='word_1_850' title='bbox 3802 5540 3896 5607; x_wconf 84' lang='lat' dir='ltr'><strong>in-</strong></span> 
     </span>
    </p>
   </div>
   <div class='ocr_carea' id='block_1_116' title="bbox 2235 5626 3894 5710">
    <p class='ocr_par' dir='ltr' id='par_1_116' title="bbox 2235 5626 3894 5710">
     <span class='ocr_line' id='line_1_116' title="bbox 2235 5626 3894 5710; baseline 0.004 -21"><span class='ocrx_word' id='word_1_851' title='bbox 2235 5632 2388 5703; x_wconf 89' lang='lat' dir='ltr'><strong>tulit,</strong></span> <span class='ocrx_word' id='word_1_852' title='bbox 2412 5632 2496 5691; x_wconf 90' lang='lat' dir='ltr'><strong>vel</strong></span> <span class='ocrx_word' id='word_1_853' title='bbox 2529 5650 2659 5691; x_wconf 87' lang='lat' dir='ltr'><strong>eam</strong></span> <span class='ocrx_word' id='word_1_854' title='bbox 2687 5635 2760 5690; x_wconf 88' lang='lat' dir='ltr'><strong>ad</strong></span> <span class='ocrx_word' id='word_1_855' title='bbox 2793 5633 2986 5694; x_wconf 89' lang='lat' dir='ltr'><strong>scelus</strong></span> <span class='ocrx_word' id='word_1_856' title='bbox 3013 5635 3690 5710; x_wconf 82' lang='lat' dir='ltr'><strong>pellexit,acccrsiendus</strong></span> <span class='ocrx_word' id='word_1_857' title='bbox 3710 5626 3894 5708; x_wconf 80' lang='lat' dir='ltr'><strong>est,et</strong></span> 
     </span>
    </p>
   </div>
   <div class='ocr_carea' id='block_1_117' title="bbox 2233 5712 3883 5803">
    <p class='ocr_par' dir='ltr' id='par_1_117' title="bbox 2233 5712 3883 5803">
     <span class='ocr_line' id='line_1_117' title="bbox 2233 5712 3883 5803; baseline 0.003 -24"><span class='ocrx_word' id='word_1_858' title='bbox 2233 5724 2423 5797; x_wconf 87' lang='lat' dir='ltr'><strong>magis</strong></span> <span class='ocrx_word' id='word_1_859' title='bbox 2453 5740 2558 5797; x_wconf 89' lang='lat' dir='ltr'><strong>per</strong></span> <span class='ocrx_word' id='word_1_860' title='bbox 2582 5722 2752 5781; x_wconf 89' lang='lat' dir='ltr'><strong>illum</strong></span> <span class='ocrx_word' id='word_1_861' title='bbox 2799 5720 2974 5783; x_wconf 85' lang='lat' dir='ltr'><strong>causa</strong></span> <span class='ocrx_word' id='word_1_862' title='bbox 3021 5712 3447 5800; x_wconf 80' lang='lat' dir='ltr'><strong>investiganda,</strong></span> <span class='ocrx_word' id='word_1_863' title='bbox 3470 5728 3530 5786; x_wconf 87' lang='lat' dir='ltr'><strong>et</strong></span> <span class='ocrx_word' id='word_1_864' title='bbox 3562 5720 3687 5803; x_wconf 71' lang='lat' dir='ltr'><strong>ipse</strong></span> <span class='ocrx_word' id='word_1_865' title='bbox 3722 5719 3883 5785; x_wconf 69' lang='lat' dir='ltr'><strong>idve-</strong></span> 
     </span>
    </p>
   </div>
  </div>
