  <div class='ocr_page' id='page_1' title='image "/cluster/home/n/w/nwhite01/storage/ocr_20150623/125/umn.31951002477418t/394.png"; bbox 0 0 4148 6458; ppageno 0'>
   <div class='ocr_carea' id='block_1_1' title="bbox 263 426 379 490">
    <p class='ocr_par' dir='ltr' id='par_1_1' title="bbox 263 426 379 490">
     <span class='ocr_line' id='line_1_1' title="bbox 263 426 379 490; baseline -0.017 0"><span class='ocrx_word' id='word_1_1' title='bbox 263 426 379 490; x_wconf 72' lang='grc'>’101</span> 
     </span>
    </p>
   </div>
   <div class='ocr_carea' id='block_1_2' title="bbox 1188 427 2734 508">
    <p class='ocr_par' dir='ltr' id='par_1_2' title="bbox 1188 427 2734 508">
     <span class='ocr_line' id='line_1_2' title="bbox 1188 427 2734 508; baseline -0.002 -13"><span class='ocrx_word' id='word_1_2' title='bbox 1188 432 1309 496; x_wconf 87' lang='lat' dir='ltr'>.DE</span> <span class='ocrx_word' id='word_1_3' title='bbox 1351 431 1724 495; x_wconf 81' lang='lat' dir='ltr'>DIVORTIO</span> <span class='ocrx_word' id='word_1_4' title='bbox 1768 427 2138 494; x_wconf 80' lang='lat' dir='ltr'>LOTHARII</span> <span class='ocrx_word' id='word_1_5' title='bbox 2179 429 2282 508; x_wconf 84' lang='lat' dir='ltr'><strong>ET</strong></span> <span class='ocrx_word' id='word_1_6' title='bbox 2325 429 2734 492; x_wconf 73' lang='lat' dir='ltr'>TETBEG/E.</span> 
     </span>
    </p>
   </div>
   <div class='ocr_carea' id='block_1_3' title="bbox 3549 438 3680 528">
    <p class='ocr_par' dir='ltr' id='par_1_3' title="bbox 3549 438 3680 528">
     <span class='ocr_line' id='line_1_3' title="bbox 3549 438 3680 528; baseline 0.015 -29"><span class='ocrx_word' id='word_1_7' title='bbox 3549 438 3680 528; x_wconf 26' lang='lat'>702,</span> 
     </span>
    </p>
   </div>
   <div class='ocr_carea' id='block_1_4' title="bbox 266 547 3669 636">
    <p class='ocr_par' dir='ltr' id='par_1_4' title="bbox 266 547 3669 636">
     <span class='ocr_line' id='line_1_4' title="bbox 266 547 3669 636; baseline 0.003 -18"><span class='ocrx_word' id='word_1_8' title='bbox 266 560 440 636; x_wconf 83' lang='lat' dir='ltr'>quasi</span> <span class='ocrx_word' id='word_1_9' title='bbox 469 560 626 618; x_wconf 85' lang='lat' dir='ltr'>Deus</span> <span class='ocrx_word' id='word_1_10' title='bbox 655 561 728 620; x_wconf 90' lang='lat' dir='ltr'>ad</span> <span class='ocrx_word' id='word_1_11' title='bbox 761 563 1082 620; x_wconf 84' lang='lat' dir='ltr'>remedium</span> <span class='ocrx_word' id='word_1_12' title='bbox 1101 564 1406 622; x_wconf 82' lang='lat' dir='ltr'>oblivionis</span> <span class='ocrx_word' id='word_1_13' title='bbox 1427 566 1611 622; x_wconf 91' lang='lat' dir='ltr'>bonos</span> <span class='ocrx_word' id='word_1_14' title='bbox 1641 565 1702 620; x_wconf 91' lang='lat' dir='ltr'>in</span> <span class='ocrx_word' id='word_1_15' title='bbox 1733 563 1912 632; x_wconf 82' lang='lat' dir='ltr'>caelis,</span> <span class='ocrx_word' id='word_1_16' title='bbox 1946 565 1992 634; x_wconf 77' lang='grc' dir='ltr'><strong>Α</strong></span> <span class='ocrx_word' id='word_1_17' title='bbox 2031 563 2323 631; x_wconf 88' lang='lat' dir='ltr'>auferunt,</span> <span class='ocrx_word' id='word_1_18' title='bbox 2342 566 2400 619; x_wconf 93' lang='lat' dir='ltr'>et</span> <span class='ocrx_word' id='word_1_19' title='bbox 2427 562 2570 620; x_wconf 94' lang='lat' dir='ltr'>locis</span> <span class='ocrx_word' id='word_1_20' title='bbox 2594 563 2814 620; x_wconf 80' lang='lat' dir='ltr'>sanctis</span> <span class='ocrx_word' id='word_1_21' title='bbox 2843 581 2959 621; x_wconf 90' lang='lat' dir='ltr'>non</span> <span class='ocrx_word' id='word_1_22' title='bbox 2988 566 3276 636; x_wconf 90' lang='lat' dir='ltr'>tribuunt,</span> <span class='ocrx_word' id='word_1_23' title='bbox 3297 573 3355 625; x_wconf 93' lang='lat' dir='ltr'>et</span> <span class='ocrx_word' id='word_1_24' title='bbox 3377 569 3533 626; x_wconf 92' lang='lat' dir='ltr'>unde</span> <span class='ocrx_word' id='word_1_25' title='bbox 3556 547 3669 627; x_wconf 88' lang='lat' dir='ltr'>sibi</span> 
     </span>
    </p>
   </div>
   <div class='ocr_carea' id='block_1_5' title="bbox 265 649 1915 726">
    <p class='ocr_par' dir='ltr' id='par_1_5' title="bbox 265 649 1915 726">
     <span class='ocr_line' id='line_1_5' title="bbox 265 649 1915 726; baseline 0.001 -20"><span class='ocrx_word' id='word_1_26' title='bbox 265 649 459 707; x_wconf 86' lang='lat' dir='ltr'>malos</span> <span class='ocrx_word' id='word_1_27' title='bbox 488 649 708 707; x_wconf 79' lang='lat' dir='ltr'>scribat</span> <span class='ocrx_word' id='word_1_28' title='bbox 735 651 795 706; x_wconf 90' lang='lat' dir='ltr'>in</span> <span class='ocrx_word' id='word_1_29' title='bbox 827 651 999 708; x_wconf 91' lang='lat' dir='ltr'>terris</span> <span class='ocrx_word' id='word_1_30' title='bbox 1033 669 1045 708; x_wconf 93' lang='lat'>:</span> <span class='ocrx_word' id='word_1_31' title='bbox 1081 653 1182 709; x_wconf 91' lang='lat' dir='ltr'>sed</span> <span class='ocrx_word' id='word_1_32' title='bbox 1222 653 1534 710; x_wconf 88' lang='lat' dir='ltr'>salubriter</span> <span class='ocrx_word' id='word_1_33' title='bbox 1580 653 1915 726; x_wconf 88' lang='lat' dir='ltr'>intelligen-</span> 
     </span>
    </p>
   </div>
   <div class='ocr_carea' id='block_1_6' title="bbox 269 739 1918 815">
    <p class='ocr_par' dir='ltr' id='par_1_6' title="bbox 269 739 1918 815">
     <span class='ocr_line' id='line_1_6' title="bbox 269 739 1918 815; baseline 0.001 -21"><span class='ocrx_word' id='word_1_34' title='bbox 269 739 436 806; x_wconf 90' lang='lat' dir='ltr'>dum,</span> <span class='ocrx_word' id='word_1_35' title='bbox 469 741 626 812; x_wconf 90' lang='lat' dir='ltr'>quod</span> <span class='ocrx_word' id='word_1_36' title='bbox 657 739 777 796; x_wconf 88' lang='lat' dir='ltr'>sive</span> <span class='ocrx_word' id='word_1_37' title='bbox 805 740 1084 808; x_wconf 71' lang='lat' dir='ltr'>caalestia,</span> <span class='ocrx_word' id='word_1_38' title='bbox 1118 759 1220 798; x_wconf 87' lang='lat' dir='ltr'>seu</span> <span class='ocrx_word' id='word_1_39' title='bbox 1252 743 1550 798; x_wconf 81' lang='lat' dir='ltr'>terrestria</span> <span class='ocrx_word' id='word_1_40' title='bbox 1579 742 1713 815; x_wconf 91' lang='lat' dir='ltr'>quis</span> <span class='ocrx_word' id='word_1_41' title='bbox 1742 758 1918 814; x_wconf 89' lang='lat' dir='ltr'>opera</span> 
     </span>
    </p>
   </div>
   <div class='ocr_carea' id='block_1_7' title="bbox 264 829 1916 903">
    <p class='ocr_par' dir='ltr' id='par_1_7' title="bbox 264 829 1916 903">
     <span class='ocr_line' id='line_1_7' title="bbox 264 829 1916 903; baseline 0.001 -19"><span class='ocrx_word' id='word_1_42' title='bbox 264 829 536 903; x_wconf 83' lang='lat' dir='ltr'>gesserit,</span> <span class='ocrx_word' id='word_1_43' title='bbox 560 846 664 901; x_wconf 90' lang='lat' dir='ltr'>per</span> <span class='ocrx_word' id='word_1_44' title='bbox 692 829 814 885; x_wconf 54' lang='lat' dir='ltr'>haee</span> <span class='ocrx_word' id='word_1_45' title='bbox 844 830 1010 902; x_wconf 89' lang='lat' dir='ltr'>quasi</span> <span class='ocrx_word' id='word_1_46' title='bbox 1045 831 1256 887; x_wconf 85' lang='lat' dir='ltr'>litteris</span> <span class='ocrx_word' id='word_1_47' title='bbox 1287 833 1599 888; x_wconf 85' lang='lat' dir='ltr'>adnotatus</span> <span class='ocrx_word' id='word_1_48' title='bbox 1628 831 1784 902; x_wconf 91' lang='lat' dir='ltr'>apud</span> <span class='ocrx_word' id='word_1_49' title='bbox 1815 831 1916 886; x_wconf 96' lang='lat' dir='ltr'>Dei</span> 
     </span>
    </p>
   </div>
   <div class='ocr_carea' id='block_1_8' title="bbox 264 917 1916 990">
    <p class='ocr_par' dir='ltr' id='par_1_8' title="bbox 264 917 1916 990">
     <span class='ocr_line' id='line_1_8' title="bbox 264 917 1916 990; baseline 0 -16"><span class='ocrx_word' id='word_1_50' title='bbox 264 917 616 974; x_wconf 83' lang='lat' dir='ltr'>memoriam</span> <span class='ocrx_word' id='word_1_51' title='bbox 649 918 727 973; x_wconf 88' lang='lat' dir='ltr'>sit</span> <span class='ocrx_word' id='word_1_52' title='bbox 750 919 1098 975; x_wconf 72' lang='lat' dir='ltr'>internaliter</span> <span class='ocrx_word' id='word_1_53' title='bbox 1129 921 1339 976; x_wconf 85' lang='lat' dir='ltr'>afﬁxus</span> <span class='ocrx_word' id='word_1_54' title='bbox 1373 937 1386 975; x_wconf 90' lang='lat'><strong>:</strong></span> <span class='ocrx_word' id='word_1_55' title='bbox 1421 920 1480 976; x_wconf 91' lang='lat' dir='ltr'>in</span> <span class='ocrx_word' id='word_1_56' title='bbox 1513 919 1621 975; x_wconf 89' lang='lat' dir='ltr'>hoc</span> <span class='ocrx_word' id='word_1_57' title='bbox 1655 920 1790 990; x_wconf 83' lang='lat' dir='ltr'><strong>jure</strong></span> <span class='ocrx_word' id='word_1_58' title='bbox 1820 919 1916 974; x_wconf 82' lang='lat' dir='ltr'>(le-</span> 
     </span>
    </p>
   </div>
   <div class='ocr_carea' id='block_1_9' title="bbox 264 1007 1920 1081">
    <p class='ocr_par' dir='ltr' id='par_1_9' title="bbox 264 1007 1920 1081">
     <span class='ocr_line' id='line_1_9' title="bbox 264 1007 1920 1081; baseline 0 -20"><span class='ocrx_word' id='word_1_59' title='bbox 264 1011 627 1074; x_wconf 87' lang='lat' dir='ltr'>monstrans,</span> <span class='ocrx_word' id='word_1_60' title='bbox 660 1011 728 1062; x_wconf 90' lang='lat' dir='ltr'>ut</span> <span class='ocrx_word' id='word_1_61' title='bbox 756 1008 910 1078; x_wconf 90' lang='lat' dir='ltr'>quod</span> <span class='ocrx_word' id='word_1_62' title='bbox 947 1009 1196 1080; x_wconf 90' lang='lat' dir='ltr'>quisque</span> <span class='ocrx_word' id='word_1_63' title='bbox 1217 1010 1380 1081; x_wconf 90' lang='lat' dir='ltr'>juste</span> <span class='ocrx_word' id='word_1_64' title='bbox 1409 1013 1466 1064; x_wconf 90' lang='lat' dir='ltr'>et</span> <span class='ocrx_word' id='word_1_65' title='bbox 1496 1007 1920 1064; x_wconf 83' lang='lat' dir='ltr'>rationabiliter</span> 
     </span>
    </p>
   </div>
   <div class='ocr_carea' id='block_1_10' title="bbox 263 1095 1921 1170">
    <p class='ocr_par' dir='ltr' id='par_1_10' title="bbox 263 1095 1921 1170">
     <span class='ocr_line' id='line_1_10' title="bbox 263 1095 1921 1170; baseline 0.001 -20"><span class='ocrx_word' id='word_1_66' title='bbox 263 1111 449 1150; x_wconf 87' lang='lat' dir='ltr'>manu</span> <span class='ocrx_word' id='word_1_67' title='bbox 476 1095 1248 1164; x_wconf 87' lang='lat' dir='ltr'>ﬁrmaverit,inviolahiliter</span> <span class='ocrx_word' id='word_1_68' title='bbox 1267 1114 1335 1153; x_wconf 92' lang='lat' dir='ltr'>ac</span> <span class='ocrx_word' id='word_1_69' title='bbox 1371 1097 1758 1170; x_wconf 84' lang='lat' dir='ltr'>perseveranti</span> <span class='ocrx_word' id='word_1_70' title='bbox 1789 1114 1921 1152; x_wconf 90' lang='lat' dir='ltr'>con-</span> 
     </span>
    </p>
   </div>
   <div class='ocr_carea' id='block_1_11' title="bbox 264 1184 1917 1257">
    <p class='ocr_par' dir='ltr' id='par_1_11' title="bbox 264 1184 1917 1257">
     <span class='ocr_line' id='line_1_11' title="bbox 264 1184 1917 1257; baseline 0.001 -18"><span class='ocrx_word' id='word_1_71' title='bbox 264 1188 459 1240; x_wconf 88' lang='lat' dir='ltr'>servet</span> <span class='ocrx_word' id='word_1_72' title='bbox 478 1185 742 1256; x_wconf 86' lang='lat' dir='ltr'>justitia;</span> <span class='ocrx_word' id='word_1_73' title='bbox 778 1203 882 1242; x_wconf 90' lang='lat' dir='ltr'>nec</span> <span class='ocrx_word' id='word_1_74' title='bbox 930 1185 1182 1242; x_wconf 90' lang='lat' dir='ltr'>inaniter</span> <span class='ocrx_word' id='word_1_75' title='bbox 1219 1203 1392 1242; x_wconf 89' lang='lat' dir='ltr'>suum</span> <span class='ocrx_word' id='word_1_76' title='bbox 1441 1203 1652 1242; x_wconf 87' lang='lat' dir='ltr'>nomen</span> <span class='ocrx_word' id='word_1_77' title='bbox 1703 1184 1804 1257; x_wconf 86' lang='lat' dir='ltr'>qui</span> <span class='ocrx_word' id='word_1_78' title='bbox 1845 1187 1917 1241; x_wconf 93' lang='lat' dir='ltr'>ad</span> 
     </span>
    </p>
   </div>
   <div class='ocr_carea' id='block_1_12' title="bbox 263 1274 1919 1346">
    <p class='ocr_par' dir='ltr' id='par_1_12' title="bbox 263 1274 1919 1346">
     <span class='ocr_line' id='line_1_12' title="bbox 263 1274 1919 1346; baseline 0.001 -16"><span class='ocrx_word' id='word_1_79' title='bbox 263 1274 686 1346; x_wconf 86' lang='lat' dir='ltr'>baptizandum</span> <span class='ocrx_word' id='word_1_80' title='bbox 717 1275 896 1346; x_wconf 89' lang='lat' dir='ltr'>venit,</span> <span class='ocrx_word' id='word_1_81' title='bbox 928 1276 974 1330; x_wconf 89' lang='lat' dir='ltr'>si</span> <span class='ocrx_word' id='word_1_82' title='bbox 1009 1279 1234 1331; x_wconf 81' lang='lat' dir='ltr'>aetatem</span> <span class='ocrx_word' id='word_1_83' title='bbox 1270 1275 1467 1342; x_wconf 88' lang='lat' dir='ltr'>habet,</span> <span class='ocrx_word' id='word_1_84' title='bbox 1498 1279 1598 1330; x_wconf 90' lang='lat' dir='ltr'>aut</span> <span class='ocrx_word' id='word_1_85' title='bbox 1637 1280 1919 1346; x_wconf 89' lang='lat' dir='ltr'>patronus</span> 
     </span>
    </p>
   </div>
   <div class='ocr_carea' id='block_1_13' title="bbox 264 1363 1919 1436">
    <p class='ocr_par' dir='ltr' id='par_1_13' title="bbox 264 1363 1919 1436">
     <span class='ocr_line' id='line_1_13' title="bbox 264 1363 1919 1436; baseline 0.001 -18"><span class='ocrx_word' id='word_1_86' title='bbox 264 1379 374 1436; x_wconf 87' lang='lat' dir='ltr'>pro</span> <span class='ocrx_word' id='word_1_87' title='bbox 405 1379 606 1436; x_wconf 88' lang='lat' dir='ltr'>puero,</span> <span class='ocrx_word' id='word_1_88' title='bbox 642 1364 742 1420; x_wconf 89' lang='lat' dir='ltr'>sed</span> <span class='ocrx_word' id='word_1_89' title='bbox 774 1367 830 1419; x_wconf 91' lang='lat' dir='ltr'>et</span> <span class='ocrx_word' id='word_1_90' title='bbox 849 1363 1082 1436; x_wconf 89' lang='lat' dir='ltr'>publice</span> <span class='ocrx_word' id='word_1_91' title='bbox 1103 1363 1389 1436; x_wconf 74' lang='lat' dir='ltr'>pmnitens</span> <span class='ocrx_word' id='word_1_92' title='bbox 1409 1365 1481 1420; x_wconf 92' lang='lat' dir='ltr'>ad</span> <span class='ocrx_word' id='word_1_93' title='bbox 1505 1364 1919 1420; x_wconf 89' lang='lat' dir='ltr'>reconciliatio-</span> 
     </span>
    </p>
   </div>
   <div class='ocr_carea' id='block_1_14' title="bbox 261 1451 1918 1525">
    <p class='ocr_par' dir='ltr' id='par_1_14' title="bbox 261 1451 1918 1525">
     <span class='ocr_line' id='line_1_14' title="bbox 261 1451 1918 1525; baseline 0.001 -19"><span class='ocrx_word' id='word_1_94' title='bbox 261 1467 402 1507; x_wconf 87' lang='lat' dir='ltr'><strong>nem</strong></span> <span class='ocrx_word' id='word_1_95' title='bbox 433 1452 736 1520; x_wconf 85' lang='lat' dir='ltr'>accedens,</span> <span class='ocrx_word' id='word_1_96' title='bbox 758 1451 1042 1524; x_wconf 90' lang='lat' dir='ltr'>scriptum</span> <span class='ocrx_word' id='word_1_97' title='bbox 1075 1469 1289 1509; x_wconf 89' lang='lat' dir='ltr'>nomen</span> <span class='ocrx_word' id='word_1_98' title='bbox 1321 1452 1623 1525; x_wconf 86' lang='lat' dir='ltr'>preprium</span> <span class='ocrx_word' id='word_1_99' title='bbox 1646 1469 1714 1508; x_wconf 86' lang='lat' dir='ltr'>ex</span> <span class='ocrx_word' id='word_1_100' title='bbox 1743 1452 1918 1508; x_wconf 85' lang='lat' dir='ltr'>tradi-</span> 
     </span>
    </p>
   </div>
   <div class='ocr_carea' id='block_1_15' title="bbox 262 1539 1920 1614">
    <p class='ocr_par' dir='ltr' id='par_1_15' title="bbox 262 1539 1920 1614">
     <span class='ocr_line' id='line_1_15' title="bbox 262 1539 1920 1614; baseline 0.001 -18"><span class='ocrx_word' id='word_1_101' title='bbox 262 1540 426 1596; x_wconf 90' lang='lat' dir='ltr'>tione</span> <span class='ocrx_word' id='word_1_102' title='bbox 455 1539 854 1597; x_wconf 89' lang='lat' dir='ltr'>ecclesiastica</span> <span class='ocrx_word' id='word_1_103' title='bbox 880 1541 1080 1608; x_wconf 91' lang='lat' dir='ltr'>donat,</span> <span class='ocrx_word' id='word_1_104' title='bbox 1105 1542 1260 1613; x_wconf 90' lang='lat' dir='ltr'>quod</span> <span class='ocrx_word' id='word_1_105' title='bbox 1284 1558 1460 1614; x_wconf 89' lang='lat' dir='ltr'>super</span> <span class='ocrx_word' id='word_1_106' title='bbox 1480 1558 1712 1597; x_wconf 91' lang='lat' dir='ltr'>sacrum</span> <span class='ocrx_word' id='word_1_107' title='bbox 1739 1541 1790 1597; x_wconf 94' lang='lat' dir='ltr'>al</span> <span class='ocrx_word' id='word_1_108' title='bbox 1801 1545 1920 1597; x_wconf 88' lang='lat' dir='ltr'>tare</span> 
     </span>
    </p>
   </div>
   <div class='ocr_carea' id='block_1_16' title="bbox 261 1627 1920 1702">
    <p class='ocr_par' dir='ltr' id='par_1_16' title="bbox 261 1627 1920 1702">
     <span class='ocr_line' id='line_1_16' title="bbox 261 1627 1920 1702; baseline 0.001 -18"><span class='ocrx_word' id='word_1_109' title='bbox 261 1627 422 1686; x_wconf 90' lang='lat' dir='ltr'>inter</span> <span class='ocrx_word' id='word_1_110' title='bbox 449 1634 955 1686; x_wconf 86' lang='lat' dir='ltr'>sacramentorum</span> <span class='ocrx_word' id='word_1_111' title='bbox 986 1629 1312 1686; x_wconf 73' lang='lat' dir='ltr'>caelestium</span> <span class='ocrx_word' id='word_1_112' title='bbox 1345 1629 1792 1687; x_wconf 89' lang='lat' dir='ltr'>celebrationem</span> <span class='ocrx_word' id='word_1_113' title='bbox 1825 1647 1920 1702; x_wconf 92' lang='lat' dir='ltr'>po-</span> 
     </span>
    </p>
   </div>
   <div class='ocr_carea' id='block_1_17' title="bbox 261 1717 1916 1791">
    <p class='ocr_par' dir='ltr' id='par_1_17' title="bbox 261 1717 1916 1791">
     <span class='ocr_line' id='line_1_17' title="bbox 261 1717 1916 1791; baseline 0.001 -17"><span class='ocrx_word' id='word_1_114' title='bbox 261 1718 448 1787; x_wconf 85' lang='lat' dir='ltr'>nitur,</span> <span class='ocrx_word' id='word_1_115' title='bbox 471 1721 530 1776; x_wconf 89' lang='lat' dir='ltr'>et</span> <span class='ocrx_word' id='word_1_116' title='bbox 560 1717 924 1776; x_wconf 88' lang='lat' dir='ltr'>recitandum</span> <span class='ocrx_word' id='word_1_117' title='bbox 945 1719 1018 1775; x_wconf 89' lang='lat' dir='ltr'>ad</span> <span class='ocrx_word' id='word_1_118' title='bbox 1049 1719 1244 1776; x_wconf 90' lang='lat' dir='ltr'>locum</span> <span class='ocrx_word' id='word_1_119' title='bbox 1279 1737 1382 1791; x_wconf 89' lang='lat' dir='ltr'>per</span> <span class='ocrx_word' id='word_1_120' title='bbox 1413 1720 1776 1775; x_wconf 88' lang='lat' dir='ltr'>sacerdotem</span> <span class='ocrx_word' id='word_1_121' title='bbox 1806 1720 1916 1776; x_wconf 92' lang='lat' dir='ltr'>Do-</span> 
     </span>
    </p>
   </div>
   <div class='ocr_carea' id='block_1_18' title="bbox 261 1807 1919 1882">
    <p class='ocr_par' dir='ltr' id='par_1_18' title="bbox 261 1807 1919 1882">
     <span class='ocr_line' id='line_1_18' title="bbox 261 1807 1919 1882; baseline 0 -18"><span class='ocrx_word' id='word_1_122' title='bbox 261 1807 426 1864; x_wconf 88' lang='lat' dir='ltr'>mino</span> <span class='ocrx_word' id='word_1_123' title='bbox 457 1808 919 1864; x_wconf 82' lang='lat' dir='ltr'>commendatur.</span> <span class='ocrx_word' id='word_1_124' title='bbox 946 1808 1008 1864; x_wconf 92' lang='lat' dir='ltr'>In</span> <span class='ocrx_word' id='word_1_125' title='bbox 1041 1807 1224 1865; x_wconf 90' lang='lat' dir='ltr'>sacris</span> <span class='ocrx_word' id='word_1_126' title='bbox 1256 1809 1639 1864; x_wconf 81' lang='lat' dir='ltr'>nihilominus</span> <span class='ocrx_word' id='word_1_127' title='bbox 1668 1807 1919 1882; x_wconf 79' lang='lat' dir='ltr'>dypticis</span> 
     </span>
    </p>
   </div>
   <div class='ocr_carea' id='block_1_19' title="bbox 264 1895 1995 1999">
    <p class='ocr_par' dir='ltr' id='par_1_19' title="bbox 264 1895 1995 1999">
     <span class='ocr_line' id='line_1_19' title="bbox 264 1895 1995 1999; baseline 0 -47"><span class='ocrx_word' id='word_1_128' title='bbox 264 1913 383 1952; x_wconf 90' lang='lat' dir='ltr'>non</span> <span class='ocrx_word' id='word_1_129' title='bbox 407 1895 608 1952; x_wconf 90' lang='lat' dir='ltr'>frivole</span> <span class='ocrx_word' id='word_1_130' title='bbox 635 1897 878 1952; x_wconf 91' lang='lat' dir='ltr'>nomina</span> <span class='ocrx_word' id='word_1_131' title='bbox 907 1896 1172 1953; x_wconf 90' lang='lat' dir='ltr'>ﬁdelium</span> <span class='ocrx_word' id='word_1_132' title='bbox 1200 1901 1321 1953; x_wconf 89' lang='lat' dir='ltr'>tam</span> <span class='ocrx_word' id='word_1_133' title='bbox 1343 1897 1598 1953; x_wconf 90' lang='lat' dir='ltr'>virorum</span> <span class='ocrx_word' id='word_1_134' title='bbox 1622 1915 1798 1968; x_wconf 88' lang='lat' dir='ltr'>quam</span> <span class='ocrx_word' id='word_1_135' title='bbox 1826 1897 1919 1952; x_wconf 89' lang='lat' dir='ltr'>de—</span> <span class='ocrx_word' id='word_1_136' title='bbox 1948 1934 1995 1999; x_wconf 78' lang='grc' dir='ltr'><strong>Β</strong></span> 
     </span>
    </p>
   </div>
   <div class='ocr_carea' id='block_1_20' title="bbox 263 1985 1913 2060">
    <p class='ocr_par' dir='ltr' id='par_1_20' title="bbox 263 1985 1913 2060">
     <span class='ocr_line' id='line_1_20' title="bbox 263 1985 1913 2060; baseline -0.001 -18"><span class='ocrx_word' id='word_1_137' title='bbox 263 1985 604 2042; x_wconf 86' lang='lat' dir='ltr'>functorum</span> <span class='ocrx_word' id='word_1_138' title='bbox 634 1985 993 2056; x_wconf 85' lang='lat' dir='ltr'>scribuntur,</span> <span class='ocrx_word' id='word_1_139' title='bbox 1026 1986 1530 2060; x_wconf 62' lang='lat' dir='ltr'>etinﬁdeliumlde</span> <span class='ocrx_word' id='word_1_140' title='bbox 1559 1987 1781 2042; x_wconf 89' lang='lat' dir='ltr'>eisdem</span> <span class='ocrx_word' id='word_1_141' title='bbox 1812 1986 1913 2059; x_wconf 87' lang='lat' dir='ltr'>dy-</span> 
     </span>
    </p>
   </div>
   <div class='ocr_carea' id='block_1_21' title="bbox 261 2073 1916 2147">
    <p class='ocr_par' dir='ltr' id='par_1_21' title="bbox 261 2073 1916 2147">
     <span class='ocr_line' id='line_1_21' title="bbox 261 2073 1916 2147; baseline 0.001 -19"><span class='ocrx_word' id='word_1_142' title='bbox 261 2073 442 2146; x_wconf 89' lang='lat' dir='ltr'>pticis</span> <span class='ocrx_word' id='word_1_143' title='bbox 472 2073 648 2130; x_wconf 89' lang='lat' dir='ltr'>etiam</span> <span class='ocrx_word' id='word_1_144' title='bbox 669 2078 803 2146; x_wconf 89' lang='lat' dir='ltr'>post</span> <span class='ocrx_word' id='word_1_145' title='bbox 833 2079 1082 2131; x_wconf 91' lang='lat' dir='ltr'>mortem</span> <span class='ocrx_word' id='word_1_146' title='bbox 1109 2075 1304 2132; x_wconf 90' lang='lat' dir='ltr'>divino</span> <span class='ocrx_word' id='word_1_147' title='bbox 1317 2075 1562 2147; x_wconf 88' lang='lat' dir='ltr'>judicio,</span> <span class='ocrx_word' id='word_1_148' title='bbox 1584 2077 1632 2132; x_wconf 92' lang='lat' dir='ltr'>si</span> <span class='ocrx_word' id='word_1_149' title='bbox 1655 2075 1916 2131; x_wconf 88' lang='lat' dir='ltr'>conscri-</span> 
     </span>
    </p>
   </div>
   <div class='ocr_carea' id='block_1_22' title="bbox 264 2163 1916 2237">
    <p class='ocr_par' dir='ltr' id='par_1_22' title="bbox 264 2163 1916 2237">
     <span class='ocr_line' id='line_1_22' title="bbox 264 2163 1916 2237; baseline 0 -19"><span class='ocrx_word' id='word_1_150' title='bbox 264 2166 370 2236; x_wconf 82' lang='lat' dir='ltr'>pta</span> <span class='ocrx_word' id='word_1_151' title='bbox 397 2163 650 2228; x_wconf 82' lang='lat' dir='ltr'>fuerant,</span> <span class='ocrx_word' id='word_1_152' title='bbox 683 2164 1025 2220; x_wconf 90' lang='lat' dir='ltr'>eraduntur.</span> <span class='ocrx_word' id='word_1_153' title='bbox 1059 2165 1172 2220; x_wconf 91' lang='lat' dir='ltr'>Sed</span> <span class='ocrx_word' id='word_1_154' title='bbox 1205 2165 1350 2221; x_wconf 85' lang='lat' dir='ltr'>forte</span> <span class='ocrx_word' id='word_1_155' title='bbox 1394 2164 1562 2237; x_wconf 89' lang='lat' dir='ltr'>quasi</span> <span class='ocrx_word' id='word_1_156' title='bbox 1610 2163 1916 2237; x_wconf 90' lang='lat' dir='ltr'>principali</span> 
     </span>
    </p>
   </div>
   <div class='ocr_carea' id='block_1_23' title="bbox 266 2250 1915 2326">
    <p class='ocr_par' dir='ltr' id='par_1_23' title="bbox 266 2250 1915 2326">
     <span class='ocr_line' id='line_1_23' title="bbox 266 2250 1915 2326; baseline -0.001 -19"><span class='ocrx_word' id='word_1_157' title='bbox 266 2250 403 2307; x_wconf 90' lang='lat' dir='ltr'>fulti</span> <span class='ocrx_word' id='word_1_158' title='bbox 434 2250 670 2307; x_wconf 88' lang='lat' dir='ltr'>licentia</span> <span class='ocrx_word' id='word_1_159' title='bbox 705 2251 912 2308; x_wconf 91' lang='lat' dir='ltr'>dicunt</span> <span class='ocrx_word' id='word_1_160' title='bbox 957 2252 1250 2326; x_wconf 90' lang='lat' dir='ltr'>principes</span> <span class='ocrx_word' id='word_1_161' title='bbox 1285 2269 1297 2308; x_wconf 92' lang='lat'>:</span> <span class='ocrx_word' id='word_1_162' title='bbox 1327 2253 1475 2320; x_wconf 89' lang='lat' dir='ltr'>Quid</span> <span class='ocrx_word' id='word_1_163' title='bbox 1525 2254 1722 2326; x_wconf 87' lang='lat' dir='ltr'>magni</span> <span class='ocrx_word' id='word_1_164' title='bbox 1777 2252 1915 2308; x_wconf 90' lang='lat' dir='ltr'>mali</span> 
     </span>
    </p>
   </div>
   <div class='ocr_carea' id='block_1_24' title="bbox 266 2339 1914 2414">
    <p class='ocr_par' dir='ltr' id='par_1_24' title="bbox 266 2339 1914 2414">
     <span class='ocr_line' id='line_1_24' title="bbox 266 2339 1914 2414; baseline 0 -18"><span class='ocrx_word' id='word_1_165' title='bbox 266 2343 473 2396; x_wconf 90' lang='lat' dir='ltr'>contra</span> <span class='ocrx_word' id='word_1_166' title='bbox 503 2339 688 2396; x_wconf 90' lang='lat' dir='ltr'>Deum</span> <span class='ocrx_word' id='word_1_167' title='bbox 715 2341 889 2408; x_wconf 83' lang='lat' dir='ltr'>facio,</span> <span class='ocrx_word' id='word_1_168' title='bbox 919 2341 1007 2398; x_wconf 89' lang='lat' dir='ltr'>vel</span> <span class='ocrx_word' id='word_1_169' title='bbox 1029 2342 1162 2414; x_wconf 88' lang='lat' dir='ltr'>quis</span> <span class='ocrx_word' id='word_1_170' title='bbox 1193 2360 1286 2398; x_wconf 90' lang='lat' dir='ltr'>me</span> <span class='ocrx_word' id='word_1_171' title='bbox 1311 2343 1444 2398; x_wconf 90' lang='lat' dir='ltr'>inde</span> <span class='ocrx_word' id='word_1_172' title='bbox 1467 2343 1782 2412; x_wconf 85' lang='lat' dir='ltr'>judicabit,</span> <span class='ocrx_word' id='word_1_173' title='bbox 1815 2342 1914 2414; x_wconf 86' lang='lat' dir='ltr'>qui</span> 
     </span>
    </p>
   </div>
   <div class='ocr_carea' id='block_1_25' title="bbox 268 2428 1912 2502">
    <p class='ocr_par' dir='ltr' id='par_1_25' title="bbox 268 2428 1912 2502">
     <span class='ocr_line' id='line_1_25' title="bbox 268 2428 1912 2502; baseline 0 -18"><span class='ocrx_word' id='word_1_174' title='bbox 268 2445 449 2501; x_wconf 89' lang='lat' dir='ltr'>super</span> <span class='ocrx_word' id='word_1_175' title='bbox 477 2445 685 2485; x_wconf 73' lang='lat' dir='ltr'>omnes</span> <span class='ocrx_word' id='word_1_176' title='bbox 713 2428 990 2496; x_wconf 91' lang='lat' dir='ltr'>consisto,</span> <span class='ocrx_word' id='word_1_177' title='bbox 1023 2429 1070 2484; x_wconf 90' lang='lat' dir='ltr'>si</span> <span class='ocrx_word' id='word_1_178' title='bbox 1104 2434 1476 2502; x_wconf 78' lang='lat' dir='ltr'>praeceptum,</span> <span class='ocrx_word' id='word_1_179' title='bbox 1515 2429 1603 2485; x_wconf 89' lang='lat' dir='ltr'>vel</span> <span class='ocrx_word' id='word_1_180' title='bbox 1635 2430 1912 2496; x_wconf 89' lang='lat' dir='ltr'>edictum,</span> 
     </span>
    </p>
   </div>
   <div class='ocr_carea' id='block_1_26' title="bbox 267 2516 1916 2590">
    <p class='ocr_par' dir='ltr' id='par_1_26' title="bbox 267 2516 1916 2590">
     <span class='ocr_line' id='line_1_26' title="bbox 267 2516 1916 2590; baseline 0 -16"><span class='ocrx_word' id='word_1_181' title='bbox 267 2518 426 2590; x_wconf 89' lang='lat' dir='ltr'>quod</span> <span class='ocrx_word' id='word_1_182' title='bbox 449 2534 630 2573; x_wconf 86' lang='lat' dir='ltr'>manu</span> <span class='ocrx_word' id='word_1_183' title='bbox 653 2516 1369 2589; x_wconf 82' lang='lat' dir='ltr'>conﬁrmo,autiufringo,</span> <span class='ocrx_word' id='word_1_184' title='bbox 1385 2523 1485 2574; x_wconf 87' lang='lat' dir='ltr'>aut</span> <span class='ocrx_word' id='word_1_185' title='bbox 1506 2535 1618 2574; x_wconf 90' lang='lat' dir='ltr'>non</span> <span class='ocrx_word' id='word_1_186' title='bbox 1642 2519 1916 2574; x_wconf 89' lang='lat' dir='ltr'>attendo?</span> 
     </span>
    </p>
   </div>
   <div class='ocr_carea' id='block_1_27' title="bbox 265 2605 1915 2680">
    <p class='ocr_par' dir='ltr' id='par_1_27' title="bbox 265 2605 1915 2680">
     <span class='ocr_line' id='line_1_27' title="bbox 265 2605 1915 2680; baseline 0.001 -17"><span class='ocrx_word' id='word_1_187' title='bbox 265 2605 531 2663; x_wconf 90' lang='lat' dir='ltr'>Primum</span> <span class='ocrx_word' id='word_1_188' title='bbox 563 2605 800 2680; x_wconf 88' lang='lat' dir='ltr'>quidem</span> <span class='ocrx_word' id='word_1_189' title='bbox 831 2608 1157 2674; x_wconf 89' lang='lat' dir='ltr'>attendant,</span> <span class='ocrx_word' id='word_1_190' title='bbox 1191 2607 1328 2679; x_wconf 90' lang='lat' dir='ltr'>quia</span> <span class='ocrx_word' id='word_1_191' title='bbox 1355 2607 1402 2664; x_wconf 90' lang='lat' dir='ltr'>si</span> <span class='ocrx_word' id='word_1_192' title='bbox 1437 2607 1518 2662; x_wconf 86' lang='lat' dir='ltr'>illi</span> <span class='ocrx_word' id='word_1_193' title='bbox 1557 2625 1734 2680; x_wconf 89' lang='lat' dir='ltr'>super</span> <span class='ocrx_word' id='word_1_194' title='bbox 1770 2608 1915 2664; x_wconf 92' lang='lat' dir='ltr'>alios</span> 
     </span>
    </p>
   </div>
   <div class='ocr_carea' id='block_1_28' title="bbox 259 2695 1915 2770">
    <p class='ocr_par' dir='ltr' id='par_1_28' title="bbox 259 2695 1915 2770">
     <span class='ocr_line' id='line_1_28' title="bbox 259 2695 1915 2770; baseline 0 -17"><span class='ocrx_word' id='word_1_195' title='bbox 259 2700 422 2765; x_wconf 88' lang='lat' dir='ltr'>sunt,</span> <span class='ocrx_word' id='word_1_196' title='bbox 443 2713 620 2770; x_wconf 90' lang='lat' dir='ltr'>super</span> <span class='ocrx_word' id='word_1_197' title='bbox 637 2695 771 2752; x_wconf 91' lang='lat' dir='ltr'>illos</span> <span class='ocrx_word' id='word_1_198' title='bbox 786 2697 942 2752; x_wconf 90' lang='lat' dir='ltr'>Deus</span> <span class='ocrx_word' id='word_1_199' title='bbox 966 2701 1055 2752; x_wconf 91' lang='lat' dir='ltr'>est</span> <span class='ocrx_word' id='word_1_200' title='bbox 1078 2714 1092 2752; x_wconf 90' lang='lat'><strong>:</strong></span> <span class='ocrx_word' id='word_1_201' title='bbox 1114 2700 1172 2752; x_wconf 91' lang='lat' dir='ltr'>et</span> <span class='ocrx_word' id='word_1_202' title='bbox 1193 2697 1240 2753; x_wconf 91' lang='lat' dir='ltr'>si</span> <span class='ocrx_word' id='word_1_203' title='bbox 1273 2713 1445 2768; x_wconf 91' lang='lat' dir='ltr'>prave</span> <span class='ocrx_word' id='word_1_204' title='bbox 1478 2696 1723 2768; x_wconf 86' lang='lat' dir='ltr'>egerint,</span> <span class='ocrx_word' id='word_1_205' title='bbox 1754 2701 1813 2753; x_wconf 89' lang='lat' dir='ltr'>et</span> <span class='ocrx_word' id='word_1_206' title='bbox 1853 2715 1915 2753; x_wconf 86' lang='lat' dir='ltr'>se</span> 
     </span>
    </p>
   </div>
   <div class='ocr_carea' id='block_1_29' title="bbox 255 2784 1914 2857">
    <p class='ocr_par' dir='ltr' id='par_1_29' title="bbox 255 2784 1914 2857">
     <span class='ocr_line' id='line_1_29' title="bbox 255 2784 1914 2857; baseline 0.001 -17"><span class='ocrx_word' id='word_1_207' title='bbox 255 2801 374 2841; x_wconf 90' lang='lat' dir='ltr'>non</span> <span class='ocrx_word' id='word_1_208' title='bbox 407 2785 780 2852; x_wconf 83' lang='lat' dir='ltr'>correxerint,</span> <span class='ocrx_word' id='word_1_209' title='bbox 798 2789 960 2841; x_wconf 89' lang='lat' dir='ltr'>tanto</span> <span class='ocrx_word' id='word_1_210' title='bbox 986 2784 1221 2857; x_wconf 84' lang='lat' dir='ltr'>gravius</span> <span class='ocrx_word' id='word_1_211' title='bbox 1234 2785 1914 2857; x_wconf 87' lang='lat' dir='ltr'>judicabuntur,quanto</span> 
     </span>
    </p>
   </div>
   <div class='ocr_carea' id='block_1_30' title="bbox 251 2872 1914 2948">
    <p class='ocr_par' dir='ltr' id='par_1_30' title="bbox 251 2872 1914 2948">
     <span class='ocr_line' id='line_1_30' title="bbox 251 2872 1914 2948; baseline 0.001 -19"><span class='ocrx_word' id='word_1_212' title='bbox 251 2872 316 2930; x_wconf 89' lang='lat' dir='ltr'>in</span> <span class='ocrx_word' id='word_1_213' title='bbox 336 2873 550 2930; x_wconf 86' lang='lat' dir='ltr'>throno</span> <span class='ocrx_word' id='word_1_214' title='bbox 570 2873 736 2948; x_wconf 86' lang='lat' dir='ltr'>regni</span> <span class='ocrx_word' id='word_1_215' title='bbox 763 2873 988 2930; x_wconf 64' lang='lat' dir='ltr'>caeteris</span> <span class='ocrx_word' id='word_1_216' title='bbox 1018 2873 1233 2930; x_wconf 90' lang='lat' dir='ltr'>celsius</span> <span class='ocrx_word' id='word_1_217' title='bbox 1271 2879 1708 2946; x_wconf 69' lang='lat' dir='ltr'>praeponuntur.</span> <span class='ocrx_word' id='word_1_218' title='bbox 1731 2875 1914 2948; x_wconf 82' lang='lat' dir='ltr'>Reges</span> 
     </span>
    </p>
   </div>
   <div class='ocr_carea' id='block_1_31' title="bbox 255 2961 1909 3035">
    <p class='ocr_par' dir='ltr' id='par_1_31' title="bbox 255 2961 1909 3035">
     <span class='ocr_line' id='line_1_31' title="bbox 255 2961 1909 3035; baseline 0.001 -16"><span class='ocrx_word' id='word_1_219' title='bbox 255 2961 417 3019; x_wconf 90' lang='lat' dir='ltr'>enim</span> <span class='ocrx_word' id='word_1_220' title='bbox 433 2967 492 3019; x_wconf 90' lang='lat' dir='ltr'>et</span> <span class='ocrx_word' id='word_1_221' title='bbox 503 2963 837 3019; x_wconf 85' lang='lat' dir='ltr'>sacerdotes</span> <span class='ocrx_word' id='word_1_222' title='bbox 852 2962 1223 3018; x_wconf 89' lang='lat' dir='ltr'>subditorum</span> <span class='ocrx_word' id='word_1_223' title='bbox 1238 2979 1414 3034; x_wconf 91' lang='lat' dir='ltr'>prava</span> <span class='ocrx_word' id='word_1_224' title='bbox 1426 2967 1556 3018; x_wconf 87' lang='lat' dir='ltr'>acta</span> <span class='ocrx_word' id='word_1_225' title='bbox 1575 2962 1874 3035; x_wconf 87' lang='lat' dir='ltr'>corrigunt</span> <span class='ocrx_word' id='word_1_226' title='bbox 1895 2981 1909 3020; x_wconf 89' lang='lat'>:</span> 
     </span>
    </p>
   </div>
   <div class='ocr_carea' id='block_1_32' title="bbox 257 3043 1915 3124">
    <p class='ocr_par' dir='ltr' id='par_1_32' title="bbox 257 3043 1915 3124">
     <span class='ocr_line' id='line_1_32' title="bbox 257 3043 1915 3124; baseline -0.001 -17"><span class='ocrx_word' id='word_1_227' title='bbox 257 3051 363 3108; x_wconf 86' lang='lat' dir='ltr'>sed</span> <span class='ocrx_word' id='word_1_228' title='bbox 385 3049 652 3107; x_wconf 89' lang='lat' dir='ltr'>oblivisci</span> <span class='ocrx_word' id='word_1_229' title='bbox 684 3067 800 3106; x_wconf 90' lang='lat' dir='ltr'>non</span> <span class='ocrx_word' id='word_1_230' title='bbox 831 3043 1064 3116; x_wconf 86' lang='lat' dir='ltr'>debent,</span> <span class='ocrx_word' id='word_1_231' title='bbox 1085 3050 1222 3124; x_wconf 91' lang='lat' dir='ltr'>quia</span> <span class='ocrx_word' id='word_1_232' title='bbox 1250 3050 1485 3106; x_wconf 91' lang='lat' dir='ltr'>illorum</span> <span class='ocrx_word' id='word_1_233' title='bbox 1517 3051 1805 3123; x_wconf 83' lang='lat' dir='ltr'>mala&#39;per</span> <span class='ocrx_word' id='word_1_234' title='bbox 1833 3051 1915 3124; x_wconf 83' lang='lat' dir='ltr'>ip-</span> 
     </span>
    </p>
   </div>
   <div class='ocr_carea' id='block_1_33' title="bbox 259 3138 1915 3210">
    <p class='ocr_par' dir='ltr' id='par_1_33' title="bbox 259 3138 1915 3210">
     <span class='ocr_line' id='line_1_33' title="bbox 259 3138 1915 3210; baseline -0.001 -15"><span class='ocrx_word' id='word_1_235' title='bbox 259 3155 396 3196; x_wconf 88' lang='lat' dir='ltr'>sum</span> <span class='ocrx_word' id='word_1_236' title='bbox 409 3138 725 3196; x_wconf 90' lang='lat' dir='ltr'>Dominum</span> <span class='ocrx_word' id='word_1_237' title='bbox 739 3138 1168 3210; x_wconf 89' lang='lat' dir='ltr'>judicabuntur</span> <span class='ocrx_word' id='word_1_238' title='bbox 1186 3155 1200 3194; x_wconf 90' lang='lat'><strong>:</strong></span> <span class='ocrx_word' id='word_1_239' title='bbox 1223 3156 1330 3195; x_wconf 92' lang='lat' dir='ltr'>nec</span> <span class='ocrx_word' id='word_1_240' title='bbox 1347 3140 1527 3195; x_wconf 88' lang='lat' dir='ltr'>surda</span> <span class='ocrx_word' id='word_1_241' title='bbox 1537 3156 1677 3196; x_wconf 88' lang='lat' dir='ltr'>aure</span> <span class='ocrx_word' id='word_1_242' title='bbox 1702 3140 1915 3196; x_wconf 90' lang='lat' dir='ltr'>debent</span> 
     </span>
    </p>
   </div>
   <div class='ocr_carea' id='block_1_34' title="bbox 260 3227 1911 3301">
    <p class='ocr_par' dir='ltr' id='par_1_34' title="bbox 260 3227 1911 3301">
     <span class='ocr_line' id='line_1_34' title="bbox 260 3227 1911 3301; baseline 0.001 -18"><span class='ocrx_word' id='word_1_243' title='bbox 260 3227 469 3284; x_wconf 90' lang='lat' dir='ltr'>audire</span> <span class='ocrx_word' id='word_1_244' title='bbox 485 3228 641 3301; x_wconf 89' lang='lat' dir='ltr'>quod</span> <span class='ocrx_word' id='word_1_245' title='bbox 655 3227 938 3300; x_wconf 86' lang='lat' dir='ltr'>scriptum</span> <span class='ocrx_word' id='word_1_246' title='bbox 961 3233 1051 3284; x_wconf 87' lang='lat' dir='ltr'>est</span> <span class='ocrx_word' id='word_1_247' title='bbox 1075 3244 1088 3283; x_wconf 89' lang='lat'>:</span> <span class='ocrx_word' id='word_1_248' title='bbox 1113 3229 1356 3285; x_wconf 77' lang='lat' dir='ltr'>Potentes</span> <span class='ocrx_word' id='word_1_249' title='bbox 1373 3235 1616 3301; x_wconf 79' lang='lat' dir='ltr'>potenter</span> <span class='ocrx_word' id='word_1_250' title='bbox 1651 3236 1911 3285; x_wconf 80' lang='lat' dir='ltr'>tormenta</span> 
     </span>
    </p>
   </div>
   <div class='ocr_carea' id='block_1_35' title="bbox 257 3316 1912 3390">
    <p class='ocr_par' dir='ltr' id='par_1_35' title="bbox 257 3316 1912 3390">
     <span class='ocr_line' id='line_1_35' title="bbox 257 3316 1912 3390; baseline -0.001 -16"><span class='ocrx_word' id='word_1_251' title='bbox 257 3319 567 3390; x_wconf 79' lang='lat' dir='ltr'>patientur,</span> <span class='ocrx_word' id='word_1_252' title='bbox 591 3318 786 3390; x_wconf 70' lang='lat' dir='ltr'>exiguo</span> <span class='ocrx_word' id='word_1_253' title='bbox 813 3325 994 3373; x_wconf 75' lang='lat' dir='ltr'>autem</span> <span class='ocrx_word' id='word_1_254' title='bbox 1012 3316 1323 3373; x_wconf 76' lang='lat' dir='ltr'>conceditur</span> <span class='ocrx_word' id='word_1_255' title='bbox 1361 3317 1742 3373; x_wconf 77' lang='lat' dir='ltr'>misericordia</span> <span class='ocrx_word' id='word_1_256' title='bbox 1761 3318 1912 3389; x_wconf 85' lang='lat' dir='ltr'>(Sap.</span> 
     </span>
    </p>
   </div>
   <div class='ocr_carea' id='block_1_36' title="bbox 259 3405 1913 3479">
    <p class='ocr_par' dir='ltr' id='par_1_36' title="bbox 259 3405 1913 3479">
     <span class='ocr_line' id='line_1_36' title="bbox 259 3405 1913 3479; baseline -0.002 -16"><span class='ocrx_word' id='word_1_257' title='bbox 259 3423 344 3473; x_wconf 78' lang='lat' dir='ltr'>vx,</span> <span class='ocrx_word' id='word_1_258' title='bbox 362 3409 447 3476; x_wconf 89' lang='lat'>7).</span> <span class='ocrx_word' id='word_1_259' title='bbox 469 3406 691 3462; x_wconf 90' lang='lat' dir='ltr'>Deinde</span> <span class='ocrx_word' id='word_1_260' title='bbox 711 3405 909 3479; x_wconf 82' lang='lat' dir='ltr'>legant</span> <span class='ocrx_word' id='word_1_261' title='bbox 929 3405 1234 3462; x_wconf 88' lang='lat' dir='ltr'>historiam</span> <span class='ocrx_word' id='word_1_262' title='bbox 1259 3405 1443 3462; x_wconf 86' lang='lat' dir='ltr'>sancti</span> <span class='ocrx_word' id='word_1_263' title='bbox 1482 3405 1726 3462; x_wconf 62' lang='lat' dir='ltr'>Abrahae</span> <span class='ocrx_word' id='word_1_264' title='bbox 1759 3407 1913 3476; x_wconf 88' lang='lat' dir='ltr'>(Gen.</span> 
     </span>
    </p>
   </div>
   <div class='ocr_carea' id='block_1_37' title="bbox 259 3494 1914 3568">
    <p class='ocr_par' dir='ltr' id='par_1_37' title="bbox 259 3494 1914 3568">
     <span class='ocr_line' id='line_1_37' title="bbox 259 3494 1914 3568; baseline -0.001 -18"><span class='ocrx_word' id='word_1_265' title='bbox 259 3495 554 3568; x_wconf 80' lang='lat' dir='ltr'>xxm),qui</span> <span class='ocrx_word' id='word_1_266' title='bbox 567 3494 828 3550; x_wconf 89' lang='lat' dir='ltr'>chartam</span> <span class='ocrx_word' id='word_1_267' title='bbox 841 3494 1302 3550; x_wconf 87' lang='lat' dir='ltr'>conﬁrmationis</span> <span class='ocrx_word' id='word_1_268' title='bbox 1313 3495 1650 3551; x_wconf 86' lang='lat' dir='ltr'>avenditore</span> <span class='ocrx_word' id='word_1_269' title='bbox 1664 3494 1914 3567; x_wconf 86' lang='lat' dir='ltr'>sepulcri</span> 
     </span>
    </p>
   </div>
   <div class='ocr_carea' id='block_1_38' title="bbox 261 3583 1911 3656">
    <p class='ocr_par' dir='ltr' id='par_1_38' title="bbox 261 3583 1911 3656">
     <span class='ocr_line' id='line_1_38' title="bbox 261 3583 1911 3656; baseline -0.001 -16"><span class='ocrx_word' id='word_1_270' title='bbox 261 3583 536 3656; x_wconf 87' lang='lat' dir='ltr'>conjugis</span> <span class='ocrx_word' id='word_1_271' title='bbox 564 3597 682 3638; x_wconf 66' lang='lat' dir='ltr'>suae</span> <span class='ocrx_word' id='word_1_272' title='bbox 713 3599 906 3639; x_wconf 90' lang='lat' dir='ltr'>coram</span> <span class='ocrx_word' id='word_1_273' title='bbox 943 3583 1082 3639; x_wconf 88' lang='lat' dir='ltr'>ﬁliis</span> <span class='ocrx_word' id='word_1_274' title='bbox 1111 3587 1168 3638; x_wconf 90' lang='lat' dir='ltr'>et</span> <span class='ocrx_word' id='word_1_275' title='bbox 1197 3583 1412 3655; x_wconf 91' lang='lat' dir='ltr'>populo</span> <span class='ocrx_word' id='word_1_276' title='bbox 1448 3587 1612 3638; x_wconf 63' lang='lat' dir='ltr'>terra:</span> <span class='ocrx_word' id='word_1_277' title='bbox 1643 3601 1746 3656; x_wconf 87' lang='lat' dir='ltr'>pro</span> <span class='ocrx_word' id='word_1_278' title='bbox 1793 3587 1911 3639; x_wconf 86' lang='lat' dir='ltr'>tam</span> 
     </span>
    </p>
   </div>
   <div class='ocr_carea' id='block_1_39' title="bbox 259 3671 1913 3746">
    <p class='ocr_par' dir='ltr' id='par_1_39' title="bbox 259 3671 1913 3746">
     <span class='ocr_line' id='line_1_39' title="bbox 259 3671 1913 3746; baseline -0.001 -18"><span class='ocrx_word' id='word_1_279' title='bbox 259 3687 478 3746; x_wconf 79' lang='lat' dir='ltr'>magno</span> <span class='ocrx_word' id='word_1_280' title='bbox 501 3671 742 3744; x_wconf 90' lang='lat' dir='ltr'>accepit,</span> <span class='ocrx_word' id='word_1_281' title='bbox 760 3676 826 3726; x_wconf 91' lang='lat' dir='ltr'>ut</span> <span class='ocrx_word' id='word_1_282' title='bbox 853 3671 1026 3727; x_wconf 89' lang='lat' dir='ltr'>etiam</span> <span class='ocrx_word' id='word_1_283' title='bbox 1059 3673 1328 3727; x_wconf 89' lang='lat' dir='ltr'>adoraret</span> <span class='ocrx_word' id='word_1_284' title='bbox 1355 3671 1415 3726; x_wconf 91' lang='lat' dir='ltr'>in</span> <span class='ocrx_word' id='word_1_285' title='bbox 1446 3675 1604 3728; x_wconf 89' lang='lat' dir='ltr'>terra</span> <span class='ocrx_word' id='word_1_286' title='bbox 1631 3671 1913 3744; x_wconf 91' lang='lat' dir='ltr'>populum</span> 
     </span>
    </p>
   </div>
   <div class='ocr_carea' id='block_1_40' title="bbox 257 3759 1918 3832">
    <p class='ocr_par' dir='ltr' id='par_1_40' title="bbox 257 3759 1918 3832">
     <span class='ocr_line' id='line_1_40' title="bbox 257 3759 1918 3832; baseline -0.001 -15"><span class='ocrx_word' id='word_1_287' title='bbox 257 3765 450 3827; x_wconf 65' lang='lat' dir='ltr'>terra,</span> <span class='ocrx_word' id='word_1_288' title='bbox 495 3759 652 3816; x_wconf 86' lang='lat' dir='ltr'>ﬁlios</span> <span class='ocrx_word' id='word_1_289' title='bbox 679 3759 952 3816; x_wconf 76' lang='lat' dir='ltr'>videlicet</span> <span class='ocrx_word' id='word_1_290' title='bbox 980 3761 1152 3828; x_wconf 88' lang='lat' dir='ltr'>Heth,</span> <span class='ocrx_word' id='word_1_291' title='bbox 1186 3764 1476 3832; x_wconf 89' lang='lat' dir='ltr'>quatenus</span> <span class='ocrx_word' id='word_1_292' title='bbox 1522 3759 1580 3815; x_wconf 89' lang='lat' dir='ltr'>id</span> <span class='ocrx_word' id='word_1_293' title='bbox 1631 3761 1918 3816; x_wconf 89' lang='lat' dir='ltr'>obtineret</span> 
     </span>
    </p>
   </div>
   <div class='ocr_carea' id='block_1_41' title="bbox 262 3848 1916 3922">
    <p class='ocr_par' dir='ltr' id='par_1_41' title="bbox 262 3848 1916 3922">
     <span class='ocr_line' id='line_1_41' title="bbox 262 3848 1916 3922; baseline -0.002 -16"><span class='ocrx_word' id='word_1_294' title='bbox 262 3849 469 3906; x_wconf 84' lang='lat' dir='ltr'>audita</span> <span class='ocrx_word' id='word_1_295' title='bbox 513 3849 890 3906; x_wconf 90' lang='lat' dir='ltr'>concessione</span> <span class='ocrx_word' id='word_1_296' title='bbox 939 3849 1196 3916; x_wconf 91' lang='lat' dir='ltr'>illorum,</span> <span class='ocrx_word' id='word_1_297' title='bbox 1230 3853 1288 3905; x_wconf 87' lang='lat' dir='ltr'>et</span> <span class='ocrx_word' id='word_1_298' title='bbox 1333 3865 1509 3920; x_wconf 88' lang='lat' dir='ltr'>quam</span> <span class='ocrx_word' id='word_1_299' title='bbox 1559 3848 1755 3922; x_wconf 85' lang='lat' dir='ltr'>magni</span> <span class='ocrx_word' id='word_1_300' title='bbox 1808 3849 1916 3905; x_wconf 89' lang='lat' dir='ltr'>hoc</span> 
     </span>
    </p>
   </div>
   <div class='ocr_carea' id='block_1_42' title="bbox 257 3937 1916 4012">
    <p class='ocr_par' dir='ltr' id='par_1_42' title="bbox 257 3937 1916 4012">
     <span class='ocr_line' id='line_1_42' title="bbox 257 3937 1916 4012; baseline 0 -18"><span class='ocrx_word' id='word_1_301' title='bbox 257 3939 515 4012; x_wconf 89' lang='lat' dir='ltr'>pendere</span> <span class='ocrx_word' id='word_1_302' title='bbox 541 3937 1063 3994; x_wconf 87' lang='lat' dir='ltr'>debeantinvenire</span> <span class='ocrx_word' id='word_1_303' title='bbox 1089 3937 1384 3994; x_wconf 89' lang='lat' dir='ltr'>valebunt.</span> <span class='ocrx_word' id='word_1_304' title='bbox 1401 3938 1511 3994; x_wconf 91' lang='lat' dir='ltr'>Sed</span> <span class='ocrx_word' id='word_1_305' title='bbox 1541 3941 1598 3993; x_wconf 91' lang='lat' dir='ltr'>ct</span> <span class='ocrx_word' id='word_1_306' title='bbox 1618 3937 1676 3992; x_wconf 90' lang='lat' dir='ltr'>in</span> <span class='ocrx_word' id='word_1_307' title='bbox 1698 3937 1826 4011; x_wconf 86' lang='lat' dir='ltr'>lege</span> <span class='ocrx_word' id='word_1_308' title='bbox 1845 3938 1916 3994; x_wconf 92' lang='lat' dir='ltr'>de</span> 
     </span>
    </p>
   </div>
   <div class='ocr_carea' id='block_1_43' title="bbox 260 4026 1913 4098">
    <p class='ocr_par' dir='ltr' id='par_1_43' title="bbox 260 4026 1913 4098">
     <span class='ocr_line' id='line_1_43' title="bbox 260 4026 1913 4098; baseline -0.002 -14"><span class='ocrx_word' id='word_1_309' title='bbox 260 4027 376 4084; x_wconf 86' lang='lat' dir='ltr'>hac</span> <span class='ocrx_word' id='word_1_310' title='bbox 386 4026 831 4083; x_wconf 88' lang='lat' dir='ltr'>conﬁrmatione</span> <span class='ocrx_word' id='word_1_311' title='bbox 844 4027 1202 4083; x_wconf 86' lang='lat' dir='ltr'>sufﬁcienter</span> <span class='ocrx_word' id='word_1_312' title='bbox 1221 4026 1669 4098; x_wconf 70' lang='lat' dir='ltr'>invenient,quze</span> <span class='ocrx_word' id='word_1_313' title='bbox 1683 4030 1913 4082; x_wconf 89' lang='lat' dir='ltr'>tantum</span> 
     </span>
    </p>
   </div>
   <div class='ocr_carea' id='block_1_44' title="bbox 259 4115 1916 4189">
    <p class='ocr_par' dir='ltr' id='par_1_44' title="bbox 259 4115 1916 4189">
     <span class='ocr_line' id='line_1_44' title="bbox 259 4115 1916 4189; baseline -0.001 -16"><span class='ocrx_word' id='word_1_314' title='bbox 259 4120 319 4173; x_wconf 83' lang='lat' dir='ltr'>et</span> <span class='ocrx_word' id='word_1_315' title='bbox 348 4119 486 4173; x_wconf 82' lang='lat' dir='ltr'>ante</span> <span class='ocrx_word' id='word_1_316' title='bbox 516 4117 832 4172; x_wconf 87' lang='lat' dir='ltr'>adventum</span> <span class='ocrx_word' id='word_1_317' title='bbox 853 4115 1067 4172; x_wconf 88' lang='lat' dir='ltr'>Christi</span> <span class='ocrx_word' id='word_1_318' title='bbox 1095 4115 1283 4189; x_wconf 87' lang='lat' dir='ltr'>viguit</span> <span class='ocrx_word' id='word_1_319' title='bbox 1305 4119 1370 4171; x_wconf 92' lang='lat' dir='ltr'>ut</span> <span class='ocrx_word' id='word_1_320' title='bbox 1400 4115 1575 4170; x_wconf 90' lang='lat' dir='ltr'>etiam</span> <span class='ocrx_word' id='word_1_321' title='bbox 1600 4115 1818 4172; x_wconf 88' lang='lat' dir='ltr'>Pilatus</span> <span class='ocrx_word' id='word_1_322' title='bbox 1846 4131 1916 4171; x_wconf 81' lang='lat' dir='ltr'>ex</span> 
     </span>
    </p>
   </div>
   <div class='ocr_carea' id='block_1_45' title="bbox 259 4203 1915 4278">
    <p class='ocr_par' dir='ltr' id='par_1_45' title="bbox 259 4203 1915 4278">
     <span class='ocr_line' id='line_1_45' title="bbox 259 4203 1915 4278; baseline 0.001 -17"><span class='ocrx_word' id='word_1_323' title='bbox 259 4203 508 4278; x_wconf 84' lang='lat' dir='ltr'>antiqua</span> <span class='ocrx_word' id='word_1_324' title='bbox 518 4205 942 4262; x_wconf 88' lang='lat' dir='ltr'>consuetudine</span> <span class='ocrx_word' id='word_1_325' title='bbox 957 4205 1683 4278; x_wconf 87' lang='lat' dir='ltr'>instructus,poscentibus</span> <span class='ocrx_word' id='word_1_326' title='bbox 1694 4204 1915 4262; x_wconf 71' lang='lat' dir='ltr'>Judaeis</span> 
     </span>
    </p>
   </div>
   <div class='ocr_carea' id='block_1_46' title="bbox 261 4293 1910 4368">
    <p class='ocr_par' dir='ltr' id='par_1_46' title="bbox 261 4293 1910 4368">
     <span class='ocr_line' id='line_1_46' title="bbox 261 4293 1910 4368; baseline -0.002 -18"><span class='ocrx_word' id='word_1_327' title='bbox 261 4298 330 4350; x_wconf 88' lang='lat' dir='ltr'>ut</span> <span class='ocrx_word' id='word_1_328' title='bbox 359 4294 754 4368; x_wconf 87' lang='lat' dir='ltr'>refragaretur</span> <span class='ocrx_word' id='word_1_329' title='bbox 794 4294 950 4366; x_wconf 91' lang='lat' dir='ltr'>quod</span> <span class='ocrx_word' id='word_1_330' title='bbox 993 4293 1053 4348; x_wconf 93' lang='lat' dir='ltr'>in</span> <span class='ocrx_word' id='word_1_331' title='bbox 1103 4293 1316 4350; x_wconf 89' lang='lat' dir='ltr'>Christi</span> <span class='ocrx_word' id='word_1_332' title='bbox 1366 4293 1537 4349; x_wconf 89' lang='lat' dir='ltr'>titulo</span> <span class='ocrx_word' id='word_1_333' title='bbox 1579 4293 1910 4366; x_wconf 85' lang='lat' dir='ltr'>scripserat,</span> 
     </span>
    </p>
   </div>
   <div class='ocr_carea' id='block_1_47' title="bbox 258 4381 1914 4456">
    <p class='ocr_par' dir='ltr' id='par_1_47' title="bbox 258 4381 1914 4456">
     <span class='ocr_line' id='line_1_47' title="bbox 258 4381 1914 4456; baseline -0.002 -17"><span class='ocrx_word' id='word_1_334' title='bbox 258 4382 492 4451; x_wconf 81' lang='lat' dir='ltr'>dixerit,</span> <span class='ocrx_word' id='word_1_335' title='bbox 525 4382 686 4456; x_wconf 80' lang='lat' dir='ltr'>Quod</span> <span class='ocrx_word' id='word_1_336' title='bbox 713 4385 932 4455; x_wconf 76' lang='lat' dir='ltr'>scripsi,</span> <span class='ocrx_word' id='word_1_337' title='bbox 963 4385 1162 4454; x_wconf 79' lang='lat' dir='ltr'>scripsi</span> <span class='ocrx_word' id='word_1_338' title='bbox 1198 4383 1374 4455; x_wconf 86' lang='lat' dir='ltr'>(Joan.</span> <span class='ocrx_word' id='word_1_339' title='bbox 1408 4400 1522 4448; x_wconf 69' lang='grc' dir='ltr'><strong>χιχ,</strong></span> <span class='ocrx_word' id='word_1_340' title='bbox 1563 4383 1674 4452; x_wconf 83' lang='lat'>22),</span> <span class='ocrx_word' id='word_1_341' title='bbox 1708 4381 1914 4437; x_wconf 90' lang='lat' dir='ltr'>nolens</span> 
     </span>
    </p>
   </div>
   <div class='ocr_carea' id='block_1_48' title="bbox 258 4470 1914 4543">
    <p class='ocr_par' dir='ltr' id='par_1_48' title="bbox 258 4470 1914 4543">
     <span class='ocr_line' id='line_1_48' title="bbox 258 4470 1914 4543; baseline -0.001 -15"><span class='ocrx_word' id='word_1_342' title='bbox 258 4473 544 4528; x_wconf 85' lang='lat' dir='ltr'>infectum</span> <span class='ocrx_word' id='word_1_343' title='bbox 573 4470 664 4526; x_wconf 85' lang='lat' dir='ltr'>vel</span> <span class='ocrx_word' id='word_1_344' title='bbox 694 4471 1074 4526; x_wconf 89' lang='lat' dir='ltr'>immutatum</span> <span class='ocrx_word' id='word_1_345' title='bbox 1097 4487 1225 4526; x_wconf 89' lang='lat' dir='ltr'>esse</span> <span class='ocrx_word' id='word_1_346' title='bbox 1246 4471 1398 4543; x_wconf 90' lang='lat' dir='ltr'>quod</span> <span class='ocrx_word' id='word_1_347' title='bbox 1426 4471 1654 4525; x_wconf 83' lang='lat' dir='ltr'>fecerat.</span> <span class='ocrx_word' id='word_1_348' title='bbox 1675 4470 1838 4537; x_wconf 86' lang='lat' dir='ltr'>Quod</span> <span class='ocrx_word' id='word_1_349' title='bbox 1855 4475 1914 4526; x_wconf 93' lang='lat' dir='ltr'>et</span> 
     </span>
    </p>
   </div>
   <div class='ocr_carea' id='block_1_49' title="bbox 254 4557 1908 4633">
    <p class='ocr_par' dir='ltr' id='par_1_49' title="bbox 254 4557 1908 4633">
     <span class='ocr_line' id='line_1_49' title="bbox 254 4557 1908 4633; baseline -0.002 -17"><span class='ocrx_word' id='word_1_350' title='bbox 254 4559 430 4633; x_wconf 86' lang='lat' dir='ltr'>longe</span> <span class='ocrx_word' id='word_1_351' title='bbox 459 4564 596 4616; x_wconf 85' lang='lat' dir='ltr'>ante</span> <span class='ocrx_word' id='word_1_352' title='bbox 627 4561 926 4616; x_wconf 89' lang='lat' dir='ltr'>ﬁrmatum</span> <span class='ocrx_word' id='word_1_353' title='bbox 961 4558 1264 4614; x_wconf 89' lang='lat' dir='ltr'>Dominica</span> <span class='ocrx_word' id='word_1_354' title='bbox 1293 4557 1670 4630; x_wconf 87' lang='lat' dir='ltr'>stipulatione</span> <span class='ocrx_word' id='word_1_355' title='bbox 1701 4560 1908 4622; x_wconf 83' lang='lat' dir='ltr'>fuerat,</span> 
     </span>
    </p>
   </div>
   <div class='ocr_carea' id='block_1_50' title="bbox 2025 652 3668 729">
    <p class='ocr_par' dir='ltr' id='par_1_50' title="bbox 2025 652 3668 729">
     <span class='ocr_line' id='line_1_50' title="bbox 2025 652 3668 729; baseline 0.005 -21"><span class='ocrx_word' id='word_1_356' title='bbox 2025 653 2346 708; x_wconf 88' lang='lat' dir='ltr'>debuerant</span> <span class='ocrx_word' id='word_1_357' title='bbox 2393 652 2618 725; x_wconf 88' lang='lat' dir='ltr'>operari</span> <span class='ocrx_word' id='word_1_358' title='bbox 2674 653 3018 723; x_wconf 87' lang='lat' dir='ltr'>remedium,</span> <span class='ocrx_word' id='word_1_359' title='bbox 3051 661 3386 729; x_wconf 88' lang='lat' dir='ltr'>perpetrant</span> <span class='ocrx_word' id='word_1_360' title='bbox 3427 659 3668 716; x_wconf 85' lang='lat' dir='ltr'>sacrile-</span> 
     </span>
    </p>
   </div>
   <div class='ocr_carea' id='block_1_51' title="bbox 2024 741 3667 816">
    <p class='ocr_par' dir='ltr' id='par_1_51' title="bbox 2024 741 3667 816">
     <span class='ocr_line' id='line_1_51' title="bbox 2024 741 3667 816; baseline 0.005 -20"><span class='ocrx_word' id='word_1_361' title='bbox 2024 741 2188 815; x_wconf 91' lang='lat' dir='ltr'>gium</span> <span class='ocrx_word' id='word_1_362' title='bbox 2215 759 2226 796; x_wconf 93' lang='lat'><strong>:</strong></span> <span class='ocrx_word' id='word_1_363' title='bbox 2253 745 2310 796; x_wconf 89' lang='lat' dir='ltr'>et</span> <span class='ocrx_word' id='word_1_364' title='bbox 2329 741 2376 795; x_wconf 88' lang='lat' dir='ltr'>si</span> <span class='ocrx_word' id='word_1_365' title='bbox 2401 741 2774 816; x_wconf 87' lang='lat' dir='ltr'>sacrilegium</span> <span class='ocrx_word' id='word_1_366' title='bbox 2797 746 3214 816; x_wconf 89' lang='lat' dir='ltr'>perpetrantde</span> <span class='ocrx_word' id='word_1_367' title='bbox 3240 745 3363 802; x_wconf 90' lang='lat' dir='ltr'>suis</span> <span class='ocrx_word' id='word_1_368' title='bbox 3386 764 3497 804; x_wconf 93' lang='lat' dir='ltr'>non</span> <span class='ocrx_word' id='word_1_369' title='bbox 3519 749 3667 804; x_wconf 90' lang='lat' dir='ltr'>bene</span> 
     </span>
    </p>
   </div>
   <div class='ocr_carea' id='block_1_52' title="bbox 2025 831 3667 909">
    <p class='ocr_par' dir='ltr' id='par_1_52' title="bbox 2025 831 3667 909">
     <span class='ocr_line' id='line_1_52' title="bbox 2025 831 3667 909; baseline 0.005 -22"><span class='ocrx_word' id='word_1_370' title='bbox 2025 831 2198 899; x_wconf 87' lang='lat' dir='ltr'>datis,</span> <span class='ocrx_word' id='word_1_371' title='bbox 2232 831 2721 888; x_wconf 87' lang='lat' dir='ltr'>considerandum</span> <span class='ocrx_word' id='word_1_372' title='bbox 2755 837 2845 888; x_wconf 92' lang='lat' dir='ltr'>cst</span> <span class='ocrx_word' id='word_1_373' title='bbox 2874 838 3162 906; x_wconf 90' lang='lat' dir='ltr'>quantum</span> <span class='ocrx_word' id='word_1_374' title='bbox 3193 835 3305 890; x_wconf 91' lang='lat' dir='ltr'>sibi</span> <span class='ocrx_word' id='word_1_375' title='bbox 3343 837 3667 909; x_wconf 91' lang='lat' dir='ltr'>periculum</span> 
     </span>
    </p>
   </div>
   <div class='ocr_carea' id='block_1_53' title="bbox 2027 919 3668 991">
    <p class='ocr_par' dir='ltr' id='par_1_53' title="bbox 2027 919 3668 991">
     <span class='ocr_line' id='line_1_53' title="bbox 2027 919 3668 991; baseline 0.005 -17"><span class='ocrx_word' id='word_1_376' title='bbox 2027 919 2251 974; x_wconf 86' lang='lat' dir='ltr'>faciunt</span> <span class='ocrx_word' id='word_1_377' title='bbox 2273 920 2343 975; x_wconf 88' lang='lat' dir='ltr'>de</span> <span class='ocrx_word' id='word_1_378' title='bbox 2369 921 2544 976; x_wconf 89' lang='lat' dir='ltr'>rebus</span> <span class='ocrx_word' id='word_1_379' title='bbox 2567 921 2640 975; x_wconf 88' lang='lat' dir='ltr'>ab</span> <span class='ocrx_word' id='word_1_380' title='bbox 2664 919 2795 976; x_wconf 88' lang='lat' dir='ltr'>aliis</span> <span class='ocrx_word' id='word_1_381' title='bbox 2815 921 2932 978; x_wconf 89' lang='lat' dir='ltr'>Deo</span> <span class='ocrx_word' id='word_1_382' title='bbox 2964 922 3217 991; x_wconf 91' lang='lat' dir='ltr'>donatis,</span> <span class='ocrx_word' id='word_1_383' title='bbox 3238 927 3292 979; x_wconf 90' lang='lat' dir='ltr'>et</span> <span class='ocrx_word' id='word_1_384' title='bbox 3321 941 3356 980; x_wconf 88' lang='lat' dir='ltr'>a</span> <span class='ocrx_word' id='word_1_385' title='bbox 3385 941 3446 990; x_wconf 83' lang='lat' dir='ltr'>se</span> <span class='ocrx_word' id='word_1_386' title='bbox 3465 931 3668 982; x_wconf 90' lang='lat' dir='ltr'>contra</span> 
     </span>
    </p>
   </div>
   <div class='ocr_carea' id='block_1_54' title="bbox 2027 1008 3672 1087">
    <p class='ocr_par' dir='ltr' id='par_1_54' title="bbox 2027 1008 3672 1087">
     <span class='ocr_line' id='line_1_54' title="bbox 2027 1008 3672 1087; baseline 0.004 -23"><span class='ocrx_word' id='word_1_387' title='bbox 2027 1009 2210 1064; x_wconf 91' lang='lat' dir='ltr'>Deum</span> <span class='ocrx_word' id='word_1_388' title='bbox 2231 1013 2289 1063; x_wconf 92' lang='lat' dir='ltr'>et</span> <span class='ocrx_word' id='word_1_389' title='bbox 2311 1008 2419 1081; x_wconf 89' lang='lat' dir='ltr'>ipsi</span> <span class='ocrx_word' id='word_1_390' title='bbox 2443 1009 2558 1065; x_wconf 90' lang='lat' dir='ltr'>Deo</span> <span class='ocrx_word' id='word_1_391' title='bbox 2581 1009 2810 1066; x_wconf 89' lang='lat' dir='ltr'>ablatis.</span> <span class='ocrx_word' id='word_1_392' title='bbox 2831 1011 2993 1068; x_wconf 90' lang='lat' dir='ltr'>Unde</span> <span class='ocrx_word' id='word_1_393' title='bbox 3015 1015 3253 1068; x_wconf 89' lang='lat' dir='ltr'>sanctus</span> <span class='ocrx_word' id='word_1_394' title='bbox 3276 1013 3586 1087; x_wconf 88' lang='lat' dir='ltr'>Gregorius</span> <span class='ocrx_word' id='word_1_395' title='bbox 3611 1015 3672 1070; x_wconf 90' lang='lat' dir='ltr'>in</span> 
     </span>
    </p>
   </div>
   <div class='ocr_carea' id='block_1_55' title="bbox 2027 1096 3670 1174">
    <p class='ocr_par' dir='ltr' id='par_1_55' title="bbox 2027 1096 3670 1174">
     <span class='ocr_line' id='line_1_55' title="bbox 2027 1096 3670 1174; baseline 0.004 -22"><span class='ocrx_word' id='word_1_396' title='bbox 2027 1096 2271 1170; x_wconf 89' lang='lat' dir='ltr'>epistola</span> <span class='ocrx_word' id='word_1_397' title='bbox 2290 1098 2360 1152; x_wconf 89' lang='lat' dir='ltr'>ad</span> <span class='ocrx_word' id='word_1_398' title='bbox 2385 1098 2666 1153; x_wconf 90' lang='lat' dir='ltr'>Sabinum</span> <span class='ocrx_word' id='word_1_399' title='bbox 2689 1100 3113 1156; x_wconf 79' lang='lat' dir='ltr'>subdiaconum</span> <span class='ocrx_word' id='word_1_400' title='bbox 3134 1101 3527 1174; x_wconf 87' lang='lat' dir='ltr'>scribens(lib.</span> <span class='ocrx_word' id='word_1_401' title='bbox 3547 1121 3670 1172; x_wconf 88' lang='lat' dir='ltr'>vm,</span> 
     </span>
    </p>
   </div>
   <div class='ocr_carea' id='block_1_56' title="bbox 2025 1185 3669 1264">
    <p class='ocr_par' dir='ltr' id='par_1_56' title="bbox 2025 1185 3669 1264">
     <span class='ocr_line' id='line_1_56' title="bbox 2025 1185 3669 1264; baseline 0.004 -24"><span class='ocrx_word' id='word_1_402' title='bbox 2025 1187 2180 1258; x_wconf 81' lang='lat' dir='ltr'>epist.</span> <span class='ocrx_word' id='word_1_403' title='bbox 2211 1186 2267 1258; x_wconf 91' lang='lat'>7)</span> <span class='ocrx_word' id='word_1_404' title='bbox 2302 1203 2314 1240; x_wconf 92' lang='lat'>:</span> <span class='ocrx_word' id='word_1_405' title='bbox 2349 1209 2376 1235; x_wconf 92' lang='grc'>‹‹</span> <span class='ocrx_word' id='word_1_406' title='bbox 2402 1185 2782 1260; x_wconf 88' lang='lat' dir='ltr'>Sacrilegum,</span> <span class='ocrx_word' id='word_1_407' title='bbox 2808 1188 3020 1260; x_wconf 89' lang='lat' dir='ltr'>inquit,</span> <span class='ocrx_word' id='word_1_408' title='bbox 3055 1193 3112 1244; x_wconf 90' lang='lat' dir='ltr'>et</span> <span class='ocrx_word' id='word_1_409' title='bbox 3141 1193 3345 1245; x_wconf 91' lang='lat' dir='ltr'>contra</span> <span class='ocrx_word' id='word_1_410' title='bbox 3373 1189 3530 1264; x_wconf 88' lang='lat' dir='ltr'>leges</span> <span class='ocrx_word' id='word_1_411' title='bbox 3559 1196 3669 1257; x_wconf 84' lang='lat' dir='ltr'>est,</span> 
     </span>
    </p>
   </div>
   <div class='ocr_carea' id='block_1_57' title="bbox 2029 1273 3671 1352">
    <p class='ocr_par' dir='ltr' id='par_1_57' title="bbox 2029 1273 3671 1352">
     <span class='ocr_line' id='line_1_57' title="bbox 2029 1273 3671 1352; baseline 0.004 -23"><span class='ocrx_word' id='word_1_412' title='bbox 2029 1273 2076 1329; x_wconf 90' lang='lat' dir='ltr'>si</span> <span class='ocrx_word' id='word_1_413' title='bbox 2108 1274 2242 1345; x_wconf 89' lang='lat' dir='ltr'>quis</span> <span class='ocrx_word' id='word_1_414' title='bbox 2271 1275 2424 1346; x_wconf 89' lang='lat' dir='ltr'>quod</span> <span class='ocrx_word' id='word_1_415' title='bbox 2461 1275 2886 1332; x_wconf 90' lang='lat' dir='ltr'>venerabilibus</span> <span class='ocrx_word' id='word_1_416' title='bbox 2916 1275 3058 1333; x_wconf 91' lang='lat' dir='ltr'>locis</span> <span class='ocrx_word' id='word_1_417' title='bbox 3087 1277 3454 1351; x_wconf 91' lang='lat' dir='ltr'>relinquiiur,</span> <span class='ocrx_word' id='word_1_418' title='bbox 3483 1297 3671 1352; x_wconf 69' lang='lat' dir='ltr'>pravaa</span> 
     </span>
    </p>
   </div>
   <div class='ocr_carea' id='block_1_58' title="bbox 2027 1361 3674 1439">
    <p class='ocr_par' dir='ltr' id='par_1_58' title="bbox 2027 1361 3674 1439">
     <span class='ocr_line' id='line_1_58' title="bbox 2027 1361 3674 1439; baseline 0.004 -23"><span class='ocrx_word' id='word_1_419' title='bbox 2027 1361 2344 1418; x_wconf 87' lang='lat' dir='ltr'>voluntatis</span> <span class='ocrx_word' id='word_1_420' title='bbox 2375 1363 2586 1418; x_wconf 89' lang='lat' dir='ltr'>studiis</span> <span class='ocrx_word' id='word_1_421' title='bbox 2617 1364 2742 1419; x_wconf 87' lang='lat' dir='ltr'>suis</span> <span class='ocrx_word' id='word_1_422' title='bbox 2782 1366 3090 1420; x_wconf 89' lang='lat' dir='ltr'>tentaverit</span> <span class='ocrx_word' id='word_1_423' title='bbox 3132 1367 3494 1439; x_wconf 90' lang='lat' dir='ltr'>compendiis</span> <span class='ocrx_word' id='word_1_424' title='bbox 3545 1370 3674 1424; x_wconf 84' lang='lat' dir='ltr'>reti-</span> 
     </span>
    </p>
   </div>
   <div class='ocr_carea' id='block_1_59' title="bbox 2028 1452 3672 1530">
    <p class='ocr_par' dir='ltr' id='par_1_59' title="bbox 2028 1452 3672 1530">
     <span class='ocr_line' id='line_1_59' title="bbox 2028 1452 3672 1530; baseline 0.005 -24"><span class='ocrx_word' id='word_1_425' title='bbox 2028 1467 2184 1506; x_wconf 88' lang='lat' dir='ltr'>nere.</span> <span class='ocrx_word' id='word_1_426' title='bbox 2218 1472 2246 1501; x_wconf 88' lang='grc'><strong>››</strong></span> <span class='ocrx_word' id='word_1_427' title='bbox 2271 1453 2339 1506; x_wconf 88' lang='lat' dir='ltr'>Et</span> <span class='ocrx_word' id='word_1_428' title='bbox 2367 1452 2515 1508; x_wconf 87' lang='lat' dir='ltr'>sacri</span> <span class='ocrx_word' id='word_1_429' title='bbox 2548 1469 2800 1508; x_wconf 88' lang='lat' dir='ltr'>canones</span> <span class='ocrx_word' id='word_1_430' title='bbox 2830 1455 2999 1521; x_wconf 87' lang='lat' dir='ltr'>(conc.</span> <span class='ocrx_word' id='word_1_431' title='bbox 3032 1453 3225 1523; x_wconf 84' lang='lat' dir='ltr'>Agath,</span> <span class='ocrx_word' id='word_1_432' title='bbox 3255 1473 3303 1510; x_wconf 89' lang='lat' dir='ltr'>c.</span> <span class='ocrx_word' id='word_1_433' title='bbox 3346 1457 3398 1530; x_wconf 80' lang='grc'>4)</span> <span class='ocrx_word' id='word_1_434' title='bbox 3432 1473 3446 1511; x_wconf 91' lang='lat'>:</span> <span class='ocrx_word' id='word_1_435' title='bbox 3481 1479 3510 1509; x_wconf 92' lang='lat'>«</span> <span class='ocrx_word' id='word_1_436' title='bbox 3541 1457 3672 1514; x_wconf 87' lang='lat' dir='ltr'>Cle—</span> 
     </span>
    </p>
   </div>
   <div class='ocr_carea' id='block_1_60' title="bbox 2027 1538 3673 1618">
    <p class='ocr_par' dir='ltr' id='par_1_60' title="bbox 2027 1538 3673 1618">
     <span class='ocr_line' id='line_1_60' title="bbox 2027 1538 3673 1618; baseline 0.004 -24"><span class='ocrx_word' id='word_1_437' title='bbox 2027 1538 2152 1607; x_wconf 91' lang='lat' dir='ltr'>rici,</span> <span class='ocrx_word' id='word_1_438' title='bbox 2177 1539 2577 1612; x_wconf 89' lang='lat' dir='ltr'>inquiunt,vel</span> <span class='ocrx_word' id='word_1_439' title='bbox 2620 1541 2948 1610; x_wconf 64' lang='lat' dir='ltr'>saeculares,</span> <span class='ocrx_word' id='word_1_440' title='bbox 2981 1543 3083 1616; x_wconf 91' lang='lat' dir='ltr'>qui</span> <span class='ocrx_word' id='word_1_441' title='bbox 3113 1543 3438 1602; x_wconf 89' lang='lat' dir='ltr'>oblationes</span> <span class='ocrx_word' id='word_1_442' title='bbox 3459 1563 3673 1618; x_wconf 89' lang='lat' dir='ltr'>parcn-</span> 
     </span>
    </p>
   </div>
   <div class='ocr_carea' id='block_1_61' title="bbox 2025 1630 3674 1701">
    <p class='ocr_par' dir='ltr' id='par_1_61' title="bbox 2025 1630 3674 1701">
     <span class='ocr_line' id='line_1_61' title="bbox 2025 1630 3674 1701; baseline 0.005 -18"><span class='ocrx_word' id='word_1_443' title='bbox 2025 1631 2174 1697; x_wconf 90' lang='lat' dir='ltr'>tum,</span> <span class='ocrx_word' id='word_1_444' title='bbox 2199 1633 2302 1684; x_wconf 90' lang='lat' dir='ltr'>aut</span> <span class='ocrx_word' id='word_1_445' title='bbox 2331 1630 2598 1700; x_wconf 89' lang='lat' dir='ltr'>donatas,</span> <span class='ocrx_word' id='word_1_446' title='bbox 2629 1634 2726 1686; x_wconf 90' lang='lat' dir='ltr'>aat</span> <span class='ocrx_word' id='word_1_447' title='bbox 2754 1634 3100 1688; x_wconf 88' lang='lat' dir='ltr'>testamento</span> <span class='ocrx_word' id='word_1_448' title='bbox 3138 1631 3392 1701; x_wconf 88' lang='lat' dir='ltr'>relictas,</span> <span class='ocrx_word' id='word_1_449' title='bbox 3425 1635 3674 1692; x_wconf 90' lang='lat' dir='ltr'>retinere</span> 
     </span>
    </p>
   </div>
   <div class='ocr_carea' id='block_1_62' title="bbox 2026 1717 3672 1792">
    <p class='ocr_par' dir='ltr' id='par_1_62' title="bbox 2026 1717 3672 1792">
     <span class='ocr_line' id='line_1_62' title="bbox 2026 1717 3672 1792; baseline 0.005 -20"><span class='ocrx_word' id='word_1_450' title='bbox 2026 1718 2636 1790; x_wconf 68' lang='lat' dir='ltr'>praesumpserint,aut</span> <span class='ocrx_word' id='word_1_451' title='bbox 2650 1717 2708 1774; x_wconf 93' lang='lat' dir='ltr'>id</span> <span class='ocrx_word' id='word_1_452' title='bbox 2723 1721 2877 1792; x_wconf 91' lang='lat' dir='ltr'>quod</span> <span class='ocrx_word' id='word_1_453' title='bbox 2901 1719 3010 1792; x_wconf 90' lang='lat' dir='ltr'>ipsi</span> <span class='ocrx_word' id='word_1_454' title='bbox 3031 1721 3393 1778; x_wconf 88' lang='lat' dir='ltr'>donaverunt</span> <span class='ocrx_word' id='word_1_455' title='bbox 3409 1723 3672 1781; x_wconf 90' lang='lat' dir='ltr'>ecclesiis</span> 
     </span>
    </p>
   </div>
   <div class='ocr_carea' id='block_1_63' title="bbox 2023 1805 3673 1887">
    <p class='ocr_par' dir='ltr' id='par_1_63' title="bbox 2023 1805 3673 1887">
     <span class='ocr_line' id='line_1_63' title="bbox 2023 1805 3673 1887; baseline 0.006 -27"><span class='ocrx_word' id='word_1_456' title='bbox 2023 1805 2112 1861; x_wconf 89' lang='lat' dir='ltr'>vel</span> <span class='ocrx_word' id='word_1_457' title='bbox 2136 1807 2506 1864; x_wconf 88' lang='lat' dir='ltr'>monasteriis</span> <span class='ocrx_word' id='word_1_458' title='bbox 2527 1807 2879 1864; x_wconf 89' lang='lat' dir='ltr'>crediderint</span> <span class='ocrx_word' id='word_1_459' title='bbox 2899 1810 3300 1880; x_wconf 80' lang='lat' dir='ltr'>auferendum,</span> <span class='ocrx_word' id='word_1_460' title='bbox 3325 1811 3476 1869; x_wconf 87' lang='lat' dir='ltr'>sicut</span> <span class='ocrx_word' id='word_1_461' title='bbox 3507 1830 3673 1887; x_wconf 83' lang='lat' dir='ltr'>syno-</span> 
     </span>
    </p>
   </div>
   <div class='ocr_carea' id='block_1_64' title="bbox 2025 1895 3666 1974">
    <p class='ocr_par' dir='ltr' id='par_1_64' title="bbox 2025 1895 3666 1974">
     <span class='ocr_line' id='line_1_64' title="bbox 2025 1895 3666 1974; baseline 0.005 -24"><span class='ocrx_word' id='word_1_462' title='bbox 2025 1895 2138 1950; x_wconf 90' lang='lat' dir='ltr'>dus</span> <span class='ocrx_word' id='word_1_463' title='bbox 2168 1898 2371 1950; x_wconf 88' lang='lat' dir='ltr'>sancta</span> <span class='ocrx_word' id='word_1_464' title='bbox 2413 1895 2735 1962; x_wconf 87' lang='lat' dir='ltr'>constituit,</span> <span class='ocrx_word' id='word_1_465' title='bbox 2766 1897 2924 1953; x_wconf 91' lang='lat' dir='ltr'>velut</span> <span class='ocrx_word' id='word_1_466' title='bbox 2970 1903 3271 1956; x_wconf 91' lang='lat' dir='ltr'>necatorcs</span> <span class='ocrx_word' id='word_1_467' title='bbox 3318 1918 3666 1974; x_wconf 89' lang='lat' dir='ltr'>pauperum,</span> 
     </span>
    </p>
   </div>
   <div class='ocr_carea' id='block_1_65' title="bbox 2025 1985 3674 2057">
    <p class='ocr_par' dir='ltr' id='par_1_65' title="bbox 2025 1985 3674 2057">
     <span class='ocr_line' id='line_1_65' title="bbox 2025 1985 3674 2057; baseline 0.006 -20"><span class='ocrx_word' id='word_1_468' title='bbox 2025 2000 2330 2056; x_wconf 89' lang='lat' dir='ltr'>quousque</span> <span class='ocrx_word' id='word_1_469' title='bbox 2361 1985 2626 2050; x_wconf 91' lang='lat' dir='ltr'>reddant,</span> <span class='ocrx_word' id='word_1_470' title='bbox 2652 1985 2724 2040; x_wconf 88' lang='lat' dir='ltr'>ab</span> <span class='ocrx_word' id='word_1_471' title='bbox 2755 1985 3016 2044; x_wconf 90' lang='lat' dir='ltr'>ecclesiis</span> <span class='ocrx_word' id='word_1_472' title='bbox 3045 1987 3448 2045; x_wconf 82' lang='lat' dir='ltr'>excludantur.</span> <span class='ocrx_word' id='word_1_473' title='bbox 3477 2013 3504 2040; x_wconf 84' lang='lat'><strong>»</strong></span> <span class='ocrx_word' id='word_1_474' title='bbox 3526 1993 3674 2057; x_wconf 85' lang='lat' dir='ltr'>Qua-</span> 
     </span>
    </p>
   </div>
   <div class='ocr_carea' id='block_1_66' title="bbox 2025 2073 3671 2151">
    <p class='ocr_par' dir='ltr' id='par_1_66' title="bbox 2025 2073 3671 2151">
     <span class='ocr_line' id='line_1_66' title="bbox 2025 2073 3671 2151; baseline 0.004 -23"><span class='ocrx_word' id='word_1_475' title='bbox 2025 2076 2261 2144; x_wconf 88' lang='lat' dir='ltr'>propter</span> <span class='ocrx_word' id='word_1_476' title='bbox 2289 2073 2478 2128; x_wconf 89' lang='lat' dir='ltr'>sciant</span> <span class='ocrx_word' id='word_1_477' title='bbox 2497 2073 2636 2145; x_wconf 88' lang='lat' dir='ltr'>quia</span> <span class='ocrx_word' id='word_1_478' title='bbox 2655 2091 2790 2130; x_wconf 91' lang='lat' dir='ltr'>cum</span> <span class='ocrx_word' id='word_1_479' title='bbox 2823 2076 3076 2147; x_wconf 87' lang='lat' dir='ltr'>peccatis</span> <span class='ocrx_word' id='word_1_480' title='bbox 3115 2076 3390 2150; x_wconf 89' lang='lat' dir='ltr'>propriis,</span> <span class='ocrx_word' id='word_1_481' title='bbox 3412 2095 3516 2151; x_wconf 89' lang='lat' dir='ltr'>pro</span> <span class='ocrx_word' id='word_1_482' title='bbox 3547 2095 3671 2134; x_wconf 90' lang='lat' dir='ltr'>om-</span> 
     </span>
    </p>
   </div>
   <div class='ocr_carea' id='block_1_67' title="bbox 2025 2160 3674 2240">
    <p class='ocr_par' dir='ltr' id='par_1_67' title="bbox 2025 2160 3674 2240">
     <span class='ocr_line' id='line_1_67' title="bbox 2025 2160 3674 2240; baseline 0.004 -22"><span class='ocrx_word' id='word_1_483' title='bbox 2025 2160 2201 2218; x_wconf 89' lang='lat' dir='ltr'>nibus</span> <span class='ocrx_word' id='word_1_484' title='bbox 2231 2161 2406 2217; x_wconf 91' lang='lat' dir='ltr'>etiam</span> <span class='ocrx_word' id='word_1_485' title='bbox 2438 2161 2673 2218; x_wconf 90' lang='lat' dir='ltr'>illorum</span> <span class='ocrx_word' id='word_1_486' title='bbox 2695 2163 2948 2236; x_wconf 88' lang='lat' dir='ltr'>peccatis</span> <span class='ocrx_word' id='word_1_487' title='bbox 2969 2165 3069 2237; x_wconf 91' lang='lat' dir='ltr'>qui</span> <span class='ocrx_word' id='word_1_488' title='bbox 3092 2167 3328 2222; x_wconf 89' lang='lat' dir='ltr'>easdem</span> <span class='ocrx_word' id='word_1_489' title='bbox 3352 2184 3443 2222; x_wconf 91' lang='lat' dir='ltr'>res</span> <span class='ocrx_word' id='word_1_490' title='bbox 3467 2183 3570 2240; x_wconf 92' lang='lat' dir='ltr'>pro</span> <span class='ocrx_word' id='word_1_491' title='bbox 3591 2184 3674 2224; x_wconf 89' lang='lat' dir='ltr'>re-</span> 
     </span>
    </p>
   </div>
   <div class='ocr_carea' id='block_1_68' title="bbox 2025 2249 3672 2326">
    <p class='ocr_par' dir='ltr' id='par_1_68' title="bbox 2025 2249 3672 2326">
     <span class='ocr_line' id='line_1_68' title="bbox 2025 2249 3672 2326; baseline 0.004 -21"><span class='ocrx_word' id='word_1_492' title='bbox 2025 2249 2357 2322; x_wconf 89' lang='lat' dir='ltr'>demptione</span> <span class='ocrx_word' id='word_1_493' title='bbox 2387 2250 2594 2306; x_wconf 66' lang='lat' dir='ltr'>anima:</span> <span class='ocrx_word' id='word_1_494' title='bbox 2625 2269 2743 2308; x_wconf 68' lang='lat' dir='ltr'>sua:</span> <span class='ocrx_word' id='word_1_495' title='bbox 2773 2253 3080 2321; x_wconf 90' lang='lat' dir='ltr'>dederunt,</span> <span class='ocrx_word' id='word_1_496' title='bbox 3103 2254 3161 2308; x_wconf 93' lang='lat' dir='ltr'>in</span> <span class='ocrx_word' id='word_1_497' title='bbox 3213 2255 3408 2310; x_wconf 88' lang='lat' dir='ltr'>futuro</span> <span class='ocrx_word' id='word_1_498' title='bbox 3444 2255 3672 2326; x_wconf 89' lang='lat' dir='ltr'>judicio</span> 
     </span>
    </p>
   </div>
   <div class='ocr_carea' id='block_1_69' title="bbox 2025 2337 3672 2413">
    <p class='ocr_par' dir='ltr' id='par_1_69' title="bbox 2025 2337 3672 2413">
     <span class='ocr_line' id='line_1_69' title="bbox 2025 2337 3672 2413; baseline 0.004 -21"><span class='ocrx_word' id='word_1_499' title='bbox 2025 2337 2344 2411; x_wconf 90' lang='lat' dir='ltr'>punientur</span> <span class='ocrx_word' id='word_1_500' title='bbox 2365 2355 2378 2395; x_wconf 87' lang='lat'>:</span> <span class='ocrx_word' id='word_1_501' title='bbox 2399 2343 2458 2394; x_wconf 89' lang='lat' dir='ltr'>et</span> <span class='ocrx_word' id='word_1_502' title='bbox 2477 2357 2592 2395; x_wconf 92' lang='lat' dir='ltr'>non</span> <span class='ocrx_word' id='word_1_503' title='bbox 2627 2343 2981 2413; x_wconf 89' lang='lat' dir='ltr'>postponant</span> <span class='ocrx_word' id='word_1_504' title='bbox 3000 2341 3100 2412; x_wconf 91' lang='lat' dir='ltr'>qui</span> <span class='ocrx_word' id='word_1_505' title='bbox 3143 2343 3288 2398; x_wconf 85' lang='lat' dir='ltr'>forte</span> <span class='ocrx_word' id='word_1_506' title='bbox 3318 2344 3672 2400; x_wconf 89' lang='lat' dir='ltr'>conﬁrmant</span> 
     </span>
    </p>
   </div>
   <div class='ocr_carea' id='block_1_70' title="bbox 2024 2426 3674 2501">
    <p class='ocr_par' dir='ltr' id='par_1_70' title="bbox 2024 2426 3674 2501">
     <span class='ocr_line' id='line_1_70' title="bbox 2024 2426 3674 2501; baseline 0.004 -19"><span class='ocrx_word' id='word_1_507' title='bbox 2024 2426 2353 2482; x_wconf 89' lang='lat' dir='ltr'>inconsulte</span> <span class='ocrx_word' id='word_1_508' title='bbox 2375 2429 2530 2500; x_wconf 89' lang='lat' dir='ltr'>quod</span> <span class='ocrx_word' id='word_1_509' title='bbox 2556 2428 2827 2484; x_wconf 91' lang='lat' dir='ltr'>ﬁdelibus</span> <span class='ocrx_word' id='word_1_510' title='bbox 2856 2429 2943 2485; x_wconf 90' lang='lat' dir='ltr'>vel</span> <span class='ocrx_word' id='word_1_511' title='bbox 2967 2429 3174 2486; x_wconf 88' lang='lat' dir='ltr'>amicis</span> <span class='ocrx_word' id='word_1_512' title='bbox 3195 2429 3320 2486; x_wconf 88' lang='lat' dir='ltr'>suis</span> <span class='ocrx_word' id='word_1_513' title='bbox 3349 2432 3591 2501; x_wconf 90' lang='lat' dir='ltr'>donant,</span> <span class='ocrx_word' id='word_1_514' title='bbox 3615 2437 3674 2492; x_wconf 86' lang='lat' dir='ltr'>et</span> 
     </span>
    </p>
   </div>
   <div class='ocr_carea' id='block_1_71' title="bbox 2026 2515 3674 2590">
    <p class='ocr_par' dir='ltr' id='par_1_71' title="bbox 2026 2515 3674 2590">
     <span class='ocr_line' id='line_1_71' title="bbox 2026 2515 3674 2590; baseline 0.004 -20"><span class='ocrx_word' id='word_1_515' title='bbox 2026 2515 2152 2570; x_wconf 90' lang='lat' dir='ltr'>sine</span> <span class='ocrx_word' id='word_1_516' title='bbox 2173 2515 2398 2586; x_wconf 86' lang='lat' dir='ltr'>judicio</span> <span class='ocrx_word' id='word_1_517' title='bbox 2429 2517 2722 2584; x_wconf 85' lang='lat' dir='ltr'>auferunt,</span> <span class='ocrx_word' id='word_1_518' title='bbox 2745 2517 2982 2590; x_wconf 86' lang='lat' dir='ltr'>quando</span> <span class='ocrx_word' id='word_1_519' title='bbox 3003 2534 3131 2590; x_wconf 73' lang='lat' dir='ltr'>quae</span> <span class='ocrx_word' id='word_1_520' title='bbox 3151 2518 3432 2575; x_wconf 88' lang='lat' dir='ltr'>dederant</span> <span class='ocrx_word' id='word_1_521' title='bbox 3452 2520 3524 2576; x_wconf 91' lang='lat' dir='ltr'>ad</span> <span class='ocrx_word' id='word_1_522' title='bbox 3558 2537 3674 2576; x_wconf 89' lang='lat' dir='ltr'>me-</span> 
     </span>
    </p>
   </div>
   <div class='ocr_carea' id='block_1_72' title="bbox 2024 2604 3675 2682">
    <p class='ocr_par' dir='ltr' id='par_1_72' title="bbox 2024 2604 3675 2682">
     <span class='ocr_line' id='line_1_72' title="bbox 2024 2604 3675 2682; baseline 0.004 -23"><span class='ocrx_word' id='word_1_523' title='bbox 2024 2604 2270 2660; x_wconf 91' lang='lat' dir='ltr'>moriam</span> <span class='ocrx_word' id='word_1_524' title='bbox 2289 2604 2622 2676; x_wconf 80' lang='lat' dir='ltr'>paenitendo</span> <span class='ocrx_word' id='word_1_525' title='bbox 2645 2607 2932 2661; x_wconf 89' lang='lat' dir='ltr'>reducunt</span> <span class='ocrx_word' id='word_1_526' title='bbox 2957 2623 2972 2661; x_wconf 90' lang='lat'><strong>:</strong></span> <span class='ocrx_word' id='word_1_527' title='bbox 2996 2622 3109 2660; x_wconf 92' lang='lat' dir='ltr'>non</span> <span class='ocrx_word' id='word_1_528' title='bbox 3131 2607 3520 2677; x_wconf 89' lang='lat' dir='ltr'>attendentes,</span> <span class='ocrx_word' id='word_1_529' title='bbox 3535 2608 3675 2682; x_wconf 91' lang='lat' dir='ltr'>quia</span> 
     </span>
    </p>
   </div>
   <div class='ocr_carea' id='block_1_73' title="bbox 2022 2693 3674 2769">
    <p class='ocr_par' dir='ltr' id='par_1_73' title="bbox 2022 2693 3674 2769">
     <span class='ocr_line' id='line_1_73' title="bbox 2022 2693 3674 2769; baseline 0.003 -21"><span class='ocrx_word' id='word_1_530' title='bbox 2022 2693 2107 2748; x_wconf 92' lang='lat' dir='ltr'>illi</span> <span class='ocrx_word' id='word_1_531' title='bbox 2137 2695 2359 2749; x_wconf 87' lang='lat' dir='ltr'>vadunt</span> <span class='ocrx_word' id='word_1_532' title='bbox 2379 2695 2450 2749; x_wconf 88' lang='lat' dir='ltr'>de</span> <span class='ocrx_word' id='word_1_533' title='bbox 2471 2693 2704 2760; x_wconf 78' lang='lat' dir='ltr'>saeculo,</span> <span class='ocrx_word' id='word_1_534' title='bbox 2724 2711 2858 2750; x_wconf 90' lang='lat' dir='ltr'>cum</span> <span class='ocrx_word' id='word_1_535' title='bbox 2881 2695 3000 2750; x_wconf 82' lang='lat' dir='ltr'>exit</span> <span class='ocrx_word' id='word_1_536' title='bbox 3028 2695 3100 2751; x_wconf 93' lang='lat' dir='ltr'>de</span> <span class='ocrx_word' id='word_1_537' title='bbox 3120 2712 3361 2769; x_wconf 91' lang='lat' dir='ltr'>corpore</span> <span class='ocrx_word' id='word_1_538' title='bbox 3380 2695 3598 2764; x_wconf 88' lang='lat' dir='ltr'>anima,</span> <span class='ocrx_word' id='word_1_539' title='bbox 3616 2701 3674 2755; x_wconf 89' lang='lat' dir='ltr'>et</span> 
     </span>
    </p>
   </div>
   <div class='ocr_carea' id='block_1_74' title="bbox 2023 2782 3672 2856">
    <p class='ocr_par' dir='ltr' id='par_1_74' title="bbox 2023 2782 3672 2856">
     <span class='ocr_line' id='line_1_74' title="bbox 2023 2782 3672 2856; baseline 0.003 -19"><span class='ocrx_word' id='word_1_540' title='bbox 2023 2787 2286 2838; x_wconf 90' lang='lat' dir='ltr'>remanet</span> <span class='ocrx_word' id='word_1_541' title='bbox 2297 2782 2311 2836; x_wconf 94' lang='lat' dir='ltr'>i</span> <span class='ocrx_word' id='word_1_542' title='bbox 2322 2801 2356 2837; x_wconf 91' lang='lat' dir='ltr'>n</span> <span class='ocrx_word' id='word_1_543' title='bbox 2369 2783 2580 2838; x_wconf 71' lang='lat' dir='ltr'>saeculo</span> <span class='ocrx_word' id='word_1_544' title='bbox 2595 2787 2833 2850; x_wconf 89' lang='lat' dir='ltr'>terra,et</span> <span class='ocrx_word' id='word_1_545' title='bbox 2853 2787 3082 2839; x_wconf 88' lang='lat' dir='ltr'>tenetur</span> <span class='ocrx_word' id='word_1_546' title='bbox 3094 2801 3319 2840; x_wconf 87' lang='lat' dir='ltr'>avacuo</span> <span class='ocrx_word' id='word_1_547' title='bbox 3335 2801 3672 2856; x_wconf 88' lang='lat' dir='ltr'>possessore</span> 
     </span>
    </p>
   </div>
   <div class='ocr_carea' id='block_1_75' title="bbox 2023 2869 3670 2945">
    <p class='ocr_par' dir='ltr' id='par_1_75' title="bbox 2023 2869 3670 2945">
     <span class='ocr_line' id='line_1_75' title="bbox 2023 2869 3670 2945; baseline 0.002 -19"><span class='ocrx_word' id='word_1_548' title='bbox 2023 2887 2217 2926; x_wconf 91' lang='lat' dir='ltr'>rerum</span> <span class='ocrx_word' id='word_1_549' title='bbox 2251 2869 2482 2926; x_wconf 89' lang='lat' dir='ltr'>illarum</span> <span class='ocrx_word' id='word_1_550' title='bbox 2513 2870 2975 2928; x_wconf 89' lang='lat' dir='ltr'>conﬁrmationis</span> <span class='ocrx_word' id='word_1_551' title='bbox 3009 2872 3178 2945; x_wconf 71' lang='lat' dir='ltr'>regiae</span> <span class='ocrx_word' id='word_1_552' title='bbox 3209 2873 3433 2942; x_wconf 89' lang='lat' dir='ltr'>charta,</span> <span class='ocrx_word' id='word_1_553' title='bbox 3447 2878 3506 2930; x_wconf 89' lang='lat' dir='ltr'>et</span> <span class='ocrx_word' id='word_1_554' title='bbox 3533 2891 3670 2930; x_wconf 90' lang='lat' dir='ltr'>cum</span> 
     </span>
    </p>
   </div>
   <div class='ocr_carea' id='block_1_76' title="bbox 2021 2959 3668 3032">
    <p class='ocr_par' dir='ltr' id='par_1_76' title="bbox 2021 2959 3668 3032">
     <span class='ocr_line' id='line_1_76' title="bbox 2021 2959 3668 3032; baseline 0.001 -16"><span class='ocrx_word' id='word_1_555' title='bbox 2021 2959 2321 3032; x_wconf 89' lang='lat' dir='ltr'>suspirant</span> <span class='ocrx_word' id='word_1_556' title='bbox 2340 2961 2534 3028; x_wconf 84' lang='lat' dir='ltr'>corda,</span> <span class='ocrx_word' id='word_1_557' title='bbox 2555 2964 2942 3032; x_wconf 89' lang='lat' dir='ltr'>provocantur</span> <span class='ocrx_word' id='word_1_558' title='bbox 2961 2961 3033 3016; x_wconf 90' lang='lat' dir='ltr'>ad</span> <span class='ocrx_word' id='word_1_559' title='bbox 3057 2960 3523 3018; x_wconf 91' lang='lat' dir='ltr'>maledicendum</span> <span class='ocrx_word' id='word_1_560' title='bbox 3554 2962 3668 3018; x_wconf 85' lang='lat' dir='ltr'>for-</span> 
     </span>
    </p>
   </div>
   <div class='ocr_carea' id='block_1_77' title="bbox 2021 3047 3670 3124">
    <p class='ocr_par' dir='ltr' id='par_1_77' title="bbox 2021 3047 3670 3124">
     <span class='ocr_line' id='line_1_77' title="bbox 2021 3047 3670 3124; baseline 0.003 -22"><span class='ocrx_word' id='word_1_561' title='bbox 2021 3047 2200 3103; x_wconf 86' lang='lat' dir='ltr'>tassis</span> <span class='ocrx_word' id='word_1_562' title='bbox 2215 3064 2330 3102; x_wconf 91' lang='lat' dir='ltr'>non</span> <span class='ocrx_word' id='word_1_563' title='bbox 2354 3047 2480 3102; x_wconf 90' lang='lat' dir='ltr'>sine</span> <span class='ocrx_word' id='word_1_564' title='bbox 2497 3047 2712 3118; x_wconf 88' lang='lat' dir='ltr'>peccati</span> <span class='ocrx_word' id='word_1_565' title='bbox 2736 3049 2990 3118; x_wconf 90' lang='lat' dir='ltr'>pondere</span> <span class='ocrx_word' id='word_1_566' title='bbox 3003 3047 3184 3116; x_wconf 91' lang='lat' dir='ltr'>labia;</span> <span class='ocrx_word' id='word_1_567' title='bbox 3203 3065 3334 3104; x_wconf 90' lang='lat' dir='ltr'>cum</span> <span class='ocrx_word' id='word_1_568' title='bbox 3351 3053 3670 3124; x_wconf 88' lang='lat' dir='ltr'>utrumque</span> 
     </span>
    </p>
   </div>
   <div class='ocr_carea' id='block_1_78' title="bbox 2022 3134 3670 3211">
    <p class='ocr_par' dir='ltr' id='par_1_78' title="bbox 2022 3134 3670 3211">
     <span class='ocr_line' id='line_1_78' title="bbox 2022 3134 3670 3211; baseline 0.004 -21"><span class='ocrx_word' id='word_1_569' title='bbox 2022 3135 2442 3207; x_wconf 89' lang='lat' dir='ltr'>providendum</span> <span class='ocrx_word' id='word_1_570' title='bbox 2483 3139 2626 3200; x_wconf 89' lang='lat' dir='ltr'>erat,</span> <span class='ocrx_word' id='word_1_571' title='bbox 2642 3152 2714 3190; x_wconf 93' lang='lat' dir='ltr'>ne</span> <span class='ocrx_word' id='word_1_572' title='bbox 2739 3134 3000 3192; x_wconf 90' lang='lat' dir='ltr'>videlicet</span> <span class='ocrx_word' id='word_1_573' title='bbox 3027 3135 3356 3194; x_wconf 80' lang='lat' dir='ltr'>inconsulte</span> <span class='ocrx_word' id='word_1_574' title='bbox 3385 3139 3670 3211; x_wconf 88' lang='lat' dir='ltr'>quiddam</span> 
     </span>
    </p>
   </div>
   <div class='ocr_carea' id='block_1_79' title="bbox 2022 3222 3672 3300">
    <p class='ocr_par' dir='ltr' id='par_1_79' title="bbox 2022 3222 3672 3300">
     <span class='ocr_line' id='line_1_79' title="bbox 2022 3222 3672 3300; baseline 0.003 -22"><span class='ocrx_word' id='word_1_575' title='bbox 2022 3241 2121 3280; x_wconf 86' lang='lat' dir='ltr'>rex</span> <span class='ocrx_word' id='word_1_576' title='bbox 2149 3224 2336 3290; x_wconf 86' lang='lat' dir='ltr'>daret,</span> <span class='ocrx_word' id='word_1_577' title='bbox 2367 3240 2472 3279; x_wconf 92' lang='lat' dir='ltr'>nec</span> <span class='ocrx_word' id='word_1_578' title='bbox 2502 3222 2628 3279; x_wconf 89' lang='lat' dir='ltr'>sine</span> <span class='ocrx_word' id='word_1_579' title='bbox 2649 3223 2874 3294; x_wconf 89' lang='lat' dir='ltr'>judicio</span> <span class='ocrx_word' id='word_1_580' title='bbox 2901 3223 3176 3297; x_wconf 88' lang='lat' dir='ltr'>cuiquam</span> <span class='ocrx_word' id='word_1_581' title='bbox 3199 3226 3490 3298; x_wconf 70' lang='lat' dir='ltr'>aequitatis</span> <span class='ocrx_word' id='word_1_582' title='bbox 3506 3226 3672 3300; x_wconf 79' lang='lat' dir='ltr'>quid-</span> 
     </span>
    </p>
   </div>
   <div class='ocr_carea' id='block_1_80' title="bbox 1945 3299 3669 3386">
    <p class='ocr_par' dir='ltr' id='par_1_80' title="bbox 1945 3299 3669 3386">
     <span class='ocr_line' id='line_1_80' title="bbox 1945 3299 3669 3386; baseline 0.003 -20"><span class='ocrx_word' id='word_1_583' title='bbox 1945 3299 1990 3366; x_wconf 65' lang='grc' dir='ltr'>ι’]</span> <span class='ocrx_word' id='word_1_584' title='bbox 2025 3313 2159 3368; x_wconf 91' lang='lat' dir='ltr'>dam</span> <span class='ocrx_word' id='word_1_585' title='bbox 2191 3313 2464 3381; x_wconf 83' lang='lat' dir='ltr'>auferret,</span> <span class='ocrx_word' id='word_1_586' title='bbox 2492 3329 2632 3368; x_wconf 88' lang='lat' dir='ltr'>neve</span> <span class='ocrx_word' id='word_1_587' title='bbox 2662 3316 2796 3386; x_wconf 91' lang='lat' dir='ltr'>post</span> <span class='ocrx_word' id='word_1_588' title='bbox 2807 3312 3099 3386; x_wconf 88' lang='lat' dir='ltr'>judicium</span> <span class='ocrx_word' id='word_1_589' title='bbox 3132 3315 3204 3370; x_wconf 92' lang='lat' dir='ltr'>de</span> <span class='ocrx_word' id='word_1_590' title='bbox 3223 3314 3436 3372; x_wconf 88' lang='lat' dir='ltr'>ablatis</span> <span class='ocrx_word' id='word_1_591' title='bbox 3465 3299 3669 3372; x_wconf 82' lang='lat' dir='ltr'>charta</span> 
     </span>
    </p>
   </div>
   <div class='ocr_carea' id='block_1_81' title="bbox 2023 3400 3672 3474">
    <p class='ocr_par' dir='ltr' id='par_1_81' title="bbox 2023 3400 3672 3474">
     <span class='ocr_line' id='line_1_81' title="bbox 2023 3400 3672 3474; baseline 0.004 -18"><span class='ocrx_word' id='word_1_592' title='bbox 2023 3400 2355 3473; x_wconf 89' lang='lat' dir='ltr'>indisrupta</span> <span class='ocrx_word' id='word_1_593' title='bbox 2383 3405 2662 3457; x_wconf 90' lang='lat' dir='ltr'>maneret.</span> <span class='ocrx_word' id='word_1_594' title='bbox 2715 3401 3006 3474; x_wconf 89' lang='lat' dir='ltr'>Scriptum</span> <span class='ocrx_word' id='word_1_595' title='bbox 3057 3407 3148 3458; x_wconf 92' lang='lat' dir='ltr'>est</span> <span class='ocrx_word' id='word_1_596' title='bbox 3175 3403 3330 3460; x_wconf 90' lang='lat' dir='ltr'>enim</span> <span class='ocrx_word' id='word_1_597' title='bbox 3367 3421 3380 3460; x_wconf 92' lang='lat'><strong>:</strong></span> <span class='ocrx_word' id='word_1_598' title='bbox 3412 3405 3672 3462; x_wconf 76' lang='lat' dir='ltr'>Memoria</span> 
     </span>
    </p>
   </div>
   <div class='ocr_carea' id='block_1_82' title="bbox 2013 3490 3672 3566">
    <p class='ocr_par' dir='ltr' id='par_1_82' title="bbox 2013 3490 3672 3566">
     <span class='ocr_line' id='line_1_82' title="bbox 2013 3490 3672 3566; baseline 0.004 -20"><span class='ocrx_word' id='word_1_599' title='bbox 2013 3490 2298 3563; x_wconf 59' lang='lat' dir='ltr'>justizcum</span> <span class='ocrx_word' id='word_1_600' title='bbox 2328 3491 2603 3556; x_wconf 73' lang='lat' dir='ltr'>laudibus,</span> <span class='ocrx_word' id='word_1_601' title='bbox 2625 3507 2821 3547; x_wconf 83' lang='lat' dir='ltr'>nomen</span> <span class='ocrx_word' id='word_1_602' title='bbox 2851 3499 3030 3547; x_wconf 82' lang='lat' dir='ltr'>autem</span> <span class='ocrx_word' id='word_1_603' title='bbox 3068 3493 3367 3564; x_wconf 85' lang='lat' dir='ltr'>impiorum</span> <span class='ocrx_word' id='word_1_604' title='bbox 3405 3503 3672 3566; x_wconf 81' lang='lat' dir='ltr'>putrescet</span> 
     </span>
    </p>
   </div>
   <div class='ocr_carea' id='block_1_83' title="bbox 2024 3579 3671 3652">
    <p class='ocr_par' dir='ltr' id='par_1_83' title="bbox 2024 3579 3671 3652">
     <span class='ocr_line' id='line_1_83' title="bbox 2024 3579 3671 3652; baseline 0.004 -18"><span class='ocrx_word' id='word_1_605' title='bbox 2024 3580 2204 3651; x_wconf 84' lang='lat' dir='ltr'>(Prov.</span> <span class='ocrx_word' id='word_1_606' title='bbox 2236 3597 2292 3646; x_wconf 84' lang='lat' dir='ltr'>x,</span> <span class='ocrx_word' id='word_1_607' title='bbox 2325 3581 2401 3651; x_wconf 88' lang='lat'>6).</span> <span class='ocrx_word' id='word_1_608' title='bbox 2425 3579 2634 3634; x_wconf 86' lang='lat' dir='ltr'>Melius</span> <span class='ocrx_word' id='word_1_609' title='bbox 2663 3579 2862 3652; x_wconf 90' lang='lat' dir='ltr'>itaque</span> <span class='ocrx_word' id='word_1_610' title='bbox 2892 3585 2949 3635; x_wconf 89' lang='lat' dir='ltr'>et</span> <span class='ocrx_word' id='word_1_611' title='bbox 2981 3581 3365 3638; x_wconf 86' lang='lat' dir='ltr'>rationalibus</span> <span class='ocrx_word' id='word_1_612' title='bbox 3395 3587 3569 3650; x_wconf 91' lang='lat' dir='ltr'>esset,</span> <span class='ocrx_word' id='word_1_613' title='bbox 3603 3588 3671 3640; x_wconf 89' lang='lat' dir='ltr'>ut</span> 
     </span>
    </p>
   </div>
   <div class='ocr_carea' id='block_1_84' title="bbox 2023 3667 3667 3741">
    <p class='ocr_par' dir='ltr' id='par_1_84' title="bbox 2023 3667 3667 3741">
     <span class='ocr_line' id='line_1_84' title="bbox 2023 3667 3667 3741; baseline 0.004 -20"><span class='ocrx_word' id='word_1_614' title='bbox 2023 3685 2126 3739; x_wconf 91' lang='lat' dir='ltr'>per</span> <span class='ocrx_word' id='word_1_615' title='bbox 2173 3669 2455 3723; x_wconf 90' lang='lat' dir='ltr'>rationem</span> <span class='ocrx_word' id='word_1_616' title='bbox 2487 3667 2754 3741; x_wconf 85' lang='lat' dir='ltr'>disrupta</span> <span class='ocrx_word' id='word_1_617' title='bbox 2801 3669 3004 3724; x_wconf 89' lang='lat' dir='ltr'>charta</span> <span class='ocrx_word' id='word_1_618' title='bbox 3035 3673 3417 3740; x_wconf 88' lang='lat' dir='ltr'>putresceret,</span> <span class='ocrx_word' id='word_1_619' title='bbox 3449 3675 3508 3726; x_wconf 85' lang='lat' dir='ltr'>et</span> <span class='ocrx_word' id='word_1_620' title='bbox 3534 3671 3667 3729; x_wconf 87' lang='lat' dir='ltr'>laus</span> 
     </span>
    </p>
   </div>
   <div class='ocr_carea' id='block_1_85' title="bbox 2023 3754 3664 3828">
    <p class='ocr_par' dir='ltr' id='par_1_85' title="bbox 2023 3754 3664 3828">
     <span class='ocr_line' id='line_1_85' title="bbox 2023 3754 3664 3828; baseline 0.003 -17"><span class='ocrx_word' id='word_1_621' title='bbox 2023 3754 2838 3826; x_wconf 48' lang='lat' dir='ltr'>aquitatisjeorummaneret,</span> <span class='ocrx_word' id='word_1_622' title='bbox 2855 3773 3032 3828; x_wconf 90' lang='lat' dir='ltr'>quam</span> <span class='ocrx_word' id='word_1_623' title='bbox 3051 3756 3252 3812; x_wconf 89' lang='lat' dir='ltr'>charta</span> <span class='ocrx_word' id='word_1_624' title='bbox 3271 3759 3664 3816; x_wconf 85' lang='lat' dir='ltr'>conﬁrmatio-</span> 
     </span>
    </p>
   </div>
   <div class='ocr_carea' id='block_1_86' title="bbox 2024 3843 3666 3916">
    <p class='ocr_par' dir='ltr' id='par_1_86' title="bbox 2024 3843 3666 3916">
     <span class='ocr_line' id='line_1_86' title="bbox 2024 3843 3666 3916; baseline 0.004 -18"><span class='ocrx_word' id='word_1_625' title='bbox 2024 3843 2116 3898; x_wconf 93' lang='lat' dir='ltr'>nis</span> <span class='ocrx_word' id='word_1_626' title='bbox 2149 3847 2427 3910; x_wconf 87' lang='lat' dir='ltr'>maneret,</span> <span class='ocrx_word' id='word_1_627' title='bbox 2442 3848 2500 3898; x_wconf 91' lang='lat' dir='ltr'>et</span> <span class='ocrx_word' id='word_1_628' title='bbox 2521 3860 2730 3899; x_wconf 91' lang='lat' dir='ltr'>nomen</span> <span class='ocrx_word' id='word_1_629' title='bbox 2761 3843 2950 3900; x_wconf 88' lang='lat' dir='ltr'>laudis</span> <span class='ocrx_word' id='word_1_630' title='bbox 2981 3847 3354 3916; x_wconf 89' lang='lat' dir='ltr'>putresceret.</span> <span class='ocrx_word' id='word_1_631' title='bbox 3375 3846 3486 3902; x_wconf 92' lang='lat' dir='ltr'>Sed</span> <span class='ocrx_word' id='word_1_632' title='bbox 3521 3847 3666 3904; x_wconf 85' lang='lat' dir='ltr'>forte</span> 
     </span>
    </p>
   </div>
   <div class='ocr_carea' id='block_1_87' title="bbox 2024 3930 3665 4004">
    <p class='ocr_par' dir='ltr' id='par_1_87' title="bbox 2024 3930 3665 4004">
     <span class='ocr_line' id='line_1_87' title="bbox 2024 3930 3665 4004; baseline 0.003 -18"><span class='ocrx_word' id='word_1_633' title='bbox 2024 3931 2145 3986; x_wconf 68' lang='lat' dir='ltr'>haec</span> <span class='ocrx_word' id='word_1_634' title='bbox 2164 3931 2420 4004; x_wconf 89' lang='lat' dir='ltr'>legentes</span> <span class='ocrx_word' id='word_1_635' title='bbox 2439 3931 2524 3987; x_wconf 92' lang='lat' dir='ltr'>vel</span> <span class='ocrx_word' id='word_1_636' title='bbox 2551 3931 2851 3987; x_wconf 90' lang='lat' dir='ltr'>audientes</span> <span class='ocrx_word' id='word_1_637' title='bbox 2876 3930 3170 4004; x_wconf 87' lang='lat' dir='ltr'>principes</span> <span class='ocrx_word' id='word_1_638' title='bbox 3206 3931 3402 3990; x_wconf 91' lang='lat' dir='ltr'>dicent</span> <span class='ocrx_word' id='word_1_639' title='bbox 3425 3951 3438 3989; x_wconf 89' lang='lat'><strong>:</strong></span> <span class='ocrx_word' id='word_1_640' title='bbox 3467 3956 3496 3984; x_wconf 88' lang='grc'>‹‹</span> <span class='ocrx_word' id='word_1_641' title='bbox 3513 3935 3665 3992; x_wconf 89' lang='lat' dir='ltr'>Bene</span> 
     </span>
    </p>
   </div>
   <div class='ocr_carea' id='block_1_88' title="bbox 2021 4019 3664 4094">
    <p class='ocr_par' dir='ltr' id='par_1_88' title="bbox 2021 4019 3664 4094">
     <span class='ocr_line' id='line_1_88' title="bbox 2021 4019 3664 4094; baseline 0.001 -17"><span class='ocrx_word' id='word_1_642' title='bbox 2021 4039 2130 4077; x_wconf 89' lang='lat' dir='ltr'>nos</span> <span class='ocrx_word' id='word_1_643' title='bbox 2160 4021 2588 4094; x_wconf 88' lang='lat' dir='ltr'>castigaverunt</span> <span class='ocrx_word' id='word_1_644' title='bbox 2613 4019 2868 4093; x_wconf 89' lang='lat' dir='ltr'>episcopi</span> <span class='ocrx_word' id='word_1_645' title='bbox 2904 4036 2918 4075; x_wconf 92' lang='lat'>:</span> <span class='ocrx_word' id='word_1_646' title='bbox 2952 4019 3098 4076; x_wconf 89' lang='lat' dir='ltr'>nihil</span> <span class='ocrx_word' id='word_1_647' title='bbox 3119 4037 3221 4094; x_wconf 92' lang='lat' dir='ltr'>per</span> <span class='ocrx_word' id='word_1_648' title='bbox 3249 4021 3536 4094; x_wconf 66' lang='lat' dir='ltr'>praecepta</span> <span class='ocrx_word' id='word_1_649' title='bbox 3563 4022 3664 4079; x_wconf 86' lang='lat' dir='ltr'>do-</span> 
     </span>
    </p>
   </div>
   <div class='ocr_carea' id='block_1_89' title="bbox 2024 4108 3663 4181">
    <p class='ocr_par' dir='ltr' id='par_1_89' title="bbox 2024 4108 3663 4181">
     <span class='ocr_line' id='line_1_89' title="bbox 2024 4108 3663 4181; baseline 0.001 -17"><span class='ocrx_word' id='word_1_650' title='bbox 2024 4109 2317 4176; x_wconf 89' lang='lat' dir='ltr'>nabimus,</span> <span class='ocrx_word' id='word_1_651' title='bbox 2352 4126 2423 4164; x_wconf 89' lang='lat' dir='ltr'>ne</span> <span class='ocrx_word' id='word_1_652' title='bbox 2452 4108 2665 4164; x_wconf 89' lang='lat' dir='ltr'>iterum</span> <span class='ocrx_word' id='word_1_653' title='bbox 2698 4108 3214 4181; x_wconf 88' lang='lat' dir='ltr'>reprehendamur.</span> <span class='ocrx_word' id='word_1_654' title='bbox 3238 4131 3266 4160; x_wconf 87' lang='lat'>»</span> <span class='ocrx_word' id='word_1_655' title='bbox 3292 4109 3543 4165; x_wconf 88' lang='lat' dir='ltr'>Econtra</span> <span class='ocrx_word' id='word_1_656' title='bbox 3561 4127 3663 4166; x_wconf 87' lang='lat' dir='ltr'>au-</span> 
     </span>
    </p>
   </div>
   <div class='ocr_carea' id='block_1_90' title="bbox 2023 4196 3664 4271">
    <p class='ocr_par' dir='ltr' id='par_1_90' title="bbox 2023 4196 3664 4271">
     <span class='ocr_line' id='line_1_90' title="bbox 2023 4196 3664 4271; baseline 0.001 -18"><span class='ocrx_word' id='word_1_657' title='bbox 2023 4197 2187 4254; x_wconf 88' lang='lat' dir='ltr'>diant</span> <span class='ocrx_word' id='word_1_658' title='bbox 2214 4197 2352 4269; x_wconf 91' lang='lat' dir='ltr'>quid</span> <span class='ocrx_word' id='word_1_659' title='bbox 2385 4213 2523 4252; x_wconf 92' lang='lat' dir='ltr'>voce</span> <span class='ocrx_word' id='word_1_660' title='bbox 2542 4196 2956 4270; x_wconf 86' lang='lat' dir='ltr'>castigantium</span> <span class='ocrx_word' id='word_1_661' title='bbox 2980 4197 3264 4270; x_wconf 90' lang='lat' dir='ltr'>propheta</span> <span class='ocrx_word' id='word_1_662' title='bbox 3283 4198 3664 4271; x_wconf 88' lang='lat' dir='ltr'>conqueritur</span> 
     </span>
    </p>
   </div>
   <div class='ocr_carea' id='block_1_91' title="bbox 2023 4287 3662 4358">
    <p class='ocr_par' dir='ltr' id='par_1_91' title="bbox 2023 4287 3662 4358">
     <span class='ocr_line' id='line_1_91' title="bbox 2023 4287 3662 4358; baseline 0.002 -17"><span class='ocrx_word' id='word_1_663' title='bbox 2023 4287 2224 4342; x_wconf 84' lang='lat' dir='ltr'>dicens</span> <span class='ocrx_word' id='word_1_664' title='bbox 2249 4304 2260 4342; x_wconf 94' lang='lat'>:</span> <span class='ocrx_word' id='word_1_665' title='bbox 2294 4287 2616 4342; x_wconf 84' lang='lat' dir='ltr'>Curavimus</span> <span class='ocrx_word' id='word_1_666' title='bbox 2644 4287 2998 4358; x_wconf 77' lang='lat' dir='ltr'>Babylonem,</span> <span class='ocrx_word' id='word_1_667' title='bbox 3021 4295 3199 4342; x_wconf 79' lang='lat' dir='ltr'>etnon</span> <span class='ocrx_word' id='word_1_668' title='bbox 3217 4295 3292 4343; x_wconf 81' lang='lat' dir='ltr'>est</span> <span class='ocrx_word' id='word_1_669' title='bbox 3310 4295 3504 4344; x_wconf 83' lang='lat' dir='ltr'>sanata</span> <span class='ocrx_word' id='word_1_670' title='bbox 3525 4292 3662 4357; x_wconf 82' lang='lat' dir='ltr'>(Jer.</span> 
     </span>
    </p>
   </div>
   <div class='ocr_carea' id='block_1_92' title="bbox 2022 4373 3665 4448">
    <p class='ocr_par' dir='ltr' id='par_1_92' title="bbox 2022 4373 3665 4448">
     <span class='ocr_line' id='line_1_92' title="bbox 2022 4373 3665 4448; baseline 0.001 -18"><span class='ocrx_word' id='word_1_671' title='bbox 2022 4393 2095 4443; x_wconf 90' lang='lat' dir='ltr'>LI,</span> <span class='ocrx_word' id='word_1_672' title='bbox 2125 4377 2202 4447; x_wconf 87' lang='grc'>9).</span> <span class='ocrx_word' id='word_1_673' title='bbox 2227 4375 2478 4448; x_wconf 84' lang='lat' dir='ltr'>Babylon</span> <span class='ocrx_word' id='word_1_674' title='bbox 2513 4373 2729 4446; x_wconf 91' lang='lat' dir='ltr'>quippe</span> <span class='ocrx_word' id='word_1_675' title='bbox 2753 4379 3012 4440; x_wconf 89' lang='lat' dir='ltr'>curatur,</span> <span class='ocrx_word' id='word_1_676' title='bbox 3039 4391 3144 4431; x_wconf 90' lang='lat' dir='ltr'>nec</span> <span class='ocrx_word' id='word_1_677' title='bbox 3174 4379 3371 4432; x_wconf 89' lang='lat' dir='ltr'>tamen</span> <span class='ocrx_word' id='word_1_678' title='bbox 3402 4377 3476 4433; x_wconf 92' lang='lat' dir='ltr'>ad</span> <span class='ocrx_word' id='word_1_679' title='bbox 3509 4375 3665 4433; x_wconf 88' lang='lat' dir='ltr'>sani-</span> 
     </span>
    </p>
   </div>
   <div class='ocr_carea' id='block_1_93' title="bbox 2021 4463 3665 4538">
    <p class='ocr_par' dir='ltr' id='par_1_93' title="bbox 2021 4463 3665 4538">
     <span class='ocr_line' id='line_1_93' title="bbox 2021 4463 3665 4538; baseline 0.002 -19"><span class='ocrx_word' id='word_1_680' title='bbox 2021 4469 2198 4520; x_wconf 84' lang='lat' dir='ltr'>tatem</span> <span class='ocrx_word' id='word_1_681' title='bbox 2222 4464 2539 4532; x_wconf 88' lang='lat' dir='ltr'>reducitur,</span> <span class='ocrx_word' id='word_1_682' title='bbox 2563 4463 2798 4536; x_wconf 91' lang='lat' dir='ltr'>quando</span> <span class='ocrx_word' id='word_1_683' title='bbox 2816 4480 2984 4519; x_wconf 90' lang='lat' dir='ltr'>mens</span> <span class='ocrx_word' id='word_1_684' title='bbox 3005 4464 3064 4519; x_wconf 92' lang='lat' dir='ltr'>in</span> <span class='ocrx_word' id='word_1_685' title='bbox 3089 4481 3266 4538; x_wconf 89' lang='lat' dir='ltr'>prava</span> <span class='ocrx_word' id='word_1_686' title='bbox 3285 4465 3514 4522; x_wconf 90' lang='lat' dir='ltr'>actione</span> <span class='ocrx_word' id='word_1_687' title='bbox 3529 4483 3665 4522; x_wconf 91' lang='lat' dir='ltr'>con-</span> 
     </span>
    </p>
   </div>
   <div class='ocr_carea' id='block_1_94' title="bbox 2020 4551 3668 4627">
    <p class='ocr_par' dir='ltr' id='par_1_94' title="bbox 2020 4551 3668 4627">
     <span class='ocr_line' id='line_1_94' title="bbox 2020 4551 3668 4627; baseline 0.001 -18"><span class='ocrx_word' id='word_1_688' title='bbox 2020 4554 2172 4622; x_wconf 87' lang='lat' dir='ltr'>fusa,</span> <span class='ocrx_word' id='word_1_689' title='bbox 2195 4553 2370 4608; x_wconf 88' lang='lat' dir='ltr'>verba</span> <span class='ocrx_word' id='word_1_690' title='bbox 2399 4552 2777 4625; x_wconf 89' lang='lat' dir='ltr'>correptionis</span> <span class='ocrx_word' id='word_1_691' title='bbox 2813 4551 2996 4620; x_wconf 88' lang='lat' dir='ltr'>audit,</span> <span class='ocrx_word' id='word_1_692' title='bbox 3021 4552 3253 4626; x_wconf 82' lang='lat' dir='ltr'>ﬂagella</span> <span class='ocrx_word' id='word_1_693' title='bbox 3284 4555 3668 4627; x_wconf 90' lang='lat' dir='ltr'>correptionis</span> 
     </span>
    </p>
   </div>
   <div class='ocr_carea' id='block_1_95' title="bbox 257 4640 3666 4733">
    <p class='ocr_par' dir='ltr' id='par_1_95' title="bbox 257 4640 3666 4733">
     <span class='ocr_line' id='line_1_95' title="bbox 257 4640 3666 4733; baseline -0.002 -28"><span class='ocrx_word' id='word_1_694' title='bbox 257 4647 414 4705; x_wconf 88' lang='lat' dir='ltr'>sicut</span> <span class='ocrx_word' id='word_1_695' title='bbox 442 4647 672 4721; x_wconf 90' lang='lat' dir='ltr'>psalmo</span> <span class='ocrx_word' id='word_1_696' title='bbox 700 4647 1168 4724; x_wconf 85' lang='lat' dir='ltr'>superscriptum</span> <span class='ocrx_word' id='word_1_697' title='bbox 1197 4651 1308 4714; x_wconf 90' lang='lat' dir='ltr'>est,</span> <span class='ocrx_word' id='word_1_698' title='bbox 1333 4647 1406 4702; x_wconf 86' lang='lat' dir='ltr'>Ne</span> <span class='ocrx_word' id='word_1_699' title='bbox 1433 4663 1748 4718; x_wconf 79' lang='lat' dir='ltr'>coroumpas</span> <span class='ocrx_word' id='word_1_700' title='bbox 1765 4649 1914 4704; x_wconf 80' lang='lat' dir='ltr'>tituli</span> <span class='ocrx_word' id='word_1_701' title='bbox 1942 4668 1989 4733; x_wconf 73' lang='grc' dir='ltr'><strong>ι)</strong></span> <span class='ocrx_word' id='word_1_702' title='bbox 2021 4641 2283 4714; x_wconf 85' lang='lat' dir='ltr'>percipit,</span> <span class='ocrx_word' id='word_1_703' title='bbox 2298 4645 2588 4733; x_wconf 66' lang='lat' dir='ltr'>attamen</span> <span class='ocrx_word' id='word_1_704' title='bbox 2611 4642 2732 4733; x_wconf 23' lang='grc' dir='ltr'>Ααά-</span> <span class='ocrx_word' id='word_1_705' title='bbox 2763 4645 2918 4733; x_wconf 83' lang='lat' dir='ltr'>recta</span> <span class='ocrx_word' id='word_1_706' title='bbox 2970 4640 3182 4733; x_wconf 86' lang='lat' dir='ltr'>salutis</span> <span class='ocrx_word' id='word_1_707' title='bbox 3231 4641 3666 4733; x_wconf 9' lang='lat' dir='ltr'>itineragredire</span> 
     </span>
    </p>
   </div>
   <div class='ocr_carea' id='block_1_96' title="bbox 257 4735 1912 4810">
    <p class='ocr_par' dir='ltr' id='par_1_96' title="bbox 257 4735 1912 4810">
     <span class='ocr_line' id='line_1_96' title="bbox 257 4735 1912 4810; baseline -0.001 -17"><span class='ocrx_word' id='word_1_708' title='bbox 257 4739 675 4810; x_wconf 78' lang='lat' dir='ltr'>inscriptionem</span> <span class='ocrx_word' id='word_1_709' title='bbox 701 4738 874 4806; x_wconf 82' lang='lat' dir='ltr'>(Psal.</span> <span class='ocrx_word' id='word_1_710' title='bbox 911 4741 1118 4805; x_wconf 83' lang='lat' dir='ltr'><strong>Lxxw).</strong></span> <span class='ocrx_word' id='word_1_711' title='bbox 1141 4737 1211 4791; x_wconf 89' lang='lat' dir='ltr'>Et</span> <span class='ocrx_word' id='word_1_712' title='bbox 1231 4753 1406 4808; x_wconf 91' lang='lat' dir='ltr'>quam</span> <span class='ocrx_word' id='word_1_713' title='bbox 1437 4735 1776 4790; x_wconf 63' lang='lat' dir='ltr'>certissimae</span> <span class='ocrx_word' id='word_1_714' title='bbox 1798 4740 1912 4792; x_wconf 89' lang='lat' dir='ltr'>sta-</span> 
     </span>
    </p>
   </div>
   <div class='ocr_carea' id='block_1_97' title="bbox 256 4824 1907 4896">
    <p class='ocr_par' dir='ltr' id='par_1_97' title="bbox 256 4824 1907 4896">
     <span class='ocr_line' id='line_1_97' title="bbox 256 4824 1907 4896; baseline -0.001 -13"><span class='ocrx_word' id='word_1_715' title='bbox 256 4825 505 4883; x_wconf 88' lang='lat' dir='ltr'>bilitatis</span> <span class='ocrx_word' id='word_1_716' title='bbox 534 4843 600 4882; x_wconf 88' lang='lat' dir='ltr'>ac</span> <span class='ocrx_word' id='word_1_717' title='bbox 640 4825 940 4881; x_wconf 90' lang='lat' dir='ltr'>ﬁrmitatis</span> <span class='ocrx_word' id='word_1_718' title='bbox 969 4824 1126 4880; x_wconf 91' lang='lat' dir='ltr'>credi</span> <span class='ocrx_word' id='word_1_719' title='bbox 1173 4825 1380 4880; x_wconf 91' lang='lat' dir='ltr'>debeat</span> <span class='ocrx_word' id='word_1_720' title='bbox 1428 4825 1907 4896; x_wconf 85' lang='lat' dir='ltr'>chirographum.</span> 
     </span>
    </p>
   </div>
   <div class='ocr_carea' id='block_1_98' title="bbox 250 4913 1908 4987">
    <p class='ocr_par' dir='ltr' id='par_1_98' title="bbox 250 4913 1908 4987">
     <span class='ocr_line' id='line_1_98' title="bbox 250 4913 1908 4987; baseline 0 -17"><span class='ocrx_word' id='word_1_721' title='bbox 250 4913 312 4971; x_wconf 92' lang='lat' dir='ltr'>id</span> <span class='ocrx_word' id='word_1_722' title='bbox 342 4919 436 4972; x_wconf 88' lang='lat' dir='ltr'>est</span> <span class='ocrx_word' id='word_1_723' title='bbox 463 4932 644 4971; x_wconf 89' lang='lat' dir='ltr'>manu</span> <span class='ocrx_word' id='word_1_724' title='bbox 675 4914 982 4987; x_wconf 89' lang='lat' dir='ltr'>scriptum,</span> <span class='ocrx_word' id='word_1_725' title='bbox 1015 4913 1076 4969; x_wconf 93' lang='lat' dir='ltr'>in</span> <span class='ocrx_word' id='word_1_726' title='bbox 1106 4914 1254 4970; x_wconf 92' lang='lat' dir='ltr'>libro</span> <span class='ocrx_word' id='word_1_727' title='bbox 1283 4914 1477 4970; x_wconf 67' lang='lat' dir='ltr'>Tobiae</span> <span class='ocrx_word' id='word_1_728' title='bbox 1508 4913 1739 4987; x_wconf 90' lang='lat' dir='ltr'>legitur,</span> <span class='ocrx_word' id='word_1_729' title='bbox 1764 4919 1819 4970; x_wconf 89' lang='lat' dir='ltr'>et</span> <span class='ocrx_word' id='word_1_730' title='bbox 1848 4915 1908 4970; x_wconf 91' lang='lat' dir='ltr'>in</span> 
     </span>
    </p>
   </div>
   <div class='ocr_carea' id='block_1_99' title="bbox 253 5001 1906 5077">
    <p class='ocr_par' dir='ltr' id='par_1_99' title="bbox 253 5001 1906 5077">
     <span class='ocr_line' id='line_1_99' title="bbox 253 5001 1906 5077; baseline -0.001 -17"><span class='ocrx_word' id='word_1_731' title='bbox 253 5002 570 5077; x_wconf 80' lang='lat' dir='ltr'>Evangelio</span> <span class='ocrx_word' id='word_1_732' title='bbox 597 5004 671 5060; x_wconf 90' lang='lat' dir='ltr'>de</span> <span class='ocrx_word' id='word_1_733' title='bbox 689 5003 1038 5074; x_wconf 90' lang='lat' dir='ltr'>conscriptis</span> <span class='ocrx_word' id='word_1_734' title='bbox 1055 5001 1427 5059; x_wconf 87' lang='lat' dir='ltr'>cautionibus</span> <span class='ocrx_word' id='word_1_735' title='bbox 1447 5003 1906 5059; x_wconf 88' lang='lat' dir='ltr'>demonstratur.</span> 
     </span>
    </p>
   </div>
   <div class='ocr_carea' id='block_1_100' title="bbox 255 5093 1908 5166">
    <p class='ocr_par' dir='ltr' id='par_1_100' title="bbox 255 5093 1908 5166">
     <span class='ocr_line' id='line_1_100' title="bbox 255 5093 1908 5166; baseline -0.001 -16"><span class='ocrx_word' id='word_1_736' title='bbox 255 5093 366 5150; x_wconf 87' lang='lat' dir='ltr'>Sed</span> <span class='ocrx_word' id='word_1_737' title='bbox 397 5093 642 5166; x_wconf 87' lang='lat' dir='ltr'>quidam</span> <span class='ocrx_word' id='word_1_738' title='bbox 673 5093 986 5166; x_wconf 86' lang='lat' dir='ltr'>principes,</span> <span class='ocrx_word' id='word_1_739' title='bbox 1017 5093 1173 5165; x_wconf 90' lang='lat' dir='ltr'>quod</span> <span class='ocrx_word' id='word_1_740' title='bbox 1205 5093 1360 5148; x_wconf 91' lang='lat' dir='ltr'>Deus</span> <span class='ocrx_word' id='word_1_741' title='bbox 1401 5110 1436 5148; x_wconf 86' lang='lat' dir='ltr'>a</span> <span class='ocrx_word' id='word_1_742' title='bbox 1463 5093 1681 5149; x_wconf 88' lang='lat' dir='ltr'>nostris</span> <span class='ocrx_word' id='word_1_743' title='bbox 1711 5093 1908 5148; x_wconf 66' lang='lat' dir='ltr'>Chriso</span> 
     </span>
    </p>
   </div>
   <div class='ocr_carea' id='block_1_101' title="bbox 255 5180 1904 5254">
    <p class='ocr_par' dir='ltr' id='par_1_101' title="bbox 255 5180 1904 5254">
     <span class='ocr_line' id='line_1_101' title="bbox 255 5180 1904 5254; baseline 0 -17"><span class='ocrx_word' id='word_1_744' title='bbox 255 5181 440 5238; x_wconf 85' lang='lat' dir='ltr'>tianis</span> <span class='ocrx_word' id='word_1_745' title='bbox 459 5180 826 5254; x_wconf 89' lang='lat' dir='ltr'>principibus</span> <span class='ocrx_word' id='word_1_746' title='bbox 851 5180 1020 5253; x_wconf 89' lang='lat' dir='ltr'>longe</span> <span class='ocrx_word' id='word_1_747' title='bbox 1040 5180 1235 5250; x_wconf 87' lang='lat' dir='ltr'>faciat,</span> <span class='ocrx_word' id='word_1_748' title='bbox 1255 5181 1401 5236; x_wconf 85' lang='lat' dir='ltr'>forte</span> <span class='ocrx_word' id='word_1_749' title='bbox 1435 5198 1548 5236; x_wconf 89' lang='lat' dir='ltr'>non</span> <span class='ocrx_word' id='word_1_750' title='bbox 1582 5180 1904 5252; x_wconf 89' lang='lat' dir='ltr'>provident,</span> 
     </span>
    </p>
   </div>
   <div class='ocr_carea' id='block_1_102' title="bbox 256 5268 1904 5344">
    <p class='ocr_par' dir='ltr' id='par_1_102' title="bbox 256 5268 1904 5344">
     <span class='ocr_line' id='line_1_102' title="bbox 256 5268 1904 5344; baseline -0.001 -18"><span class='ocrx_word' id='word_1_751' title='bbox 256 5271 397 5344; x_wconf 89' lang='lat' dir='ltr'>quia</span> <span class='ocrx_word' id='word_1_752' title='bbox 417 5273 554 5343; x_wconf 91' lang='lat' dir='ltr'>post</span> <span class='ocrx_word' id='word_1_753' title='bbox 573 5269 1221 5326; x_wconf 88' lang='lat' dir='ltr'>illosinﬁrmaﬁrmatio</span> <span class='ocrx_word' id='word_1_754' title='bbox 1241 5268 1474 5324; x_wconf 87' lang='lat' dir='ltr'>illorum</span> <span class='ocrx_word' id='word_1_755' title='bbox 1500 5274 1779 5337; x_wconf 89' lang='lat' dir='ltr'>manet,et</span> <span class='ocrx_word' id='word_1_756' title='bbox 1793 5269 1904 5342; x_wconf 87' lang='lat' dir='ltr'>ipsi</span> 
     </span>
    </p>
   </div>
   <div class='ocr_carea' id='block_1_103' title="bbox 253 5358 1908 5430">
    <p class='ocr_par' dir='ltr' id='par_1_103' title="bbox 253 5358 1908 5430">
     <span class='ocr_line' id='line_1_103' title="bbox 253 5358 1908 5430; baseline 0 -14"><span class='ocrx_word' id='word_1_757' title='bbox 253 5359 568 5427; x_wconf 87' lang='lat' dir='ltr'>decedunt,</span> <span class='ocrx_word' id='word_1_758' title='bbox 581 5362 640 5414; x_wconf 87' lang='lat' dir='ltr'>et</span> <span class='ocrx_word' id='word_1_759' title='bbox 660 5358 816 5414; x_wconf 89' lang='lat' dir='ltr'>sicut</span> <span class='ocrx_word' id='word_1_760' title='bbox 835 5362 1077 5414; x_wconf 89' lang='lat' dir='ltr'>sanctus</span> <span class='ocrx_word' id='word_1_761' title='bbox 1091 5359 1456 5430; x_wconf 87' lang='lat' dir='ltr'>Augustinus</span> <span class='ocrx_word' id='word_1_762' title='bbox 1478 5359 1620 5414; x_wconf 90' lang='lat' dir='ltr'>dicit</span> <span class='ocrx_word' id='word_1_763' title='bbox 1643 5361 1908 5416; x_wconf 88' lang='lat' dir='ltr'>:Transit</span> 
     </span>
    </p>
   </div>
   <div class='ocr_carea' id='block_1_104' title="bbox 251 5447 1906 5516">
    <p class='ocr_par' dir='ltr' id='par_1_104' title="bbox 251 5447 1906 5516">
     <span class='ocr_line' id='line_1_104' title="bbox 251 5447 1906 5516; baseline -0.002 -11"><span class='ocrx_word' id='word_1_764' title='bbox 251 5452 441 5516; x_wconf 83' lang='lat' dir='ltr'>actus,</span> <span class='ocrx_word' id='word_1_765' title='bbox 457 5451 518 5504; x_wconf 90' lang='lat' dir='ltr'>et</span> <span class='ocrx_word' id='word_1_766' title='bbox 549 5450 747 5502; x_wconf 89' lang='lat' dir='ltr'>manet</span> <span class='ocrx_word' id='word_1_767' title='bbox 767 5447 1157 5512; x_wconf 86' lang='lat' dir='ltr'>reatus.Quod</span> <span class='ocrx_word' id='word_1_768' title='bbox 1183 5464 1356 5501; x_wconf 88' lang='lat' dir='ltr'>suum</span> <span class='ocrx_word' id='word_1_769' title='bbox 1380 5451 1504 5500; x_wconf 84' lang='lat' dir='ltr'>erat</span> <span class='ocrx_word' id='word_1_770' title='bbox 1522 5447 1664 5500; x_wconf 87' lang='lat' dir='ltr'>locis</span> <span class='ocrx_word' id='word_1_771' title='bbox 1686 5449 1906 5503; x_wconf 81' lang='lat' dir='ltr'>sanctis</span> 
     </span>
    </p>
   </div>
   <div class='ocr_carea' id='block_1_105' title="bbox 251 5534 1902 5610">
    <p class='ocr_par' dir='ltr' id='par_1_105' title="bbox 251 5534 1902 5610">
     <span class='ocr_line' id='line_1_105' title="bbox 251 5534 1902 5610; baseline -0.001 -18"><span class='ocrx_word' id='word_1_772' title='bbox 251 5537 474 5594; x_wconf 89' lang='lat' dir='ltr'>donant</span> <span class='ocrx_word' id='word_1_773' title='bbox 524 5553 644 5610; x_wconf 52' lang='lat' dir='ltr'>per,</span> <span class='ocrx_word' id='word_1_774' title='bbox 671 5537 1196 5603; x_wconf 86' lang='lat' dir='ltr'>conﬁrmationem,</span> <span class='ocrx_word' id='word_1_775' title='bbox 1223 5540 1280 5592; x_wconf 90' lang='lat' dir='ltr'>et</span> <span class='ocrx_word' id='word_1_776' title='bbox 1327 5534 1436 5592; x_wconf 91' lang='lat' dir='ltr'>sibi</span> <span class='ocrx_word' id='word_1_777' title='bbox 1482 5541 1770 5607; x_wconf 89' lang='lat' dir='ltr'>usurpant</span> <span class='ocrx_word' id='word_1_778' title='bbox 1802 5553 1902 5608; x_wconf 90' lang='lat' dir='ltr'>per</span> 
     </span>
    </p>
   </div>
   <div class='ocr_carea' id='block_1_106' title="bbox 253 5623 1897 5698">
    <p class='ocr_par' dir='ltr' id='par_1_106' title="bbox 253 5623 1897 5698">
     <span class='ocr_line' id='line_1_106' title="bbox 253 5623 1897 5698; baseline -0.002 -16"><span class='ocrx_word' id='word_1_779' title='bbox 253 5625 719 5698; x_wconf 83' lang='lat' dir='ltr'>occupationem,</span> <span class='ocrx_word' id='word_1_780' title='bbox 739 5626 893 5680; x_wconf 71' lang='lat'>039</span> <span class='ocrx_word' id='word_1_781' title='bbox 905 5625 1058 5697; x_wconf 90' lang='lat' dir='ltr'>quod</span> <span class='ocrx_word' id='word_1_782' title='bbox 1085 5629 1147 5679; x_wconf 91' lang='lat' dir='ltr'>ut</span> <span class='ocrx_word' id='word_1_783' title='bbox 1169 5623 1361 5680; x_wconf 73' lang='lat' dir='ltr'>saeculi</span> <span class='ocrx_word' id='word_1_784' title='bbox 1387 5623 1762 5696; x_wconf 74' lang='lat' dir='ltr'>pauperiores</span> <span class='ocrx_word' id='word_1_785' title='bbox 1783 5641 1897 5678; x_wconf 92' lang='lat' dir='ltr'>non</span> 
     </span>
    </p>
   </div>
   <div class='ocr_carea' id='block_1_107' title="bbox 2019 4729 3660 4803">
    <p class='ocr_par' dir='ltr' id='par_1_107' title="bbox 2019 4729 3660 4803">
     <span class='ocr_line' id='line_1_107' title="bbox 2019 4729 3660 4803; baseline 0 -18"><span class='ocrx_word' id='word_1_786' title='bbox 2019 4729 2358 4786; x_wconf 88' lang='lat' dir='ltr'>contemnit.</span> <span class='ocrx_word' id='word_1_787' title='bbox 2379 4731 2447 4784; x_wconf 86' lang='lat' dir='ltr'>Et</span> <span class='ocrx_word' id='word_1_788' title='bbox 2477 4747 2580 4802; x_wconf 91' lang='lat' dir='ltr'>per</span> <span class='ocrx_word' id='word_1_789' title='bbox 2601 4729 2954 4802; x_wconf 85' lang='lat' dir='ltr'>Sapientiam</span> <span class='ocrx_word' id='word_1_790' title='bbox 2983 4748 2996 4785; x_wconf 87' lang='lat'><strong>:</strong></span> <span class='ocrx_word' id='word_1_791' title='bbox 3021 4731 3171 4787; x_wconf 77' lang='lat' dir='ltr'>Sicut</span> <span class='ocrx_word' id='word_1_792' title='bbox 3202 4739 3430 4802; x_wconf 73' lang='lat' dir='ltr'>acetum,</span> <span class='ocrx_word' id='word_1_793' title='bbox 3451 4731 3660 4803; x_wconf 89' lang='lat' dir='ltr'>inquit,</span> 
     </span>
    </p>
   </div>
   <div class='ocr_carea' id='block_1_108' title="bbox 2019 4821 3661 4894">
    <p class='ocr_par' dir='ltr' id='par_1_108' title="bbox 2019 4821 3661 4894">
     <span class='ocr_line' id='line_1_108' title="bbox 2019 4821 3661 4894; baseline -0.002 -17"><span class='ocrx_word' id='word_1_794' title='bbox 2019 4825 2079 4878; x_wconf 86' lang='lat' dir='ltr'>in</span> <span class='ocrx_word' id='word_1_795' title='bbox 2107 4824 2273 4887; x_wconf 80' lang='lat' dir='ltr'>nitro,</span> <span class='ocrx_word' id='word_1_796' title='bbox 2291 4823 2367 4876; x_wconf 78' lang='lat' dir='ltr'>ita</span> <span class='ocrx_word' id='word_1_797' title='bbox 2396 4823 2450 4876; x_wconf 85' lang='lat' dir='ltr'>ei</span> <span class='ocrx_word' id='word_1_798' title='bbox 2471 4824 2568 4894; x_wconf 84' lang='lat' dir='ltr'>qui</span> <span class='ocrx_word' id='word_1_799' title='bbox 2594 4829 2775 4876; x_wconf 78' lang='lat' dir='ltr'>cantat</span> <span class='ocrx_word' id='word_1_800' title='bbox 2793 4824 3044 4876; x_wconf 84' lang='lat' dir='ltr'>carmina</span> <span class='ocrx_word' id='word_1_801' title='bbox 3063 4821 3216 4876; x_wconf 83' lang='lat' dir='ltr'>cordi</span> <span class='ocrx_word' id='word_1_802' title='bbox 3227 4823 3459 4891; x_wconf 81' lang='lat' dir='ltr'>pessimo</span> <span class='ocrx_word' id='word_1_803' title='bbox 3481 4823 3661 4890; x_wconf 89' lang='lat' dir='ltr'>(Prov.</span> 
     </span>
    </p>
   </div>
   <div class='ocr_carea' id='block_1_109' title="bbox 2017 4905 3664 4982">
    <p class='ocr_par' dir='ltr' id='par_1_109' title="bbox 2017 4905 3664 4982">
     <span class='ocr_line' id='line_1_109' title="bbox 2017 4905 3664 4982; baseline -0.002 -16"><span class='ocrx_word' id='word_1_804' title='bbox 2017 4929 2146 4977; x_wconf 78' lang='lat' dir='ltr'>xw,</span> <span class='ocrx_word' id='word_1_805' title='bbox 2177 4911 2288 4982; x_wconf 87' lang='lat'>39).</span> <span class='ocrx_word' id='word_1_806' title='bbox 2313 4910 2460 4965; x_wconf 86' lang='lat' dir='ltr'>Cum</span> <span class='ocrx_word' id='word_1_807' title='bbox 2491 4914 2719 4964; x_wconf 88' lang='lat' dir='ltr'>acetum</span> <span class='ocrx_word' id='word_1_808' title='bbox 2753 4909 2810 4963; x_wconf 90' lang='lat' dir='ltr'>in</span> <span class='ocrx_word' id='word_1_809' title='bbox 2855 4909 3006 4964; x_wconf 90' lang='lat' dir='ltr'>nitro</span> <span class='ocrx_word' id='word_1_810' title='bbox 3041 4908 3311 4974; x_wconf 90' lang='lat' dir='ltr'>mittitur,</span> <span class='ocrx_word' id='word_1_811' title='bbox 3344 4905 3664 4962; x_wconf 75' lang='lat' dir='ltr'>elfervescit</span> 
     </span>
    </p>
   </div>
   <div class='ocr_carea' id='block_1_110' title="bbox 2017 4995 3664 5072">
    <p class='ocr_par' dir='ltr' id='par_1_110' title="bbox 2017 4995 3664 5072">
     <span class='ocr_line' id='line_1_110' title="bbox 2017 4995 3664 5072; baseline -0.003 -18"><span class='ocrx_word' id='word_1_812' title='bbox 2017 4998 2284 5072; x_wconf 88' lang='lat' dir='ltr'>protinus</span> <span class='ocrx_word' id='word_1_813' title='bbox 2314 5004 2372 5053; x_wconf 92' lang='lat' dir='ltr'>et</span> <span class='ocrx_word' id='word_1_814' title='bbox 2399 4997 2605 5053; x_wconf 88' lang='lat' dir='ltr'>ebullit</span> <span class='ocrx_word' id='word_1_815' title='bbox 2638 5014 2650 5053; x_wconf 92' lang='lat'>:</span> <span class='ocrx_word' id='word_1_816' title='bbox 2683 4997 2768 5052; x_wconf 88' lang='lat' dir='ltr'>sic</span> <span class='ocrx_word' id='word_1_817' title='bbox 2790 4996 3132 5069; x_wconf 90' lang='lat' dir='ltr'>plerumque</span> <span class='ocrx_word' id='word_1_818' title='bbox 3161 4999 3219 5051; x_wconf 91' lang='lat' dir='ltr'>et</span> <span class='ocrx_word' id='word_1_819' title='bbox 3248 4995 3423 5051; x_wconf 77' lang='lat' dir='ltr'>corda</span> <span class='ocrx_word' id='word_1_820' title='bbox 3462 4998 3664 5067; x_wconf 85' lang='lat' dir='ltr'>poten-</span> 
     </span>
    </p>
   </div>
   <div class='ocr_carea' id='block_1_111' title="bbox 2017 5083 3659 5161">
    <p class='ocr_par' dir='ltr' id='par_1_111' title="bbox 2017 5083 3659 5161">
     <span class='ocr_line' id='line_1_111' title="bbox 2017 5083 3659 5161; baseline -0.004 -17"><span class='ocrx_word' id='word_1_821' title='bbox 2017 5087 2186 5154; x_wconf 89' lang='lat' dir='ltr'>tium,</span> <span class='ocrx_word' id='word_1_822' title='bbox 2209 5088 2308 5161; x_wconf 90' lang='lat' dir='ltr'>qui</span> <span class='ocrx_word' id='word_1_823' title='bbox 2342 5089 2413 5142; x_wconf 91' lang='lat' dir='ltr'>de</span> <span class='ocrx_word' id='word_1_824' title='bbox 2437 5087 2694 5160; x_wconf 90' lang='lat' dir='ltr'>potentia</span> <span class='ocrx_word' id='word_1_825' title='bbox 2715 5089 3038 5153; x_wconf 86' lang='lat' dir='ltr'>tument,et</span> <span class='ocrx_word' id='word_1_826' title='bbox 3061 5101 3174 5140; x_wconf 91' lang='lat' dir='ltr'>non</span> <span class='ocrx_word' id='word_1_827' title='bbox 3203 5101 3264 5140; x_wconf 88' lang='lat' dir='ltr'>se</span> <span class='ocrx_word' id='word_1_828' title='bbox 3285 5084 3354 5138; x_wconf 92' lang='lat' dir='ltr'>de</span> <span class='ocrx_word' id='word_1_829' title='bbox 3388 5083 3659 5140; x_wconf 87' lang='lat' dir='ltr'>humani-</span> 
     </span>
    </p>
   </div>
   <div class='ocr_carea' id='block_1_112' title="bbox 2016 5171 3661 5242">
    <p class='ocr_par' dir='ltr' id='par_1_112' title="bbox 2016 5171 3661 5242">
     <span class='ocr_line' id='line_1_112' title="bbox 2016 5171 3661 5242; baseline -0.004 -8"><span class='ocrx_word' id='word_1_830' title='bbox 2016 5181 2134 5234; x_wconf 87' lang='lat' dir='ltr'>tate</span> <span class='ocrx_word' id='word_1_831' title='bbox 2157 5176 2493 5242; x_wconf 89' lang='lat' dir='ltr'>humiliant,</span> <span class='ocrx_word' id='word_1_832' title='bbox 2509 5173 2682 5231; x_wconf 92' lang='lat' dir='ltr'>veluti</span> <span class='ocrx_word' id='word_1_833' title='bbox 2703 5173 2994 5229; x_wconf 86' lang='lat' dir='ltr'>Abraham</span> <span class='ocrx_word' id='word_1_834' title='bbox 3016 5171 3256 5228; x_wconf 87' lang='lat' dir='ltr'>Domino</span> <span class='ocrx_word' id='word_1_835' title='bbox 3285 5171 3452 5238; x_wconf 82' lang='lat' dir='ltr'>dixit,</span> <span class='ocrx_word' id='word_1_836' title='bbox 3471 5172 3661 5227; x_wconf 40' lang='lat' dir='ltr'>humi‘</span> 
     </span>
    </p>
   </div>
   <div class='ocr_carea' id='block_1_113' title="bbox 2017 5261 3660 5334">
    <p class='ocr_par' dir='ltr' id='par_1_113' title="bbox 2017 5261 3660 5334">
     <span class='ocr_line' id='line_1_113' title="bbox 2017 5261 3660 5334; baseline -0.002 -12"><span class='ocrx_word' id='word_1_837' title='bbox 2017 5265 2170 5322; x_wconf 89' lang='lat' dir='ltr'>lians</span> <span class='ocrx_word' id='word_1_838' title='bbox 2191 5284 2254 5322; x_wconf 89' lang='lat' dir='ltr'>se</span> <span class='ocrx_word' id='word_1_839' title='bbox 2275 5267 2345 5322; x_wconf 91' lang='lat' dir='ltr'>de</span> <span class='ocrx_word' id='word_1_840' title='bbox 2365 5264 2712 5321; x_wconf 83' lang='lat' dir='ltr'>exaltatione</span> <span class='ocrx_word' id='word_1_841' title='bbox 2733 5262 3135 5318; x_wconf 88' lang='lat' dir='ltr'>collocutionis</span> <span class='ocrx_word' id='word_1_842' title='bbox 3156 5262 3285 5332; x_wconf 85' lang='lat' dir='ltr'>ejus</span> <span class='ocrx_word' id='word_1_843' title='bbox 3309 5278 3320 5314; x_wconf 94' lang='lat'>:</span> <span class='ocrx_word' id='word_1_844' title='bbox 3349 5262 3561 5334; x_wconf 82' lang='lat' dir='ltr'>Loquar</span> <span class='ocrx_word' id='word_1_845' title='bbox 3589 5261 3660 5318; x_wconf 84' lang='lat' dir='ltr'>ad</span> 
     </span>
    </p>
   </div>
   <div class='ocr_carea' id='block_1_114' title="bbox 2017 5350 3656 5422">
    <p class='ocr_par' dir='ltr' id='par_1_114' title="bbox 2017 5350 3656 5422">
     <span class='ocr_line' id='line_1_114' title="bbox 2017 5350 3656 5422; baseline -0.004 -9"><span class='ocrx_word' id='word_1_846' title='bbox 2017 5359 2312 5414; x_wconf 81' lang='lat' dir='ltr'>Dominum</span> <span class='ocrx_word' id='word_1_847' title='bbox 2339 5371 2518 5409; x_wconf 82' lang='lat' dir='ltr'>meum</span> <span class='ocrx_word' id='word_1_848' title='bbox 2545 5370 2667 5407; x_wconf 86' lang='lat' dir='ltr'>cum</span> <span class='ocrx_word' id='word_1_849' title='bbox 2695 5354 2802 5407; x_wconf 83' lang='lat' dir='ltr'>sim</span> <span class='ocrx_word' id='word_1_850' title='bbox 2829 5353 2970 5406; x_wconf 84' lang='lat' dir='ltr'>cinis</span> <span class='ocrx_word' id='word_1_851' title='bbox 3012 5359 3062 5407; x_wconf 81' lang='lat' dir='ltr'>et</span> <span class='ocrx_word' id='word_1_852' title='bbox 3099 5351 3281 5422; x_wconf 81' lang='lat' dir='ltr'>pulvis</span> <span class='ocrx_word' id='word_1_853' title='bbox 3311 5350 3462 5420; x_wconf 80' lang='lat' dir='ltr'>(Gen.</span> <span class='ocrx_word' id='word_1_854' title='bbox 3497 5368 3656 5418; x_wconf 84' lang='lat' dir='ltr'>xvm,</span> 
     </span>
    </p>
   </div>
   <div class='ocr_carea' id='block_1_115' title="bbox 2011 5438 3655 5516">
    <p class='ocr_par' dir='ltr' id='par_1_115' title="bbox 2011 5438 3655 5516">
     <span class='ocr_line' id='line_1_115' title="bbox 2011 5438 3655 5516; baseline -0.003 -16"><span class='ocrx_word' id='word_1_855' title='bbox 2011 5443 2376 5516; x_wconf 85' lang='lat' dir='ltr'>27).Qu:mde</span> <span class='ocrx_word' id='word_1_856' title='bbox 2408 5439 2826 5510; x_wconf 84' lang='lat' dir='ltr'>correptionem</span> <span class='ocrx_word' id='word_1_857' title='bbox 2859 5438 3203 5508; x_wconf 82' lang='lat' dir='ltr'>castigantis</span> <span class='ocrx_word' id='word_1_858' title='bbox 3234 5438 3397 5494; x_wconf 85' lang='lat' dir='ltr'>missi</span> <span class='ocrx_word' id='word_1_859' title='bbox 3424 5439 3655 5495; x_wconf 91' lang='lat' dir='ltr'>Domini</span> 
     </span>
    </p>
   </div>
   <div class='ocr_carea' id='block_1_116' title="bbox 2011 5527 3657 5599">
    <p class='ocr_par' dir='ltr' id='par_1_116' title="bbox 2011 5527 3657 5599">
     <span class='ocr_line' id='line_1_116' title="bbox 2011 5527 3657 5599; baseline -0.002 -9"><span class='ocrx_word' id='word_1_860' title='bbox 2011 5533 2362 5599; x_wconf 84' lang='lat' dir='ltr'>audiunt,ex</span> <span class='ocrx_word' id='word_1_861' title='bbox 2391 5535 2618 5584; x_wconf 87' lang='lat' dir='ltr'>tumore</span> <span class='ocrx_word' id='word_1_862' title='bbox 2656 5527 2848 5582; x_wconf 88' lang='lat' dir='ltr'>cordis</span> <span class='ocrx_word' id='word_1_863' title='bbox 2887 5527 2944 5580; x_wconf 92' lang='lat' dir='ltr'>in</span> <span class='ocrx_word' id='word_1_864' title='bbox 2975 5528 3149 5582; x_wconf 89' lang='lat' dir='ltr'>verba</span> <span class='ocrx_word' id='word_1_865' title='bbox 3177 5528 3657 5586; x_wconf 89' lang='lat' dir='ltr'>contradictionis</span> 
     </span>
    </p>
   </div>
   <div class='ocr_carea' id='block_1_117' title="bbox 2009 5615 3654 5694">
    <p class='ocr_par' dir='ltr' id='par_1_117' title="bbox 2009 5615 3654 5694">
     <span class='ocr_line' id='line_1_117' title="bbox 2009 5615 3654 5694; baseline -0.002 -16"><span class='ocrx_word' id='word_1_866' title='bbox 2009 5625 2324 5694; x_wconf 89' lang='lat' dir='ltr'>erumpunt</span> <span class='ocrx_word' id='word_1_867' title='bbox 2348 5637 2360 5674; x_wconf 92' lang='lat'><strong>:</strong></span> <span class='ocrx_word' id='word_1_868' title='bbox 2388 5619 2531 5673; x_wconf 86' lang='lat' dir='ltr'>Dare</span> <span class='ocrx_word' id='word_1_869' title='bbox 2555 5617 2776 5672; x_wconf 87' lang='lat' dir='ltr'>sanctis</span> <span class='ocrx_word' id='word_1_870' title='bbox 2796 5615 2938 5670; x_wconf 92' lang='lat' dir='ltr'>locis</span> <span class='ocrx_word' id='word_1_871' title='bbox 2959 5615 3044 5670; x_wconf 92' lang='lat' dir='ltr'>vel</span> <span class='ocrx_word' id='word_1_872' title='bbox 3068 5616 3342 5674; x_wconf 86' lang='lat' dir='ltr'>ﬁdelibus</span> <span class='ocrx_word' id='word_1_873' title='bbox 3374 5617 3512 5674; x_wconf 92' lang='lat' dir='ltr'>viris</span> <span class='ocrx_word' id='word_1_874' title='bbox 3539 5636 3654 5675; x_wconf 92' lang='lat' dir='ltr'>non</span> 
     </span>
    </p>
   </div>
   <div class='ocr_carea' id='block_1_118' title="bbox 253 5703 3654 5786">
    <p class='ocr_par' dir='ltr' id='par_1_118' title="bbox 253 5703 3654 5786">
     <span class='ocr_line' id='line_1_118' title="bbox 253 5703 3654 5786; baseline -0.001 -16"><span class='ocrx_word' id='word_1_875' title='bbox 253 5714 522 5771; x_wconf 88' lang='lat' dir='ltr'>obtinent</span> <span class='ocrx_word' id='word_1_876' title='bbox 545 5729 648 5786; x_wconf 91' lang='lat' dir='ltr'>per</span> <span class='ocrx_word' id='word_1_877' title='bbox 677 5713 1047 5785; x_wconf 88' lang='lat' dir='ltr'>deprecatam</span> <span class='ocrx_word' id='word_1_878' title='bbox 1072 5713 1500 5785; x_wconf 69' lang='lat' dir='ltr'>praestationem</span> <span class='ocrx_word' id='word_1_879' title='bbox 1526 5728 1538 5766; x_wconf 91' lang='lat'>:</span> <span class='ocrx_word' id='word_1_880' title='bbox 1567 5711 1684 5767; x_wconf 91' lang='lat' dir='ltr'>imo</span> <span class='ocrx_word' id='word_1_881' title='bbox 1708 5717 1763 5768; x_wconf 89' lang='lat' dir='ltr'>et</span> <span class='ocrx_word' id='word_1_882' title='bbox 1785 5713 1897 5768; x_wconf 88' lang='lat' dir='ltr'>sibi</span> <span class='ocrx_word' id='word_1_883' title='bbox 2003 5712 2312 5769; x_wconf 91' lang='lat' dir='ltr'>vetuerunt</span> <span class='ocrx_word' id='word_1_884' title='bbox 2331 5707 2484 5764; x_wconf 70' lang='lat'>840</span> <span class='ocrx_word' id='word_1_885' title='bbox 2503 5703 2779 5777; x_wconf 89' lang='lat' dir='ltr'>episcopi,</span> <span class='ocrx_word' id='word_1_886' title='bbox 2804 5707 3106 5762; x_wconf 84' lang='lat' dir='ltr'>cantantes</span> <span class='ocrx_word' id='word_1_887' title='bbox 3125 5706 3402 5763; x_wconf 90' lang='lat' dir='ltr'>omnibus</span> <span class='ocrx_word' id='word_1_888' title='bbox 3427 5724 3440 5763; x_wconf 90' lang='lat'>:</span> <span class='ocrx_word' id='word_1_889' title='bbox 3469 5708 3654 5765; x_wconf 78' lang='lat' dir='ltr'>Voveie</span> 
     </span>
    </p>
   </div>
  </div>
