4148 6468
511 422 645 494 7ῦ3⁵
1406 429 1701 494 HINGMA
1713 429 1789 492 R1
1835 423 2124 491 RHEME]

2234 422 2285 490 Β
2329 426 3028 498 A‘ltCHIEPIBGOPUS.
3792 430 3933 498 ⁵78.

508 573 562 623 et
585 564 789 623 reddite
835 565 1063 623 Domino
1110 566 1214 622 Deo
1259 574 1433 623 vostro
1464 567 1632 638 (Psal.
1687 584 1848 634 Lxxv,
1884 568 2012 636 12);
2045 573 2142 624 et:
2174 557 2241 630 Η
2265 559 2431 631 riam,
2463 563 2534 619 de
2565 563 2678 632 his,
2714 564 2814 637 qui
2841 567 3264 623 testamentum
3306 565 3536 639 quodve
3581 563 3745 624 aliud
3789 565 3914 622 inn

511 654 708 712 Omnia
733 658 826 728 fac
851 672 974 711 cum
997 656 1246 720 consitio,
1268 664 1320 711 et
1345 665 1462 726 post
1487 659 1692 728 factum
1720 673 1830 712 non
1866 658 2151 729 pmnitebis
2259 654 2620 708 trnmentum
2656 652 2870 710 falsum
2891 653 3244 726 sciens,dolo
3265 654 3422 712 malo
3443 655 3910 729 sampsa-itiner

506 747 696 814 (Eccli.
731 761 908 816 xxxn,
939 744 1029 816 24)
1056 763 1069 813 ;
1101 748 1158 800 et
1192 761 1204 798 :
1240 746 1355 800 Non
1383 748 1560 817 facias
1590 747 1728 817 quod
1771 748 2021 819 iniquum
2047 755 2145 816 est,
2259 741 2554 812 presserit,
2579 743 2733 798 641
2773 743 3114 812 admoverit,
3145 744 3558 817 designaverit'.
3605 744 3910 810 άοὶθνϐνίιυ

504 845 677 906 neque
706 835 906 905 injuste
921 835 1199 907 ῥηιὶίεαῦτέ
1244 837 1387 901 (Leu.
1437 852 1551 899 xm,
1588 837 1705 903 15);
1741 840 1799 891 et
1831 853 1842 891 :
1874 839 2024 893 Iuste
2061 837 2149 908 ju-
2257 829 2646 886 honcstiorem
2671 831 2910 903 quidem
2933 831 2992 886 in
3014 832 3270 889 insulam
3299 833 3614 906 deportari,
3635 833 3912 890 humilio-

504 925 626 980 ἀέρα
655 926 908 996 proximo
935 932 1023 979 tuo
1053 923 1434 993 (ibid.).Sicut
1455 940 1569 979 non
1601 924 1725 980 vult
1744 926 2014 997 princeps
2033 925 2146 981 sibi
2256 935 2378 974 rem
2409 923 2605 975 autem
2635 921 2696 975 in
2737 919 3039 976 metallum
3089 922 3379 989 damnari,
3413 927 3514 978 aut
3561 921 3623 978 in
3673 938 3924 979 crucem-

504 1013 628 1070 t‘olli
650 1015 934 1071 a'fortiore
957 1031 1062 1068 suo
1085 1015 1239 1086 quod
1253 1015 1406 1069 Deus
1431 1013 1511 1068 illi
1535 1015 1932 1082 concessit,ita
1950 1015 2146 1088 etipse
2253 1006 2449 1074 Ῑθνᾶνῖ,
2486 1023 2718 1064 servum
2748 1023 2882 1065 vero
2913 1009 3103 1082 capite
3132 1009 3350 1082 puniri.
3374 1011 3463 1079 Et,
3479 1016 3546 1067 ut
3567 1011 3779 1068 beatus
3800 1013 3912 1067 Auo

505 1103 780 1159 non'sine
810 1102 1097 1174 aequitatis
1117 1103 1341 1172 judicio
1371 1101 1596 1158 auferat
1642 1121 1676 1158 a
1720 1121 2016 1176 quoquam
2057 1105 2145 1161 vel
2252 1096 2530 1166 ἓηείίηυε
2562 1102 2982 1154 commemorat
3011 1099 3069 1152 ίῐὶ
3091 1098 3338 1156 Joannis
3359 1098 3730 1173 θναηεθιίείω
3744 1099 3910 1156 θοω·

505 1193 660 1264 quod
693 1191 872 1258 dedit,
891 1190 978 1246 vel
1009 1192 1162 1264 quod
1195 1208 1310 1246 non
1343 1190 1678 1264 dedit,quia
1709 1193 1991 1264 scriptum
2016 1197 2140 1249 est:

504 1282 664 1352 (ἤιοά
683 1283 788 1337 tibi
813 1298 924 1336 non
948 1283 1028 1336 vis
1055 1282 1198 1352 ﬁeri,
1228 1281 1394 1336 alteri
1421 1297 1489 1336 ne
1532 1284 1709 1353 facias
1739 1283 1896 1352 ('I'ob.
1930 1301 2006 1352 ιν,
2034 1284 2140 1350 16).

503 1371 614 1426 Sed
629 1369 822 1441 potius
845 1368 1019 1424 etiam
1051 1373 1224 1440 atque
1245 1369 1419 1424 etiam
1445 1369 1903 1442 prmdicavorunt
1921 1371 2142 1442 cpisco-

2252 1188 2448 1240 mento
2479 1188 2654 1253 (tract.
2678 1188 2734 1258 7}
2769 1203 2782 1241 :
2807 1207 2836 1236 ‹‹
2858 1186 3018 1242 Juris
3039 1187 3291 1244 forensis
3321 1192 3428 1256 est,
3455 1193 3531 1244 ut
3549 1189 3660 1261 qui-
3685 1189 3758 1245 in'
3777 1206 3908 1262 pre-

2251 1272 2418 1330 cibus
2449 1275 2731 1330 mentitus
2762 1275 2938 1330 fuerit
2966 1275 3216 1348 principi
3248 1293 3362 1333 non
3394 1276 3477 1332 illi
3528 1277 3715 1350 prosit
3757 1278 3907 1334 εθτὶ-

2251 1365 2418 1434 ptum
2468 1364 2625 1434 quod
2675 1363 3092 1436 impetraverit,
3123 1364 3242 1420 imo
3290 1365 3467 1422 etiam
3521 1371 3724 1422 careat
3777 1367 3920 1438 ipso;

503 1459 558 1531 pi
587 1476 600 1514 :
626 1461 964 1514 Fociterobis
985 1475 1071 1512 am
1079 1460 1187 1512 icos
1205 1457 1270 1512 de
1289 1475 1599 1514 mammona
1611 1459 2010 1532 iniquitatismt
2021 1478 2124 1516 cun

2250 1450 2531 1508 beneﬁcio
2581 1451 2804 1524 scripti,
2839 1469 2957 1524 quo
3014 1452 3312 1526 scriptum
3353 1455 3711 1527 perduxerit.
3750 1477 3779 1505 ››
3829 1461 3908 1513 De

501 1547 823 1620 defeceritis.
849 1550 1117 1618 recipiant
1145 1565 1232 1602 vos
1263 1549 1324 1602 in
1354 1555 1558 1604 aeterna
1602 1550 1961 1604 tabernacula
1990 1550 2138 1620 (Luc.
2250 1539 2713 1598 conﬁrmationis
2735 1544 2931 1597 autem
2955 1557 3074 1598 81133
3105 1541 3400 1614 scriptum
3428 1543 3576 1599 nihil
3606 1544 3902 1613 ἀίιθωιιιν

499 1643 614 1701 xw,
637 1637 720 1708 9);
753 1642 811 1693 et
843 1653 856 1691 :
893 1637 1252 1708 Quodcunque
1295 1645 1463 1707 potest
1490 1653 1683 1692 manus
1728 1645 1844 1702 tua,
1877 1640 2145 1694 instanter
2249 1629 2390 1700 quia
2415 1631 2569 1701 quod
2591 1630 2992 1698 ﬁrmaverunt,
3025 1629 3343 1704 infringere
3370 1631 3534 1688 nefas
3554 1633 3856 1690 duxerunt
3885 1651 3899 1690 :

499 1741 742 1798 operare,
765 1727 898 1798 quia
924 1742 1024 1780 nec
1052 1727 1332 1787 [commeo
1362 1729 1504 1782 ratio
1532 1735 1613 1782 est
1635 1727 1780 1797 apud
1811 1729 2141 1798 inferosque
2249 1716 2402 1773 sicut
2433 1719 2489 1773 in
2519 1717 2666 1774 libro
2697 1719 2906 1775 Esther
2934 1718 3152 1792 legitur
3181 1723 3466 1792 quantam
3512 1720 3904 1780 valitudinem

499 1823 557 1869 tu
574 1830 830 1886 properas
859 1815 1050 1883 (Eccle.
1075 1829 1152 1877 lx,
1189 1815 1296 1882 10).
1322 1815 1390 1868 Et
1421 1813 1572 1869 sicut
1603 1814 1717 1871 ista
1737 1833 1863 1886 quas
1887 1815 2053 1872 utilia
2083 1825 2124 1872 e1

2249 1805 2449 1862 annuli
2501 1806 2654 1880 regis
2702 1807 2917 1863 habeat
2963 1805 3215 1880 signatio
3263 1809 3434 1880 (Eath.
3476 1813 3584 1878 ιιι),
3617 1815 3904 1882 quantum

497 1901 743 1959 honesta
771 1907 914 1986 sunt
944 1903 1404 1974 praedicaverunt
1433 1903 1709 1976 episcopi,
1733 1905 1817 1960 ita
1845 1904 2137 1960 nihilomi-
2167 1894 2536 1995 anm-818m
2558 1895 2718 1995 signi
2751 1893 3484 1995 il_liu§_vacuati0._quent9
3516 1899 3710 1995 “3881.3
3732 1901 3914 1995 1'08}!!-

499 1999 612 2047 n‘us
633 1979 951 2064 praedicant
981 1996 1046 2047 ut
1073 1996 1307 2064 turpem
1340 1996 1537 2048 notam
1567 1993 1724 2064 regio
1745 1993 1966 2049 nomini
1989 2011 2124 2048 rexa

2251 1999 2461 2040 manus
2483 1983 2858 2057 subscriptio.
2891 1985 2962 2040 Et
2991 1999 3096 2040 nec
3124 1985 3516 2056 perfunctorie
3539 1987 3778 2052 ducere,
3803 1987 3898 2046 dco

499 2097 560 2136 se
587 2075 822 2137 festinet
849 2081 1292 2146 abscondere,et
1311 2084 1594 2153 quantum
1621 2085 1812 2153 potest
1829 2081 2064 2137 abluere
2084 2088 2124 2137 cl

2249 2071 2346 2128 bet
2375 2073 2535 2145 regia
2562 2073 2823 2146 dignitas
2845 2073 3002 2146 quod
3024 2073 3084 2128 in
3106 2072 3231 2128 suis
3249 2075 3888 2148 praeceptisscribitur:

499 2180 603 2240 per
631 2168 896 2239 singulos
917 2167 1128 2234 dies,et
1147 2185 1250 2240 per
1278 2167 1542 2240 singulos
1564 2173 1749 2235 actus,
1770 2187 1994 2226 memor
2014 2187 2124 2226 sen-

2247 2161 2318 2217 Et
2345 2167 2410 2218 ut
2454 2163 2584 2233 hoc,
2619 2161 2830 2235 inquit,
2862 2168 3074 2218 nostris
3123 2161 3498 2220 auctoritatis
3541 2170 3900 2238 praeoptent:

497 2253 694 2314 tentias
725 2257 1153 2314 Deutcronomii
1185 2258 1434 2314 dicentis
1465 2275 1478 2313 :
1513 2260 1741 2315 Habebis
1771 2261 1947 2316 locum
1983 2269 2124 2317 extra

2246 2249 2565 2322 pleniorem
2577 2251 2637 2306 in
2651 2250 2750 2307 Dei
2765 2251 3003 2308 nomine
3014 2251 3588 2310 obtineatﬁrmitatis
3605 2252 3897 2326 vigorem:

498 2353 698 2415 castra,
731 2347 802 2401 ad
829 2363 986 2418 qum
1014 2348 1317 2416 εθνεειίαντζς
1365 2347 1436 2402 ad
1479 2349 1742 2420 requisita
1786 2358 2021 2415 ηαεανεε,
2051 2367 2138 2419 ge.
2245 2343 2303 2394 et
2325 2355 2338 2394 :
2359 2339 2505 2396 Data
2523 2339 2642 2410 illo,
2675 2339 2764 2394 vel
2798 2338 2896 2396 illo
2927 2356 3083 2396 anno
3111 2341 3172 2396 in
3205 2341 3306 2396 Dei
3335 2339 3574 2398 nomine
3604 2341 3896 2410 feliciter;

497 2448 620 2492 rens
645 2436 921 2507 pauxillum
947 2437 1007 2491 in
1037 2437 1211 2491 balteo
1241 2455 1260 2491 :
1287 2452 1514 2507 cumque
1559 2437 1779 2501 sederis,
1823 2438 1994 2507 fodies
2040 2455 2148 2511 per"
2245 2443 2318 2483 ne
2347 2428 2502 2500 (111οά
2536 2428 2596 2484 in
2626 2427 2738 2484 933'
2761 2427 2997 2485 nomine
3044 2429 3293 2485 Γθίίοίῖθτ
3330 2430 3739 2498 conﬁrma“:
3771 2431 3906 2490 δίηθ

495 2525 810 2589 circuitum,
841 2531 892 2579 et
937 2532 1118 2592 egesta
1161 2522 1325 2579 humo
1369 2527 1576 2596 operias
1615 2541 1717 2596 quo
1747 2527 2014 2582 revelatus
2056 2545 2124 2583 es.

2247 2513 2429 2582 Dei,id
2451 2521 2559 2580 est,
2575 2515 2971 2573 sinevcritatis
2991 2517 3217 2589 judicio
3248 2517 3562 2574 infeliciter
3576 2519 3896 2589 eifmtotuc;

494 2597 754 2668 Dominus
781 2614 931 2668 enim
958 2613 1097 2667 Deus
1123 2621 1246 2667 tuus
1264 2613 1507 2668 ambulat
1538 2615 1597 2668 in
1616 2614 1792 2669 medio
1809 2622 2124 2690 castrorum,

2243 2603 2382 2676 quia
2408 2604 2696 2676 scripturn
2727 2608 2818 2661 est
2849 2621 2862 2660 :
2896 2605 3016 2662 Non
3065 2605 3282 2676 polluas
3310 2621 3507 2662 nomen
3535 2608 3770 2666 Domini
3793 2612 3902 2667 Dn”

493 2707 554 2755 ut
581 2707 742 2755 eruat
767 2708 834 2765 te,
861 2708 912 2756 et
941 2701 1122 2756 tradat
1149 2701 1248 2756 tibi
1281 2701 1529 2758 inimicos
1559 2709 1676 2757 tuos
1697 2720 1714 2755 :
1732 2710 1794 2758 ut
1816 2705 1930 2758 sint
1957 2713 2124 2759 castra

2241 2695 2325 2748 tui
2351 2695 2498 2763 (Leo.
2527 2709 2692 2764 xvm,
2713 2694 2840 2766 21);
2864 2698 2923 2750 et
2951 2710 2964 2748 :
2996 2694 3114 2750 Non
3144 2696 3384 2768 accipim
3429 2711 3631 2753 nomen
3670 2700 3900 2758 Domini

491 2793 588 2845 tua
615 2796 822 2856 sancta,
855 2797 906 2844 et
933 2789 1082 2845 nihil
1112 2793 1172 2845 in
1187 2791 1264 2846 eis
1292 2799 1552 2862 appareat
1577 2790 1860 2862 fwditatis,
1890 2809 1960 2849 ne
1985 2792 2133 2850 dere-

490 2876 705 2950 linquat
728 2887 777 2936 te
805 2879 983 2946 (Deut.
1014 2896 1173 2945 χχιιι,
1206 2879 1406 2946 12-14).
1441 2879 1669 2934 Naturae
1702 2881 1918 2953 quippe
1939 2897 2133 2938 corru-

488 2959 714 3040 ptibilie
742 2967 997 3039 pondere
1029 2965 1438 3040 praegravati,a
1467 2969 1682 3024 mentis
1714 2973 1922 3024 nostrae
1966 2975 2129 3026 utero

488 3055 754 3128 quaedam
775 3055 1194 3128 cogitationum
1215 3055 1530 3126 superﬂua,
1555 3061 1612 3110 et
1627 3056 1699 3110 ab
1712 3057 1958 3113 actionis
1990 3075 2128 3115 nos-

485 3141 586 3199 trag
607 3161 779 3216 opere
800 3144 1082 3217 regimine
1101 3143 1536 3216 indigna,quasi
1554 3143 1773 3200 ventris
1789 3145 2130 3217 gravamina

486 3237 826 3304 erumpunt,
842 3236 901 3288 et
921 3235 1153 3305 portare
1171 3233 1282 3288 sub
1314 3231 1503 3288 balteo
1525 3232 1805 3304 paxillum
1821 3234 2126 3304 debemus,

485 3319 588 3393 qui
619 3325 869 3376 rectores
898 3321 956 3376 in
980 3320 1192 3392 populo
1212 3337 1440 3390 sumus,
1455 3325 1522 3376 ut
1541 3321 1806 3378 videlicet
1828 3322 1900 3377 ad
1933 3337 2124 3395 repre-

485 3405 806 3464 hendentes
863 3408 1254 3480 nosmetipsos
1303 3425 1534 3480 semper
1587 3410 1852 3478 accincti,
1886 3415 2125 3467 acutum

484 3496 638 3552 circa
659 3511 767 3552 nos
796 3495 1106 3552 stimulum
1139 3497 1608 3568 compunctionis
1654 3497 1999 3566 habeamus,
2026 3499 2127 3572 qui

483 3585 845 3642 ilicessantcr
864 3589 1078 3640 terram
1101 3585 1315 3641 mentis
1333 3589 1540 3640 nostra:
1561 3585 1758 3642 dolore
1775 3588 1925 3658 paeni
1938 3590 2128 3644 tentias

481 3667 856 3740 cont‘odiat,et
879 3674 987 3730 hoc
1008 3676 1161 3748 quod
1185 3691 1218 3730 a
1237 3673 1406 3730 nobis
1427 3674 1691 3730 fcetidum
1712 3677 1967 3749 erumpit
1989 3679 2126 3734 abs-

481 3761 710 3819 COndat.
742 3762 978 3820 Ventris
1009 3761 1224 3837 quippe
1255 3761 1474 3835 cg'estio
1507 3762 1664 3818 fossa
1692 3761 1871 3820 humo
1903 3781 2005 3836 per
2033 3783 2130 3839 pa-

477 3851 684 3908 xillum
716 3852 952 3925 tegitur,
967 3867 1102 3908 cum
1132 3852 1345 3908 mentis
1377 3855 1586 3908 nostra:
1617 3853 2017 3925 superﬂuitas,
2039 3854 2126 3910 vel

479 3941 830 4014 Operationis
861 3946 1072 3998 nostras
1121 3939 1602 4015 reprehensibilts
1648 3941 1902 4008 foeditas,
1923 3943 2125 3998 subtili

480 4029 891 4102 redargutione
930 4029 1291 4096 discussa,et
1322 4029 1565 4084 honesta
1590 4029 1920 4101 operatione
1945 4047 2129 4085 corre-

479 4118 593 4178 cta.
615 4121 748 4172 ante
779 4117 878 4172 Dei
910 4117 1110 4172 oculos
1143 4133 1242 4187 per
1269 4117 1738 4189 compunctionis
1769 4135 1886 4172 suae
1918 4118 2124 4174 stimu-

478 4204 602 4259 lum
625 4207 683 4259 et
711 4205 1087 4260 correctionis
1122 4205 1341 4260 bonum
1375 4205 1617 4261 colatur.
1644 4206 2124 4278 Pet-pendendum

478 4293 568 4348 est
596 4290 794 4361 etiam,
813 4290 952 4363 quia
969 4291 1195 4364 antiqui
1230 4307 1394 4364 reges
1415 4297 1472 4348 et
1495 4293 1879 4366 imperatores
1899 4294 2025 4352 suis
2052 4295 2128 4352 le-

477 4376 650 4452 gibus
679 4382 1030 4448 statuerunt,
1052 4384 1117 4435 ut
1136 4379 1339 4436 charta
1357 4380 1820 4438 confirmationis
1841 4383 2123 4457 quinque,

477 4467 564 4524 vel
599 4472 844 4540 septem,
873 4473 973 4524 aut
1004 4468 1226 4533 decem,
1258 4473 1324 4524 ut
1355 4467 1558 4525 scribit
1583 4470 1947 4544 Ambrosius,
1961 4473 2127 4530 testi-

479 4555 591 4612 bus
608 4557 878 4612 roborata
900 4559 1213 4612 constaret.
1231 4557 1341 4615 Sed
1363 4559 1565 4630 etjure
1593 4559 1745 4615 civili
1774 4561 1829 4616 in
1864 4562 2124 4620 conscri-

479 4643 674 4718 ptione
694 4644 1028 4700 chartarum
1051 4645 1463 4702 conditionalis
1491 4649 1829 4705 constitutio
1859 4653 2118 4722 ponitur,

477 4741 593 4806 quo
623 4731 1068 4806 dispendio,qui
1089 4733 1356 4790 eamdam
1379 4734 1641 4791 chartam
1665 4737 1980 4811 infringere
2003 4744 2124 4797 ten-

477 4822 707 4890 tavcrit,
739 4822 880 4878 ﬁsco
935 4822 1239 4890 multetur,
1272 4827 1330 4879 et
1377 4828 1682 4880 accusator
1728 4828 2122 4886 accusationis

476 4911 778 4984 scriptura:
811 4911 1208 4979 subscribens,
1232 4929 1294 4967 se
1324 4929 1359 4966 a
1387 4911 1718 4970 conditione
1748 4920 1975 4972 mutare
2005 4935 2120 4974 non

477 4999 701 5071 poterit.
738 4998 817 5056 De
848 5017 956 5057 sua
997 5006 1192 5056 autem
1224 5001 1665 5078 confirmatione
1694 5003 1837 5058 nihil
1871 5005 2118 5078 scripse-

476 5093 635 5156 runt,
667 5090 808 5161 quia
838 5088 1119 5162 principis
1150 5107 1384 5159 manus,
1409 5077 1560 5145 sicut
1589 5091 1659 5146 de
1688 5090 1866 5147 David
1919 5093 1976 5148 in
1999 5077 2117 5150 Rc-

474 5183 616 5249 g’u‘m
635 5176 781 5234 libro
803 5177 1027 5234 dictum
1050 5177 1431 5252 lcgimus,pro
1453 5179 1650 5235 decem
1683 5179 1947 5236 millibus
1967 5199 2119 5238 com-

475 5267 786 5336 putator-(1
814 5269 941 5338 Reg.
974 5273 1154 5337 xvm).
1187 5266 1256 5322 Et
1285 5285 1384 5323 rex
1414 5285 1448 5322 a
1478 5267 1593 5324 Deo
1623 5267 1710 5323 vel
1741 5269 1812 5324 ad
1842 5269 2114 5343 gratiam,

472 5351 561 5410 vel
611 5361 846 5428 propter
891 5362 1130 5430 peccata
1180 5356 1381 5429 populi
1438 5357 1811 5425 constitutus,
1861 5359 1933 5412 ab
1993 5359 2120 5430 ipso

477 5437 630 5512 Rege
661 5459 863 5513 regum
895 5447 965 5500 de
997 5447 1122 5503 suis
1150 5447 1237 5502 vel
1261 5447 1444 5518 justis
1475 5446 1702 5502 actibus
1723 5447 2117 5516 coronabitur,

473 5527 562 5583 vel
595 5529 829 5600 injustis
851 5535 1093 5602 judiciis
1121 5541 1180 5590 ct
1207 5535 1428 5608 iniquis
1459 5535 1786 5590 actionibus
1824 5535 2118 5607 requitatis

466 5615 694 5688 judicio
715 5621 1016 5690 judicatus
1049 5625 1413 5680 multabitur.
1450 5624 1825 5680 Inserucrunt
1849 5626 2024 5682 etiam
2055 5626 2111 5682 in

474 5704 694 5765 eisdem
738 5707 966 5782 legibus
1013 5713 1087 5769 ad
1137 5713 1322 5785 legem
1365 5713 1689 5770 Corneliam
1739 5717 2113 5773 testamenta-

2239 2783 2340 2838 Bei
2387 2784 2471 2838 tui
2519 2785 2578 2837 in
2627 2797 2831 2838 vanum
2876 2783 3069 2852 (Exod.
3119 2801 3250 2852 xxx,
3277 2786 3358 2852 7).
3391 2784 3614 2858 Legant
3657 2801 3896 2860 quoque

2241 2869 2507 2938 Paulum,
2541 2875 2600 2926 et
2627 2871 2985 2944 expositores
3015 2870 3204 2944 ipsius
3250 2871 3530 2944 Apostoli,
3559 2889 3748 2945 quam
3792 2891 3892 2947 pro

2241 2971 2456 3032 magno
2481 2959 2561 3014 sit
2588 2959 2814 3014 dictum
2835 2960 2992 3031 quod
3013 2959 3252 3032 scripsit
3287 2959 3444 3016 idem
3486 2959 3726 3018 divinus
3747 2965 3893 3036 Apo-

2239 3051 2426 3104 stolus
2471 3047 2531 3103 in
2582 3048 2708 3104 suis
2755 3047 3034 3120 Epistolis
3065 3064 3080 3103 :
3111 3049 3288 3106 Videte
3315 3049 3503 3121 quales
3526 3051 3746 3108 Was
3773 3067 3894 3110 om

2235 3139 2433 3208 scripsi
2479 3151 2656 3192 manu
2694 3137 2834 3207 (Gut.
2874 3137 3094 3208 v1,'ﬂ).
3143 3137 3214 3193 Et
3241 3136 3422 3194 item:
3453 3137 3731 3197 Satutatio
3771 3158 3892 3200 me

2235 3237 2408 3282 manu
2432 3227 2600 3282 Ponti
2628 3227 2673 3298 (1
2703 3225 2824 3282 Cor.
2873 3239 2988 3293 xw,
3014 3227 3126 3294 21).
3159 3225 3324 3283 Unde
3371 3239 3559 3301 rcges,
3591 3228 3697 3301 qui
3745 3230 3886 3286 sub-

2156 3291 2202 3364 C
2238 3313 2555 3386 scriptione
2578 3291 2792 3370 manus
2819 3327 2938 3370 sua!
2970 3291 3005 3370 ιι
3125 3315 3284 3382 data,
3304 3313 3394 3371 vel
3427 3291 3736 3390 privilegia
3761 3336 3892 3379 sall-

2237 3406 2461 3458 ctorum
2480 3417 2614 3458 cum
2631 3401 3122 3460 anathematismo
3154 3403 3432 3462 mani-bus
3457 3405 3732 3466 roborata
3757 3423 3893 3464 con—

2237 3489 2492 3559 ﬁrmant,
2511 3496 2569 3546 et
2586 3490 2687 3546 illa
2706 3496 2910 3563 postea
2925 3507 3268 3548 conservare
3289 3493 3744 3566 parvipendunt,
3767 3496 3896 3556 sive

2237 3579 2760 3650 detractant,qnasi
2781 3579 3174 3638 anathematis
3189 3579 3422 3639 vinculo
3435 3599 3552 3639 non
3574 3588 3890 3642 teneantur

2236 3667 2522 3735 obstricti,
2555 3667 2906 3724 sententiam
2946 3669 3100 3725 beati
3131 3668 3392 3743 Gregorii
3425 3687 3496 3728 cx
3521 3671 3778 3744 epist-ala
3813 3674 3886 3733 ad

2236 3753 2632 3813 Thcoctistam
2663 3756 2972 3829 patriciam
3001 3757 3246 3816 audiant
3273 3760 3398 3828 (tib.
3428 3777 3532 3828 xu,
3561 3762 3723 3834 epist.
3746 3762 3841 3832 39)
3869 3778 3888 3819 :

2237 3866 2264 3896 ‹ι
2286 3845 2424 3918 Ipsi,
2442 3845 2735 3916 inquiens,
2753 3845 2865 3902 sibi
2897 3850 3080 3903 testes
3106 3851 3249 3904 sunt
3275 3847 3753 3921 (μιἱαῦὴήθῆαηὶ
3771 3865 3890 3910 non

2236 3938 2398 4001 sunt,
2428 3933 2529 4006 qui
2562 3933 2881 4006 ligamenta
2901 3940 3115 3991 sanctae
3146 3935 3416 3994 Ecclesiae
3448 3940 3618 3996 vanis
3639 3957 3705 3998 se
3731 3941 3894 3999 ωι-

2237 4029 2402 4078 mant
2420 4023 2728 4079 conatibus
2748 4022 3062 4092 solverc,ac
3081 4041 3186 4096 per
3203 4025 3312 4083 hoc
3334 4043 3440 4082 nec
3459 4027 3892 4090 absolutionem

2236 4115 2448 4167 sanctas
2501 4111 2788 4180 Ecclesiae,
2822 4129 3000 4184 quam
3061 4118 3301 4186 praestat
3345 4115 3642 4184 fidelibus,
3695 4132 3894 4178 mm

2236 4204 2466 4274 putant,
2497 4201 2547 4256 si
2575 4199 2862 4274 ligaturas
2890 4203 3021 4274 ejus
3055 4215 3224 4259 voras
3252 4220 3386 4261 esse
3411 4222 3482 4262 ae
3526 4205 3724 4266 valeto
3773 4223 3894 4267 non

2236 4289 2548 4356 assumant,
2562 4292 2624 4344 et
2650 4289 2805 4346 unde
2833 4306 2898 4346 se
2918 4289 3118 4348 fallere
3146 4291 3450 4350 vwitatcm
3473 4295 3894 4365 credunt,indo

2236 4379 2293 4434 in
2323 4377 2580 4450 peccatis
2605 4377 2730 4434 suis
2757 4378 3036 4436 veraciter
3061 4380 3342 4454 ligantur.
3368 4404 3397 4432 ιν
3419 4381 3604 4455 Siqui
3627 4392 3774 4442 sunt
3789 4383 3896 4460 igi-

2234 4473 2350 4533 tur,
2383 4467 2483 4540 qni
2515 4466 2625 4523 sub
2657 4467 2898 4524 nomine
2929 4468 3260 4526 Christiano
3289 4469 3412 4528 hac
3441 4476 3544 4528 aut
3571 4473 3894 4544 pudicam

2235 4557 2471 4624 audent,
2503 4560 2608 4612 aut
2637 4555 2802 4612 taciti
2835 4557 2993 4630 apud
3043 4559 3392 4632 semetipsos
3442 4564 3664 4628 tenere,
3693 4579 3796 4621 eos
3833 4568 3894 4622 et

2160 4664 2206 4732 υ
2236 4659 2362 4717 ego,
2385 4649 2444 4701 et
2489 4659 2698 4701 omnes
2740 4643 3012 4702 catholici
3069 4646 3350 4721 episcopi,
3381 4653 3560 4721 atque
3615 4651 3896 4710 universa

2235 4733 2493 4790 Ecclesia
2521 4733 3107 4792 anathematizamus.
3140 4737 3270 4792 Haec
3299 4736 3578 4806 dicimus,
3595 4744 3667 4796 ut
3685 4757 3895 4798 secun-

2232 4823 2374 4878 dum
2405 4822 2698 4880 rationem
2721 4827 2782 4879 et
2808 4822 2956 4896 legis
2987 4823 3252 4882 ordinem
3271 4831 3485 4883 cuncta
3513 4843 3700 4900 agant
3726 4829 3892 4902 regni

2231 4911 2545 4984 principes,
2574 4915 2634 4967 et
2660 4911 2931 4968 Ecclesia
2961 4917 3176 4968 sancta:
3205 4917 3479 4981 metm-es,
3507 4916 3617 4974 sed
3644 4921 3705 4974 et
3751 4929 3891 4977 outn

2229 4999 2523 5071 aequitatis
2543 4999 2768 5070 judicio
2811 5017 2994 5074 supra
3045 5002 3266 5074 scripta
3309 5020 3491 5061 causa
3533 5005 3887 5064 diti-niam.

2227 5089 2504 5144 Ordinem
2527 5092 2722 5145 autem
2735 5091 3462 5163 constituendijadicium.
3479 5094 3532 5150 si
3549 5095 3888 5154 Eucherius

2227 5193 2331 5250 pro
2349 5176 2458 5233 hac
2478 5193 2656 5234 causa
2675 5180 2752 5235 ad
2771 5179 3229 5252 audientiam,et
3245 5181 3322 5238 de
3339 5181 3496 5239 civili
3519 5182 3886 5255 iniudicatis:

2225 5267 2298 5322 ad
2327 5265 2784 5324 ecclesiasticum
2813 5269 3112 5340 judicium
3159 5271 3404 5340 venerit,
3430 5271 3621 5328 isdmn
3670 5272 3882 5332 beatus

2227 5355 2540 5429 Gregorius
2560 5356 2620 5412 in
2641 5357 3086 5414 commonitorio
3107 5360 3182 5415 ad
3193 5360 3482 5416 lacunam
3499 5361 3880 5420 Dareum

2223 5451 2460 5502 euntem
2500 5445 2559 5502 in
2605 5445 2918 5520 Hispanias
2977 5447 3310 5522 descripsit,
3362 5449 3566 5506 dicens
3623 5451 3749 5522 (tib.
3795 5469 3876 5516 xx,

2221 5538 2378 5608 epist,
2411 5537 2500 5607 50)
2537 5554 2549 5592 :
2585 5560 2612 5587 «
2639 5537 2899 5592 Primum
2929 5541 2994 5592 ut
3023 5538 3107 5594 sic
3138 5537 3550 5596 ordinabiliter
3579 5541 3704 5607 fiat,
3739 5558 3880 5613 qua-

2223 5631 2396 5680 tenus
2443 5623 2542 5680 alii
2591 5624 2711 5682 sint
2763 5630 3156 5693 accusatores,
3187 5632 3244 5683 et
3274 5625 3372 5682 alii
3422 5631 3626 5695 testes,
3659 5627 3876 5686 Deinde

2223 5732 2412 5770 causa:
2447 5713 2701 5786 qualitas
2733 5714 3147 5788 exploretur,si
3177 5717 3356 5789 digna
3373 5717 3583 5774 exsilio
3613 5717 3702 5776 vel
3726 5735 3874 5776 con-
