4148 6450
547 409 664 469 715

1477 401 1856 462 HINCMARI
1903 397 2348 460 RHEMENSIS
2392 394 3006 458 ARCHIEPISCOPI.

3835 395 3957 456 716

550 537 834 596 saltatrici
866 537 1262 610 quodcunque
1286 533 1640 608 postulasset
1669 533 1740 588 ab
1767 549 1855 600 eo,
1877 535 1936 588 et
1964 548 2038 592 ne
2070 547 2192 603 per-
2219 531 2273 597 Α
2301 545 2431 586 eam
2461 526 2635 584 saluti
2667 542 2900 600 quoque
2931 525 3238 599 corporali,
3261 542 3380 599 qua
3403 525 3579 582 etiam
3607 525 3730 582 vita
3758 529 3964 583 nostra

541 628 716 700 jurus
729 623 1374 693 dicereturaconvivis,i
1383 640 1555 696 psum
1569 621 1894 678 convivium
1909 620 2196 694 sanguine

552 714 930 789 polluit,dum
953 713 1247 787 pr0pheta3
1279 716 1526 768 mortem
1551 707 1882 767 saltationis
1905 710 2038 766 fecit
2058 726 2197 780 prte-

552 805 739 860 mium
771 804 957 875 (Marc.
990 807 1092 872 v1).
1117 803 1240 857 Non
1273 802 1464 857 solum
1491 790 1684 856 autem
1719 799 1778 854 in
1801 798 2192 872 jurando,sed

552 893 612 949 in
643 909 816 948 omne
845 893 999 965 quod
1030 891 1281 964 agimus,
1306 891 1428 946 haec
1457 893 1547 946 est
1577 889 1894 944 moderatio
1925 887 2196 944 solertius

553 982 934 1049 observanda,
967 985 1033 1036 ut
1061 979 1110 1036 si
1139 979 1314 1036 talem
1345 980 1488 1035 [orte
1539 977 1770 1051 lapsum
1811 977 2026 1033 versuti
2061 977 2194 1032 hos-

555 1071 632 1126 tis
663 1069 1044 1126 ineiderimus
1071 1068 1327 1136 insidiis,
1347 1085 1414 1124 ex
1445 1084 1561 1140 quo
1593 1067 1719 1122 sine
1750 1065 1947 1139 aliquo
1977 1064 2196 1138 peccati

555 1159 825 1232 contagio
847 1175 1085 1232 surgere
1111 1175 1224 1214 non
1257 1156 1577 1231 possimus,
1609 1155 1776 1211 illum
1823 1155 2020 1210 notius
2065 1171 2195 1210 eva-

557 1247 732 1304 dendi
761 1247 987 1304 aditum
1019 1251 1308 1320 petamus,
1341 1245 1401 1300 in
1433 1263 1550 1318 quo
1581 1245 1779 1300 minus
1819 1242 2058 1316 periculi
2092 1259 2198 1299 nos

556 1351 937 1408 perpessuros
967 1352 1126 1392 essse
1168 1351 1479 1390 cernamus
1511 1350 1524 1388 ε
1558 1338 1616 1389 et
1647 1334 1818 1405 juxta
1865 1331 2196 1404 exemplum

557 1425 710 1482 052
741 1441 944 1480 eorum
975 1423 1074 1496 qui
1106 1423 1418 1478 hostilibus
1447 1421 1631 1478 clausi
1663 1421 1849 1478 muris
1895 1422 2038 1476 dum
2068 1437 2196 1475 eva-

557 1514 694 1568 dere
722 1513 1074 1582 desiderant,
1109 1513 1208 1568 sed
1243 1516 1541 1585 portarum
1581 1510 1846 1566 omnium
1895 1525 2197 1565 accessum

559 1601 669 1659 sibi
701 1601 1076 1658 interdictum
1124 1601 1516 1670 considerant,
1549 1599 1627 1655 ibi
1659 1615 1894 1656 necesse
1923 1603 2012 1654 est
2041 1598 2199 1654 desi-

555 1691 736 1747 liendi
767 1689 962 1745 locum
991 1689 1232 1762 eligant,
1265 1689 1364 1744 ubi
1397 1705 1564 1744 muro
1613 1689 1893 1743 existente
1942 1687 2201 1743 breviore

557 1777 870 1834 minimum
903 1778 1148 1852 periculi
1179 1779 1456 1834 cadentes
1481 1778 1804 1833 incurrant.
1832 1799 1859 1826 ››
1882 1777 1952 1832 Et
1981 1776 2040 1832 in
2071 1794 2203 1832 con-

556 1865 690 1922 cilio
739 1865 1062 1924 Hilerdensi
1107 1869 1249 1939 (can.
1279 1870 1339 1937 7)
1367 1867 1702 1922 decernitur
1733 1883 1746 1922 :
1783 1889 1810 1917 α
1845 1866 1951 1932 Qui
2005 1883 2198 1922 sacra-
2231 1903 2280 1968 Β

559 1960 756 2013 mento
784 1973 848 2012 se
876 1955 1240 2028 obligaverit,
1275 1960 1340 2011 ut
1373 1955 1611 2028 litigans
1657 1973 1793 2011 cum
1843 1955 2102 2028 quolibet
2131 1955 2203 2010 ad

561 2048 762 2116 paCem
795 2043 1136 2100 nullomodo
1166 2045 1384 2113 redeat,
1417 2061 1521 2116 pro
1553 2043 1811 2118 perjurio
1841 2061 1958 2099 uno
1988 2060 2141 2100 anno
2170 2059 2206 2099 a

559 2131 972 2189 communione
1003 2133 1262 2205 corporis
1279 2137 1338 2189 et
1357 2132 1664 2206 sanguinis
1683 2132 2202 2206 Domini:segrega-

560 2226 913 2290 tus,reatum
936 2239 1111 2277 suum
1132 2221 1514 2294 eleemosynis
1535 2239 1601 2276 ac
1629 2221 1946 2290 ﬁetibus,et
1965 2221 2203 2294 quantis

560 2310 815 2383 potuerit
837 2312 1083 2384 jejuniis
1113 2311 1407 2380 absolvat;
1441 2312 1513 2367 ad
1545 2311 1890 2367 charitatem
1915 2329 2202 2384 vero,quaa

560 2400 747 2472 operit
794 2399 1234 2456 multitudinem
1283 2403 1675 2472 peccatorum,
1712 2399 1975 2456 celeriter
2017 2401 2204 2456 redire

475 2499 488 2514 '
565 2488 819 2544 festinet.
853 2509 886 2541 ι

591 2648 596 2652 ,
631 2578 700 2634 Ft
727 2577 1005 2650 quoniam
1037 2577 1379 2650 hujusmodi
1409 2578 1480 2633 de
1511 2581 1876 2633 sacramento
1897 2577 2206 2635 voluerunt

558 2667 914 2740 interrogare
941 2672 1288 2740 quaerentes,
1323 2685 1438 2723 non
1470 2667 1576 2723 abs
1607 2683 1668 2722 re
1693 2668 1837 2722 forte
1867 2667 2203 2740 putavimus

558 2757 628 2812 de
655 2755 874 2813 talibus
895 2757 1303 2829 scribere,quae
1322 2755 1510 2812 solent
1529 2756 1586 2811 in
1612 2756 1871 2812 humana
1891 2756 2203 2830 fragilitate

563 2843 826 2902 accidere
859 2861 873 2900 :
908 2862 1096 2918 neque
1124 2862 1194 2901 ea
1218 2862 1345 2918 quae
1376 2843 1691 2901 scribimus
1737 2845 1796 2900 in
1847 2861 2201 2918 quemquam

557 2933 966 3008 impingimus,
1001 2935 1102 2990 sed
1135 2935 1184 3013 si
1213 2933 1348 2990 talis
1377 2934 1861 3006 exstiterit,quem
1882 2934 1991 2990 hoc
2010 2934 2200 2991 consi-

554 3021 704 3078 lium
721 3024 998 3096 adjuvare
1018 3023 1589 3094 potuerit,memores
1605 3021 1916 3094 Scriptura
1931 3023 2198 3079 dicentis:

558 3111 709 3182 Quod
736 3113 1206 3184 supererogaveris
1233 3111 1458 3167 reddam
1488 3112 1588 3168 tibi
1613 3111 1822 3184 (Luc.x,
1847 3113 1960 3180 35),
1990 3113 2062 3167 de
2091 3112 2201 3169 hoc

555 3201 714 3274 quod
753 3217 871 3256 non
916 3217 1126 3257 sumus
1186 3200 1546 3271 interrogati,
1578 3204 1644 3256 ut
1691 3199 1936 3273 quilibet
1981 3201 2201 3257 noverit

2303 619 2419 675 ista
2447 617 2804 688 continetur,
2829 621 3056 672 certum
3105 620 3195 672 est
3251 616 3462 672 debere
3518 615 3802 689 praeponi.
3837 615 3962 672 Etsi

2303 707 2459 762 enim
2493 705 2703 780 exigua
2733 705 2900 778 palea
2930 722 3034 778 pro
3065 703 3252 760 multo
3297 721 3440 761 auro
3473 721 3620 778 pene
3669 721 3766 761 res
3799 704 3964 760 nulla

2301 800 2410 862 est,
2445 797 2588 851 ﬁdes
2620 800 2812 851 tamen
2845 811 2980 850 cum
3008 793 3068 849 in
3097 793 3328 868 negotio
3349 793 3526 867 paleae
3549 793 3705 851 sicut
3726 793 3790 849 in
3817 811 3962 850 auro

2304 885 2531 942 sincera
2559 889 2844 956 servatur,
2878 901 2994 940 non
3029 883 3159 940 ideo
3188 882 3383 940 minor
3409 887 3501 940 est
3519 884 3662 957 quia
3685 883 3748 939 in
3771 900 3836 940 re
3863 884 3965 940 mi-

2305 991 2442 1030 nore
2471 978 2756 1030 servatur.
2775 974 2924 1030 Cum
2944 989 3078 1029 vero
3099 973 3171 1028 ad
3196 975 3499 1046 peccatum
3521 973 3962 1030 admittendum

2304 1063 2616 1119 adhibetur
2646 1062 3037 1130 ﬁdes,mirum
3067 1061 3116 1117 si
3149 1061 3292 1117 ﬁdes
3323 1060 3674 1137 appellanda
3703 1065 3819 1118 est.
3850 1061 3964 1118 Ve-

2306 1143 2664 1207 rumtamen
2697 1150 3122 1223 qualiscunque
3153 1148 3250 1218 sit,
3276 1149 3324 1205 si
3345 1154 3404 1205 et
3426 1154 3629 1206 contra
3658 1150 3859 1224 ipsam
3879 1151 3960 1219 ﬁt,

2306 1241 2474 1314 pejus
2505 1241 2588 1309 ﬁt,
2609 1239 2720 1294 nisi
2743 1256 2876 1294 eum
2907 1242 3214 1312 propterea
3245 1238 3552 1311 deseritur,
3578 1242 3644 1294 ut
3667 1239 3742 1294 ad
3765 1255 3962 1294 veram

2306 1330 2459 1386 653
2482 1329 2655 1384 ﬁdem
2689 1345 2754 1384 ac
2783 1328 3108 1401 legitimam
3139 1327 3432 1397 redeatur,
3456 1327 3513 1382 id
3545 1331 3655 1394 est,
3678 1331 3747 1383 ut
3770 1343 3965 1400 pecca-

2306 1423 2433 1474 tum
2464 1417 2809 1473 emendetur
2834 1416 3130 1472 voluntate
3159 1417 3462 1490 pravitatis
3493 1420 3777 1472 correcta.
3811 1417 3964 1473 Tan-

2308 1523 2482 1580 quam
2503 1507 2549 1562 si
2571 1505 2981 1580 quisque,cum
2999 1505 3297 1561 hominem
3314 1505 3474 1561 solus
3493 1504 3831 1578 exspoliare
3849 1523 3964 1562 non

2307 1597 2513 1669 possit,
2546 1595 2802 1651 inveniat
2845 1595 3070 1650 socium
3117 1593 3468 1667 iniquitatis,
3500 1599 3558 1650 et
3585 1610 3726 1650 cum
3759 1610 3831 1650 eo
3861 1611 3966 1668 pa-

2308 1685 2655 1752 ciscatur,ut
2675 1683 2852 1740 simul
2873 1684 2932 1738 id
2956 1683 3190 1755 faciant,
3207 1683 3579 1756 spoliumque
3603 1683 3962 1756 partiuntur,

2309 1774 2464 1847 quod
2498 1772 2749 1829 facinore
2779 1772 3096 1828 commisso
3125 1775 3315 1828 totum
3347 1771 3510 1828 solus
3539 1771 3794 1840 auferat,
3811 1770 3964 1828 dolet

2309 1863 2546 1936 quidem
2579 1861 2815 1930 ille,sibi
2835 1866 2894 1919 et
2914 1862 3089 1918 ﬁdem
3111 1866 3398 1919 servatam
3423 1879 3538 1918 non
3559 1878 3693 1918 esse
3713 1877 3959 1935 conque-

2317 1951 2464 2007 ritur
2493 1967 2507 2008 :
2537 1968 2740 2008 verum
2766 1950 2826 2006 in
2856 1951 2985 2023 ipsa
3015 1950 3251 2024 querela
3270 1951 3525 2024 cogitare
3545 1951 3744 2020 debet,
3767 1951 3962 2025 potius

2313 2040 2374 2096 in
2396 2041 2548 2097 bona
2565 2039 2683 2096 vita
2698 2039 2810 2113 ipsi
2833 2039 3104 2096 humanae
3117 2038 3380 2096 societati
3393 2038 3575 2096 fuisse
3587 2038 3955 2108 servandam,

2313 2146 2386 2186 ne
2417 2129 2611 2202 praeda
2636 2128 2842 2202 iniqua
2869 2145 2939 2184 ex
2967 2127 3205 2185 homine
3245 2129 3427 2196 ﬁeret,
3460 2127 3510 2184 si
3558 2129 3743 2186 sentit
3783 2144 3962 2201 quam

2311 2217 2512 2290 inique
2543 2217 2653 2272 sibi
2685 2217 2743 2272 in
2775 2217 2994 2289 peccati
3025 2217 3299 2273 societate
3330 2222 3558 2273 servata
3598 2234 3716 2272 non
3769 2217 3962 2275 fuerit.

2313 2305 2416 2361 Ille
2445 2305 2660 2378 quippe
2691 2305 3002 2378 utrobique
3032 2306 3311 2378 perﬁdus,
3336 2323 3439 2378 pro
3459 2309 3701 2378 peccato
3723 2304 3964 2362 scelera-

2313 2395 2426 2450 tior
2444 2394 2806 2467 judicandus
2835 2397 2926 2448 est
2955 2410 3091 2449 reus
3121 2392 3221 2466 qui
3255 2393 3303 2449 si
3335 2393 3464 2450 ideo
3493 2408 3632 2448 cum
3682 2391 3964 2466 participe

2312 2483 2588 2540 facinoris
2613 2484 2870 2557 praedam
2901 2483 3158 2538 dividere
3187 2481 3490 2549 noluisset,
3514 2486 3582 2538 ut
3607 2481 3840 2538 homini
3871 2481 3962 2538 cui

2311 2573 2506 2630 ablata
2528 2573 2717 2628 fuerat
2737 2573 3237 2644 redderetur,eum
3260 2571 3550 2644 perﬁdum
3570 2587 3678 2628 nec
3701 2571 3963 2644 perﬁdus

2311 2663 2548 2718 diceret.
2581 2662 2665 2718 Ita
2695 2643 2929 2729 mulier,
2965 2661 3013 2718 si
3045 2661 3160 2718 ﬁde
3189 2643 3480 2734 conjugali
3518 2643 3742 2716 violata
3785 2659 3962 2717 ﬁdem

2311 2755 2502 2807 servat
2521 2749 2804 2818 adultero,
2831 2749 3032 2822 utique
3051 2749 3207 2806 mala
3226 2750 3442 2819 est,sed
3467 2749 3516 2806 si
3540 2765 3647 2806 nec
3667 2749 3959 2818 adultero,

2310 2841 2473 2912 pejor
2500 2842 2610 2896 est.
2646 2839 2816 2895 Porro
2845 2838 2896 2895 si
2917 2855 3047 2895 eam
3071 2838 3275 2912 flagitii
3299 2837 3664 2912 paeniteat,et
3684 2839 3759 2894 ad
3781 2838 3962 2896 casti-

2309 2933 2492 2984 tatem
2507 2928 2738 2984 rediens
2753 2945 2820 2984 eo
2827 2928 2882 3000 nj
2891 2925 3122 3002 ugalem
3141 2931 3310 3000 pacta
3321 2944 3389 2984 ac
3399 2927 3615 3000 placita
3627 2927 3701 2983 ad
3710 2927 3964 2984 ulterius

2310 3017 2624 3082 rescindat,
2654 3016 2835 3073 miror
2863 3017 2911 3072 si
2944 3033 3072 3073 eam
3104 3015 3237 3072 ﬁdei
3284 3015 3645 3073 violatricem
3694 3016 3785 3073 vel
3840 3017 3964 3090 ipse

2309 3106 2541 3162 adulter
2566 3105 2816 3178 putabit.
2848 3105 3010 3172 Quod
3060 3121 3222 3178 aeque
3265 3104 3718 3178 intelligendum
3771 3110 3868 3163 est
3897 3107 3966 3162 de

2309 3195 2594 3264 adultero,
2626 3195 2766 3267 quia
2796 3194 2845 3250 si
2877 3199 3114 3268 pactum
3140 3211 3274 3250 cum
3307 3193 3569 3251 adultera
3611 3194 3840 3252 factum
3875 3212 3965 3252 re-

556 3273 700 3362 quid
723 3306 936 3362 anceps
962 3288 1114 3345 inter
1141 3289 1258 3344 duo
1286 3289 1496 3362 eligere
1518 3289 2200 3362 debeat,adjungendum
2231 3273 2274 3340 C
2311 3285 2546 3353 scindit,
2583 3301 2686 3340 nec
2718 3283 2847 3356 ipsa
2873 3283 3138 3340 adultera
3155 3299 3290 3340 eum
3311 3283 3446 3340 ﬁdei
3469 3282 3812 3340 violatorem
3831 3286 3964 3357 jus-

556 3377 914 3450 putavimus.
946 3377 1072 3433 Non
1103 3377 1261 3432 enim
1293 3377 1462 3433 facile
1491 3379 1662 3433 modo
1696 3378 2010 3450 quisquam
2038 3395 2200 3451 repe-

559 3465 692 3532 riet,
722 3465 841 3522 imo
870 3482 974 3522 nec
1005 3482 1364 3539 quemquam
1395 3467 1644 3539 quisque
1676 3465 1941 3538 reperiet,
1966 3467 2066 3540 qui
2098 3467 2203 3523 Da-

554 3554 652 3610 vid
684 3555 961 3624 sanctior,
985 3553 1294 3611 Salomone
1321 3554 1660 3627 sapientior,
1683 3555 1964 3610 Samsone
1983 3555 2062 3611 sit
2085 3555 2199 3611 for-

555 3642 688 3711 tior,
721 3645 778 3699 et
806 3642 913 3714 illi,
948 3660 1145 3700 amore
1176 3642 1485 3699 muliebrio
1516 3643 1691 3716 capti,
1715 3643 1994 3715 quoniam
2022 3643 2198 3700 etiam

555 3735 780 3788 mentes
810 3733 1027 3789 ferreas
1054 3731 1236 3788 libido
1267 3733 1486 3800 domat,
1502 3748 1608 3787 nec
1629 3748 1854 3804 pannos
1876 3749 2198 3806 pauperum

553 3821 1024 3894 perhorrescens,
1059 3837 1164 3878 nec
1193 3837 1396 3894 regum
1419 3837 1738 3894 purpuram
1758 3821 2196 3894 pertimescens,

553 3909 695 3967 talia
723 3914 968 3984 egerunt
997 3927 1124 3983 qua:
1146 3927 1262 3965 non
1295 3913 1684 3964 convenerant
1707 3927 1721 3965 :
1749 3913 1808 3964 et
1827 3910 1900 3965 ad
1922 3927 2030 3966 nos
2050 3927 2201 3983 saepe

551 3998 782 4057 femina;
831 3999 1096 4068 veniunt,
1130 3998 1538 4070 reclamantes,
1570 3999 1724 4070 quod
1765 3999 2066 4070 juvenculi
2115 3997 2200 4055 eis

553 4103 724 4144 suam
757 4087 932 4143 ﬁdem
954 4065 1571 4160 promiserinl,easque
1592 4087 1816 4142 derisas
1837 4087 2196 4160 reliquerint.

554 4176 626 4231 Et
652 4175 948 4231 interdum
979 4193 1014 4232 a
1042 4175 1212 4231 nobis
1242 4179 1536 4249 repertum
1557 4179 1667 4245 est,
1699 4175 1840 4248 quia
1867 4175 1974 4231 viri
2003 4175 2201 4249 legiti~

551 4280 682 4321 mas
711 4262 1072 4336 reliquerunt
1118 4281 1346 4334 uxores,
1380 4268 1440 4320 et
1469 4263 1772 4334 adulteris,
1801 4268 1866 4321 ut
1902 4269 2200 4322 servarent

549 4353 727 4409 ﬁdem
756 4351 1100 4426 pollicitam,
1133 4353 1276 4409 adeo
1306 4353 1689 4423 cohaeserunt,
1725 4359 1790 4410 ut
1819 4371 1951 4410 cum
1995 4353 2198 4411 multis

549 4440 852 4497 laboribus
883 4441 956 4497 ab
986 4440 1070 4497 eis
1101 4441 1392 4514 quiverint
1418 4443 1660 4516 sperari.
1690 4443 1770 4498 De
1800 4458 1915 4514 quo
1965 4443 2196 4516 negotio

547 4529 754 4586 beatus
775 4529 1139 4603 Augustinus
1162 4527 1220 4584 in
1242 4529 1392 4585 libro
1413 4531 1484 4586 de
1504 4531 1657 4587 bono
1676 4530 1972 4604 conjugali
1995 4531 2194 4606 (θαμά)

2307 3377 2364 3429 te
2393 3373 2584 3429 dicere
2609 3373 2841 3445 poterit.
2872 3392 2900 3426 ι

2784 3463 3326 3555 INTERROGATlO
3365 3497 3482 3554 xv.

2381 3605 2460 3660 De
2490 3603 2599 3660 hoc
2623 3603 2778 3676 quod
2806 3602 3232 3678 interrogatum
3261 3607 3368 3673 est,
3401 3604 3451 3661 si
3473 3603 3583 3661 hoc
3603 3621 3808 3662 verum
3831 3622 3966 3664 esse

2309 3693 2512 3766 possit,
2537 3693 2692 3764 quod
2719 3691 2914 3765 plures
2944 3691 3211 3750 homines
3233 3691 3604 3766 dicunt,quia
3623 3700 3767 3750 sunt
3790 3695 3965 3752 femi-

2309 3801 2396 3838 nae
2424 3799 2551 3854 quae
2582 3780 2866 3837 maleﬁcio
2899 3797 3005 3837 suo
3028 3781 3180 3837 inter
3195 3781 3386 3837 virum
3409 3786 3466 3838 et
3486 3799 3726 3840 uxorem
3749 3784 3963 3841 odium

2307 3869 2786 3927 irreconciliabile
2834 3871 3063 3943 possint
3110 3870 3360 3940 mittere,
3394 3875 3451 3927 et
3499 3870 3964 3930 inenarrabilem

2308 3976 2566 4016 amorem
2601 3959 2812 4014 iterum
2842 3958 2994 4015 inter
3019 3957 3210 4015 virum
3243 3963 3300 4016 et
3332 3960 3611 4017 feminam
3644 3979 3842 4019 serere
3866 3979 3882 4018 :
3905 3967 3966 4020 et

2307 4050 2378 4105 de
2407 4048 2632 4104 caeteris
2662 4065 2788 4120 quae
2820 4047 2955 4104 hinc
2985 4047 3058 4104 ad
3093 4047 3432 4121 qestionem
3461 4049 3778 4108 voluerunt
3806 4067 3966 4125 que-

2307 4141 2500 4194 rentes
2529 4137 2833 4194 deducere.

2918 4245 3334 4303 RESPONSIO.

2377 4351 2656 4426 Relegant
2685 4349 2990 4408 historiam
3023 4351 3156 4408 libri
3191 4352 3416 4428 Regum
3465 4358 3599 4428 post
3645 4362 3960 4430 peccatum

2304 4441 2482 4499 David
2510 4441 2570 4497 in
2599 4440 2917 4496 Bethsabee
2947 4457 3184 4498 uxorem
3215 4441 3384 4512 Urize,
3420 4443 3675 4516 qualiter
3703 4463 3960 4522 sugges-

2301 4532 2458 4588 tione
2488 4528 2703 4586 diaboli
2735 4529 2891 4584 ﬁlius
2921 4529 3109 4602 ipsius
3157 4531 3338 4588 David
3383 4534 3611 4589 Amnon
3656 4535 3959 4593 adamavit

547 4617 692 4709 dicit
719 4637 730 4675 :
771 4642 804 4709 -_
827 4618 970 4686 Huc,
993 4617 1286 4690 inquiens,
1309 4621 1698 4709 accedit,quia
1719 4622 1777 4677 in
1799 4637 1866 4677 eo
1887 4622 2014 4694 ipso
2035 4623 2192 4695 quod
2225 4644 2271 4709 ι)
2302 4637 2561 4676 sororem
2582 4635 2762 4709 suam
2776 4617 3051 4709 Thamar,
3069 4623 3127 4674 et
3142 4619 3386 4709 cons-ilio
3404 4620 3672 4678 Jonadab
3695 4623 3956 4698 ﬁguram

546 4707 660 4764 sibi
692 4707 938 4763 invicem
968 4709 1248 4782 conjuges
1279 4708 1539 4764 debitum
1566 4711 1817 4777 solvunt,
1839 4711 2016 4767 etiam
2048 4713 2098 4768 si
2131 4711 2189 4768 id

545 4795 844 4870 aliquanto
857 4795 1343 4869 intemperantius
1359 4797 1887 4855 etincontinentius
1899 4804 2190 4871 expetant,

543 4887 720 4942 ﬁdem
749 4891 946 4942 tamen
978 4885 1090 4942 sibi
1123 4885 1368 4942 invicem
1402 4885 1633 4955 debent,
1668 4886 1760 4942 cui
1796 4887 1928 4943 ﬁdei
1960 4892 2190 4946 tantum

535 4975 691 5048 juris
722 4973 928 5031 tribuit
945 4974 1351 5048 Apostolus,ut
1363 4991 1490 5030 eam
1505 4979 1852 5048 potestatem
1875 4977 2193 5049 appellaret

541 5065 777 5120 dicens:
801 5063 996 5120 Mulier
1025 5081 1136 5121 non
1165 5064 1326 5120 habet
1349 5072 1659 5136 potestatem
1684 5067 1930 5136 corporis
1956 5069 2067 5133 sui,
2097 5067 2191 5122 sed

538 5155 663 5221 vir,-
691 5155 952 5210 similiter
979 5161 1161 5210 autem
1185 5161 1238 5209 et
1265 5155 1352 5209 vir
1377 5169 1488 5209 non
1536 5153 1693 5209 habet
1727 5158 2042 5225 potestatem
2069 5171 2189 5210 cor-

533 5245 686 5315 poris
731 5245 842 5312 sui,
873 5243 965 5300 sed
1017 5245 1221 5300 mulier
1267 5244 1312 5316 (I
1341 5243 1462 5300 Cor.
1493 5260 1594 5310 vn,
1629 5244 1703 5311 4).
1742 5243 1928 5314 Hujus
1983 5249 2179 5301 autem

536 5331 672 5386 ﬁdei
703 5331 936 5388 violatio
967 5332 1181 5388 dicitur
1209 5331 1588 5400 adulterium,
1621 5348 1755 5387 cum
1795 5330 1883 5387 vel
1933 5333 2178 5405 propriae

533 5415 796 5476 libidinis
825 5419 1130 5491 instinctu,
1153 5421 1240 5477 vel
1269 5420 1469 5477 alienae
1502 5437 1815 5489 consensu,
1841 5436 1975 5475 cum
1999 5420 2178 5478 altero

532 5504 622 5562 vel
653 5506 832 5564 altera
860 5514 1062 5567 contra
1108 5515 1345 5583 pactum
1393 5509 1698 5582 conjugale
1746 5509 2175 5578 concumbitur,

531 5597 708 5668 atque
736 5596 819 5652 ita
846 5599 1134 5674 frangitur
1163 5601 1328 5673 ﬁdes,
1353 5617 1480 5673 quae
1502 5599 1561 5655 in
1585 5599 1760 5654 rebus
1780 5597 1958 5654 etiam
1981 5615 2178 5672 corpo-

2299 4709 2554 4764 tenentis
2573 4706 3090 4779 diaboliperEvam
3113 4706 3356 4765 consilio
3379 4710 3657 4782 peccandi
3679 4712 3956 4770 occiden-

2299 4799 2376 4853 tis
2403 4795 2933 4866 Adam,concubuit
2961 4813 3096 4852 cum
3124 4797 3328 4852 eadem
3359 4813 3557 4856 sorore
3595 4816 3725 4857 sua.
3761 4803 3958 4868 Quam

2299 4891 2528 4942 tantum
2550 4889 2685 4940 ante
2709 4885 3083 4941 concubitum
3104 4884 3402 4959 dilexit,ut
3422 4887 3715 4960 deperiret
3735 4889 3796 4945 in
3817 4907 3955 4947 eam

2297 4976 2482 5044 valde,
2515 4978 2572 5029 et
2599 4978 2905 5046 aegrotaret
2934 4967 3169 5048 propter
3189 4991 3447 5033 amorem
3469 4977 3631 5050 ejus;
3661 4983 3798 5052 post
3818 4997 3958 5036 con-

2297 5063 2560 5121 cubitum
2592 5067 2808 5131 antem,
2843 5079 3078 5120 exesam
3117 5079 3246 5120 eam
3296 5065 3506 5122 habuit
3547 5066 3682 5124 odio
3734 5085 3956 5142 magno

2297 5151 2496 5220 nimis,
2531 5156 2596 5207 ut
2615 5152 2808 5224 majus
2827 5155 2982 5208 esset
3001 5151 3202 5208 odium
3225 5169 3340 5226 quo
3361 5155 3564 5211 oderat
3583 5171 3952 5225 eam,amore

2289 5259 2407 5316 quo
2437 5244 2570 5296 ante
2596 5239 2910 5323 dilexerat:
2934 5257 3062 5312 quas
3091 5240 3380 5300 diabolica
3407 5243 3666 5316 operatio
3696 5261 3804 5318 per
3823 5246 3952 5304 fra-

2287 5330 2582 5388 tricidium
2614 5330 2687 5386 ad
2717 5328 2834 5385 alia
2861 5329 3036 5386 etiam
3069 5329 3242 5404 mala,
3275 5348 3404 5404 quae
3433 5331 3653 5389 ibidem
3695 5331 3952 5393 lectores

2287 5420 2610 5489 inveniunt,
2627 5417 2884 5475 decurrit
2912 5420 2986 5491 (II
3007 5421 3134 5492 Reg.
3166 5423 3314 5490 xm).
3347 5420 3417 5477 Et
3444 5421 3653 5478 beatus
3681 5422 3938 5481 Ambro-

2285 5511 2431 5580 sius,
2461 5507 2674 5584 psalmi
2704 5506 3010 5564 centesimi
3051 5507 3264 5585 decimi
3312 5508 3498 5566 octavi
3541 5523 3781 5568 versum
3813 5511 3940 5583 (92)

2283 5615 2576 5674 exponens
2609 5613 2623 5651 :
2654 5597 2777 5652 Nisi
2803 5595 2944 5668 quod
2975 5596 3064 5652 lea:
3091 5596 3186 5654 tua'
3211 5595 3494 5654 medilmio
3521 5612 3645 5655 ma
3671 5607 3773 5669 est,
3805 5607 3948 5655 hunc

473 5751 482 5765 ,
536 5683 652 5748 reis
679 5688 738 5744 et
765 5686 1008 5762 abjectis
1036 5705 1317 5768 magnum
1347 5687 1528 5748 animi
1569 5679 1792 5748 bonum
1821 5690 1929 5762 est,
1961 5690 2018 5747 et
2047 5687 2175 5749 ideo
2279 5692 2418 5769 forte
2442 5687 2730 5766 periissem
2756 5685 2816 5745 in
2845 5684 3156 5748 humilitate
3178 5701 3320 5759 mea,
3341 5683 3589 5765 loquens
3612 5686 3687 5746 de
3713 5685 3940 5766 Joseph
