4148 6510
281 502 399 561 717

1195 505 1298 566 DE
1343 509 1714 570 DIVOltTIO
1761 509 2135 570 LOTHARII
2184 511 2282 570 ET
2325 511 2786 571 TETBERGIE.

3576 514 3692 573 718

284 632 613 706 perferente
644 634 1041 692 immissiones
1067 653 1170 710 per
1194 639 1432 711 angelos
1463 640 1669 710 malos,
1694 640 1836 697 dicit
1865 641 1937 697 ad
1964 643 2022 711 Α
2049 642 2560 714 phantasmatibus
2594 641 2921 711 diabolicis,
2946 659 3049 715 per
3075 645 3428 701 exorcismos
3456 648 3514 700 et
3541 644 3692 700 anti-

280 721 480 778 locum
508 739 557 777 :«
586 723 810 793 Fertur,
836 724 1131 797 inquiens,
1157 727 1450 798 prophetae
1473 730 1729 798 cuidam,
1751 734 1808 786 et
1827 729 1943 803 ple-

280 811 456 884 rique
486 812 724 867 fuerunt
763 814 917 885 quod
968 814 1129 869 Isaiae
1178 815 1238 870 in
1284 833 1514 873 carcere
1562 818 1770 891 posito,
1803 836 1938 875 cum

280 900 437 956 mole
488 901 855 957 imminentis
904 907 1210 975 urgeretur
1239 904 1417 972 exilii,
1469 906 1685 962 dixisse
1733 907 1939 962 diabo—

276 988 406 1045 lum
444 1007 457 1046 :
493 989 649 1046 054
679 988 780 1045 Dic
810 989 949 1063 quia
973 1008 1088 1047 non
1121 1011 1155 1047 a
1186 992 1431 1049 Domino
1460 994 1690 1050 loeutus
1718 1011 1781 1050 es
1810 1012 1937 1067 quae

284 1079 508 1148 dixisti,
532 1083 591 1135 et
640 1080 905 1136 omnium
936 1080 996 1136 in
1026 1086 1082 1137 te
1124 1086 1349 1139 mentes
1400 1084 1759 1157 affectusque
1807 1101 1937 1140 mu-

284 1169 446 1224 tabo.
474 1190 502 1218 ))

358 1256 472 1312 Sed
495 1261 551 1312 et
572 1256 631 1312 in
654 1257 931 1330 parochia
950 1259 1260 1331 cujusdam
1296 1264 1563 1317 nostrum
1600 1262 1757 1334 quod
1799 1278 1937 1317 nar-

280 1363 489 1402 ramus
519 1346 1150 1421 accideratzquoniam
1183 1350 1421 1421 quidam
1465 1350 1680 1407 nobilis
1727 1367 1938 1423 genere

269 1434 511 1506 juvenis
541 1451 658 1489 non
684 1434 998 1507 ignobilem
1032 1437 1268 1492 natione
1309 1439 1589 1495 feminam
1621 1439 1933 1506 adamavit,

277 1540 460 1596 quam
494 1540 527 1579 a
558 1524 899 1596 parentibus
926 1524 1131 1597 puellae
1164 1525 1429 1599 legaliter
1453 1531 1750 1600 expetens,
1781 1528 1935 1600 apud

279 1616 511 1684 patrem
572 1612 774 1686 petitio
824 1613 954 1684 ejus
1003 1614 1324 1686 praevaluit,
1357 1617 1459 1672 sed
1508 1615 1713 1688 puella:
1752 1621 1939 1673 mater

280 1702 553 1757 eamdem
584 1700 924 1774 petitionem
945 1702 1299 1759 omnimodis
1330 1705 1632 1761 refutavit:
1660 1709 1823 1778 pater
1841 1722 1935 1761 ve-

281 1806 368 1857 ro,
395 1789 553 1860 quod
594 1806 725 1845 raro
765 1789 912 1847 solet
941 1791 1296 1865 contingere,
1320 1793 1378 1848 in
1398 1794 1635 1865 juvenis
1662 1794 1935 1867 precibus

283 1879 600 1935 annuendo
631 1878 952 1952 praevaluit,
985 1881 1086 1953 qui
1136 1886 1269 1954 post
1311 1882 1846 1955 desponsationem,
1879 1888 1937 1939 et

281 1968 440 2024 dotis
470 1967 731 2074 titulum,
854 1969 1195 2070 nuptiarum
1237 1970 1654 2042 celebritatem,
1679 1971 1933 2044 puellam
1963 2008 2011 2074 B

284 2060 516 2113 secreta
559 2057 814 2113 cubiculi
861 2057 1262 2127 introducens,
1295 2059 1454 2115 nullo
1504 2061 1675 2116 modo
1706 2077 1840 2116 cum
1870 2078 1939 2117 ea

286 2145 679 2201 concumbere
696 2161 765 2201 ex
781 2162 941 2202 more
960 2146 1280 2219 praevaluit,
1293 2151 1350 2202 et
1366 2164 1501 2234 cum
1522 2147 1939 2205 irremediabili

287 2234 422 2290 odio
467 2232 767 2290 taediosam
799 2235 979 2291 vitam
1027 2252 1129 2308 per
1178 2232 1482 2292 biennium
1530 2238 1830 2306 ducerent,
1864 2238 1937 2293 ad

284 2322 652 2396 episcopum,
677 2321 817 2395 quia
845 2322 1002 2379 aliud
1029 2326 1154 2395 jam
1182 2324 1317 2381 inde
1348 2325 1660 2381 consilium
1690 2326 1938 2382 inveniri

286 2428 404 2467 non
422 2416 670 2484 poterat,
689 2411 823 2466 hinc
841 2413 1185 2469 necessitate
1201 2418 1442 2486 cogente
1459 2431 1809 2471 concursum
1826 2418 1934 2483 est,

284 2518 422 2556 cum
443 2500 635 2556 verbis
666 2500 968 2570 suasoriis,
993 2503 1333 2574 peccatoriis
1355 2521 1421 2559 ac
1443 2504 1935 2575 minatoriis,quia

284 2589 400 2647 nisi
441 2590 806 2664 permitteret
862 2589 1098 2647 dissolvi
1156 2592 1519 2665 conjugium,
1567 2593 1693 2666 ipse
1749 2592 1936 2665 porri-

281 2684 446 2752 geret
473 2677 889 2753 gladium,quo
911 2680 1095 2751 ﬁeret,
1122 2680 1172 2736 si
1194 2680 1364 2736 aliter
1385 2680 1621 2737 dissolvi
1644 2698 1758 2738 non
1782 2686 1937 2755 pote-

282 2772 397 2837 rat,
418 2766 825 2825 homicidium.
852 2768 1042 2825 Isdem
1071 2773 1267 2825 autem
1296 2768 1625 2842 episcopus,
1650 2769 1802 2825 inter
1821 2769 1937 2825 alia

281 2856 456 2928 plura
466 2855 594 2927 jam
616 2856 688 2913 de
708 2856 929 2914 talibus
944 2858 1161 2914 Satana
1180 2857 1426 2913 faciente
1447 2875 1598 2930 saepe
1618 2859 1930 2926 cribratus,

280 2947 339 3000 et
370 2945 443 3000 ad
477 2945 821 3003 memoriam
851 2947 1135 3003 reducens
1165 2947 1319 3019 quod
1351 2946 1492 3003 dicit
1517 2947 1802 3003 Dominus
1833 2963 1935 3019 per

280 3032 631 3106 prophetam
665 3050 679 3089 :
713 3035 845 3091 Filii
886 3035 1146 3107 hominis,
1173 3035 1394 3108 per/ode
1427 3037 1712 3107 parietem,
1734 3043 1787 3091 et
1813 3034 1936 3091 vide

278 3120 711 3179 abominationes
739 3139 872 3196 quas
908 3125 1123 3196 faciunt
1160 3126 1254 3181 isti
1282 3125 1389 3180 hic.
1422 3126 1486 3181 Et
1511 3141 1636 3180 cum
1662 3124 1932 3197 perfodis-

277 3228 393 3268 sem
436 3212 722 3284 parietem,
751 3220 1009 3285 apparutt
1049 3214 1298 3286 foramen
1326 3214 1543 3282 (Ezech.
1565 3217 1709 3283 vm),
1737 3216 1795 3269 et
1842 3229 1931 3269 re-

279 3298 449 3372 liqua
477 3316 605 3372 quae
637 3299 717 3356 ibi
743 3299 1040 3373 leguntur,
1063 3302 1135 3357 de
1173 3300 1386 3375 placito
1417 3301 1489 3356 ad
1533 3299 1836 3372 placitum,
1860 3301 1933 3356 de

280 3388 603 3461 quaestione
644 3390 714 3445 ad
763 3389 1173 3447 difﬁnitionem
1223 3407 1326 3464 per
1368 3391 1699 3463 frequentes
1745 3394 1932 3446 tracta
1960 3377 2003 3443 C

279 3476 426 3534 talia
446 3477 731 3547 invitavit,
746 3496 935 3552 usque
957 3481 1098 3536 dum
1122 3478 1808 3552 operationesdiabolicai
1830 3478 1933 3534 Dei

279 3566 472 3640 gratia
500 3565 798 3623 dissolutae
848 3571 1009 3637 sunt,
1038 3572 1097 3624 et
1139 3568 1487 3624 concubitus
1536 3567 1595 3622 in
1645 3566 1933 3623 anteriore
1986 3620 1991 3625 .

279 3654 612 3711 concubina
631 3672 766 3711 cum
789 3655 1172 3714 delectatione
1196 3656 1515 3730 passibilis,
1540 3661 1750 3713 etcum
1781 3655 1933 3729 lega-

279 3742 417 3815 liter
436 3746 644 3802 sortita
666 3745 1072 3818 impossibilis,
1091 3750 1225 3818 post
1248 3744 1653 3818 paenitentiam
1672 3750 1731 3803 et
1756 3745 1935 3801 medi-

278 3832 477 3890 cinam
497 3833 979 3904 ecclesiasticam,
991 3834 1193 3907 juveni
1221 3839 1312 3891 est
1353 3851 1487 3890 cum
1528 3851 1705 3891 uxore
1744 3834 1931 3909 possi-

276 3922 418 3980 bilis
449 3923 735 3995 redditus,
756 3927 835 3994 et,
868 3925 1067 3997 fugato
1109 3924 1241 3980 odio
1278 3923 1585 3992 diabolieo,
1608 3924 1933 3998 conjugalis

278 4029 449 4069 amor
490 4013 642 4069 inter
669 4014 950 4087 conjuges
998 4013 1343 4086 integratus,
1377 4029 1533 4069 nunc
1581 4030 1769 4086 usque
1795 4030 1930 4069 cum

276 4101 479 4159 debito
529 4108 725 4159 amore
782 4107 1127 4176 perseverat,
1161 4106 1335 4175 atque
1383 4102 1676 4175 ccnjugati
1734 4100 1932 4158 sobole

276 4207 599 4248 numerosa
627 4193 1019 4265 congaudent.

350 4282 547 4353 Turpe
567 4285 656 4337 est
681 4280 909 4338 fabulas
941 4280 1110 4337 nobis
1141 4284 1307 4337 notas
1347 4280 1578 4349 referre,
1601 4284 1660 4337 et
1688 4279 1928 4353 longum

273 4374 368 4427 est
394 4368 703 4442 sacrilegia
723 4373 1081 4442 computare,
1096 4386 1223 4442 quae
1243 4369 1678 4441 ex,hujusmodi
1700 4370 1770 4425 de
1791 4369 1932 4426 ossi-

272 4458 393 4534 bus
424 4461 1006 4530 mortuorum,atque
1026 4458 1324 4514 cineribus
1352 4457 1820 4531 carbonibusque
1840 4475 1934 4514 cx-

274 4545 680 4617 stinctis,etde
701 4546 928 4621 capillis
950 4551 1124 4619 atque
1145 4546 1281 4620 pilis
1304 4546 1564 4603 locorum
1581 4547 1928 4618 genitalium

270 4636 538 4693 virorum
570 4653 636 4692 ac
666 4635 1192 4705 feminarum,cum
1224 4634 1403 4690 ﬁlulis
1434 4634 1695 4691 colorum
1727 4635 1927 4690 multi-

2049 732 2187 787 dota
2215 730 2503 786 catholica
2531 730 2788 786 restituit
2816 731 3074 786 sanitati.

2119 821 2269 876 Sunt
2298 824 2355 875 et
2382 819 2497 876 alia
2521 838 2647 892 qua:
2680 837 2788 875 nos
2809 820 3085 875 dirimere
3110 837 3176 874 ac
3196 821 3463 890 judicare
3491 839 3692 879 neces-

2048 907 2193 964 sitas
2214 908 2515 980 compulit,
2541 908 2690 964 1355
2715 926 2841 981 qua:
2866 912 3103 981 propter
3127 908 3421 991 nefariam
3440 911 3691 982 turpitu-

2049 997 2245 1052 dinem
2269 997 2457 1052 dicere
2480 996 2757 1052 nolumus
2781 1013 2794 1051 :
2819 1001 2876 1052 et
2895 1000 3034 1051 sunt
3053 996 3393 1067 hujusmodi
3416 992 3695 1052 scelerata

2048 1090 2222 1157 atque
2253 1085 2598 1153 facinorosa,
2626 1102 2753 1157 qum
2785 1089 2850 1140 ut
2869 1085 2941 1140 ad
2975 1084 3243 1139 notitiam
3276 1082 3692 1156 malignorum,

2047 1174 2147 1247 qui
2195 1174 2340 1230 forte
2389 1191 2459 1229 ea
2510 1172 2803 1245 ignorant,
2833 1172 3130 1246 pervenire
3170 1189 3285 1228 non
3316 1171 3565 1241 valeant,
3600 1173 3695 1230 hic

2046 1262 2298 1319 scribere
2323 1263 2783 1334 supersedimus.
2800 1263 2951 1317 Sunt
2971 1265 3250 1334 praeterea
3269 1266 3327 1316 et
3346 1265 3468 1316 tam
3492 1261 3697 1318 imma-

2046 1352 2144 1407 nia
2187 1351 2489 1407 diabolicae
2527 1350 2880 1423 operationis
2937 1354 3206 1422 portenta
3253 1366 3358 1422 per
3403 1349 3693 1423 magicam

2045 1446 2231 1497 artem
2261 1441 2431 1511 facta,
2457 1457 2585 1513 qua:
2619 1440 2689 1495 ad
2744 1456 2851 1495 nos
2892 1443 3379 1511 pervenerunt,ut
3421 1430 3693 1494 credendi

2046 1531 2287 1586 modum
2342 1530 2640 1587 excedant.
2676 1529 2787 1584 Sed
2824 1545 2935 1583 non
2967 1532 3056 1583 est
3086 1526 3303 1599 mirum
3353 1526 3402 1583 si
3451 1527 3511 1581 in
3566 1526 3694 1582 istis

2044 1618 2409 1691 temporibus
2434 1616 2657 1673 ultimis
2678 1617 2820 1672 talia
2844 1615 3158 1671 Antichisti
3203 1616 3515 1671 adventum
3549 1632 3691 1687 prea-

2044 1707 2340 1764 currentia
2372 1704 2845 1778 veniunt,qualia
2884 1703 3169 1759 Dominus
3199 1706 3257 1757 et
3286 1702 3531 1775 apostoli
3563 1704 3691 1774 ejus

2042 1800 2288 1853 ventura
2317 1795 2769 1866 descripserant,
2800 1794 2871 1849 de
2903 1793 3119 1864 quibus
3159 1795 3216 1847 et
3254 1791 3468 1847 Paulus
3499 1792 3641 1847 dicit
3674 1809 3687 1847 :

2042 1887 2181 1942 Nam
2208 1886 2533 1957 mysterium
2568 1884 2692 1955 jam
2734 1889 2987 1955 operatur
3035 1881 3348 1953 iniquitatis
3394 1879 3692 1937 secundum

2043 1977 2411 2048 operationem
2458 1973 2680 2029 Satanw
2729 1973 2790 2027 in
2835 1973 2987 2027 omni
3011 1978 3287 2042 potestate,
3318 1977 3369 2025 et
3411 1971 3610 2039 signis,
3641 1975 3693 2024 et

2042 2063 2312 2137 prodigiis
2338 2061 2610 2117 mendacii
2639 2060 2712 2133 (II
2743 2061 2919 2116 Thess.
2950 2076 3011 2128 ιι,
3031 2060 3117 2130 7);
3152 2063 3211 2113 et
3239 2058 3418 2113 item:
3451 2058 3693 2130 Spiritus

2047 2161 2231 2208 autem
2255 2152 2545 2222 manifeste
2580 2150 2731 2218 dicit,
2766 2150 2899 2221 quia
2930 2148 2990 2202 in
3016 2148 3330 2203 novissimis
3366 2145 3695 2218 temporibus

2045 2241 2294 2298 recedent
2347 2238 2572 2312 quidam
2625 2255 2661 2294 a
2715 2237 2853 2310 ﬁde,
2912 2236 3244 2293 attendentes
3299 2236 3528 2306 spiritus
3582 2234 3694 2305 fal-

2047 2331 2207 2399 laces,
2241 2329 2513 2385 doctrinas
2544 2327 2939 2384 da'moniorum
2971 2325 3016 2397 (ι
3048 2325 3182 2380 Tim.
3215 2341 3293 2389 1v,
3329 2324 3401 2396 1).
3434 2323 3564 2378 Haec
3592 2340 3695 2389 au-

2046 2423 2165 2473 tem
2194 2417 2425 2473 vanitas
2455 2416 2818 2489 magicarum
2871 2412 3086 2469 artium
3134 2429 3203 2467 ex
3251 2411 3567 2480 traditione
3596 2428 3693 2479 an-

2030 2506 2308 2580 ,gelorum
2359 2504 2649 2560 malorum
2680 2502 2740 2559 in
2772 2506 2889 2558 toto
2941 2506 3228 2557 terrarum
3277 2500 3434 2568 orbe,
3456 2504 3693 2569 auctore

2041 2598 2346 2652 Zoroastre
2378 2610 2511 2667 rege
2541 2591 3007 2659 Bactrianorum,
3036 2606 3209 2662 quem
3240 2589 3429 2644 Ninus
3458 2605 3559 2644 rex
3584 2589 3691 2644 As-

2043 2684 2332 2758 syriorum
2375 2682 2574 2755 praelio
2621 2680 2929 2747 interfecit,
2962 2684 3020 2735 et
3051 2682 3434 2752 propagatore
3480 2677 3689 2733 Demo-

2042 2773 2210 2838 crito,
2240 2771 2514 2844 plurimis
2560 2768 2790 2825 saeculis
2817 2766 3018 2824 valuit.
3054 2767 3166 2822 Sed
3220 2767 3373 2839 apud
3419 2764 3686 2838 Assyrios

2041 2861 2270 2918 exculta
2299 2876 2402 2933 per
2424 2859 2641 2914 multos
2662 2856 2981 2913 diabolicos
3001 2855 3155 2911 viros
3175 2854 3303 2923 fuit,
3328 2871 3580 2926 quorum
3604 2853 3687 2908 in-

2038 2954 2268 3005 tantum
2290 2948 2556 3020 prodiere
2570 2944 2990 3002 maleﬁciorum
3024 2947 3281 3011 artes,ut
3310 2942 3512 3008 etiam,
3531 2941 3686 2997 sicut

2040 3055 2222 3111 supra
2248 3036 2526 3103 diximus,
2551 3033 2734 3109 Moysi
2759 3031 3079 3090 simillimis
3108 3031 3293 3104 signis
3325 3030 3681 3099 resisterent,

2037 3130 2329 3183 vertentes
2357 3126 2552 3197 virgas
2579 3123 2640 3178 in
2672 3123 2974 3191 dracones,
3003 3136 3218 3192 aquam
3250 3119 3307 3175 in
3337 3117 3684 3193 sanguinem

2039 3215 2231 3287 (Exod.
2254 3217 2379 3284 vn).
2402 3215 2472 3279 Et
2504 3212 2842 3269 eorumdem
2875 3209 3299 3265 maleﬁciorum
3329 3225 3449 3264 una
3478 3206 3686 3279 impie-

2038 3310 2150 3373 tas,
2183 3308 2249 3360 ut
2277 3303 2608 3360 diversitate
2647 3300 2883 3370 artium,
2909 3299 2991 3354 ita
3019 3302 3077 3355 et
3118 3297 3450 3353 diversitate
3495 3287 3684 3351 nomi-

2042 3411 2183 3449 num
2232 3396 2482 3458 constat,
2515 3389 2668 3447 sicut
2722 3393 2781 3445 et
2833 3387 3047 3462 pagani
3099 3387 3385 3454 doctores,
3416 3388 3474 3457 et
3510 3385 3685 3440 etiam

2042 3480 2356 3538 Christiani
2375 3480 2654 3535 referunt.
2668 3477 2832 3534 Unde
2859 3476 3029 3549 plura
3048 3475 3402 3543 omittentes,
3418 3474 3684 3546 quaedam

2042 3585 2594 3628 commemoramus.
2628 3566 2783 3640 Magi
2814 3570 2973 3635 sunt,
2996 3566 3097 3638 qui
3127 3564 3300 3637 vulgo
3333 3563 3581 3620 maleﬁci
3613 3563 3685 3618 ob

2043 3660 2367 3716 facinorum
2409 3655 2875 3729 magnitudinem
2915 3657 3350 3725 nuncupantur.
3383 3651 3452 3707 Hi
3481 3655 3539 3707 et
3568 3651 3685 3727 ele-

2042 3753 2241 3817 menta
2254 3745 2616 3815 concutiunt,
2632 3744 2873 3800 turbant
2888 3746 3113 3798 mentes
3131 3741 3456 3809 hominum,
3473 3756 3537 3795 ac
3559 3739 3686 3795 sine

2043 3837 2162 3893 ullo
2191 3835 2397 3892 veneni
2430 3835 2667 3901 haustu,
2689 3831 2964 3888 violentia
2994 3835 3224 3886 tantum
3246 3828 3524 3885 carminis
3544 3827 3687 3883 inte-

2042 3926 2285 3982 rimunt.
2312 3921 2705 3979 Necromantii
2745 3924 2901 3989 sunt,
2927 3936 3177 3991 quorum
3224 3912 3686 3990 praecantation'i-

2042 4016 2153 4071 bus
2173 4014 2444 4071 videntur
2463 4008 2791 4067 resuscitati
2814 4006 3027 4063 mortui
3051 4006 3329 4072 divinare,
3342 4009 3399 4061 et
3418 4006 3490 4061 ad
3513 4004 3687 4060 inter-

2042 4108 2242 4177 rogata
2272 4100 2640 4173 respondere.
2673 4094 3076 4171 Hydromantii
3109 4099 3266 4163 sunt,
3290 4094 3390 4167 qui
3428 4093 3489 4180 in
3520 4111 3685 4169 aqua;

2040 4190 2399 4267 inspectione
2419 4189 2660 4245 umbras
2682 4188 3014 4243 daemonum
3039 4188 3298 4252 evocant,
3313 4187 3371 4240 et
3401 4182 3688 4271 imagines

2040 4282 2129 4341 vel
2159 4278 2587 4337 ludiﬁcationes
2618 4292 2819 4332 eorum
2853 4274 2933 4329 ibi
2955 4274 3166 4341 videre,
3190 4277 3249 4329 et
3281 4273 3352 4329 ab
3374 4270 3459 4347 eis
3487 4270 3689 4347 aliqua

2041 4371 2243 4429 audire
2275 4386 2337 4426 se
2368 4366 2694 4440 perhibent.
2720 4365 3138 4432 Incantatores,
3163 4361 3263 4434 qui
3294 4365 3478 4417 artem
3496 4360 3687 4417 verbis

2042 4464 2346 4534 peragunt.
2379 4455 2579 4525 Arioli,
2604 4454 2707 4528 qui
2755 4453 2909 4510 circa
2937 4469 3068 4508 aras
3104 4450 3394 4508 idolorum
3434 4449 3688 4506 nefarias

2039 4566 2240 4622 preces
2270 4547 2570 4614 emittunt,
2600 4549 2657 4600 et
2682 4544 2917 4599 funesta
2945 4540 3233 4598 sacriﬁcia
3263 4541 3534 4608 offerunt,
3567 4538 3687 4595 his-

2039 4655 2153 4712 que
2183 4635 2623 4694 celehritatibus
2669 4634 3002 4688 daemonum
3041 4647 3323 4703 responsa
3371 4628 3684 4701 accipiunt.

271 4725 549 4805 plicium,
572 4728 630 4781 et
659 4724 859 4782 herbis
878 4724 1075 4794 variis,
1101 4740 1167 4781 ac
1195 4723 1463 4780 cocleolis
1485 4728 1543 4779 et
1568 4724 1929 4796 serpentium
1964 4747 2005 4812 D
2039 4726 2372 4799 Aruspices,
2394 4723 2493 4797 qui
2516 4723 2690 4779 horas
2711 4723 2771 4778 in
2797 4721 3041 4794 agendis
3071 4718 3317 4793 negotiis
3338 4722 3395 4774 et
3415 4716 3687 4789 operibus

271 4813 586 4890 particulis
608 4813 952 4887 composita,
979 4831 1113 4873 cum
1138 4812 1499 4869 carminibus
1522 4814 1819 4869 incantata
1839 4814 1931 4869 de-

272 4902 591 4978 prehentes
622 4903 1273 4976 comperimus,quibus
1305 4901 1573 4957 homines
1603 4901 1851 4971 liberati,
1877 4907 1935 4957 et

272 4991 687 5049 benedictione
704 4990 1099 5048 ecclesiastica
1122 4990 1412 5057 medicati,
1435 4992 1625 5063 gratia
1640 4990 1933 5063 conjugali

273 5087 336 5139 et
366 5081 564 5137 debito
597 5080 849 5137 naturali
883 5080 1174 5153 perfuncti
1198 5083 1356 5136 sunt.
1382 5077 1629 5144 Quidam
1652 5078 1826 5134 etiam
1848 5098 1937 5137 ve-

274 5171 474 5229 stibus
500 5170 840 5226 carminatis
872 5170 1287 5241 induebantur,
1311 5167 1393 5224 vel
1429 5168 1931 5241 cooperiebantur,

274 5260 376 5319 alii
410 5264 574 5334 potu,
601 5260 700 5315 alii
724 5262 920 5316 autem
942 5258 1071 5315 cibo
1094 5276 1127 5315 a
1157 5258 1444 5316 sortiariis
1474 5258 1815 5326 dementati,
1840 5258 1936 5314 alii

273 5367 412 5427 vero
444 5354 678 5406 tantum
705 5347 1068 5417 carminibus
1098 5366 1132 5405 a
1161 5347 1360 5421 strigis
1386 5347 1655 5403 fascinati
1685 5352 1741 5403 et
1761 5348 1928 5420 quasi

272 5457 517 5499 enerves
548 5439 737 5496 effecti
766 5438 979 5512 reperti
1006 5441 1144 5495 sunt
1168 5454 1182 5496 :
1206 5436 1445 5510 quidam
1467 5440 1717 5493 autem‘a
1738 5436 1931 5493 lamiis

271 5530 400 5601 sive
428 5528 816 5604 genicialibus
846 5526 1081 5584 feminis
1111 5525 1417 5595 debilitati,
1449 5526 1716 5596 quaedam
1751 5526 1928 5580 etiam

274 5618 511 5691 feminae
540 5635 576 5675 a
604 5617 803 5691 Dusiis
831 5616 893 5673 in
926 5615 1119 5690 specie
1147 5615 1427 5683 virorum,
1451 5629 1700 5685 quorum
1733 5629 1930 5669 amore

274 5690 588 5779 ardebant,
600 5690 978 5764 concubitum
999 5703 1313 5779 pertulisse
1333 5702 1575 5758 inventae
1593 5705 1759 5772 sunt;
1782 5718 1929 5776 quos

268 5780 341 5879 ξι
382 5811 529 5875 quas
575 5794 772 5856 divina
829 5778 1111 5871 potentia,
1158 5789 1509 5869 compressis
1566 5794 1626 5852 et
1683 5778 1927 5869 abjectis

2043 4817 2400 4884 custodiunt,
2424 4814 2526 4886 qui
2555 4816 2688 4869 exta
2724 4811 3016 4885 pecudum
3047 4814 3105 4864 et
3134 4809 3312 4863 ﬁbras
3342 4810 3517 4877 atque
3547 4821 3685 4875 spa-

2042 4908 2218 4975 tulas,
2239 4904 2327 4962 vel
2352 4909 2557 4960 caetera
2581 4918 2825 4975 quaeque
2855 4898 3194 4972 inspiciunt,
3216 4900 3273 4952 et
3292 4912 3359 4951 ex
3380 4893 3464 4950 eis
3490 4893 3689 4961 futura

2043 4994 2385 5068 praedicunt.
2405 4993 2670 5063 Augures
2687 4992 2847 5056 sunt,
2864 4986 2962 5059 qui
2982 4984 3209 5039 volatus
3227 4981 3422 5037 avium
3441 4983 3499 5033 et
3516 4994 3686 5068 voces

2044 5067 2373 5149 attendunt,
2399 5097 2649 5153 quorum
2704 5093 2886 5132 unum
2918 5090 3103 5145 genus
3152 5072 3223 5126 ad
3253 5068 3471 5137 oculos,
3504 5067 3562 5122 id
3594 5071 3686 5141 est

2043 5173 2271 5230 volatus
2301 5172 2516 5240 avium,
2541 5169 2788 5224 alterum
2819 5165 2892 5219 ad
2923 5179 3114 5230 aures,
3149 5160 3205 5214 id
3235 5164 3322 5214 est
3352 5175 3458 5213 vox
3488 5157 3683 5233 avium

2046 5263 2314 5336 pertinet.
2344 5261 2493 5316 Sunt
2521 5262 2578 5314 et
2616 5254 2992 5329 pythonissae,
3017 5267 3142 5322 quae
3181 5253 3238 5302 et
3274 5246 3681 5322 ventriloquae‘;

2040 5356 2179 5410 sunt
2224 5355 2282 5406 et
2330 5346 2628 5419 astrologi,
2661 5362 2727 5400 eo
2757 5341 2910 5414 quod
2968 5339 3029 5394 in
3078 5337 3252 5394 astris
3298 5340 3682 5409 augurentur.

2040 5442 2189 5497 Sunt
2218 5441 2277 5495 et
2308 5436 2408 5510 qui
2438 5434 2563 5492 dies
2593 5431 2877 5488 natalium
2909 5425 3299 5495 considerant,
3323 5428 3380 5480 ct
3405 5423 3506 5497 qui
3537 5423 3688 5481 side-

2039 5546 2171 5584 rum
2203 5542 2443 5584 cursum
2489 5523 2547 5578 in
2595 5516 2971 5576 nascentibus
3017 5515 3345 5583 observant,
3378 5514 3479 5587 qui
3510 5512 3684 5588 vulgo

2038 5614 2437 5673 mathematici
2468 5614 2766 5668 vocantur.
2790 5607 2940 5663 Sunt
2958 5608 3017 5661 et
3036 5604 3363 5679 horoscopi,
3387 5603 3488 5677 qui
3510 5603 3685 5679 horas

2038 5704 2360 5764 nativitatis
2376 5688 2754 5775 speculantur
2769 5694 3045 5753 dissimili
3064 5698 3121 5750 et
3136 5693 3363 5752 diverso
3384 5695 3522 5754 fato.
3537 5695 3688 5772 Sunt

2036 5787 2095 5859 et
2125 5790 2405 5871 sortilegi,
2435 5790 2538 5866 qui
2586 5787 2698 5850 sub
2749 5785 2988 5850 nomine
3033 5785 3179 5846 ﬁctae
3228 5784 3548 5865 religionis,
3581 5801 3687 5864 per
