  <div class='ocr_page' id='page_1' title='image "/cluster/home/n/w/nwhite01/storage/ocr_20150623/125/umn.31951002477418t/405.png"; bbox 0 0 4148 6460; ppageno 0'>
   <div class='ocr_carea' id='block_1_1' title="bbox 414 388 532 450">
    <p class='ocr_par' dir='ltr' id='par_1_1' title="bbox 414 388 532 450">
     <span class='ocr_line' id='line_1_1' title="bbox 414 388 532 450; baseline 0.025 -3"><span class='ocrx_word' id='word_1_1' title='bbox 414 388 532 450; x_wconf 78' lang='grc'><strong>’⁸123</strong></span> 
     </span>
    </p>
   </div>
   <div class='ocr_carea' id='block_1_2' title="bbox 1341 377 2880 488">
    <p class='ocr_par' dir='ltr' id='par_1_2' title="bbox 1341 377 2880 488">
     <span class='ocr_line' id='line_1_2' title="bbox 1341 377 2880 488; baseline -0.003 -44"><span class='ocrx_word' id='word_1_2' title='bbox 1341 382 1719 445; x_wconf 79' lang='lat' dir='ltr'><strong>HINCMABI</strong></span> <span class='ocrx_word' id='word_1_3' title='bbox 1761 377 2227 488; x_wconf 41' lang='lat' dir='ltr'><strong>RHENENSIS‘</strong></span> <span class='ocrx_word' id='word_1_4' title='bbox 2247 377 2715 441; x_wconf 78' lang='lat' dir='ltr'><strong>ARCHIEPISC</strong></span> <span class='ocrx_word' id='word_1_5' title='bbox 2729 378 2880 441; x_wconf 83' lang='lat' dir='ltr'><strong>0P1.</strong></span> 
     </span>
    </p>
   </div>
   <div class='ocr_carea' id='block_1_3' title="bbox 3703 379 3828 441">
    <p class='ocr_par' dir='ltr' id='par_1_3' title="bbox 3703 379 3828 441">
     <span class='ocr_line' id='line_1_3' title="bbox 3703 379 3828 441; baseline 0.016 -2"><span class='ocrx_word' id='word_1_6' title='bbox 3703 379 3828 441; x_wconf 71' lang='grc'><strong>’724</strong></span> 
     </span>
    </p>
   </div>
   <div class='ocr_carea' id='block_1_4' title="bbox 415 510 3830 600">
    <p class='ocr_par' dir='ltr' id='par_1_4' title="bbox 415 510 3830 600">
     <span class='ocr_line' id='line_1_4' title="bbox 415 510 3830 600; baseline -0.002 -24"><span class='ocrx_word' id='word_1_7' title='bbox 415 518 604 576; x_wconf 91' lang='lat' dir='ltr'><strong>holica</strong></span> <span class='ocrx_word' id='word_1_8' title='bbox 623 516 1050 600; x_wconf 84' lang='lat' dir='ltr'><strong>facinorositate</strong></span> <span class='ocrx_word' id='word_1_9' title='bbox 1062 515 1452 590; x_wconf 88' lang='lat' dir='ltr'><strong>completa,ac</strong></span> <span class='ocrx_word' id='word_1_10' title='bbox 1475 515 1702 572; x_wconf 92' lang='lat' dir='ltr'><strong>modico</strong></span> <span class='ocrx_word' id='word_1_11' title='bbox 1725 516 2060 571; x_wconf 72' lang='lat' dir='ltr'><strong>transeunte</strong></span> <span class='ocrx_word' id='word_1_12' title='bbox 2089 511 2144 579; x_wconf 80' lang='grc' dir='ltr'><strong>Α</strong></span> <span class='ocrx_word' id='word_1_13' title='bbox 2172 517 2305 584; x_wconf 90' lang='lat' dir='ltr'><strong>post</strong></span> <span class='ocrx_word' id='word_1_14' title='bbox 2334 530 2552 586; x_wconf 91' lang='lat' dir='ltr'><strong>paucos</strong></span> <span class='ocrx_word' id='word_1_15' title='bbox 2581 511 2708 570; x_wconf 91' lang='lat' dir='ltr'><strong>dies</strong></span> <span class='ocrx_word' id='word_1_16' title='bbox 2736 510 2992 570; x_wconf 88' lang='lat' dir='ltr'><strong>visitavit</strong></span> <span class='ocrx_word' id='word_1_17' title='bbox 3019 527 3178 581; x_wconf 88' lang='lat' dir='ltr'><strong>eum,</strong></span> <span class='ocrx_word' id='word_1_18' title='bbox 3208 515 3267 569; x_wconf 91' lang='lat' dir='ltr'><strong>et</strong></span> <span class='ocrx_word' id='word_1_19' title='bbox 3295 510 3438 569; x_wconf 84' lang='lat' dir='ltr'><strong>dicit</strong></span> <span class='ocrx_word' id='word_1_20' title='bbox 3470 528 3482 570; x_wconf 89' lang='lat'><strong>:</strong></span> <span class='ocrx_word' id='word_1_21' title='bbox 3520 513 3830 581; x_wconf 86' lang='lat' dir='ltr'><strong>Quomodo</strong></span> 
     </span>
    </p>
   </div>
   <div class='ocr_carea' id='block_1_5' title="bbox 415 601 2059 681">
    <p class='ocr_par' dir='ltr' id='par_1_5' title="bbox 415 601 2059 681">
     <span class='ocr_line' id='line_1_5' title="bbox 415 601 2059 681; baseline -0.004 -17"><span class='ocrx_word' id='word_1_22' title='bbox 415 612 694 681; x_wconf 88' lang='lat' dir='ltr'><strong>tempore,</strong></span> <span class='ocrx_word' id='word_1_23' title='bbox 726 606 1069 680; x_wconf 89' lang='lat' dir='ltr'><strong>designatus</strong></span> <span class='ocrx_word' id='word_1_24' title='bbox 1100 609 1188 661; x_wconf 90' lang='lat' dir='ltr'><strong>est</strong></span> <span class='ocrx_word' id='word_1_25' title='bbox 1217 623 1252 660; x_wconf 89' lang='lat' dir='ltr'><strong>a</strong></span> <span class='ocrx_word' id='word_1_26' title='bbox 1281 603 1636 678; x_wconf 90' lang='lat' dir='ltr'><strong>quibusdam</strong></span> <span class='ocrx_word' id='word_1_27' title='bbox 1667 620 1811 676; x_wconf 89' lang='lat' dir='ltr'><strong>puer</strong></span> <span class='ocrx_word' id='word_1_28' title='bbox 1831 619 1944 658; x_wconf 91' lang='lat' dir='ltr'><strong>non</strong></span> <span class='ocrx_word' id='word_1_29' title='bbox 1975 601 2059 657; x_wconf 90' lang='lat' dir='ltr'><strong>in-</strong></span> 
     </span>
    </p>
   </div>
   <div class='ocr_carea' id='block_1_6' title="bbox 415 692 2055 768">
    <p class='ocr_par' dir='ltr' id='par_1_6' title="bbox 415 692 2055 768">
     <span class='ocr_line' id='line_1_6' title="bbox 415 692 2055 768; baseline -0.004 -15"><span class='ocrx_word' id='word_1_30' title='bbox 415 697 591 754; x_wconf 88' lang='lat' dir='ltr'><strong>troire</strong></span> <span class='ocrx_word' id='word_1_31' title='bbox 617 695 676 752; x_wconf 93' lang='lat' dir='ltr'><strong>in</strong></span> <span class='ocrx_word' id='word_1_32' title='bbox 709 695 1038 762; x_wconf 90' lang='lat' dir='ltr'><strong>ecclesiam,</strong></span> <span class='ocrx_word' id='word_1_33' title='bbox 1071 712 1261 768; x_wconf 91' lang='lat' dir='ltr'><strong>neque</strong></span> <span class='ocrx_word' id='word_1_34' title='bbox 1309 692 1779 767; x_wconf 82' lang='lat' dir='ltr'><strong>appropinquare</strong></span> <span class='ocrx_word' id='word_1_35' title='bbox 1812 693 2055 748; x_wconf 89' lang='lat' dir='ltr'><strong>immor-</strong></span> 
     </span>
    </p>
   </div>
   <div class='ocr_carea' id='block_1_7' title="bbox 415 781 2060 856">
    <p class='ocr_par' dir='ltr' id='par_1_7' title="bbox 415 781 2060 856">
     <span class='ocr_line' id='line_1_7' title="bbox 415 781 2060 856; baseline -0.003 -15"><span class='ocrx_word' id='word_1_36' title='bbox 415 785 634 841; x_wconf 83' lang='lat' dir='ltr'><strong>talibus</strong></span> <span class='ocrx_word' id='word_1_37' title='bbox 653 787 712 840; x_wconf 88' lang='lat' dir='ltr'><strong>et</strong></span> <span class='ocrx_word' id='word_1_38' title='bbox 733 783 974 839; x_wconf 83' lang='lat' dir='ltr'><strong>vivificis</strong></span> <span class='ocrx_word' id='word_1_39' title='bbox 998 782 1310 856; x_wconf 77' lang='lat' dir='ltr'><strong>mysteriis.</strong></span> <span class='ocrx_word' id='word_1_40' title='bbox 1339 785 1409 838; x_wconf 87' lang='lat' dir='ltr'><strong>Et</strong></span> <span class='ocrx_word' id='word_1_41' title='bbox 1428 782 1631 838; x_wconf 90' lang='lat' dir='ltr'><strong>dicunt</strong></span> <span class='ocrx_word' id='word_1_42' title='bbox 1649 781 1874 838; x_wconf 70' lang='lat' dir='ltr'><strong>miserae</strong></span> <span class='ocrx_word' id='word_1_43' title='bbox 1906 781 2060 837; x_wconf 74' lang='lat'><strong>600</strong></span> 
     </span>
    </p>
   </div>
   <div class='ocr_carea' id='block_1_8' title="bbox 417 869 2058 946">
    <p class='ocr_par' dir='ltr' id='par_1_8' title="bbox 417 869 2058 946">
     <span class='ocr_line' id='line_1_8' title="bbox 417 869 2058 946; baseline -0.005 -16"><span class='ocrx_word' id='word_1_44' title='bbox 417 873 652 946; x_wconf 89' lang='lat' dir='ltr'><strong>conjugi</strong></span> <span class='ocrx_word' id='word_1_45' title='bbox 675 873 804 944; x_wconf 87' lang='lat' dir='ltr'><strong>ejus</strong></span> <span class='ocrx_word' id='word_1_46' title='bbox 827 889 840 927; x_wconf 89' lang='lat'><strong><em>:</em></strong></span> <span class='ocrx_word' id='word_1_47' title='bbox 867 871 995 927; x_wconf 89' lang='lat' dir='ltr'><strong>Scis</strong></span> <span class='ocrx_word' id='word_1_48' title='bbox 1025 871 1166 944; x_wconf 85' lang='lat' dir='ltr'><strong>quia</strong></span> <span class='ocrx_word' id='word_1_49' title='bbox 1184 871 1271 926; x_wconf 90' lang='lat' dir='ltr'><strong>vir</strong></span> <span class='ocrx_word' id='word_1_50' title='bbox 1290 875 1448 939; x_wconf 92' lang='lat' dir='ltr'><strong>tuus,</strong></span> <span class='ocrx_word' id='word_1_51' title='bbox 1473 887 1646 943; x_wconf 91' lang='lat' dir='ltr'><strong>quem</strong></span> <span class='ocrx_word' id='word_1_52' title='bbox 1673 869 1919 942; x_wconf 87' lang='lat' dir='ltr'><strong>elegisti,</strong></span> <span class='ocrx_word' id='word_1_53' title='bbox 1944 885 2058 924; x_wconf 93' lang='lat' dir='ltr'><strong>non</strong></span> 
     </span>
    </p>
   </div>
   <div class='ocr_carea' id='block_1_9' title="bbox 418 957 2063 1033">
    <p class='ocr_par' dir='ltr' id='par_1_9' title="bbox 418 957 2063 1033">
     <span class='ocr_line' id='line_1_9' title="bbox 418 957 2063 1033; baseline -0.004 -15"><span class='ocrx_word' id='word_1_54' title='bbox 418 967 508 1018; x_wconf 92' lang='lat' dir='ltr'><strong>est</strong></span> <span class='ocrx_word' id='word_1_55' title='bbox 537 960 926 1029; x_wconf 83' lang='lat' dir='ltr'><strong>Christianus,</strong></span> <span class='ocrx_word' id='word_1_56' title='bbox 958 961 1057 1016; x_wconf 86' lang='lat' dir='ltr'><strong>sed</strong></span> <span class='ocrx_word' id='word_1_57' title='bbox 1118 961 1462 1033; x_wconf 89' lang='lat' dir='ltr'><strong>peregrinus</strong></span> <span class='ocrx_word' id='word_1_58' title='bbox 1517 959 1650 1015; x_wconf 84' lang='lat' dir='ltr'><strong>ﬁdei</strong></span> <span class='ocrx_word' id='word_1_59' title='bbox 1700 963 1759 1014; x_wconf 93' lang='lat' dir='ltr'><strong>et</strong></span> <span class='ocrx_word' id='word_1_60' title='bbox 1788 957 2014 1014; x_wconf 88' lang='lat' dir='ltr'><strong>alienus</strong></span> <span class='ocrx_word' id='word_1_61' title='bbox 2035 957 2063 1012; x_wconf 87' lang='lat'><strong>?</strong></span> 
     </span>
    </p>
   </div>
   <div class='ocr_carea' id='block_1_10' title="bbox 419 1047 2060 1122">
    <p class='ocr_par' dir='ltr' id='par_1_10' title="bbox 419 1047 2060 1122">
     <span class='ocr_line' id='line_1_10' title="bbox 419 1047 2060 1122; baseline -0.003 -15"><span class='ocrx_word' id='word_1_62' title='bbox 419 1051 819 1107; x_wconf 88' lang='lat' dir='ltr'><strong>Tenebrarum</strong></span> <span class='ocrx_word' id='word_1_63' title='bbox 852 1065 988 1122; x_wconf 89' lang='lat' dir='ltr'><strong>ergo</strong></span> <span class='ocrx_word' id='word_1_64' title='bbox 1020 1053 1076 1104; x_wconf 90' lang='lat' dir='ltr'><strong>et</strong></span> <span class='ocrx_word' id='word_1_65' title='bbox 1101 1047 1381 1105; x_wconf 66' lang='lat' dir='ltr'><strong>doloresaa</strong></span> <span class='ocrx_word' id='word_1_66' title='bbox 1426 1048 1608 1122; x_wconf 67' lang='lat' dir='ltr'><strong>plagae</strong></span> <span class='ocrx_word' id='word_1_67' title='bbox 1657 1047 1895 1120; x_wconf 87' lang='lat' dir='ltr'><strong>repleta,</strong></span> <span class='ocrx_word' id='word_1_68' title='bbox 1930 1063 2060 1118; x_wconf 81' lang='lat' dir='ltr'><strong>pro-</strong></span> 
     </span>
    </p>
   </div>
   <div class='ocr_carea' id='block_1_11' title="bbox 421 1135 2061 1210">
    <p class='ocr_par' dir='ltr' id='par_1_11' title="bbox 421 1135 2061 1210">
     <span class='ocr_line' id='line_1_11' title="bbox 421 1135 2061 1210; baseline -0.002 -17"><span class='ocrx_word' id='word_1_69' title='bbox 421 1137 634 1194; x_wconf 80' lang='lat' dir='ltr'><strong>sternit</strong></span> <span class='ocrx_word' id='word_1_70' title='bbox 664 1154 726 1193; x_wconf 91' lang='lat' dir='ltr'><strong>se</strong></span> <span class='ocrx_word' id='word_1_71' title='bbox 755 1137 817 1192; x_wconf 91' lang='lat' dir='ltr'><strong>in</strong></span> <span class='ocrx_word' id='word_1_72' title='bbox 845 1137 1116 1206; x_wconf 91' lang='lat' dir='ltr'><strong>humum,</strong></span> <span class='ocrx_word' id='word_1_73' title='bbox 1151 1142 1208 1194; x_wconf 92' lang='lat' dir='ltr'><strong>et</strong></span> <span class='ocrx_word' id='word_1_74' title='bbox 1232 1137 1406 1210; x_wconf 59' lang='lat' dir='ltr'><strong>coepit</strong></span> <span class='ocrx_word' id='word_1_75' title='bbox 1449 1137 1778 1209; x_wconf 83' lang='lat' dir='ltr'><strong>discerpere</strong></span> <span class='ocrx_word' id='word_1_76' title='bbox 1809 1135 2061 1208; x_wconf 89' lang='lat' dir='ltr'><strong>seipsam</strong></span> 
     </span>
    </p>
   </div>
   <div class='ocr_carea' id='block_1_12' title="bbox 422 1225 2060 1298">
    <p class='ocr_par' dir='ltr' id='par_1_12' title="bbox 422 1225 2060 1298">
     <span class='ocr_line' id='line_1_12' title="bbox 422 1225 2060 1298; baseline -0.001 -17"><span class='ocrx_word' id='word_1_77' title='bbox 422 1225 682 1298; x_wconf 90' lang='lat' dir='ltr'><strong>ungulis,</strong></span> <span class='ocrx_word' id='word_1_78' title='bbox 705 1229 764 1282; x_wconf 89' lang='lat' dir='ltr'><strong>et</strong></span> <span class='ocrx_word' id='word_1_79' title='bbox 780 1230 1082 1298; x_wconf 82' lang='lat' dir='ltr'><strong>percutere</strong></span> <span class='ocrx_word' id='word_1_80' title='bbox 1105 1230 1307 1298; x_wconf 91' lang='lat' dir='ltr'><strong>pectus</strong></span> <span class='ocrx_word' id='word_1_81' title='bbox 1330 1243 1396 1282; x_wconf 92' lang='lat' dir='ltr'><strong>ac</strong></span> <span class='ocrx_word' id='word_1_82' title='bbox 1416 1226 1706 1288; x_wconf 81' lang='lat' dir='ltr'><strong>clamare:</strong></span> <span class='ocrx_word' id='word_1_83' title='bbox 1737 1225 1917 1281; x_wconf 90' lang='lat' dir='ltr'><strong>Nemo</strong></span> <span class='ocrx_word' id='word_1_84' title='bbox 1947 1241 2060 1280; x_wconf 89' lang='lat' dir='ltr'><strong>non</strong></span> 
     </span>
    </p>
   </div>
   <div class='ocr_carea' id='block_1_13' title="bbox 421 1311 2066 1388">
    <p class='ocr_par' dir='ltr' id='par_1_13' title="bbox 421 1311 2066 1388">
     <span class='ocr_line' id='line_1_13' title="bbox 421 1311 2066 1388; baseline -0.001 -18"><span class='ocrx_word' id='word_1_85' title='bbox 421 1314 700 1370; x_wconf 88' lang='lat' dir='ltr'><strong>obediens</strong></span> <span class='ocrx_word' id='word_1_86' title='bbox 713 1311 1052 1386; x_wconf 85' lang='lat' dir='ltr'><strong>parentibus</strong></span> <span class='ocrx_word' id='word_1_87' title='bbox 1065 1314 1263 1371; x_wconf 89' lang='lat' dir='ltr'><strong>salvus</strong></span> <span class='ocrx_word' id='word_1_88' title='bbox 1279 1315 1390 1370; x_wconf 86' lang='lat' dir='ltr'><strong>fuit</strong></span> <span class='ocrx_word' id='word_1_89' title='bbox 1405 1333 1478 1370; x_wconf 93' lang='lat' dir='ltr'><strong>un</strong></span> <span class='ocrx_word' id='word_1_90' title='bbox 1489 1312 1832 1388; x_wconf 90' lang='lat' dir='ltr'><strong>quam.Quis</strong></span> <span class='ocrx_word' id='word_1_91' title='bbox 1843 1331 2066 1369; x_wconf 90' lang='lat' dir='ltr'><strong>annun-</strong></span> 
     </span>
    </p>
   </div>
   <div class='ocr_carea' id='block_1_14' title="bbox 422 1401 2068 1475">
    <p class='ocr_par' dir='ltr' id='par_1_14' title="bbox 422 1401 2068 1475">
     <span class='ocr_line' id='line_1_14' title="bbox 422 1401 2068 1475; baseline -0.001 -17"><span class='ocrx_word' id='word_1_92' title='bbox 422 1403 593 1458; x_wconf 90' lang='lat' dir='ltr'><strong>tiabit</strong></span> <span class='ocrx_word' id='word_1_93' title='bbox 604 1403 754 1475; x_wconf 91' lang='lat' dir='ltr'><strong>patri</strong></span> <span class='ocrx_word' id='word_1_94' title='bbox 777 1419 906 1460; x_wconf 90' lang='lat' dir='ltr'><strong>meo</strong></span> <span class='ocrx_word' id='word_1_95' title='bbox 924 1419 1115 1459; x_wconf 87' lang='lat' dir='ltr'><strong>meam</strong></span> <span class='ocrx_word' id='word_1_96' title='bbox 1133 1403 1533 1460; x_wconf 88' lang='lat' dir='ltr'><strong>confusionem</strong></span> <span class='ocrx_word' id='word_1_97' title='bbox 1545 1403 1574 1459; x_wconf 89' lang='lat'><strong>?</strong></span> <span class='ocrx_word' id='word_1_98' title='bbox 1585 1403 1707 1460; x_wconf 87' lang='lat' dir='ltr'><strong>Heu</strong></span> <span class='ocrx_word' id='word_1_99' title='bbox 1725 1401 1868 1458; x_wconf 90' lang='lat' dir='ltr'><strong>mihi</strong></span> <span class='ocrx_word' id='word_1_100' title='bbox 1886 1403 2068 1458; x_wconf 88' lang='lat' dir='ltr'><strong>mise-</strong></span> 
     </span>
    </p>
   </div>
   <div class='ocr_carea' id='block_1_15' title="bbox 425 1491 2062 1566">
    <p class='ocr_par' dir='ltr' id='par_1_15' title="bbox 425 1491 2062 1566">
     <span class='ocr_line' id='line_1_15' title="bbox 425 1491 2062 1566; baseline 0 -20"><span class='ocrx_word' id='word_1_101' title='bbox 425 1491 587 1560; x_wconf 72' lang='lat' dir='ltr'><strong>rae,in</strong></span> <span class='ocrx_word' id='word_1_102' title='bbox 611 1495 891 1564; x_wconf 90' lang='lat' dir='ltr'><strong>quantam</strong></span> <span class='ocrx_word' id='word_1_103' title='bbox 915 1492 1372 1565; x_wconf 83' lang='lat' dir='ltr'><strong>profunditatem</strong></span> <span class='ocrx_word' id='word_1_104' title='bbox 1399 1491 1742 1566; x_wconf 90' lang='lat' dir='ltr'><strong>perditionis</strong></span> <span class='ocrx_word' id='word_1_105' title='bbox 1755 1491 2025 1548; x_wconf 88' lang='lat' dir='ltr'><strong>descendi</strong></span> <span class='ocrx_word' id='word_1_106' title='bbox 2049 1491 2062 1546; x_wconf 76' lang='grc' dir='ltr'><strong>Ξ</strong></span> 
     </span>
    </p>
   </div>
   <div class='ocr_carea' id='block_1_16' title="bbox 423 1580 2068 1654">
    <p class='ocr_par' dir='ltr' id='par_1_16' title="bbox 423 1580 2068 1654">
     <span class='ocr_line' id='line_1_16' title="bbox 423 1580 2068 1654; baseline 0 -18"><span class='ocrx_word' id='word_1_107' title='bbox 423 1583 540 1636; x_wconf 86' lang='lat' dir='ltr'><strong>Cur</strong></span> <span class='ocrx_word' id='word_1_108' title='bbox 569 1584 706 1636; x_wconf 88' lang='lat' dir='ltr'><strong>nata</strong></span> <span class='ocrx_word' id='word_1_109' title='bbox 731 1585 950 1648; x_wconf 89' lang='lat' dir='ltr'><strong>sum,et</strong></span> <span class='ocrx_word' id='word_1_110' title='bbox 978 1585 1117 1637; x_wconf 90' lang='lat' dir='ltr'><strong>nata</strong></span> <span class='ocrx_word' id='word_1_111' title='bbox 1147 1581 1423 1638; x_wconf 90' lang='lat' dir='ltr'><strong>continuo</strong></span> <span class='ocrx_word' id='word_1_112' title='bbox 1455 1585 1620 1654; x_wconf 88' lang='lat' dir='ltr'><strong>rapta</strong></span> <span class='ocrx_word' id='word_1_113' title='bbox 1641 1599 1754 1638; x_wconf 91' lang='lat' dir='ltr'><strong>non</strong></span> <span class='ocrx_word' id='word_1_114' title='bbox 1789 1580 1871 1636; x_wconf 88' lang='lat' dir='ltr'><strong>fui</strong></span> <span class='ocrx_word' id='word_1_115' title='bbox 1891 1581 1920 1636; x_wconf 92' lang='lat'><strong>?</strong></span> <span class='ocrx_word' id='word_1_116' title='bbox 1950 1581 2068 1636; x_wconf 89' lang='lat' dir='ltr'><strong>Ista</strong></span> 
     </span>
    </p>
   </div>
   <div class='ocr_carea' id='block_1_17' title="bbox 425 1667 2062 1743">
    <p class='ocr_par' dir='ltr' id='par_1_17' title="bbox 425 1667 2062 1743">
     <span class='ocr_line' id='line_1_17' title="bbox 425 1667 2062 1743; baseline -0.002 -17"><span class='ocrx_word' id='word_1_117' title='bbox 425 1686 562 1743; x_wconf 87' lang='lat' dir='ltr'><strong>ergo</strong></span> <span class='ocrx_word' id='word_1_118' title='bbox 593 1667 898 1725; x_wconf 80' lang='lat' dir='ltr'><strong>lamentari</strong></span> <span class='ocrx_word' id='word_1_119' title='bbox 931 1686 1058 1726; x_wconf 90' lang='lat' dir='ltr'><strong>eam</strong></span> <span class='ocrx_word' id='word_1_120' title='bbox 1090 1670 1324 1726; x_wconf 88' lang='lat' dir='ltr'><strong>discens</strong></span> <span class='ocrx_word' id='word_1_121' title='bbox 1371 1669 1770 1726; x_wconf 91' lang='lat' dir='ltr'><strong>erratissimus</strong></span> <span class='ocrx_word' id='word_1_122' title='bbox 1797 1669 1886 1724; x_wconf 90' lang='lat' dir='ltr'><strong>vir</strong></span> <span class='ocrx_word' id='word_1_123' title='bbox 1914 1669 2062 1739; x_wconf 84' lang='lat' dir='ltr'><strong>ejus,</strong></span> 
     </span>
    </p>
   </div>
   <div class='ocr_carea' id='block_1_18' title="bbox 425 1757 2066 1815">
    <p class='ocr_par' dir='ltr' id='par_1_18' title="bbox 425 1757 2066 1815">
     <span class='ocr_line' id='line_1_18' title="bbox 425 1757 2066 1815; baseline -0.001 -1"><span class='ocrx_word' id='word_1_124' title='bbox 425 1757 755 1814; x_wconf 89' lang='lat' dir='ltr'><strong>accucurrit</strong></span> <span class='ocrx_word' id='word_1_125' title='bbox 784 1759 857 1814; x_wconf 90' lang='lat' dir='ltr'><strong>ad</strong></span> <span class='ocrx_word' id='word_1_126' title='bbox 887 1775 1014 1814; x_wconf 90' lang='lat' dir='ltr'><strong>eam</strong></span> <span class='ocrx_word' id='word_1_127' title='bbox 1046 1759 1403 1814; x_wconf 91' lang='lat' dir='ltr'><strong>contendens</strong></span> <span class='ocrx_word' id='word_1_128' title='bbox 1437 1775 1553 1814; x_wconf 89' lang='lat' dir='ltr'><strong>non</strong></span> <span class='ocrx_word' id='word_1_129' title='bbox 1584 1757 1784 1815; x_wconf 81' lang='lat' dir='ltr'><strong>haberi</strong></span> <span class='ocrx_word' id='word_1_130' title='bbox 1815 1759 1897 1814; x_wconf 88' lang='lat' dir='ltr'><strong>ita</strong></span> <span class='ocrx_word' id='word_1_131' title='bbox 1919 1757 2066 1814; x_wconf 91' lang='lat' dir='ltr'><strong>veri-</strong></span> 
     </span>
    </p>
   </div>
   <div class='ocr_carea' id='block_1_19' title="bbox 2166 601 3832 677">
    <p class='ocr_par' dir='ltr' id='par_1_19' title="bbox 2166 601 3832 677">
     <span class='ocr_line' id='line_1_19' title="bbox 2166 601 3832 677; baseline 0.001 -19"><span class='ocrx_word' id='word_1_132' title='bbox 2166 603 2369 668; x_wconf 89' lang='lat' dir='ltr'><strong>habes,</strong></span> <span class='ocrx_word' id='word_1_133' title='bbox 2393 601 2522 658; x_wconf 86' lang='lat' dir='ltr'><strong>ﬁli?</strong></span> <span class='ocrx_word' id='word_1_134' title='bbox 2543 601 2694 658; x_wconf 87' lang='lat' dir='ltr'><strong>Dicit</strong></span> <span class='ocrx_word' id='word_1_135' title='bbox 2713 601 2764 657; x_wconf 90' lang='lat' dir='ltr'><strong>ei</strong></span> <span class='ocrx_word' id='word_1_136' title='bbox 2791 619 2804 658; x_wconf 87' lang='lat'>:</span> <span class='ocrx_word' id='word_1_137' title='bbox 2831 606 3002 658; x_wconf 90' lang='lat' dir='ltr'><strong>Pater</strong></span> <span class='ocrx_word' id='word_1_138' title='bbox 3021 607 3246 674; x_wconf 89' lang='lat' dir='ltr'><strong>sancte,</strong></span> <span class='ocrx_word' id='word_1_139' title='bbox 3269 619 3304 658; x_wconf 89' lang='lat' dir='ltr'><strong>a</strong></span> <span class='ocrx_word' id='word_1_140' title='bbox 3332 601 3504 677; x_wconf 89' lang='lat' dir='ltr'><strong>longe</strong></span> <span class='ocrx_word' id='word_1_141' title='bbox 3534 601 3832 660; x_wconf 88' lang='lat' dir='ltr'><strong>clamores</strong></span> 
     </span>
    </p>
   </div>
   <div class='ocr_carea' id='block_1_20' title="bbox 2165 690 3834 763">
    <p class='ocr_par' dir='ltr' id='par_1_20' title="bbox 2165 690 3834 763">
     <span class='ocr_line' id='line_1_20' title="bbox 2165 690 3834 763; baseline 0.001 -15"><span class='ocrx_word' id='word_1_142' title='bbox 2165 708 2368 748; x_wconf 89' lang='lat' dir='ltr'><strong>eorum</strong></span> <span class='ocrx_word' id='word_1_143' title='bbox 2401 691 2576 748; x_wconf 89' lang='lat' dir='ltr'><strong>audio</strong></span> <span class='ocrx_word' id='word_1_144' title='bbox 2607 695 2664 747; x_wconf 92' lang='lat' dir='ltr'><strong>et</strong></span> <span class='ocrx_word' id='word_1_145' title='bbox 2694 690 2908 763; x_wconf 91' lang='lat' dir='ltr'><strong>minas,</strong></span> <span class='ocrx_word' id='word_1_146' title='bbox 2942 692 3042 748; x_wconf 91' lang='lat' dir='ltr'><strong>sed</strong></span> <span class='ocrx_word' id='word_1_147' title='bbox 3094 709 3211 748; x_wconf 88' lang='lat' dir='ltr'><strong>non</strong></span> <span class='ocrx_word' id='word_1_148' title='bbox 3262 691 3426 748; x_wconf 88' lang='lat' dir='ltr'><strong>video</strong></span> <span class='ocrx_word' id='word_1_149' title='bbox 3456 709 3575 749; x_wconf 90' lang='lat' dir='ltr'><strong>eos.</strong></span> <span class='ocrx_word' id='word_1_150' title='bbox 3609 693 3683 748; x_wconf 88' lang='lat' dir='ltr'><strong>Et</strong></span> <span class='ocrx_word' id='word_1_151' title='bbox 3713 692 3834 749; x_wconf 84' lang='lat' dir='ltr'><strong>ite-</strong></span> 
     </span>
    </p>
   </div>
   <div class='ocr_carea' id='block_1_21' title="bbox 2167 780 3832 854">
    <p class='ocr_par' dir='ltr' id='par_1_21' title="bbox 2167 780 3832 854">
     <span class='ocr_line' id='line_1_21' title="bbox 2167 780 3832 854; baseline 0.001 -18"><span class='ocrx_word' id='word_1_152' title='bbox 2167 797 2299 836; x_wconf 90' lang='lat' dir='ltr'><strong>rum</strong></span> <span class='ocrx_word' id='word_1_153' title='bbox 2349 782 2498 837; x_wconf 90' lang='lat' dir='ltr'><strong>dans</strong></span> <span class='ocrx_word' id='word_1_154' title='bbox 2546 781 2597 836; x_wconf 92' lang='lat' dir='ltr'><strong>ei</strong></span> <span class='ocrx_word' id='word_1_155' title='bbox 2631 797 2826 837; x_wconf 90' lang='lat' dir='ltr'><strong>escam</strong></span> <span class='ocrx_word' id='word_1_156' title='bbox 2856 784 2913 837; x_wconf 94' lang='lat' dir='ltr'><strong>ct</strong></span> <span class='ocrx_word' id='word_1_157' title='bbox 2943 797 3137 850; x_wconf 86' lang='lat' dir='ltr'><strong>orans,</strong></span> <span class='ocrx_word' id='word_1_158' title='bbox 3171 780 3570 854; x_wconf 87' lang='lat' dir='ltr'><strong>claudensque</strong></span> <span class='ocrx_word' id='word_1_159' title='bbox 3601 781 3832 838; x_wconf 89' lang='lat' dir='ltr'><strong>ostium</strong></span> 
     </span>
    </p>
   </div>
   <div class='ocr_carea' id='block_1_22' title="bbox 2170 869 3832 943">
    <p class='ocr_par' dir='ltr' id='par_1_22' title="bbox 2170 869 3832 943">
     <span class='ocr_line' id='line_1_22' title="bbox 2170 869 3832 943; baseline 0.001 -17"><span class='ocrx_word' id='word_1_160' title='bbox 2170 869 2332 926; x_wconf 90' lang='lat' dir='ltr'><strong>abiit.</strong></span> <span class='ocrx_word' id='word_1_161' title='bbox 2361 871 2432 926; x_wconf 90' lang='lat' dir='ltr'><strong>Et</strong></span> <span class='ocrx_word' id='word_1_162' title='bbox 2463 869 2912 943; x_wconf 88' lang='lat' dir='ltr'><strong>quadragesimo</strong></span> <span class='ocrx_word' id='word_1_163' title='bbox 2940 869 3034 926; x_wconf 88' lang='lat' dir='ltr'><strong>die</strong></span> <span class='ocrx_word' id='word_1_164' title='bbox 3065 869 3256 939; x_wconf 88' lang='lat' dir='ltr'><strong>rediit,</strong></span> <span class='ocrx_word' id='word_1_165' title='bbox 3290 875 3349 927; x_wconf 92' lang='lat' dir='ltr'><strong>et</strong></span> <span class='ocrx_word' id='word_1_166' title='bbox 3380 871 3524 927; x_wconf 89' lang='lat' dir='ltr'><strong>dicit</strong></span> <span class='ocrx_word' id='word_1_167' title='bbox 3562 870 3616 927; x_wconf 92' lang='lat' dir='ltr'><strong>ei</strong></span> <span class='ocrx_word' id='word_1_168' title='bbox 3649 888 3664 926; x_wconf 91' lang='lat'><strong>:</strong></span> <span class='ocrx_word' id='word_1_169' title='bbox 3700 872 3832 938; x_wconf 91' lang='lat' dir='ltr'><strong>Quo</strong></span> 
     </span>
    </p>
   </div>
   <div class='ocr_carea' id='block_1_23' title="bbox 2170 959 3828 1033">
    <p class='ocr_par' dir='ltr' id='par_1_23' title="bbox 2170 959 3828 1033">
     <span class='ocr_line' id='line_1_23' title="bbox 2170 959 3828 1033; baseline 0.001 -19"><span class='ocrx_word' id='word_1_170' title='bbox 2170 960 2343 1015; x_wconf 90' lang='lat' dir='ltr'><strong>modo</strong></span> <span class='ocrx_word' id='word_1_171' title='bbox 2386 961 2532 1016; x_wconf 75' lang='grc' dir='ltr'><strong>θοι</strong></span> <span class='ocrx_word' id='word_1_172' title='bbox 2568 959 2772 1025; x_wconf 91' lang='lat' dir='ltr'><strong>habes,</strong></span> <span class='ocrx_word' id='word_1_173' title='bbox 2824 959 3051 1016; x_wconf 83' lang='lat' dir='ltr'><strong>frater?</strong></span> <span class='ocrx_word' id='word_1_174' title='bbox 3104 960 3486 1033; x_wconf 81' lang='lat' dir='ltr'><strong>Respondeas</strong></span> <span class='ocrx_word' id='word_1_175' title='bbox 3543 959 3691 1016; x_wconf 91' lang='lat' dir='ltr'><strong>dicit</strong></span> <span class='ocrx_word' id='word_1_176' title='bbox 3749 959 3828 1016; x_wconf 86' lang='lat' dir='ltr'><strong>ad</strong></span> 
     </span>
    </p>
   </div>
   <div class='ocr_carea' id='block_1_24' title="bbox 2169 1047 3826 1115">
    <p class='ocr_par' dir='ltr' id='par_1_24' title="bbox 2169 1047 3826 1115">
     <span class='ocr_line' id='line_1_24' title="bbox 2169 1047 3826 1115; baseline -0.001 -11"><span class='ocrx_word' id='word_1_177' title='bbox 2169 1065 2304 1104; x_wconf 92' lang='lat' dir='ltr'><strong>eum</strong></span> <span class='ocrx_word' id='word_1_178' title='bbox 2339 1065 2352 1104; x_wconf 89' lang='lat'><strong>:</strong></span> <span class='ocrx_word' id='word_1_179' title='bbox 2379 1049 2530 1106; x_wconf 91' lang='lat' dir='ltr'><strong>Bene</strong></span> <span class='ocrx_word' id='word_1_180' title='bbox 2560 1049 2766 1115; x_wconf 86' lang='lat' dir='ltr'><strong>habeo,</strong></span> <span class='ocrx_word' id='word_1_181' title='bbox 2800 1052 2999 1104; x_wconf 87' lang='lat' dir='ltr'><strong>sancte</strong></span> <span class='ocrx_word' id='word_1_182' title='bbox 3029 1048 3153 1105; x_wconf 91' lang='lat' dir='ltr'><strong>Dei.</strong></span> <span class='ocrx_word' id='word_1_183' title='bbox 3185 1047 3318 1104; x_wconf 90' lang='lat' dir='ltr'><strong>Vidi</strong></span> <span class='ocrx_word' id='word_1_184' title='bbox 3359 1047 3514 1104; x_wconf 91' lang='lat' dir='ltr'><strong>enim</strong></span> <span class='ocrx_word' id='word_1_185' title='bbox 3556 1053 3613 1104; x_wconf 89' lang='lat' dir='ltr'><strong>te</strong></span> <span class='ocrx_word' id='word_1_186' title='bbox 3643 1048 3826 1104; x_wconf 86' lang='lat' dir='ltr'><strong>hodie</strong></span> 
     </span>
    </p>
   </div>
   <div class='ocr_carea' id='block_1_25' title="bbox 2171 1137 3818 1212">
    <p class='ocr_par' dir='ltr' id='par_1_25' title="bbox 2171 1137 3818 1212">
     <span class='ocr_line' id='line_1_25' title="bbox 2171 1137 3818 1212; baseline -0.001 -18"><span class='ocrx_word' id='word_1_187' title='bbox 2171 1138 2231 1194; x_wconf 89' lang='lat' dir='ltr'><strong>in</strong></span> <span class='ocrx_word' id='word_1_188' title='bbox 2255 1138 2380 1194; x_wconf 93' lang='lat' dir='ltr'><strong>visu</strong></span> <span class='ocrx_word' id='word_1_189' title='bbox 2403 1143 2762 1212; x_wconf 87' lang='lat' dir='ltr'><strong>pugnantem</strong></span> <span class='ocrx_word' id='word_1_190' title='bbox 2785 1155 2887 1211; x_wconf 91' lang='lat' dir='ltr'><strong>pro</strong></span> <span class='ocrx_word' id='word_1_191' title='bbox 2914 1155 3026 1206; x_wconf 86' lang='lat' dir='ltr'><strong>me,</strong></span> <span class='ocrx_word' id='word_1_192' title='bbox 3050 1141 3106 1194; x_wconf 89' lang='lat' dir='ltr'><strong>et</strong></span> <span class='ocrx_word' id='word_1_193' title='bbox 3127 1138 3455 1193; x_wconf 83' lang='lat' dir='ltr'><strong>vincentem</strong></span> <span class='ocrx_word' id='word_1_194' title='bbox 3484 1137 3818 1193; x_wconf 90' lang='lat' dir='ltr'><strong>diabolum.</strong></span> 
     </span>
    </p>
   </div>
   <div class='ocr_carea' id='block_1_26' title="bbox 2173 1226 3832 1301">
    <p class='ocr_par' dir='ltr' id='par_1_26' title="bbox 2173 1226 3832 1301">
     <span class='ocr_line' id='line_1_26' title="bbox 2173 1226 3832 1301; baseline -0.001 -18"><span class='ocrx_word' id='word_1_195' title='bbox 2173 1228 2304 1284; x_wconf 85' lang='lat' dir='ltr'><strong>Mox</strong></span> <span class='ocrx_word' id='word_1_196' title='bbox 2323 1245 2459 1301; x_wconf 89' lang='lat' dir='ltr'><strong>ergo</strong></span> <span class='ocrx_word' id='word_1_197' title='bbox 2480 1231 2720 1284; x_wconf 90' lang='lat' dir='ltr'><strong>sanctus</strong></span> <span class='ocrx_word' id='word_1_198' title='bbox 2741 1227 3065 1284; x_wconf 92' lang='lat' dir='ltr'><strong>secundum</strong></span> <span class='ocrx_word' id='word_1_199' title='bbox 3095 1226 3580 1284; x_wconf 87' lang='lat' dir='ltr'><strong>consuetudinem</strong></span> <span class='ocrx_word' id='word_1_200' title='bbox 3602 1227 3832 1282; x_wconf 83' lang='lat' dir='ltr'><strong>faciens</strong></span> 
     </span>
    </p>
   </div>
   <div class='ocr_carea' id='block_1_27' title="bbox 2171 1315 3832 1387">
    <p class='ocr_par' dir='ltr' id='par_1_27' title="bbox 2171 1315 3832 1387">
     <span class='ocr_line' id='line_1_27' title="bbox 2171 1315 3832 1387; baseline -0.001 -15"><span class='ocrx_word' id='word_1_201' title='bbox 2171 1317 2512 1387; x_wconf 88' lang='lat' dir='ltr'><strong>orationem,</strong></span> <span class='ocrx_word' id='word_1_202' title='bbox 2546 1317 2745 1374; x_wconf 87' lang='lat' dir='ltr'><strong>eduxit</strong></span> <span class='ocrx_word' id='word_1_203' title='bbox 2773 1333 2930 1383; x_wconf 90' lang='lat' dir='ltr'><strong>eum,</strong></span> <span class='ocrx_word' id='word_1_204' title='bbox 2962 1320 3020 1374; x_wconf 92' lang='lat' dir='ltr'><strong>et</strong></span> <span class='ocrx_word' id='word_1_205' title='bbox 3047 1316 3291 1373; x_wconf 84' lang='lat' dir='ltr'><strong>adduxit</strong></span> <span class='ocrx_word' id='word_1_206' title='bbox 3319 1315 3379 1371; x_wconf 90' lang='lat' dir='ltr'><strong>in</strong></span> <span class='ocrx_word' id='word_1_207' title='bbox 3411 1315 3832 1372; x_wconf 85' lang='lat' dir='ltr'><strong>dormitorium</strong></span> 
     </span>
    </p>
   </div>
   <div class='ocr_carea' id='block_1_28' title="bbox 2173 1404 3835 1472">
    <p class='ocr_par' dir='ltr' id='par_1_28' title="bbox 2173 1404 3835 1472">
     <span class='ocr_line' id='line_1_28' title="bbox 2173 1404 3835 1472; baseline 0 -12"><span class='ocrx_word' id='word_1_208' title='bbox 2173 1405 2560 1462; x_wconf 80' lang='lat' dir='ltr'><strong>suum.Mane</strong></span> <span class='ocrx_word' id='word_1_209' title='bbox 2587 1409 2784 1463; x_wconf 89' lang='lat' dir='ltr'><strong>autem</strong></span> <span class='ocrx_word' id='word_1_210' title='bbox 2816 1407 2968 1463; x_wconf 82' lang='lat' dir='ltr'><strong>facto</strong></span> <span class='ocrx_word' id='word_1_211' title='bbox 2996 1405 3224 1464; x_wconf 90' lang='lat' dir='ltr'><strong>vocavit</strong></span> <span class='ocrx_word' id='word_1_212' title='bbox 3253 1421 3484 1462; x_wconf 90' lang='lat' dir='ltr'><strong>sacrum</strong></span> <span class='ocrx_word' id='word_1_213' title='bbox 3515 1404 3835 1472; x_wconf 87' lang='lat' dir='ltr'><strong>clerum,et</strong></span> 
     </span>
    </p>
   </div>
   <div class='ocr_carea' id='block_1_29' title="bbox 2175 1493 3832 1566">
    <p class='ocr_par' dir='ltr' id='par_1_29' title="bbox 2175 1493 3832 1566">
     <span class='ocr_line' id='line_1_29' title="bbox 2175 1493 3832 1566; baseline -0.001 -16"><span class='ocrx_word' id='word_1_214' title='bbox 2175 1495 2548 1563; x_wconf 88' lang='lat' dir='ltr'><strong>monasteria,</strong></span> <span class='ocrx_word' id='word_1_215' title='bbox 2563 1499 2622 1552; x_wconf 92' lang='lat' dir='ltr'><strong>et</strong></span> <span class='ocrx_word' id='word_1_216' title='bbox 2649 1512 2884 1552; x_wconf 92' lang='lat' dir='ltr'><strong>omnem</strong></span> <span class='ocrx_word' id='word_1_217' title='bbox 2912 1495 3139 1552; x_wconf 87' lang='lat' dir='ltr'><strong>Christo</strong></span> <span class='ocrx_word' id='word_1_218' title='bbox 3169 1493 3484 1551; x_wconf 88' lang='lat' dir='ltr'><strong>amabilem</strong></span> <span class='ocrx_word' id='word_1_219' title='bbox 3511 1493 3832 1566; x_wconf 85' lang='lat' dir='ltr'><strong>populum,</strong></span> 
     </span>
    </p>
   </div>
   <div class='ocr_carea' id='block_1_30' title="bbox 2174 1582 3835 1656">
    <p class='ocr_par' dir='ltr' id='par_1_30' title="bbox 2174 1582 3835 1656">
     <span class='ocr_line' id='line_1_30' title="bbox 2174 1582 3835 1656; baseline -0.001 -17"><span class='ocrx_word' id='word_1_220' title='bbox 2174 1587 2230 1639; x_wconf 91' lang='lat' dir='ltr'><strong>et</strong></span> <span class='ocrx_word' id='word_1_221' title='bbox 2259 1584 2405 1639; x_wconf 82' lang='lat' dir='ltr'><strong>dixit</strong></span> <span class='ocrx_word' id='word_1_222' title='bbox 2431 1583 2516 1640; x_wconf 93' lang='lat' dir='ltr'><strong>eis</strong></span> <span class='ocrx_word' id='word_1_223' title='bbox 2551 1600 2564 1639; x_wconf 91' lang='lat'><strong>:</strong></span> <span class='ocrx_word' id='word_1_224' title='bbox 2592 1583 2777 1640; x_wconf 89' lang='lat' dir='ltr'><strong>Filioli</strong></span> <span class='ocrx_word' id='word_1_225' title='bbox 2810 1584 2924 1641; x_wconf 92' lang='lat' dir='ltr'><strong>mei</strong></span> <span class='ocrx_word' id='word_1_226' title='bbox 2954 1582 3344 1653; x_wconf 88' lang='lat' dir='ltr'><strong>dilectissimi,</strong></span> <span class='ocrx_word' id='word_1_227' title='bbox 3366 1599 3570 1639; x_wconf 90' lang='lat' dir='ltr'><strong>omnes</strong></span> <span class='ocrx_word' id='word_1_228' title='bbox 3604 1582 3835 1656; x_wconf 82' lang='lat' dir='ltr'><strong>gratias</strong></span> 
     </span>
    </p>
   </div>
   <div class='ocr_carea' id='block_1_31' title="bbox 2176 1669 3836 1745">
    <p class='ocr_par' dir='ltr' id='par_1_31' title="bbox 2176 1669 3836 1745">
     <span class='ocr_line' id='line_1_31' title="bbox 2176 1669 3836 1745; baseline -0.002 -17"><span class='ocrx_word' id='word_1_229' title='bbox 2176 1670 2365 1745; x_wconf 87' lang='lat' dir='ltr'><strong>agatis</strong></span> <span class='ocrx_word' id='word_1_230' title='bbox 2396 1671 2666 1728; x_wconf 91' lang='lat' dir='ltr'><strong>Domino.</strong></span> <span class='ocrx_word' id='word_1_231' title='bbox 2696 1673 2841 1729; x_wconf 88' lang='lat' dir='ltr'><strong>Ecce</strong></span> <span class='ocrx_word' id='word_1_232' title='bbox 2897 1672 3054 1728; x_wconf 89' lang='lat' dir='ltr'><strong>enim</strong></span> <span class='ocrx_word' id='word_1_233' title='bbox 3111 1688 3278 1728; x_wconf 92' lang='lat' dir='ltr'><strong>ovem</strong></span> <span class='ocrx_word' id='word_1_234' title='bbox 3327 1669 3617 1745; x_wconf 87' lang='lat' dir='ltr'><strong>perditam</strong></span> <span class='ocrx_word' id='word_1_235' title='bbox 3651 1670 3836 1726; x_wconf 88' lang='lat' dir='ltr'><strong>debet</strong></span> 
     </span>
    </p>
   </div>
   <div class='ocr_carea' id='block_1_32' title="bbox 2175 1757 3829 1834">
    <p class='ocr_par' dir='ltr' id='par_1_32' title="bbox 2175 1757 3829 1834">
     <span class='ocr_line' id='line_1_32' title="bbox 2175 1757 3829 1834; baseline -0.002 -18"><span class='ocrx_word' id='word_1_236' title='bbox 2175 1764 2376 1832; x_wconf 88' lang='lat' dir='ltr'><strong>pastor</strong></span> <span class='ocrx_word' id='word_1_237' title='bbox 2394 1759 2585 1816; x_wconf 91' lang='lat' dir='ltr'><strong>bonus</strong></span> <span class='ocrx_word' id='word_1_238' title='bbox 2605 1759 2664 1816; x_wconf 92' lang='lat' dir='ltr'><strong>in</strong></span> <span class='ocrx_word' id='word_1_239' title='bbox 2686 1759 2949 1818; x_wconf 85' lang='lat' dir='ltr'><strong>humeris</strong></span> <span class='ocrx_word' id='word_1_240' title='bbox 2981 1763 3274 1834; x_wconf 88' lang='lat' dir='ltr'><strong>reportare</strong></span> <span class='ocrx_word' id='word_1_241' title='bbox 3301 1763 3360 1816; x_wconf 91' lang='lat' dir='ltr'><strong>et</strong></span> <span class='ocrx_word' id='word_1_242' title='bbox 3390 1759 3595 1816; x_wconf 78' lang='lat' dir='ltr'><strong>otferre</strong></span> <span class='ocrx_word' id='word_1_243' title='bbox 3627 1757 3829 1814; x_wconf 84' lang='lat' dir='ltr'><strong>Eccle-</strong></span> 
     </span>
    </p>
   </div>
   <div class='ocr_carea' id='block_1_33' title="bbox 425 1845 3832 1948">
    <p class='ocr_par' dir='ltr' id='par_1_33' title="bbox 425 1845 3832 1948">
     <span class='ocr_line' id='line_1_33' title="bbox 425 1845 3832 1948; baseline 0 -46"><span class='ocrx_word' id='word_1_244' title='bbox 425 1845 740 1902; x_wconf 87' lang='lat' dir='ltr'><strong>tatem.llla</strong></span> <span class='ocrx_word' id='word_1_245' title='bbox 769 1851 964 1903; x_wconf 89' lang='lat' dir='ltr'><strong>autem</strong></span> <span class='ocrx_word' id='word_1_246' title='bbox 996 1847 1055 1902; x_wconf 91' lang='lat' dir='ltr'><strong>in</strong></span> <span class='ocrx_word' id='word_1_247' title='bbox 1087 1847 1545 1905; x_wconf 87' lang='lat' dir='ltr'><strong>consolationem</strong></span> <span class='ocrx_word' id='word_1_248' title='bbox 1574 1847 1842 1904; x_wconf 87' lang='lat' dir='ltr'><strong>veniente</strong></span> <span class='ocrx_word' id='word_1_249' title='bbox 1871 1847 2066 1902; x_wconf 88' lang='lat' dir='ltr'><strong>suadi-</strong></span> <span class='ocrx_word' id='word_1_250' title='bbox 2097 1881 2147 1948; x_wconf 81' lang='grc' dir='ltr'>Β</span> <span class='ocrx_word' id='word_1_251' title='bbox 2177 1849 2298 1906; x_wconf 69' lang='lat' dir='ltr'><strong>size.</strong></span> <span class='ocrx_word' id='word_1_252' title='bbox 2331 1851 2693 1922; x_wconf 81' lang='lat' dir='ltr'><strong>QuaprOpter</strong></span> <span class='ocrx_word' id='word_1_253' title='bbox 2721 1850 2985 1907; x_wconf 91' lang='lat' dir='ltr'><strong>debitum</strong></span> <span class='ocrx_word' id='word_1_254' title='bbox 3011 1854 3106 1906; x_wconf 90' lang='lat' dir='ltr'><strong>est</strong></span> <span class='ocrx_word' id='word_1_255' title='bbox 3133 1853 3190 1905; x_wconf 90' lang='lat' dir='ltr'><strong>et</strong></span> <span class='ocrx_word' id='word_1_256' title='bbox 3218 1866 3326 1906; x_wconf 92' lang='lat' dir='ltr'><strong>nos</strong></span> <span class='ocrx_word' id='word_1_257' title='bbox 3353 1847 3613 1922; x_wconf 81' lang='lat' dir='ltr'><strong>vigiliam</strong></span> <span class='ocrx_word' id='word_1_258' title='bbox 3637 1847 3832 1904; x_wconf 86' lang='lat' dir='ltr'><strong>facere</strong></span> 
     </span>
    </p>
   </div>
   <div class='ocr_carea' id='block_1_34' title="bbox 426 1934 2068 2006">
    <p class='ocr_par' dir='ltr' id='par_1_34' title="bbox 426 1934 2068 2006">
     <span class='ocr_line' id='line_1_34' title="bbox 426 1934 2068 2006; baseline 0.001 -15"><span class='ocrx_word' id='word_1_259' title='bbox 426 1934 645 1991; x_wconf 90' lang='lat' dir='ltr'><strong>bilibus</strong></span> <span class='ocrx_word' id='word_1_260' title='bbox 666 1936 794 2006; x_wconf 85' lang='lat' dir='ltr'><strong>ejus</strong></span> <span class='ocrx_word' id='word_1_261' title='bbox 816 1935 1208 2004; x_wconf 89' lang='lat' dir='ltr'><strong>sermonibus,</strong></span> <span class='ocrx_word' id='word_1_262' title='bbox 1233 1936 1380 1992; x_wconf 84' lang='lat' dir='ltr'><strong>dixit</strong></span> <span class='ocrx_word' id='word_1_263' title='bbox 1408 1937 1478 1993; x_wconf 91' lang='lat' dir='ltr'><strong>ad</strong></span> <span class='ocrx_word' id='word_1_264' title='bbox 1511 1953 1646 1994; x_wconf 84' lang='lat' dir='ltr'><strong>eum</strong></span> <span class='ocrx_word' id='word_1_265' title='bbox 1675 1955 1689 1993; x_wconf 87' lang='lat'><strong>:</strong></span> <span class='ocrx_word' id='word_1_266' title='bbox 1724 1937 1783 1993; x_wconf 94' lang='lat' dir='ltr'><strong>Si</strong></span> <span class='ocrx_word' id='word_1_267' title='bbox 1813 1935 1900 1992; x_wconf 87' lang='lat' dir='ltr'><strong>vis</strong></span> <span class='ocrx_word' id='word_1_268' title='bbox 1922 1937 2068 1992; x_wconf 86' lang='lat' dir='ltr'><strong>satis</strong></span> 
     </span>
    </p>
   </div>
   <div class='ocr_carea' id='block_1_35' title="bbox 393 2024 2070 2100">
    <p class='ocr_par' dir='ltr' id='par_1_35' title="bbox 393 2024 2070 2100">
     <span class='ocr_line' id='line_1_35' title="bbox 393 2024 2070 2100; baseline 0.001 -20"><span class='ocrx_word' id='word_1_269' title='bbox 393 2056 396 2060; x_wconf 82' lang='lat'><strong><em>~</em></strong></span> <span class='ocrx_word' id='word_1_270' title='bbox 424 2024 571 2080; x_wconf 89' lang='lat' dir='ltr'><strong>mihi</strong></span> <span class='ocrx_word' id='word_1_271' title='bbox 599 2025 786 2081; x_wconf 85' lang='lat' dir='ltr'><strong>facere</strong></span> <span class='ocrx_word' id='word_1_272' title='bbox 815 2028 874 2080; x_wconf 90' lang='lat' dir='ltr'><strong>et</strong></span> <span class='ocrx_word' id='word_1_273' title='bbox 902 2025 1127 2082; x_wconf 69' lang='lat' dir='ltr'><strong>miserae</strong></span> <span class='ocrx_word' id='word_1_274' title='bbox 1156 2025 1364 2081; x_wconf 75' lang='lat' dir='ltr'><strong>animae</strong></span> <span class='ocrx_word' id='word_1_275' title='bbox 1397 2043 1560 2098; x_wconf 62' lang='lat' dir='ltr'><strong>mete,</strong></span> <span class='ocrx_word' id='word_1_276' title='bbox 1591 2027 1848 2082; x_wconf 88' lang='lat' dir='ltr'><strong>crastina</strong></span> <span class='ocrx_word' id='word_1_277' title='bbox 1877 2043 1983 2100; x_wconf 91' lang='lat' dir='ltr'><strong>ego</strong></span> <span class='ocrx_word' id='word_1_278' title='bbox 2013 2029 2070 2082; x_wconf 93' lang='lat' dir='ltr'><strong>et</strong></span> 
     </span>
    </p>
   </div>
   <div class='ocr_carea' id='block_1_36' title="bbox 424 2113 2069 2182">
    <p class='ocr_par' dir='ltr' id='par_1_36' title="bbox 424 2113 2069 2182">
     <span class='ocr_line' id='line_1_36' title="bbox 424 2113 2069 2182; baseline 0.004 -15"><span class='ocrx_word' id='word_1_279' title='bbox 424 2117 487 2168; x_wconf 87' lang='lat' dir='ltr'><strong>tu</strong></span> <span class='ocrx_word' id='word_1_280' title='bbox 520 2113 876 2168; x_wconf 89' lang='lat' dir='ltr'><strong>unanimiter</strong></span> <span class='ocrx_word' id='word_1_281' title='bbox 930 2129 1135 2170; x_wconf 91' lang='lat' dir='ltr'><strong>eamus</strong></span> <span class='ocrx_word' id='word_1_282' title='bbox 1182 2115 1255 2169; x_wconf 92' lang='lat' dir='ltr'><strong>ad</strong></span> <span class='ocrx_word' id='word_1_283' title='bbox 1303 2114 1631 2182; x_wconf 86' lang='lat' dir='ltr'><strong>ecclesiam,</strong></span> <span class='ocrx_word' id='word_1_284' title='bbox 1663 2120 1721 2172; x_wconf 88' lang='lat' dir='ltr'><strong>et</strong></span> <span class='ocrx_word' id='word_1_285' title='bbox 1751 2133 1946 2173; x_wconf 90' lang='lat' dir='ltr'><strong>coram</strong></span> <span class='ocrx_word' id='word_1_286' title='bbox 1977 2133 2069 2173; x_wconf 90' lang='lat' dir='ltr'><strong>me</strong></span> 
     </span>
    </p>
   </div>
   <div class='ocr_carea' id='block_1_37' title="bbox 425 2200 2069 2277">
    <p class='ocr_par' dir='ltr' id='par_1_37' title="bbox 425 2200 2069 2277">
     <span class='ocr_line' id='line_1_37' title="bbox 425 2200 2069 2277; baseline 0.004 -21"><span class='ocrx_word' id='word_1_287' title='bbox 425 2200 710 2274; x_wconf 79' lang='lat' dir='ltr'><strong>participe</strong></span> <span class='ocrx_word' id='word_1_288' title='bbox 764 2200 1358 2259; x_wconf 86' lang='lat' dir='ltr'><strong>incontaminatorum</strong></span> <span class='ocrx_word' id='word_1_289' title='bbox 1417 2205 1848 2277; x_wconf 82' lang='lat' dir='ltr'><strong>mysteriorum,</strong></span> <span class='ocrx_word' id='word_1_290' title='bbox 1881 2211 1936 2262; x_wconf 90' lang='lat' dir='ltr'><strong>et</strong></span> <span class='ocrx_word' id='word_1_291' title='bbox 1985 2206 2069 2262; x_wconf 90' lang='lat' dir='ltr'><strong>sic</strong></span> 
     </span>
    </p>
   </div>
   <div class='ocr_carea' id='block_1_38' title="bbox 424 2287 2067 2352">
    <p class='ocr_par' dir='ltr' id='par_1_38' title="bbox 424 2287 2067 2352">
     <span class='ocr_line' id='line_1_38' title="bbox 424 2287 2067 2352; baseline 0.005 -9"><span class='ocrx_word' id='word_1_292' title='bbox 424 2287 727 2346; x_wconf 88' lang='lat' dir='ltr'><strong>satisfacta</strong></span> <span class='ocrx_word' id='word_1_293' title='bbox 745 2307 858 2346; x_wconf 91' lang='lat' dir='ltr'><strong>ero.</strong></span> <span class='ocrx_word' id='word_1_294' title='bbox 887 2293 1050 2347; x_wconf 92' lang='lat' dir='ltr'><strong>Tunc</strong></span> <span class='ocrx_word' id='word_1_295' title='bbox 1081 2296 1316 2348; x_wconf 89' lang='lat' dir='ltr'><strong>coactus</strong></span> <span class='ocrx_word' id='word_1_296' title='bbox 1349 2292 1494 2348; x_wconf 85' lang='lat' dir='ltr'><strong>dixit</strong></span> <span class='ocrx_word' id='word_1_297' title='bbox 1521 2293 1573 2350; x_wconf 90' lang='lat' dir='ltr'><strong>ei</strong></span> <span class='ocrx_word' id='word_1_298' title='bbox 1601 2295 1951 2352; x_wconf 89' lang='lat' dir='ltr'><strong>sententiam</strong></span> <span class='ocrx_word' id='word_1_299' title='bbox 1973 2312 2067 2352; x_wconf 90' lang='lat' dir='ltr'><strong>ca-</strong></span> 
     </span>
    </p>
   </div>
   <div class='ocr_carea' id='block_1_39' title="bbox 425 2376 2070 2453">
    <p class='ocr_par' dir='ltr' id='par_1_39' title="bbox 425 2376 2070 2453">
     <span class='ocr_line' id='line_1_39' title="bbox 425 2376 2070 2453; baseline 0.006 -22"><span class='ocrx_word' id='word_1_300' title='bbox 425 2376 618 2449; x_wconf 90' lang='lat' dir='ltr'><strong>pituli.</strong></span> <span class='ocrx_word' id='word_1_301' title='bbox 652 2377 942 2435; x_wconf 90' lang='lat' dir='ltr'><strong>Continuo</strong></span> <span class='ocrx_word' id='word_1_302' title='bbox 967 2397 1104 2452; x_wconf 90' lang='lat' dir='ltr'><strong>ergo</strong></span> <span class='ocrx_word' id='word_1_303' title='bbox 1153 2381 1451 2453; x_wconf 90' lang='lat' dir='ltr'><strong>deponens</strong></span> <span class='ocrx_word' id='word_1_304' title='bbox 1479 2381 1580 2439; x_wconf 89' lang='lat' dir='ltr'><strong>illa</strong></span> <span class='ocrx_word' id='word_1_305' title='bbox 1610 2383 1955 2442; x_wconf 90' lang='lat' dir='ltr'><strong>muliebrem</strong></span> <span class='ocrx_word' id='word_1_306' title='bbox 1988 2385 2070 2441; x_wconf 90' lang='lat' dir='ltr'><strong>in-</strong></span> 
     </span>
    </p>
   </div>
   <div class='ocr_carea' id='block_1_40' title="bbox 427 2465 2066 2541">
    <p class='ocr_par' dir='ltr' id='par_1_40' title="bbox 427 2465 2066 2541">
     <span class='ocr_line' id='line_1_40' title="bbox 427 2465 2066 2541; baseline 0.005 -21"><span class='ocrx_word' id='word_1_307' title='bbox 427 2465 787 2533; x_wconf 83' lang='lat' dir='ltr'><strong>ﬁrmitatem,</strong></span> <span class='ocrx_word' id='word_1_308' title='bbox 810 2471 867 2522; x_wconf 91' lang='lat' dir='ltr'><strong>et</strong></span> <span class='ocrx_word' id='word_1_309' title='bbox 887 2468 1198 2524; x_wconf 90' lang='lat' dir='ltr'><strong>consilium</strong></span> <span class='ocrx_word' id='word_1_310' title='bbox 1219 2471 1437 2526; x_wconf 91' lang='lat' dir='ltr'><strong>bonum</strong></span> <span class='ocrx_word' id='word_1_311' title='bbox 1469 2471 1784 2529; x_wconf 89' lang='lat' dir='ltr'><strong>consilians</strong></span> <span class='ocrx_word' id='word_1_312' title='bbox 1807 2473 1912 2541; x_wconf 89' lang='lat' dir='ltr'><strong>illi,</strong></span> <span class='ocrx_word' id='word_1_313' title='bbox 1937 2491 2066 2530; x_wconf 92' lang='lat' dir='ltr'><strong>cur-</strong></span> 
     </span>
    </p>
   </div>
   <div class='ocr_carea' id='block_1_41' title="bbox 427 2555 2064 2634">
    <p class='ocr_par' dir='ltr' id='par_1_41' title="bbox 427 2555 2064 2634">
     <span class='ocr_line' id='line_1_41' title="bbox 427 2555 2064 2634; baseline 0.007 -24"><span class='ocrx_word' id='word_1_314' title='bbox 427 2555 504 2610; x_wconf 89' lang='lat' dir='ltr'><strong>rit</strong></span> <span class='ocrx_word' id='word_1_315' title='bbox 532 2555 604 2611; x_wconf 89' lang='lat' dir='ltr'><strong>ad</strong></span> <span class='ocrx_word' id='word_1_316' title='bbox 632 2559 926 2628; x_wconf 84' lang='lat' dir='ltr'><strong>pastorem</strong></span> <span class='ocrx_word' id='word_1_317' title='bbox 975 2562 1032 2614; x_wconf 90' lang='lat' dir='ltr'><strong>et</strong></span> <span class='ocrx_word' id='word_1_318' title='bbox 1086 2558 1441 2632; x_wconf 91' lang='lat' dir='ltr'><strong>discipulum</strong></span> <span class='ocrx_word' id='word_1_319' title='bbox 1493 2562 1705 2619; x_wconf 88' lang='lat' dir='ltr'><strong>Christi</strong></span> <span class='ocrx_word' id='word_1_320' title='bbox 1761 2565 2064 2634; x_wconf 90' lang='lat' dir='ltr'><strong>Basilium,</strong></span> 
     </span>
    </p>
   </div>
   <div class='ocr_carea' id='block_1_42' title="bbox 427 2643 2066 2717">
    <p class='ocr_par' dir='ltr' id='par_1_42' title="bbox 427 2643 2066 2717">
     <span class='ocr_line' id='line_1_42' title="bbox 427 2643 2066 2717; baseline 0.007 -19"><span class='ocrx_word' id='word_1_321' title='bbox 427 2643 706 2700; x_wconf 89' lang='lat' dir='ltr'><strong>adversus</strong></span> <span class='ocrx_word' id='word_1_322' title='bbox 736 2643 1092 2717; x_wconf 89' lang='lat' dir='ltr'><strong>impietatem</strong></span> <span class='ocrx_word' id='word_1_323' title='bbox 1122 2647 1385 2706; x_wconf 88' lang='lat' dir='ltr'><strong>clamans</strong></span> <span class='ocrx_word' id='word_1_324' title='bbox 1417 2668 1430 2706; x_wconf 90' lang='lat'>:</span> <span class='ocrx_word' id='word_1_325' title='bbox 1466 2651 1739 2708; x_wconf 87' lang='lat' dir='ltr'><strong>Miserere</strong></span> <span class='ocrx_word' id='word_1_326' title='bbox 1784 2652 1928 2709; x_wconf 90' lang='lat' dir='ltr'><strong>mihi</strong></span> <span class='ocrx_word' id='word_1_327' title='bbox 1958 2653 2066 2709; x_wconf 92' lang='lat' dir='ltr'><strong>mi-</strong></span> 
     </span>
    </p>
   </div>
   <div class='ocr_carea' id='block_1_43' title="bbox 426 2729 2066 2814">
    <p class='ocr_par' dir='ltr' id='par_1_43' title="bbox 426 2729 2066 2814">
     <span class='ocr_line' id='line_1_43' title="bbox 426 2729 2066 2814; baseline 0.007 -28"><span class='ocrx_word' id='word_1_328' title='bbox 426 2729 588 2800; x_wconf 79' lang='lat' dir='ltr'><strong>serae,</strong></span> <span class='ocrx_word' id='word_1_329' title='bbox 621 2737 820 2790; x_wconf 88' lang='lat' dir='ltr'><strong>sancte</strong></span> <span class='ocrx_word' id='word_1_330' title='bbox 844 2733 965 2806; x_wconf 87' lang='lat' dir='ltr'><strong>Dei,</strong></span> <span class='ocrx_word' id='word_1_331' title='bbox 989 2737 1264 2794; x_wconf 85' lang='lat' dir='ltr'><strong>miserere</strong></span> <span class='ocrx_word' id='word_1_332' title='bbox 1295 2739 1462 2808; x_wconf 91' lang='lat' dir='ltr'><strong>mihi,</strong></span> <span class='ocrx_word' id='word_1_333' title='bbox 1495 2741 1780 2814; x_wconf 90' lang='lat' dir='ltr'><strong>discipule</strong></span> <span class='ocrx_word' id='word_1_334' title='bbox 1812 2743 2066 2810; x_wconf 90' lang='lat' dir='ltr'><strong>Domini,</strong></span> 
     </span>
    </p>
   </div>
   <div class='ocr_carea' id='block_1_44' title="bbox 423 2817 2065 2905">
    <p class='ocr_par' dir='ltr' id='par_1_44' title="bbox 423 2817 2065 2905">
     <span class='ocr_line' id='line_1_44' title="bbox 423 2817 2065 2905; baseline 0.009 -30"><span class='ocrx_word' id='word_1_335' title='bbox 423 2837 549 2892; x_wconf 76' lang='lat' dir='ltr'><strong>quae</strong></span> <span class='ocrx_word' id='word_1_336' title='bbox 583 2817 720 2878; x_wconf 86' lang='lat' dir='ltr'><strong>cum</strong></span> <span class='ocrx_word' id='word_1_337' title='bbox 759 2823 1123 2882; x_wconf 67' lang='lat' dir='ltr'><strong>daemonibus</strong></span> <span class='ocrx_word' id='word_1_338' title='bbox 1166 2844 1404 2884; x_wconf 85' lang='lat' dir='ltr'><strong>causam</strong></span> <span class='ocrx_word' id='word_1_339' title='bbox 1451 2831 1582 2905; x_wconf 90' lang='lat' dir='ltr'><strong>egi;</strong></span> <span class='ocrx_word' id='word_1_340' title='bbox 1617 2832 1890 2890; x_wconf 88' lang='lat' dir='ltr'><strong>miserere</strong></span> <span class='ocrx_word' id='word_1_341' title='bbox 1922 2833 2065 2889; x_wconf 91' lang='lat' dir='ltr'><strong>mihi</strong></span> 
     </span>
    </p>
   </div>
   <div class='ocr_carea' id='block_1_45' title="bbox 428 2905 2071 2986">
    <p class='ocr_par' dir='ltr' id='par_1_45' title="bbox 428 2905 2071 2986">
     <span class='ocr_line' id='line_1_45' title="bbox 428 2905 2071 2986; baseline 0.01 -23"><span class='ocrx_word' id='word_1_342' title='bbox 428 2905 652 2965; x_wconf 72' lang='lat' dir='ltr'><strong>miserae</strong></span> <span class='ocrx_word' id='word_1_343' title='bbox 685 2911 985 2984; x_wconf 87' lang='lat' dir='ltr'><strong>proprium</strong></span> <span class='ocrx_word' id='word_1_344' title='bbox 1019 2919 1242 2986; x_wconf 89' lang='lat' dir='ltr'><strong>patrem</strong></span> <span class='ocrx_word' id='word_1_345' title='bbox 1274 2935 1387 2973; x_wconf 91' lang='lat' dir='ltr'><strong>non</strong></span> <span class='ocrx_word' id='word_1_346' title='bbox 1419 2919 1776 2978; x_wconf 87' lang='lat' dir='ltr'><strong>obaudienti.</strong></span> <span class='ocrx_word' id='word_1_347' title='bbox 1807 2923 1876 2978; x_wconf 89' lang='lat' dir='ltr'><strong>Et</strong></span> <span class='ocrx_word' id='word_1_348' title='bbox 1903 2923 2071 2979; x_wconf 90' lang='lat' dir='ltr'><strong>docet</strong></span> 
     </span>
    </p>
   </div>
   <div class='ocr_carea' id='block_1_46' title="bbox 422 2997 2065 3080">
    <p class='ocr_par' dir='ltr' id='par_1_46' title="bbox 422 2997 2065 3080">
     <span class='ocr_line' id='line_1_46' title="bbox 422 2997 2065 3080; baseline 0.01 -28"><span class='ocrx_word' id='word_1_349' title='bbox 422 2997 472 3052; x_wconf 89' lang='lat' dir='ltr'><strong>ei</strong></span> <span class='ocrx_word' id='word_1_350' title='bbox 505 3015 698 3054; x_wconf 89' lang='lat' dir='ltr'><strong>rerum</strong></span> <span class='ocrx_word' id='word_1_351' title='bbox 757 3005 1055 3080; x_wconf 85' lang='lat' dir='ltr'><strong>gestarum</strong></span> <span class='ocrx_word' id='word_1_352' title='bbox 1110 3005 1395 3062; x_wconf 90' lang='lat' dir='ltr'><strong>ordinem.</strong></span> <span class='ocrx_word' id='word_1_353' title='bbox 1427 3009 1680 3066; x_wconf 89' lang='lat' dir='ltr'><strong>Sanctus</strong></span> <span class='ocrx_word' id='word_1_354' title='bbox 1728 3015 1924 3067; x_wconf 82' lang='lat' dir='ltr'><strong>autem</strong></span> <span class='ocrx_word' id='word_1_355' title='bbox 1966 3013 2065 3068; x_wconf 90' lang='lat' dir='ltr'><strong>Dei</strong></span> 
     </span>
    </p>
   </div>
   <div class='ocr_carea' id='block_1_47' title="bbox 419 3090 2067 3160">
    <p class='ocr_par' dir='ltr' id='par_1_47' title="bbox 419 3090 2067 3160">
     <span class='ocr_line' id='line_1_47' title="bbox 419 3090 2067 3160; baseline 0.01 -19"><span class='ocrx_word' id='word_1_356' title='bbox 419 3103 635 3144; x_wconf 87' lang='lat' dir='ltr'><strong>vocans</strong></span> <span class='ocrx_word' id='word_1_357' title='bbox 657 3105 928 3160; x_wconf 90' lang='lat' dir='ltr'><strong>puerum,</strong></span> <span class='ocrx_word' id='word_1_358' title='bbox 957 3090 1292 3151; x_wconf 89' lang='lat' dir='ltr'><strong>sciscitatus</strong></span> <span class='ocrx_word' id='word_1_359' title='bbox 1321 3100 1410 3151; x_wconf 89' lang='lat' dir='ltr'><strong>est</strong></span> <span class='ocrx_word' id='word_1_360' title='bbox 1429 3097 1501 3153; x_wconf 92' lang='lat' dir='ltr'><strong>ab</strong></span> <span class='ocrx_word' id='word_1_361' title='bbox 1524 3115 1590 3154; x_wconf 90' lang='lat' dir='ltr'><strong>eo</strong></span> <span class='ocrx_word' id='word_1_362' title='bbox 1611 3099 1662 3154; x_wconf 90' lang='lat' dir='ltr'><strong>si</strong></span> <span class='ocrx_word' id='word_1_363' title='bbox 1683 3098 1797 3156; x_wconf 90' lang='lat' dir='ltr'><strong>ista</strong></span> <span class='ocrx_word' id='word_1_364' title='bbox 1817 3100 1876 3156; x_wconf 93' lang='lat' dir='ltr'><strong>in</strong></span> <span class='ocrx_word' id='word_1_365' title='bbox 1911 3100 2067 3158; x_wconf 92' lang='lat' dir='ltr'><strong>hunc</strong></span> 
     </span>
    </p>
   </div>
   <div class='ocr_carea' id='block_1_48' title="bbox 420 3177 2065 3262">
    <p class='ocr_par' dir='ltr' id='par_1_48' title="bbox 420 3177 2065 3262">
     <span class='ocr_line' id='line_1_48' title="bbox 420 3177 2065 3262; baseline 0.009 -31"><span class='ocrx_word' id='word_1_366' title='bbox 420 3177 660 3231; x_wconf 90' lang='lat' dir='ltr'><strong>modum</strong></span> <span class='ocrx_word' id='word_1_367' title='bbox 694 3194 756 3234; x_wconf 94' lang='lat' dir='ltr'><strong>se</strong></span> <span class='ocrx_word' id='word_1_368' title='bbox 785 3177 1022 3234; x_wconf 91' lang='lat' dir='ltr'><strong>habent.</strong></span> <span class='ocrx_word' id='word_1_369' title='bbox 1055 3180 1162 3248; x_wconf 91' lang='lat' dir='ltr'><strong>Qui</strong></span> <span class='ocrx_word' id='word_1_370' title='bbox 1196 3183 1267 3238; x_wconf 87' lang='lat' dir='ltr'><strong>ad</strong></span> <span class='ocrx_word' id='word_1_371' title='bbox 1297 3189 1566 3242; x_wconf 88' lang='lat' dir='ltr'><strong>sanctum</strong></span> <span class='ocrx_word' id='word_1_372' title='bbox 1614 3205 1750 3243; x_wconf 92' lang='lat' dir='ltr'><strong>cum</strong></span> <span class='ocrx_word' id='word_1_373' title='bbox 1791 3188 2065 3262; x_wconf 89' lang='lat' dir='ltr'><strong>lacrymis</strong></span> 
     </span>
    </p>
   </div>
   <div class='ocr_carea' id='block_1_49' title="bbox 421 3263 2063 3350">
    <p class='ocr_par' dir='ltr' id='par_1_49' title="bbox 421 3263 2063 3350">
     <span class='ocr_line' id='line_1_49' title="bbox 421 3263 2063 3350; baseline 0.009 -30"><span class='ocrx_word' id='word_1_374' title='bbox 421 3263 504 3320; x_wconf 90' lang='lat' dir='ltr'><strong>ait</strong></span> <span class='ocrx_word' id='word_1_375' title='bbox 537 3280 549 3318; x_wconf 92' lang='lat'><strong>:</strong></span> <span class='ocrx_word' id='word_1_376' title='bbox 581 3265 791 3333; x_wconf 80' lang='lat' dir='ltr'><strong>Etiam,</strong></span> <span class='ocrx_word' id='word_1_377' title='bbox 839 3274 1040 3324; x_wconf 83' lang='lat' dir='ltr'><strong>sancte</strong></span> <span class='ocrx_word' id='word_1_378' title='bbox 1087 3269 1212 3338; x_wconf 88' lang='lat' dir='ltr'><strong>Dei,</strong></span> <span class='ocrx_word' id='word_1_379' title='bbox 1239 3273 1287 3327; x_wconf 91' lang='lat' dir='ltr'><strong>si</strong></span> <span class='ocrx_word' id='word_1_380' title='bbox 1320 3289 1425 3345; x_wconf 87' lang='lat' dir='ltr'><strong>ego</strong></span> <span class='ocrx_word' id='word_1_381' title='bbox 1457 3274 1691 3342; x_wconf 88' lang='lat' dir='ltr'><strong>siluere,</strong></span> <span class='ocrx_word' id='word_1_382' title='bbox 1726 3294 1902 3350; x_wconf 89' lang='lat' dir='ltr'><strong>opera</strong></span> <span class='ocrx_word' id='word_1_383' title='bbox 1932 3295 2063 3334; x_wconf 87' lang='lat' dir='ltr'><strong>mea</strong></span> 
     </span>
    </p>
   </div>
   <div class='ocr_carea' id='block_1_50' title="bbox 419 3353 2060 3439">
    <p class='ocr_par' dir='ltr' id='par_1_50' title="bbox 419 3353 2060 3439">
     <span class='ocr_line' id='line_1_50' title="bbox 419 3353 2060 3439; baseline 0.011 -33"><span class='ocrx_word' id='word_1_384' title='bbox 419 3353 843 3430; x_wconf 82' lang='lat' dir='ltr'><strong>clamabunt,et</strong></span> <span class='ocrx_word' id='word_1_385' title='bbox 873 3363 1106 3414; x_wconf 89' lang='lat' dir='ltr'><strong>enarrat</strong></span> <span class='ocrx_word' id='word_1_386' title='bbox 1133 3359 1184 3414; x_wconf 90' lang='lat' dir='ltr'><strong>ei</strong></span> <span class='ocrx_word' id='word_1_387' title='bbox 1217 3361 1394 3418; x_wconf 90' lang='lat' dir='ltr'><strong>etiam</strong></span> <span class='ocrx_word' id='word_1_388' title='bbox 1425 3363 1549 3436; x_wconf 90' lang='lat' dir='ltr'><strong>ipse</strong></span> <span class='ocrx_word' id='word_1_389' title='bbox 1581 3381 1614 3420; x_wconf 92' lang='lat' dir='ltr'><strong>a</strong></span> <span class='ocrx_word' id='word_1_390' title='bbox 1643 3366 1932 3439; x_wconf 89' lang='lat' dir='ltr'><strong>principio</strong></span> <span class='ocrx_word' id='word_1_391' title='bbox 1961 3385 2060 3424; x_wconf 90' lang='lat' dir='ltr'><strong>us-</strong></span> 
     </span>
    </p>
   </div>
   <div class='ocr_carea' id='block_1_51' title="bbox 421 3441 2058 3529">
    <p class='ocr_par' dir='ltr' id='par_1_51' title="bbox 421 3441 2058 3529">
     <span class='ocr_line' id='line_1_51' title="bbox 421 3441 2058 3529; baseline 0.013 -35"><span class='ocrx_word' id='word_1_392' title='bbox 421 3441 637 3513; x_wconf 77' lang='lat' dir='ltr'><strong>que&#39;ad</strong></span> <span class='ocrx_word' id='word_1_393' title='bbox 670 3442 844 3498; x_wconf 83' lang='lat' dir='ltr'><strong>finem</strong></span> <span class='ocrx_word' id='word_1_394' title='bbox 875 3453 1327 3520; x_wconf 90' lang='lat' dir='ltr'><strong>consequentem</strong></span> <span class='ocrx_word' id='word_1_395' title='bbox 1357 3452 1573 3508; x_wconf 91' lang='lat' dir='ltr'><strong>diaboli</strong></span> <span class='ocrx_word' id='word_1_396' title='bbox 1605 3453 1820 3510; x_wconf 87' lang='lat' dir='ltr'><strong>malam</strong></span> <span class='ocrx_word' id='word_1_397' title='bbox 1853 3474 2058 3529; x_wconf 87' lang='lat' dir='ltr'><strong>opera-</strong></span> 
     </span>
    </p>
   </div>
   <div class='ocr_carea' id='block_1_52' title="bbox 419 3529 2059 3603">
    <p class='ocr_par' dir='ltr' id='par_1_52' title="bbox 419 3529 2059 3603">
     <span class='ocr_line' id='line_1_52' title="bbox 419 3529 2059 3603; baseline 0.012 -19"><span class='ocrx_word' id='word_1_398' title='bbox 419 3529 661 3585; x_wconf 89' lang='lat' dir='ltr'><strong>tionem.</strong></span> <span class='ocrx_word' id='word_1_399' title='bbox 695 3531 858 3587; x_wconf 89' lang='lat' dir='ltr'><strong>Tunc</strong></span> <span class='ocrx_word' id='word_1_400' title='bbox 902 3533 1045 3590; x_wconf 91' lang='lat' dir='ltr'><strong>dicit</strong></span> <span class='ocrx_word' id='word_1_401' title='bbox 1073 3537 1122 3592; x_wconf 89' lang='lat' dir='ltr'><strong>ei</strong></span> <span class='ocrx_word' id='word_1_402' title='bbox 1157 3544 1396 3597; x_wconf 89' lang='lat' dir='ltr'><strong>sanctus</strong></span> <span class='ocrx_word' id='word_1_403' title='bbox 1429 3557 1443 3597; x_wconf 90' lang='lat'><strong>:</strong></span> <span class='ocrx_word' id='word_1_404' title='bbox 1476 3542 1578 3598; x_wconf 87' lang='lat' dir='ltr'><strong>Vis</strong></span> <span class='ocrx_word' id='word_1_405' title='bbox 1607 3545 1813 3600; x_wconf 90' lang='lat' dir='ltr'><strong>reverti</strong></span> <span class='ocrx_word' id='word_1_406' title='bbox 1845 3547 1916 3601; x_wconf 87' lang='lat' dir='ltr'><strong>ad</strong></span> <span class='ocrx_word' id='word_1_407' title='bbox 1949 3547 2059 3603; x_wconf 85' lang='lat' dir='ltr'><strong>Do-</strong></span> 
     </span>
    </p>
   </div>
   <div class='ocr_carea' id='block_1_53' title="bbox 421 3616 2062 3708">
    <p class='ocr_par' dir='ltr' id='par_1_53' title="bbox 421 3616 2062 3708">
     <span class='ocr_line' id='line_1_53' title="bbox 421 3616 2062 3708; baseline 0.013 -37"><span class='ocrx_word' id='word_1_408' title='bbox 421 3616 648 3708; x_wconf 61' lang='lat' dir='ltr'><strong>min&#39;um</strong></span> <span class='ocrx_word' id='word_1_409' title='bbox 703 3619 886 3676; x_wconf 90' lang='lat' dir='ltr'><strong>Deum</strong></span> <span class='ocrx_word' id='word_1_410' title='bbox 945 3628 1213 3682; x_wconf 89' lang='lat' dir='ltr'><strong>nostrum</strong></span> <span class='ocrx_word' id='word_1_411' title='bbox 1234 3627 1264 3684; x_wconf 88' lang='lat'><strong>?</strong></span> <span class='ocrx_word' id='word_1_412' title='bbox 1293 3629 1378 3684; x_wconf 86' lang='lat' dir='ltr'><strong>Ad</strong></span> <span class='ocrx_word' id='word_1_413' title='bbox 1408 3647 1582 3702; x_wconf 91' lang='lat' dir='ltr'><strong>quem</strong></span> <span class='ocrx_word' id='word_1_414' title='bbox 1626 3649 1772 3704; x_wconf 80' lang='lat' dir='ltr'><strong>puer</strong></span> <span class='ocrx_word' id='word_1_415' title='bbox 1804 3651 1816 3689; x_wconf 90' lang='lat'>:</span> <span class='ocrx_word' id='word_1_416' title='bbox 1852 3635 2062 3708; x_wconf 89' lang='lat' dir='ltr'><strong>Utique</strong></span> 
     </span>
    </p>
   </div>
   <div class='ocr_carea' id='block_1_54' title="bbox 418 3705 2062 3796">
    <p class='ocr_par' dir='ltr' id='par_1_54' title="bbox 418 3705 2062 3796">
     <span class='ocr_line' id='line_1_54' title="bbox 418 3705 2062 3796; baseline 0.013 -37"><span class='ocrx_word' id='word_1_417' title='bbox 418 3705 567 3775; x_wconf 91' lang='lat' dir='ltr'><strong>volo,</strong></span> <span class='ocrx_word' id='word_1_418' title='bbox 601 3709 700 3763; x_wconf 89' lang='lat' dir='ltr'><strong>sed</strong></span> <span class='ocrx_word' id='word_1_419' title='bbox 749 3727 863 3765; x_wconf 91' lang='lat' dir='ltr'><strong>non</strong></span> <span class='ocrx_word' id='word_1_420' title='bbox 923 3712 1104 3769; x_wconf 87' lang='lat' dir='ltr'><strong>valeo.</strong></span> <span class='ocrx_word' id='word_1_421' title='bbox 1140 3715 1288 3771; x_wconf 90' lang='lat' dir='ltr'><strong>Dicit</strong></span> <span class='ocrx_word' id='word_1_422' title='bbox 1335 3717 1385 3772; x_wconf 89' lang='lat' dir='ltr'><strong>ei</strong></span> <span class='ocrx_word' id='word_1_423' title='bbox 1422 3735 1434 3772; x_wconf 92' lang='lat'><strong>:</strong></span> <span class='ocrx_word' id='word_1_424' title='bbox 1477 3721 1710 3785; x_wconf 86' lang='lat' dir='ltr'><strong>Quare?</strong></span> <span class='ocrx_word' id='word_1_425' title='bbox 1743 3705 2062 3796; x_wconf 77' lang='lat' dir='ltr'><strong>Respondit</strong></span> 
     </span>
    </p>
   </div>
   <div class='ocr_carea' id='block_1_55' title="bbox 418 3797 2056 3882">
    <p class='ocr_par' dir='ltr' id='par_1_55' title="bbox 418 3797 2056 3882">
     <span class='ocr_line' id='line_1_55' title="bbox 418 3797 2056 3882; baseline 0.013 -33"><span class='ocrx_word' id='word_1_426' title='bbox 418 3812 600 3867; x_wconf 86' lang='lat' dir='ltr'><strong>puer:</strong></span> <span class='ocrx_word' id='word_1_427' title='bbox 626 3797 850 3870; x_wconf 85' lang='lat' dir='ltr'><strong>Seripto</strong></span> <span class='ocrx_word' id='word_1_428' title='bbox 873 3801 1148 3873; x_wconf 78' lang='lat' dir='ltr'><strong>abnegavi</strong></span> <span class='ocrx_word' id='word_1_429' title='bbox 1187 3805 1505 3874; x_wconf 86' lang='lat' dir='ltr'><strong>Christum,</strong></span> <span class='ocrx_word' id='word_1_430' title='bbox 1531 3812 1587 3864; x_wconf 90' lang='lat' dir='ltr'><strong>et</strong></span> <span class='ocrx_word' id='word_1_431' title='bbox 1608 3811 1905 3882; x_wconf 84' lang='lat' dir='ltr'><strong>professus</strong></span> <span class='ocrx_word' id='word_1_432' title='bbox 1926 3832 2056 3869; x_wconf 90' lang='lat' dir='ltr'><strong>sum</strong></span> 
     </span>
    </p>
   </div>
   <div class='ocr_carea' id='block_1_56' title="bbox 417 3884 2060 3973">
    <p class='ocr_par' dir='ltr' id='par_1_56' title="bbox 417 3884 2060 3973">
     <span class='ocr_line' id='line_1_56' title="bbox 417 3884 2060 3973; baseline 0.012 -35"><span class='ocrx_word' id='word_1_433' title='bbox 417 3884 666 3973; x_wconf 87' lang='lat' dir='ltr'><strong>diabolo.</strong></span> <span class='ocrx_word' id='word_1_434' title='bbox 701 3887 850 3943; x_wconf 90' lang='lat' dir='ltr'><strong>Dicit</strong></span> <span class='ocrx_word' id='word_1_435' title='bbox 879 3890 927 3943; x_wconf 92' lang='lat' dir='ltr'><strong>ei</strong></span> <span class='ocrx_word' id='word_1_436' title='bbox 966 3907 976 3945; x_wconf 89' lang='lat'>:</span> <span class='ocrx_word' id='word_1_437' title='bbox 1012 3891 1136 3946; x_wconf 88' lang='lat' dir='ltr'><strong>Non</strong></span> <span class='ocrx_word' id='word_1_438' title='bbox 1169 3893 1246 3948; x_wconf 89' lang='lat' dir='ltr'><strong>sit</strong></span> <span class='ocrx_word' id='word_1_439' title='bbox 1295 3893 1400 3950; x_wconf 87' lang='lat' dir='ltr'><strong>tibi</strong></span> <span class='ocrx_word' id='word_1_440' title='bbox 1447 3914 1619 3963; x_wconf 69' lang='lat' dir='ltr'><strong>curm,</strong></span> <span class='ocrx_word' id='word_1_441' title='bbox 1655 3900 1942 3973; x_wconf 84' lang='lat' dir='ltr'><strong>benignus</strong></span> <span class='ocrx_word' id='word_1_442' title='bbox 1971 3908 2060 3960; x_wconf 88' lang='lat' dir='ltr'><strong>est</strong></span> 
     </span>
    </p>
   </div>
   <div class='ocr_carea' id='block_1_57' title="bbox 417 3972 2057 4062">
    <p class='ocr_par' dir='ltr' id='par_1_57' title="bbox 417 3972 2057 4062">
     <span class='ocr_line' id='line_1_57' title="bbox 417 3972 2057 4062; baseline 0.012 -35"><span class='ocrx_word' id='word_1_443' title='bbox 417 3972 572 4062; x_wconf 86' lang='lat' dir='ltr'><strong>Deus</strong></span> <span class='ocrx_word' id='word_1_444' title='bbox 593 3980 808 4042; x_wconf 89' lang='lat' dir='ltr'><strong>noster,</strong></span> <span class='ocrx_word' id='word_1_445' title='bbox 829 3982 886 4031; x_wconf 89' lang='lat' dir='ltr'><strong>et</strong></span> <span class='ocrx_word' id='word_1_446' title='bbox 908 3979 1146 4051; x_wconf 85' lang='lat' dir='ltr'><strong>recipiet</strong></span> <span class='ocrx_word' id='word_1_447' title='bbox 1165 3986 1220 4036; x_wconf 91' lang='lat' dir='ltr'><strong>te</strong></span> <span class='ocrx_word' id='word_1_448' title='bbox 1250 3984 1628 4054; x_wconf 80' lang='lat' dir='ltr'><strong>pcenitentem</strong></span> <span class='ocrx_word' id='word_1_449' title='bbox 1656 4005 1669 4055; x_wconf 90' lang='lat'><strong>;</strong></span> <span class='ocrx_word' id='word_1_450' title='bbox 1703 3972 2057 4062; x_wconf 84' lang='lat' dir='ltr'><strong>compatitur</strong></span> 
     </span>
    </p>
   </div>
   <div class='ocr_carea' id='block_1_58' title="bbox 415 4061 2056 4152">
    <p class='ocr_par' dir='ltr' id='par_1_58' title="bbox 415 4061 2056 4152">
     <span class='ocr_line' id='line_1_58' title="bbox 415 4061 2056 4152; baseline 0.013 -38"><span class='ocrx_word' id='word_1_451' title='bbox 415 4061 572 4116; x_wconf 90' lang='lat' dir='ltr'><strong>enim</strong></span> <span class='ocrx_word' id='word_1_452' title='bbox 590 4063 843 4152; x_wconf 18' lang='lat' dir='ltr'><strong>,malitiis</strong></span> <span class='ocrx_word' id='word_1_453' title='bbox 888 4067 1123 4123; x_wconf 90' lang='lat' dir='ltr'><strong>nostris.</strong></span> <span class='ocrx_word' id='word_1_454' title='bbox 1147 4069 1461 4141; x_wconf 88' lang='lat' dir='ltr'><strong>Etjactans</strong></span> <span class='ocrx_word' id='word_1_455' title='bbox 1483 4092 1544 4131; x_wconf 92' lang='lat' dir='ltr'><strong>se</strong></span> <span class='ocrx_word' id='word_1_456' title='bbox 1567 4075 1759 4148; x_wconf 82' lang='lat' dir='ltr'><strong>puella</strong></span> <span class='ocrx_word' id='word_1_457' title='bbox 1779 4061 1851 4133; x_wconf 92' lang='lat' dir='ltr'><strong>ad</strong></span> <span class='ocrx_word' id='word_1_458' title='bbox 1881 4081 2056 4152; x_wconf 91' lang='lat' dir='ltr'><strong>pedes</strong></span> 
     </span>
    </p>
   </div>
   <div class='ocr_carea' id='block_1_59' title="bbox 417 4151 2053 4228">
    <p class='ocr_par' dir='ltr' id='par_1_59' title="bbox 417 4151 2053 4228">
     <span class='ocr_line' id='line_1_59' title="bbox 417 4151 2053 4228; baseline 0.013 -25"><span class='ocrx_word' id='word_1_459' title='bbox 417 4151 622 4215; x_wconf 88' lang='lat' dir='ltr'><strong>sancti,</strong></span> <span class='ocrx_word' id='word_1_460' title='bbox 646 4151 972 4225; x_wconf 87' lang='lat' dir='ltr'><strong>evangeliec</strong></span> <span class='ocrx_word' id='word_1_461' title='bbox 993 4155 1299 4228; x_wconf 87' lang='lat' dir='ltr'><strong>deprecata</strong></span> <span class='ocrx_word' id='word_1_462' title='bbox 1321 4166 1412 4218; x_wconf 92' lang='lat' dir='ltr'><strong>est</strong></span> <span class='ocrx_word' id='word_1_463' title='bbox 1443 4179 1580 4219; x_wconf 92' lang='lat' dir='ltr'><strong>eum</strong></span> <span class='ocrx_word' id='word_1_464' title='bbox 1611 4165 1811 4223; x_wconf 91' lang='lat' dir='ltr'><strong>dicens</strong></span> <span class='ocrx_word' id='word_1_465' title='bbox 1835 4185 1846 4223; x_wconf 94' lang='lat'><strong>:</strong></span> <span class='ocrx_word' id='word_1_466' title='bbox 1885 4168 2053 4224; x_wconf 84' lang='lat' dir='ltr'><strong>Disci-</strong></span> 
     </span>
    </p>
   </div>
   <div class='ocr_carea' id='block_1_60' title="bbox 417 4236 2050 4326">
    <p class='ocr_par' dir='ltr' id='par_1_60' title="bbox 417 4236 2050 4326">
     <span class='ocr_line' id='line_1_60' title="bbox 417 4236 2050 4326; baseline 0.013 -35"><span class='ocrx_word' id='word_1_467' title='bbox 417 4236 549 4326; x_wconf 86' lang='lat' dir='ltr'><strong>pule</strong></span> <span class='ocrx_word' id='word_1_468' title='bbox 570 4239 781 4296; x_wconf 85' lang='lat' dir='ltr'><strong>Christi</strong></span> <span class='ocrx_word' id='word_1_469' title='bbox 823 4241 922 4296; x_wconf 90' lang='lat' dir='ltr'><strong>Dei</strong></span> <span class='ocrx_word' id='word_1_470' title='bbox 961 4243 1164 4311; x_wconf 89' lang='lat' dir='ltr'><strong>nostri,</strong></span> <span class='ocrx_word' id='word_1_471' title='bbox 1189 4253 1476 4317; x_wconf 87' lang='lat' dir='ltr'><strong>quantum</strong></span> <span class='ocrx_word' id='word_1_472' title='bbox 1501 4256 1664 4322; x_wconf 89' lang='lat' dir='ltr'><strong>potes</strong></span> <span class='ocrx_word' id='word_1_473' title='bbox 1686 4254 1898 4326; x_wconf 87' lang='lat' dir='ltr'><strong>adjuva</strong></span> <span class='ocrx_word' id='word_1_474' title='bbox 1927 4274 2050 4313; x_wconf 89' lang='lat' dir='ltr'><strong>nos.</strong></span> 
     </span>
    </p>
   </div>
   <div class='ocr_carea' id='block_1_61' title="bbox 416 4325 2051 4412">
    <p class='ocr_par' dir='ltr' id='par_1_61' title="bbox 416 4325 2051 4412">
     <span class='ocr_line' id='line_1_61' title="bbox 416 4325 2051 4412; baseline 0.015 -32"><span class='ocrx_word' id='word_1_475' title='bbox 416 4325 566 4382; x_wconf 89' lang='lat' dir='ltr'><strong>Dicit</strong></span> <span class='ocrx_word' id='word_1_476' title='bbox 595 4327 668 4382; x_wconf 90' lang='lat' dir='ltr'><strong>ad</strong></span> <span class='ocrx_word' id='word_1_477' title='bbox 701 4345 947 4400; x_wconf 92' lang='lat' dir='ltr'><strong>puerum</strong></span> <span class='ocrx_word' id='word_1_478' title='bbox 975 4339 1252 4391; x_wconf 75' lang='lat' dir='ltr'><strong>sanctus:</strong></span> <span class='ocrx_word' id='word_1_479' title='bbox 1277 4337 1476 4395; x_wconf 90' lang='lat' dir='ltr'><strong>Credis</strong></span> <span class='ocrx_word' id='word_1_480' title='bbox 1499 4325 1890 4412; x_wconf 10' lang='lat' dir='ltr'><strong>salvari?iQui</strong></span> <span class='ocrx_word' id='word_1_481' title='bbox 1923 4346 2006 4403; x_wconf 91' lang='lat' dir='ltr'><strong>ait</strong></span> <span class='ocrx_word' id='word_1_482' title='bbox 2039 4365 2051 4404; x_wconf 91' lang='lat'>:</span> 
     </span>
    </p>
   </div>
   <div class='ocr_carea' id='block_1_62' title="bbox 415 4415 2057 4492">
    <p class='ocr_par' dir='ltr' id='par_1_62' title="bbox 415 4415 2057 4492">
     <span class='ocr_line' id='line_1_62' title="bbox 415 4415 2057 4492; baseline 0.015 -24"><span class='ocrx_word' id='word_1_483' title='bbox 415 4415 616 4483; x_wconf 74' lang='lat' dir='ltr'><strong>Credo,</strong></span> <span class='ocrx_word' id='word_1_484' title='bbox 649 4416 916 4488; x_wconf 87' lang='lat' dir='ltr'><strong>Domine,</strong></span> <span class='ocrx_word' id='word_1_485' title='bbox 967 4422 1180 4492; x_wconf 87' lang='lat' dir='ltr'><strong>adjuva</strong></span> <span class='ocrx_word' id='word_1_486' title='bbox 1225 4424 1689 4486; x_wconf 87' lang='lat' dir='ltr'><strong>incredulitatem</strong></span> <span class='ocrx_word' id='word_1_487' title='bbox 1741 4451 1952 4491; x_wconf 89' lang='lat' dir='ltr'><strong>meam.</strong></span> <span class='ocrx_word' id='word_1_488' title='bbox 1987 4429 2057 4492; x_wconf 82' lang='lat' dir='ltr'><strong>Et</strong></span> 
     </span>
    </p>
   </div>
   <div class='ocr_carea' id='block_1_63' title="bbox 414 4503 2054 4599">
    <p class='ocr_par' dir='ltr' id='par_1_63' title="bbox 414 4503 2054 4599">
     <span class='ocr_line' id='line_1_63' title="bbox 414 4503 2054 4599; baseline 0.018 -46"><span class='ocrx_word' id='word_1_489' title='bbox 414 4503 691 4599; x_wconf 65' lang='lat' dir='ltr'><strong>continuo</strong></span> <span class='ocrx_word' id='word_1_490' title='bbox 739 4507 1182 4578; x_wconf 87' lang='lat' dir='ltr'><strong>apprehendens</strong></span> <span class='ocrx_word' id='word_1_491' title='bbox 1238 4531 1480 4573; x_wconf 89' lang='lat' dir='ltr'><strong>manum</strong></span> <span class='ocrx_word' id='word_1_492' title='bbox 1537 4520 1686 4590; x_wconf 89' lang='lat' dir='ltr'><strong>ejus,</strong></span> <span class='ocrx_word' id='word_1_493' title='bbox 1721 4522 2054 4599; x_wconf 88' lang='lat' dir='ltr'><strong>faciensque</strong></span> 
     </span>
    </p>
   </div>
   <div class='ocr_carea' id='block_1_64' title="bbox 2177 1937 3827 2013">
    <p class='ocr_par' dir='ltr' id='par_1_64' title="bbox 2177 1937 3827 2013">
     <span class='ocr_line' id='line_1_64' title="bbox 2177 1937 3827 2013; baseline -0.002 -19"><span class='ocrx_word' id='word_1_494' title='bbox 2177 1943 2366 2006; x_wconf 92' lang='lat' dir='ltr'><strong>nocte,</strong></span> <span class='ocrx_word' id='word_1_495' title='bbox 2387 1955 2453 1994; x_wconf 94' lang='lat' dir='ltr'><strong>ac</strong></span> <span class='ocrx_word' id='word_1_496' title='bbox 2475 1939 2768 2011; x_wconf 88' lang='lat' dir='ltr'><strong>postulare</strong></span> <span class='ocrx_word' id='word_1_497' title='bbox 2789 1939 2917 2010; x_wconf 89' lang='lat' dir='ltr'><strong>ejus</strong></span> <span class='ocrx_word' id='word_1_498' title='bbox 2937 1937 3464 2013; x_wconf 87' lang='lat' dir='ltr'><strong>benegnitatem,ut</strong></span> <span class='ocrx_word' id='word_1_499' title='bbox 3485 1953 3602 1993; x_wconf 91' lang='lat' dir='ltr'><strong>non</strong></span> <span class='ocrx_word' id='word_1_500' title='bbox 3625 1937 3827 1992; x_wconf 85' lang='lat' dir='ltr'><strong>vincat</strong></span> 
     </span>
    </p>
   </div>
   <div class='ocr_carea' id='block_1_65' title="bbox 2177 2025 3827 2100">
    <p class='ocr_par' dir='ltr' id='par_1_65' title="bbox 2177 2025 3827 2100">
     <span class='ocr_line' id='line_1_65' title="bbox 2177 2025 3827 2100; baseline -0.002 -16"><span class='ocrx_word' id='word_1_501' title='bbox 2177 2031 2479 2100; x_wconf 89' lang='lat' dir='ltr'><strong>corruptor</strong></span> <span class='ocrx_word' id='word_1_502' title='bbox 2499 2029 2828 2086; x_wconf 89' lang='lat' dir='ltr'><strong>animarum</strong></span> <span class='ocrx_word' id='word_1_503' title='bbox 2852 2028 3027 2085; x_wconf 88' lang='lat' dir='ltr'><strong>etiam</strong></span> <span class='ocrx_word' id='word_1_504' title='bbox 3049 2027 3108 2084; x_wconf 91' lang='lat' dir='ltr'><strong>in</strong></span> <span class='ocrx_word' id='word_1_505' title='bbox 3130 2028 3240 2084; x_wconf 92' lang='lat' dir='ltr'><strong>hoc</strong></span> <span class='ocrx_word' id='word_1_506' title='bbox 3260 2028 3434 2084; x_wconf 89' lang='lat' dir='ltr'><strong>facto.</strong></span> <span class='ocrx_word' id='word_1_507' title='bbox 3454 2027 3528 2084; x_wconf 89' lang='lat' dir='ltr'><strong>Et</strong></span> <span class='ocrx_word' id='word_1_508' title='bbox 3557 2025 3827 2082; x_wconf 87' lang='lat' dir='ltr'><strong>alacriter</strong></span> 
     </span>
    </p>
   </div>
   <div class='ocr_carea' id='block_1_66' title="bbox 2178 2115 3821 2191">
    <p class='ocr_par' dir='ltr' id='par_1_66' title="bbox 2178 2115 3821 2191">
     <span class='ocr_line' id='line_1_66' title="bbox 2178 2115 3821 2191; baseline -0.001 -19"><span class='ocrx_word' id='word_1_509' title='bbox 2178 2115 2392 2190; x_wconf 89' lang='lat' dir='ltr'><strong>populo</strong></span> <span class='ocrx_word' id='word_1_510' title='bbox 2421 2122 2784 2191; x_wconf 80' lang='lat' dir='ltr'><strong>coaggerato,</strong></span> <span class='ocrx_word' id='word_1_511' title='bbox 2818 2135 2920 2191; x_wconf 91' lang='lat' dir='ltr'><strong>per</strong></span> <span class='ocrx_word' id='word_1_512' title='bbox 2949 2134 3182 2175; x_wconf 89' lang='lat' dir='ltr'><strong>omnem</strong></span> <span class='ocrx_word' id='word_1_513' title='bbox 3224 2121 3454 2173; x_wconf 89' lang='lat' dir='ltr'><strong>noctem</strong></span> <span class='ocrx_word' id='word_1_514' title='bbox 3485 2115 3821 2190; x_wconf 87' lang='lat' dir='ltr'><strong>postulave-</strong></span> 
     </span>
    </p>
   </div>
   <div class='ocr_carea' id='block_1_67' title="bbox 2177 2204 3827 2282">
    <p class='ocr_par' dir='ltr' id='par_1_67' title="bbox 2177 2204 3827 2282">
     <span class='ocr_line' id='line_1_67' title="bbox 2177 2204 3827 2282; baseline -0.001 -20"><span class='ocrx_word' id='word_1_515' title='bbox 2177 2211 2314 2262; x_wconf 91' lang='lat' dir='ltr'><strong>runt</strong></span> <span class='ocrx_word' id='word_1_516' title='bbox 2342 2207 2526 2263; x_wconf 90' lang='lat' dir='ltr'><strong>Deum</strong></span> <span class='ocrx_word' id='word_1_517' title='bbox 2575 2225 2709 2264; x_wconf 91' lang='lat' dir='ltr'><strong>cum</strong></span> <span class='ocrx_word' id='word_1_518' title='bbox 2761 2209 2911 2264; x_wconf 93' lang='lat' dir='ltr'><strong>bono</strong></span> <span class='ocrx_word' id='word_1_519' title='bbox 2950 2211 3203 2282; x_wconf 88' lang='lat' dir='ltr'><strong>pastore,</strong></span> <span class='ocrx_word' id='word_1_520' title='bbox 3233 2224 3367 2264; x_wconf 90' lang='lat' dir='ltr'><strong>cum</strong></span> <span class='ocrx_word' id='word_1_521' title='bbox 3398 2206 3677 2280; x_wconf 87' lang='lat' dir='ltr'><strong>lacrymis</strong></span> <span class='ocrx_word' id='word_1_522' title='bbox 3707 2204 3827 2261; x_wconf 87' lang='lat' dir='ltr'><strong>cla-</strong></span> 
     </span>
    </p>
   </div>
   <div class='ocr_carea' id='block_1_68' title="bbox 2177 2295 3826 2371">
    <p class='ocr_par' dir='ltr' id='par_1_68' title="bbox 2177 2295 3826 2371">
     <span class='ocr_line' id='line_1_68' title="bbox 2177 2295 3826 2371; baseline -0.001 -20"><span class='ocrx_word' id='word_1_523' title='bbox 2177 2299 2406 2352; x_wconf 91' lang='lat' dir='ltr'><strong>mantes</strong></span> <span class='ocrx_word' id='word_1_524' title='bbox 2427 2313 2532 2370; x_wconf 91' lang='lat' dir='ltr'><strong>pro</strong></span> <span class='ocrx_word' id='word_1_525' title='bbox 2553 2314 2619 2354; x_wconf 91' lang='lat' dir='ltr'><strong>eo</strong></span> <span class='ocrx_word' id='word_1_526' title='bbox 2643 2314 2655 2353; x_wconf 91' lang='lat'><strong>:</strong></span> <span class='ocrx_word' id='word_1_527' title='bbox 2679 2297 2870 2371; x_wconf 85' lang='lat' dir='ltr'><strong>Kyrie,</strong></span> <span class='ocrx_word' id='word_1_528' title='bbox 2895 2297 3131 2354; x_wconf 90' lang='lat' dir='ltr'><strong>eleison.</strong></span> <span class='ocrx_word' id='word_1_529' title='bbox 3155 2298 3226 2354; x_wconf 90' lang='lat' dir='ltr'><strong>Et</strong></span> <span class='ocrx_word' id='word_1_530' title='bbox 3246 2302 3473 2354; x_wconf 90' lang='lat' dir='ltr'><strong>mature</strong></span> <span class='ocrx_word' id='word_1_531' title='bbox 3492 2312 3630 2352; x_wconf 90' lang='lat' dir='ltr'><strong>cum</strong></span> <span class='ocrx_word' id='word_1_532' title='bbox 3661 2295 3826 2351; x_wconf 91' lang='lat' dir='ltr'><strong>omni</strong></span> 
     </span>
    </p>
   </div>
   <div class='ocr_carea' id='block_1_69' title="bbox 2177 2385 3831 2462">
    <p class='ocr_par' dir='ltr' id='par_1_69' title="bbox 2177 2385 3831 2462">
     <span class='ocr_line' id='line_1_69' title="bbox 2177 2385 3831 2462; baseline -0.001 -19"><span class='ocrx_word' id='word_1_533' title='bbox 2177 2385 2553 2444; x_wconf 89' lang='lat' dir='ltr'><strong>multitudine</strong></span> <span class='ocrx_word' id='word_1_534' title='bbox 2583 2387 2782 2460; x_wconf 87' lang='lat' dir='ltr'><strong>pepuli</strong></span> <span class='ocrx_word' id='word_1_535' title='bbox 2811 2388 3036 2462; x_wconf 89' lang='lat' dir='ltr'><strong>accepit</strong></span> <span class='ocrx_word' id='word_1_536' title='bbox 3063 2391 3302 2445; x_wconf 87' lang='lat' dir='ltr'><strong>sanctus</strong></span> <span class='ocrx_word' id='word_1_537' title='bbox 3345 2403 3616 2460; x_wconf 86' lang='lat' dir='ltr'><strong>puerum,</strong></span> <span class='ocrx_word' id='word_1_538' title='bbox 3651 2391 3710 2442; x_wconf 89' lang='lat' dir='ltr'><strong>et</strong></span> <span class='ocrx_word' id='word_1_539' title='bbox 3738 2389 3831 2442; x_wconf 78' lang='lat' dir='ltr'><strong>te-</strong></span> 
     </span>
    </p>
   </div>
   <div class='ocr_carea' id='block_1_70' title="bbox 2178 2475 3830 2552">
    <p class='ocr_par' dir='ltr' id='par_1_70' title="bbox 2178 2475 3830 2552">
     <span class='ocr_line' id='line_1_70' title="bbox 2178 2475 3830 2552; baseline -0.001 -19"><span class='ocrx_word' id='word_1_540' title='bbox 2178 2494 2324 2533; x_wconf 89' lang='lat' dir='ltr'><strong>nens</strong></span> <span class='ocrx_word' id='word_1_541' title='bbox 2343 2478 2638 2534; x_wconf 81' lang='lat' dir='ltr'><strong>dexteram</strong></span> <span class='ocrx_word' id='word_1_542' title='bbox 2660 2494 2904 2534; x_wconf 86' lang='lat' dir='ltr'><strong>manum</strong></span> <span class='ocrx_word' id='word_1_543' title='bbox 2935 2479 3084 2552; x_wconf 90' lang='lat' dir='ltr'><strong>ejus,</strong></span> <span class='ocrx_word' id='word_1_544' title='bbox 3109 2479 3360 2534; x_wconf 89' lang='lat' dir='ltr'><strong>ducebat</strong></span> <span class='ocrx_word' id='word_1_545' title='bbox 3387 2475 3556 2533; x_wconf 90' lang='lat' dir='ltr'><strong>illum</strong></span> <span class='ocrx_word' id='word_1_546' title='bbox 3588 2477 3650 2532; x_wconf 91' lang='lat' dir='ltr'><strong>in</strong></span> <span class='ocrx_word' id='word_1_547' title='bbox 3685 2493 3830 2532; x_wconf 87' lang='lat' dir='ltr'><strong>san-</strong></span> 
     </span>
    </p>
   </div>
   <div class='ocr_carea' id='block_1_71' title="bbox 2177 2565 3832 2642">
    <p class='ocr_par' dir='ltr' id='par_1_71' title="bbox 2177 2565 3832 2642">
     <span class='ocr_line' id='line_1_71' title="bbox 2177 2565 3832 2642; baseline 0 -20"><span class='ocrx_word' id='word_1_548' title='bbox 2177 2571 2330 2623; x_wconf 89' lang='lat' dir='ltr'><strong>ctam</strong></span> <span class='ocrx_word' id='word_1_549' title='bbox 2353 2567 2448 2623; x_wconf 92' lang='lat' dir='ltr'><strong>Dei</strong></span> <span class='ocrx_word' id='word_1_550' title='bbox 2471 2567 2776 2625; x_wconf 90' lang='lat' dir='ltr'><strong>ecclesiam</strong></span> <span class='ocrx_word' id='word_1_551' title='bbox 2795 2585 2928 2625; x_wconf 89' lang='lat' dir='ltr'><strong>cum</strong></span> <span class='ocrx_word' id='word_1_552' title='bbox 2952 2567 3198 2642; x_wconf 87' lang='lat' dir='ltr'><strong>psalmis</strong></span> <span class='ocrx_word' id='word_1_553' title='bbox 3221 2573 3279 2624; x_wconf 93' lang='lat' dir='ltr'><strong>et</strong></span> <span class='ocrx_word' id='word_1_554' title='bbox 3299 2565 3556 2641; x_wconf 83' lang='lat' dir='ltr'><strong>hymnis.</strong></span> <span class='ocrx_word' id='word_1_555' title='bbox 3589 2567 3665 2622; x_wconf 89' lang='lat' dir='ltr'><strong>Et</strong></span> <span class='ocrx_word' id='word_1_556' title='bbox 3691 2583 3832 2623; x_wconf 85' lang='lat' dir='ltr'><strong>ecce</strong></span> 
     </span>
    </p>
   </div>
   <div class='ocr_carea' id='block_1_72' title="bbox 2177 2655 3829 2726">
    <p class='ocr_par' dir='ltr' id='par_1_72' title="bbox 2177 2655 3829 2726">
     <span class='ocr_line' id='line_1_72' title="bbox 2177 2655 3829 2726; baseline 0.001 -14"><span class='ocrx_word' id='word_1_557' title='bbox 2177 2655 2446 2714; x_wconf 88' lang='lat' dir='ltr'><strong>diabolus</strong></span> <span class='ocrx_word' id='word_1_558' title='bbox 2476 2657 2741 2713; x_wconf 89' lang='lat' dir='ltr'><strong>omnium</strong></span> <span class='ocrx_word' id='word_1_559' title='bbox 2775 2657 3071 2716; x_wconf 89' lang='lat' dir='ltr'><strong>fascinans</strong></span> <span class='ocrx_word' id='word_1_560' title='bbox 3101 2658 3160 2712; x_wconf 91' lang='lat' dir='ltr'><strong>in</strong></span> <span class='ocrx_word' id='word_1_561' title='bbox 3191 2656 3418 2714; x_wconf 90' lang='lat' dir='ltr'><strong>tristem</strong></span> <span class='ocrx_word' id='word_1_562' title='bbox 3448 2657 3657 2726; x_wconf 87' lang='lat' dir='ltr'><strong>vitam,</strong></span> <span class='ocrx_word' id='word_1_563' title='bbox 3688 2672 3829 2713; x_wconf 92' lang='lat' dir='ltr'><strong>cum</strong></span> 
     </span>
    </p>
   </div>
   <div class='ocr_carea' id='block_1_73' title="bbox 2177 2744 3830 2820">
    <p class='ocr_par' dir='ltr' id='par_1_73' title="bbox 2177 2744 3830 2820">
     <span class='ocr_line' id='line_1_73' title="bbox 2177 2744 3830 2820; baseline 0.001 -19"><span class='ocrx_word' id='word_1_564' title='bbox 2177 2745 2336 2801; x_wconf 92' lang='lat' dir='ltr'><strong>omni</strong></span> <span class='ocrx_word' id='word_1_565' title='bbox 2369 2746 2694 2819; x_wconf 90' lang='lat' dir='ltr'><strong>perniciosa</strong></span> <span class='ocrx_word' id='word_1_566' title='bbox 2715 2747 2929 2803; x_wconf 88' lang='lat' dir='ltr'><strong>virtute</strong></span> <span class='ocrx_word' id='word_1_567' title='bbox 2960 2746 3212 2814; x_wconf 89' lang='lat' dir='ltr'><strong>advenit,</strong></span> <span class='ocrx_word' id='word_1_568' title='bbox 3239 2750 3298 2803; x_wconf 91' lang='lat' dir='ltr'><strong>et</strong></span> <span class='ocrx_word' id='word_1_569' title='bbox 3323 2744 3694 2802; x_wconf 88' lang='lat' dir='ltr'><strong>invisibiliter</strong></span> <span class='ocrx_word' id='word_1_570' title='bbox 3724 2763 3830 2820; x_wconf 83' lang='lat' dir='ltr'><strong>ap-</strong></span> 
     </span>
    </p>
   </div>
   <div class='ocr_carea' id='block_1_74' title="bbox 2177 2834 3828 2909">
    <p class='ocr_par' dir='ltr' id='par_1_74' title="bbox 2177 2834 3828 2909">
     <span class='ocr_line' id='line_1_74' title="bbox 2177 2834 3828 2909; baseline 0 -19"><span class='ocrx_word' id='word_1_571' title='bbox 2177 2834 2542 2908; x_wconf 90' lang='lat' dir='ltr'><strong>prehendens</strong></span> <span class='ocrx_word' id='word_1_572' title='bbox 2564 2835 3162 2909; x_wconf 88' lang='lat' dir='ltr'><strong>puerum,conabatur</strong></span> <span class='ocrx_word' id='word_1_573' title='bbox 3181 2852 3381 2908; x_wconf 88' lang='lat' dir='ltr'><strong>rapere</strong></span> <span class='ocrx_word' id='word_1_574' title='bbox 3399 2853 3534 2892; x_wconf 91' lang='lat' dir='ltr'><strong>eum</strong></span> <span class='ocrx_word' id='word_1_575' title='bbox 3555 2835 3628 2891; x_wconf 91' lang='lat' dir='ltr'><strong>de</strong></span> <span class='ocrx_word' id='word_1_576' title='bbox 3643 2852 3828 2891; x_wconf 91' lang='lat' dir='ltr'><strong>manu</strong></span> 
     </span>
    </p>
   </div>
   <div class='ocr_carea' id='block_1_75' title="bbox 2177 2924 3832 2998">
    <p class='ocr_par' dir='ltr' id='par_1_75' title="bbox 2177 2924 3832 2998">
     <span class='ocr_line' id='line_1_75' title="bbox 2177 2924 3832 2998; baseline 0.001 -19"><span class='ocrx_word' id='word_1_577' title='bbox 2177 2924 2386 2980; x_wconf 90' lang='lat' dir='ltr'><strong>sancti.</strong></span> <span class='ocrx_word' id='word_1_578' title='bbox 2409 2925 2482 2980; x_wconf 89' lang='lat' dir='ltr'><strong>Et</strong></span> <span class='ocrx_word' id='word_1_579' title='bbox 2501 2925 2676 2998; x_wconf 68' lang='lat' dir='ltr'><strong>coepit</strong></span> <span class='ocrx_word' id='word_1_580' title='bbox 2713 2925 2966 2982; x_wconf 88' lang='lat' dir='ltr'><strong>clamare</strong></span> <span class='ocrx_word' id='word_1_581' title='bbox 3005 2941 3186 2998; x_wconf 89' lang='lat' dir='ltr'><strong>puer:</strong></span> <span class='ocrx_word' id='word_1_582' title='bbox 3209 2924 3421 2981; x_wconf 87' lang='lat' dir='ltr'><strong>Sancte</strong></span> <span class='ocrx_word' id='word_1_583' title='bbox 3450 2924 3576 2995; x_wconf 89' lang='lat' dir='ltr'><strong>Dei,</strong></span> <span class='ocrx_word' id='word_1_584' title='bbox 3609 2924 3832 2997; x_wconf 89' lang='lat' dir='ltr'><strong>adjuva</strong></span> 
     </span>
    </p>
   </div>
   <div class='ocr_carea' id='block_1_76' title="bbox 2178 3013 3830 3088">
    <p class='ocr_par' dir='ltr' id='par_1_76' title="bbox 2178 3013 3830 3088">
     <span class='ocr_line' id='line_1_76' title="bbox 2178 3013 3830 3088; baseline 0.001 -20"><span class='ocrx_word' id='word_1_585' title='bbox 2178 3029 2290 3068; x_wconf 91' lang='lat' dir='ltr'><strong>me.</strong></span> <span class='ocrx_word' id='word_1_586' title='bbox 2318 3013 2388 3068; x_wconf 91' lang='lat' dir='ltr'><strong>Et</strong></span> <span class='ocrx_word' id='word_1_587' title='bbox 2417 3018 2581 3069; x_wconf 91' lang='lat' dir='ltr'><strong>tanta</strong></span> <span class='ocrx_word' id='word_1_588' title='bbox 2609 3014 2913 3087; x_wconf 91' lang='lat' dir='ltr'><strong>improbus</strong></span> <span class='ocrx_word' id='word_1_589' title='bbox 2939 3013 3222 3071; x_wconf 89' lang='lat' dir='ltr'><strong>instantia</strong></span> <span class='ocrx_word' id='word_1_590' title='bbox 3265 3031 3582 3088; x_wconf 83' lang='lat' dir='ltr'><strong>aggressus</strong></span> <span class='ocrx_word' id='word_1_591' title='bbox 3611 3017 3724 3082; x_wconf 89' lang='lat' dir='ltr'><strong>est,</strong></span> <span class='ocrx_word' id='word_1_592' title='bbox 3761 3019 3830 3070; x_wconf 92' lang='lat' dir='ltr'><strong>ut</strong></span> 
     </span>
    </p>
   </div>
   <div class='ocr_carea' id='block_1_77' title="bbox 2175 3101 3828 3176">
    <p class='ocr_par' dir='ltr' id='par_1_77' title="bbox 2175 3101 3828 3176">
     <span class='ocr_line' id='line_1_77' title="bbox 2175 3101 3828 3176; baseline 0.002 -19"><span class='ocrx_word' id='word_1_593' title='bbox 2175 3101 2348 3157; x_wconf 88' lang='lat' dir='ltr'><strong>etiam</strong></span> <span class='ocrx_word' id='word_1_594' title='bbox 2401 3102 2838 3160; x_wconf 89' lang='lat' dir='ltr'><strong>memorabilem</strong></span> <span class='ocrx_word' id='word_1_595' title='bbox 2893 3103 3085 3160; x_wconf 90' lang='lat' dir='ltr'><strong>virum</strong></span> <span class='ocrx_word' id='word_1_596' title='bbox 3134 3102 3528 3176; x_wconf 87' lang='lat' dir='ltr'><strong>compelleret,</strong></span> <span class='ocrx_word' id='word_1_597' title='bbox 3579 3103 3828 3160; x_wconf 86' lang='lat' dir='ltr'><strong>trahens</strong></span> 
     </span>
    </p>
   </div>
   <div class='ocr_carea' id='block_1_78' title="bbox 2177 3191 3824 3266">
    <p class='ocr_par' dir='ltr' id='par_1_78' title="bbox 2177 3191 3824 3266">
     <span class='ocr_line' id='line_1_78' title="bbox 2177 3191 3824 3266; baseline 0.001 -22"><span class='ocrx_word' id='word_1_598' title='bbox 2177 3196 2774 3262; x_wconf 88' lang='lat' dir='ltr'><strong>puerum.Conversus</strong></span> <span class='ocrx_word' id='word_1_599' title='bbox 2794 3209 2929 3266; x_wconf 86' lang='lat' dir='ltr'><strong>ergo</strong></span> <span class='ocrx_word' id='word_1_600' title='bbox 2951 3196 3190 3248; x_wconf 89' lang='lat' dir='ltr'><strong>sanctus</strong></span> <span class='ocrx_word' id='word_1_601' title='bbox 3209 3193 3282 3250; x_wconf 91' lang='lat' dir='ltr'><strong>ad</strong></span> <span class='ocrx_word' id='word_1_602' title='bbox 3305 3191 3787 3258; x_wconf 82' lang='lat' dir='ltr'><strong>diabolum,dixit</strong></span> <span class='ocrx_word' id='word_1_603' title='bbox 3809 3208 3824 3246; x_wconf 90' lang='lat'><strong>:</strong></span> 
     </span>
    </p>
   </div>
   <div class='ocr_carea' id='block_1_79' title="bbox 2173 3279 3826 3354">
    <p class='ocr_par' dir='ltr' id='par_1_79' title="bbox 2173 3279 3826 3354">
     <span class='ocr_line' id='line_1_79' title="bbox 2173 3279 3826 3354; baseline 0.001 -20"><span class='ocrx_word' id='word_1_604' title='bbox 2173 3279 2631 3352; x_wconf 86' lang='lat' dir='ltr'><strong>Improbissime,</strong></span> <span class='ocrx_word' id='word_1_605' title='bbox 2663 3285 2721 3336; x_wconf 94' lang='lat' dir='ltr'><strong>et</strong></span> <span class='ocrx_word' id='word_1_606' title='bbox 2752 3281 3084 3338; x_wconf 90' lang='lat' dir='ltr'><strong>animarum</strong></span> <span class='ocrx_word' id='word_1_607' title='bbox 3114 3285 3436 3354; x_wconf 90' lang='lat' dir='ltr'><strong>corruptor,</strong></span> <span class='ocrx_word' id='word_1_608' title='bbox 3462 3284 3628 3352; x_wconf 87' lang='lat' dir='ltr'><strong>pater</strong></span> <span class='ocrx_word' id='word_1_609' title='bbox 3657 3284 3826 3337; x_wconf 85' lang='lat' dir='ltr'><strong>tene-</strong></span> 
     </span>
    </p>
   </div>
   <div class='ocr_carea' id='block_1_80' title="bbox 2169 3367 3824 3443">
    <p class='ocr_par' dir='ltr' id='par_1_80' title="bbox 2169 3367 3824 3443">
     <span class='ocr_line' id='line_1_80' title="bbox 2169 3367 3824 3443; baseline 0.002 -20"><span class='ocrx_word' id='word_1_610' title='bbox 2169 3367 2408 3424; x_wconf 88' lang='lat' dir='ltr'><strong>brarum</strong></span> <span class='ocrx_word' id='word_1_611' title='bbox 2429 3373 2487 3424; x_wconf 88' lang='lat' dir='ltr'><strong>et</strong></span> <span class='ocrx_word' id='word_1_612' title='bbox 2505 3369 2868 3442; x_wconf 90' lang='lat' dir='ltr'><strong>perditionis,</strong></span> <span class='ocrx_word' id='word_1_613' title='bbox 2893 3387 3009 3427; x_wconf 91' lang='lat' dir='ltr'><strong>non</strong></span> <span class='ocrx_word' id='word_1_614' title='bbox 3032 3369 3255 3428; x_wconf 82' lang='lat' dir='ltr'><strong>sufficit</strong></span> <span class='ocrx_word' id='word_1_615' title='bbox 3272 3369 3379 3426; x_wconf 90' lang='lat' dir='ltr'><strong>tibi</strong></span> <span class='ocrx_word' id='word_1_616' title='bbox 3410 3373 3514 3426; x_wconf 91' lang='lat' dir='ltr'><strong>tua</strong></span> <span class='ocrx_word' id='word_1_617' title='bbox 3543 3369 3824 3443; x_wconf 88' lang='lat' dir='ltr'><strong>perditio,</strong></span> 
     </span>
    </p>
   </div>
   <div class='ocr_carea' id='block_1_81' title="bbox 2169 3456 3828 3531">
    <p class='ocr_par' dir='ltr' id='par_1_81' title="bbox 2169 3456 3828 3531">
     <span class='ocr_line' id='line_1_81' title="bbox 2169 3456 3828 3531; baseline 0.001 -20"><span class='ocrx_word' id='word_1_618' title='bbox 2169 3474 2285 3530; x_wconf 91' lang='lat' dir='ltr'><strong>qua</strong></span> <span class='ocrx_word' id='word_1_619' title='bbox 2305 3461 2361 3512; x_wconf 92' lang='lat' dir='ltr'><strong>te</strong></span> <span class='ocrx_word' id='word_1_620' title='bbox 2381 3462 2437 3513; x_wconf 90' lang='lat' dir='ltr'><strong>et</strong></span> <span class='ocrx_word' id='word_1_621' title='bbox 2455 3475 2553 3514; x_wconf 90' lang='lat' dir='ltr'><strong>eos</strong></span> <span class='ocrx_word' id='word_1_622' title='bbox 2576 3459 2673 3531; x_wconf 93' lang='lat' dir='ltr'><strong>qui</strong></span> <span class='ocrx_word' id='word_1_623' title='bbox 2699 3459 2810 3515; x_wconf 91' lang='lat' dir='ltr'><strong>sub</strong></span> <span class='ocrx_word' id='word_1_624' title='bbox 2841 3463 2897 3515; x_wconf 90' lang='lat' dir='ltr'><strong>te</strong></span> <span class='ocrx_word' id='word_1_625' title='bbox 2936 3462 3078 3515; x_wconf 91' lang='lat' dir='ltr'><strong>sunt</strong></span> <span class='ocrx_word' id='word_1_626' title='bbox 3113 3457 3380 3527; x_wconf 79' lang='lat' dir='ltr'><strong>effecisti,</strong></span> <span class='ocrx_word' id='word_1_627' title='bbox 3407 3457 3519 3514; x_wconf 90' lang='lat' dir='ltr'><strong>nisi</strong></span> <span class='ocrx_word' id='word_1_628' title='bbox 3551 3456 3732 3514; x_wconf 89' lang='lat' dir='ltr'><strong>etiam</strong></span> <span class='ocrx_word' id='word_1_629' title='bbox 3766 3462 3828 3513; x_wconf 91' lang='lat' dir='ltr'><strong>et</strong></span> 
     </span>
    </p>
   </div>
   <div class='ocr_carea' id='block_1_82' title="bbox 2169 3545 3822 3620">
    <p class='ocr_par' dir='ltr' id='par_1_82' title="bbox 2169 3545 3822 3620">
     <span class='ocr_line' id='line_1_82' title="bbox 2169 3545 3822 3620; baseline 0.001 -19"><span class='ocrx_word' id='word_1_630' title='bbox 2169 3545 2272 3601; x_wconf 91' lang='lat' dir='ltr'><strong>Dei</strong></span> <span class='ocrx_word' id='word_1_631' title='bbox 2303 3545 2418 3601; x_wconf 90' lang='lat' dir='ltr'><strong>mei</strong></span> <span class='ocrx_word' id='word_1_632' title='bbox 2449 3550 2634 3604; x_wconf 87' lang='lat' dir='ltr'><strong>tentes</strong></span> <span class='ocrx_word' id='word_1_633' title='bbox 2665 3547 2940 3620; x_wconf 89' lang='lat' dir='ltr'><strong>plasma?</strong></span> <span class='ocrx_word' id='word_1_634' title='bbox 2968 3545 3246 3604; x_wconf 90' lang='lat' dir='ltr'><strong>Diabolus</strong></span> <span class='ocrx_word' id='word_1_635' title='bbox 3299 3551 3498 3604; x_wconf 89' lang='lat' dir='ltr'><strong>autem</strong></span> <span class='ocrx_word' id='word_1_636' title='bbox 3553 3546 3700 3602; x_wconf 81' lang='lat' dir='ltr'><strong>dixit</strong></span> <span class='ocrx_word' id='word_1_637' title='bbox 3746 3547 3822 3602; x_wconf 91' lang='lat' dir='ltr'><strong>ad</strong></span> 
     </span>
    </p>
   </div>
   <div class='ocr_carea' id='block_1_83' title="bbox 2169 3633 3826 3709">
    <p class='ocr_par' dir='ltr' id='par_1_83' title="bbox 2169 3633 3826 3709">
     <span class='ocr_line' id='line_1_83' title="bbox 2169 3633 3826 3709; baseline 0.001 -19"><span class='ocrx_word' id='word_1_638' title='bbox 2169 3651 2302 3690; x_wconf 89' lang='lat' dir='ltr'><strong>eum</strong></span> <span class='ocrx_word' id='word_1_639' title='bbox 2338 3652 2350 3690; x_wconf 89' lang='lat'><strong>:</strong></span> <span class='ocrx_word' id='word_1_640' title='bbox 2385 3635 2737 3708; x_wconf 81' lang='lat' dir='ltr'><strong>Praejudicas</strong></span> <span class='ocrx_word' id='word_1_641' title='bbox 2769 3653 2880 3705; x_wconf 90' lang='lat' dir='ltr'><strong>me,</strong></span> <span class='ocrx_word' id='word_1_642' title='bbox 2914 3635 3112 3694; x_wconf 91' lang='lat' dir='ltr'><strong>Basili.</strong></span> <span class='ocrx_word' id='word_1_643' title='bbox 3145 3637 3232 3692; x_wconf 90' lang='lat' dir='ltr'><strong>Ita</strong></span> <span class='ocrx_word' id='word_1_644' title='bbox 3262 3641 3327 3692; x_wconf 89' lang='lat' dir='ltr'><strong>ut</strong></span> <span class='ocrx_word' id='word_1_645' title='bbox 3358 3633 3598 3709; x_wconf 88' lang='lat' dir='ltr'><strong>plurimi</strong></span> <span class='ocrx_word' id='word_1_646' title='bbox 3629 3653 3700 3692; x_wconf 89' lang='lat' dir='ltr'><strong>ex</strong></span> <span class='ocrx_word' id='word_1_647' title='bbox 3721 3653 3826 3692; x_wconf 89' lang='lat' dir='ltr'><strong>no-</strong></span> 
     </span>
    </p>
   </div>
   <div class='ocr_carea' id='block_1_84' title="bbox 2169 3721 3828 3790">
    <p class='ocr_par' dir='ltr' id='par_1_84' title="bbox 2169 3721 3828 3790">
     <span class='ocr_line' id='line_1_84' title="bbox 2169 3721 3828 3790; baseline 0.001 -12"><span class='ocrx_word' id='word_1_648' title='bbox 2169 3721 2260 3778; x_wconf 90' lang='lat' dir='ltr'><strong>bis</strong></span> <span class='ocrx_word' id='word_1_649' title='bbox 2291 3723 2561 3780; x_wconf 91' lang='lat' dir='ltr'><strong>audirent</strong></span> <span class='ocrx_word' id='word_1_650' title='bbox 2586 3742 2756 3782; x_wconf 88' lang='lat' dir='ltr'><strong>voces</strong></span> <span class='ocrx_word' id='word_1_651' title='bbox 2803 3726 3134 3781; x_wconf 77' lang='lat' dir='ltr'><strong>daemonum</strong></span> <span class='ocrx_word' id='word_1_652' title='bbox 3179 3725 3300 3781; x_wconf 70' lang='lat' dir='ltr'><strong>haec</strong></span> <span class='ocrx_word' id='word_1_653' title='bbox 3330 3723 3675 3790; x_wconf 88' lang='lat' dir='ltr'><strong>dicentium,</strong></span> <span class='ocrx_word' id='word_1_654' title='bbox 3707 3723 3828 3780; x_wconf 84' lang='lat' dir='ltr'><strong>cla-</strong></span> 
     </span>
    </p>
   </div>
   <div class='ocr_carea' id='block_1_85' title="bbox 2169 3813 3826 3887">
    <p class='ocr_par' dir='ltr' id='par_1_85' title="bbox 2169 3813 3826 3887">
     <span class='ocr_line' id='line_1_85' title="bbox 2169 3813 3826 3887; baseline 0.001 -21"><span class='ocrx_word' id='word_1_655' title='bbox 2169 3816 2365 3866; x_wconf 89' lang='lat' dir='ltr'><strong>mante</strong></span> <span class='ocrx_word' id='word_1_656' title='bbox 2388 3813 2602 3886; x_wconf 88' lang='lat' dir='ltr'><strong>populo</strong></span> <span class='ocrx_word' id='word_1_657' title='bbox 2627 3831 2638 3868; x_wconf 95' lang='lat'>:</span> <span class='ocrx_word' id='word_1_658' title='bbox 2666 3814 3099 3887; x_wconf 84' lang='lat' dir='ltr'><strong>Kyrie,eleison.</strong></span> <span class='ocrx_word' id='word_1_659' title='bbox 3121 3815 3371 3870; x_wconf 90' lang='lat' dir='ltr'><strong>Sanctus</strong></span> <span class='ocrx_word' id='word_1_660' title='bbox 3393 3818 3588 3870; x_wconf 87' lang='lat' dir='ltr'><strong>autem</strong></span> <span class='ocrx_word' id='word_1_661' title='bbox 3613 3813 3716 3869; x_wconf 91' lang='lat' dir='ltr'><strong>Dei</strong></span> <span class='ocrx_word' id='word_1_662' title='bbox 3740 3814 3826 3869; x_wconf 91' lang='lat' dir='ltr'><strong>ait</strong></span> 
     </span>
    </p>
   </div>
   <div class='ocr_carea' id='block_1_86' title="bbox 2165 3901 3824 3976">
    <p class='ocr_par' dir='ltr' id='par_1_86' title="bbox 2165 3901 3824 3976">
     <span class='ocr_line' id='line_1_86' title="bbox 2165 3901 3824 3976; baseline 0.001 -20"><span class='ocrx_word' id='word_1_663' title='bbox 2165 3901 2237 3956; x_wconf 88' lang='lat' dir='ltr'><strong>ad</strong></span> <span class='ocrx_word' id='word_1_664' title='bbox 2259 3918 2392 3956; x_wconf 90' lang='lat' dir='ltr'><strong>eum</strong></span> <span class='ocrx_word' id='word_1_665' title='bbox 2417 3919 2430 3957; x_wconf 90' lang='lat'>:</span> <span class='ocrx_word' id='word_1_666' title='bbox 2459 3903 2721 3974; x_wconf 87' lang='lat' dir='ltr'><strong>Increpat</strong></span> <span class='ocrx_word' id='word_1_667' title='bbox 2751 3909 2805 3958; x_wconf 92' lang='lat' dir='ltr'><strong>te</strong></span> <span class='ocrx_word' id='word_1_668' title='bbox 2836 3904 3138 3972; x_wconf 91' lang='lat' dir='ltr'><strong>Dominus,</strong></span> <span class='ocrx_word' id='word_1_669' title='bbox 3163 3903 3411 3959; x_wconf 89' lang='lat' dir='ltr'><strong>diabole.</strong></span> <span class='ocrx_word' id='word_1_670' title='bbox 3437 3903 3544 3970; x_wconf 89' lang='lat' dir='ltr'><strong>Qui</strong></span> <span class='ocrx_word' id='word_1_671' title='bbox 3576 3904 3824 3976; x_wconf 82' lang='lat' dir='ltr'><strong>respon-</strong></span> 
     </span>
    </p>
   </div>
   <div class='ocr_carea' id='block_1_87' title="bbox 2165 3991 3824 4066">
    <p class='ocr_par' dir='ltr' id='par_1_87' title="bbox 2165 3991 3824 4066">
     <span class='ocr_line' id='line_1_87' title="bbox 2165 3991 3824 4066; baseline 0.002 -22"><span class='ocrx_word' id='word_1_672' title='bbox 2165 3991 2308 4045; x_wconf 92' lang='lat' dir='ltr'><strong>dens</strong></span> <span class='ocrx_word' id='word_1_673' title='bbox 2340 3991 2422 4046; x_wconf 90' lang='lat' dir='ltr'><strong>ait</strong></span> <span class='ocrx_word' id='word_1_674' title='bbox 2451 3991 2522 4046; x_wconf 91' lang='lat' dir='ltr'><strong>ad</strong></span> <span class='ocrx_word' id='word_1_675' title='bbox 2553 4009 2686 4046; x_wconf 90' lang='lat' dir='ltr'><strong>eum</strong></span> <span class='ocrx_word' id='word_1_676' title='bbox 2721 4009 2733 4046; x_wconf 92' lang='lat'>:</span> <span class='ocrx_word' id='word_1_677' title='bbox 2769 3992 2965 4059; x_wconf 89' lang='lat' dir='ltr'><strong>Basili,</strong></span> <span class='ocrx_word' id='word_1_678' title='bbox 2997 3992 3342 4066; x_wconf 69' lang='lat' dir='ltr'><strong>praajudieas</strong></span> <span class='ocrx_word' id='word_1_679' title='bbox 3383 4009 3496 4064; x_wconf 91' lang='lat' dir='ltr'><strong>me,</strong></span> <span class='ocrx_word' id='word_1_680' title='bbox 3533 4009 3650 4048; x_wconf 92' lang='lat' dir='ltr'><strong>non</strong></span> <span class='ocrx_word' id='word_1_681' title='bbox 3699 3992 3824 4048; x_wconf 88' lang='lat' dir='ltr'><strong>abii</strong></span> 
     </span>
    </p>
   </div>
   <div class='ocr_carea' id='block_1_88' title="bbox 2163 4079 3824 4154">
    <p class='ocr_par' dir='ltr' id='par_1_88' title="bbox 2163 4079 3824 4154">
     <span class='ocr_line' id='line_1_88' title="bbox 2163 4079 3824 4154; baseline 0.002 -21"><span class='ocrx_word' id='word_1_682' title='bbox 2163 4095 2269 4151; x_wconf 85' lang='lat' dir='ltr'><strong>ego</strong></span> <span class='ocrx_word' id='word_1_683' title='bbox 2299 4079 2371 4134; x_wconf 91' lang='lat' dir='ltr'><strong>ad</strong></span> <span class='ocrx_word' id='word_1_684' title='bbox 2405 4096 2562 4148; x_wconf 90' lang='lat' dir='ltr'><strong>eum,</strong></span> <span class='ocrx_word' id='word_1_685' title='bbox 2587 4080 2686 4136; x_wconf 87' lang='lat' dir='ltr'><strong>sed</strong></span> <span class='ocrx_word' id='word_1_686' title='bbox 2718 4079 2843 4152; x_wconf 90' lang='lat' dir='ltr'><strong>ipse</strong></span> <span class='ocrx_word' id='word_1_687' title='bbox 2872 4081 3029 4137; x_wconf 89' lang='lat' dir='ltr'><strong>venit</strong></span> <span class='ocrx_word' id='word_1_688' title='bbox 3057 4083 3128 4137; x_wconf 90' lang='lat' dir='ltr'><strong>ad</strong></span> <span class='ocrx_word' id='word_1_689' title='bbox 3158 4098 3270 4138; x_wconf 90' lang='lat' dir='ltr'><strong>me.</strong></span> <span class='ocrx_word' id='word_1_690' title='bbox 3301 4080 3621 4154; x_wconf 87' lang='lat' dir='ltr'><strong>Abnegavit</strong></span> <span class='ocrx_word' id='word_1_691' title='bbox 3650 4081 3824 4137; x_wconf 88' lang='lat' dir='ltr'><strong>Chri-</strong></span> 
     </span>
    </p>
   </div>
   <div class='ocr_carea' id='block_1_89' title="bbox 2165 4168 3818 4242">
    <p class='ocr_par' dir='ltr' id='par_1_89' title="bbox 2165 4168 3818 4242">
     <span class='ocr_line' id='line_1_89' title="bbox 2165 4168 3818 4242; baseline 0.003 -21"><span class='ocrx_word' id='word_1_692' title='bbox 2165 4171 2344 4234; x_wconf 89' lang='lat' dir='ltr'><strong>stum,</strong></span> <span class='ocrx_word' id='word_1_693' title='bbox 2370 4171 2428 4223; x_wconf 92' lang='lat' dir='ltr'><strong>et</strong></span> <span class='ocrx_word' id='word_1_694' title='bbox 2451 4169 2746 4240; x_wconf 83' lang='lat' dir='ltr'><strong>professus</strong></span> <span class='ocrx_word' id='word_1_695' title='bbox 2775 4173 2864 4225; x_wconf 84' lang='lat' dir='ltr'><strong>est</strong></span> <span class='ocrx_word' id='word_1_696' title='bbox 2885 4168 3050 4226; x_wconf 90' lang='lat' dir='ltr'><strong>mihi.</strong></span> <span class='ocrx_word' id='word_1_697' title='bbox 3073 4171 3144 4226; x_wconf 91' lang='lat' dir='ltr'><strong>Et</strong></span> <span class='ocrx_word' id='word_1_698' title='bbox 3171 4185 3302 4226; x_wconf 88' lang='lat' dir='ltr'><strong>ecce</strong></span> <span class='ocrx_word' id='word_1_699' title='bbox 3332 4169 3818 4242; x_wconf 88' lang='lat' dir='ltr'><strong>manuscriptum</strong></span> 
     </span>
    </p>
   </div>
   <div class='ocr_carea' id='block_1_90' title="bbox 2163 4254 3816 4332">
    <p class='ocr_par' dir='ltr' id='par_1_90' title="bbox 2163 4254 3816 4332">
     <span class='ocr_line' id='line_1_90' title="bbox 2163 4254 3816 4332; baseline 0.002 -22"><span class='ocrx_word' id='word_1_700' title='bbox 2163 4254 2368 4325; x_wconf 89' lang='lat' dir='ltr'><strong>habeo,</strong></span> <span class='ocrx_word' id='word_1_701' title='bbox 2393 4261 2450 4312; x_wconf 91' lang='lat' dir='ltr'><strong>et</strong></span> <span class='ocrx_word' id='word_1_702' title='bbox 2477 4257 2535 4312; x_wconf 92' lang='lat' dir='ltr'><strong>in</strong></span> <span class='ocrx_word' id='word_1_703' title='bbox 2558 4257 2870 4330; x_wconf 88' lang='lat' dir='ltr'><strong>diejudicii</strong></span> <span class='ocrx_word' id='word_1_704' title='bbox 2894 4258 2964 4314; x_wconf 91' lang='lat' dir='ltr'><strong>ad</strong></span> <span class='ocrx_word' id='word_1_705' title='bbox 2987 4275 3360 4314; x_wconf 91' lang='lat' dir='ltr'><strong>communem</strong></span> <span class='ocrx_word' id='word_1_706' title='bbox 3383 4258 3645 4332; x_wconf 89' lang='lat' dir='ltr'><strong>judicem</strong></span> <span class='ocrx_word' id='word_1_707' title='bbox 3669 4275 3816 4314; x_wconf 91' lang='lat' dir='ltr'><strong>eum</strong></span> 
     </span>
    </p>
   </div>
   <div class='ocr_carea' id='block_1_91' title="bbox 2163 4344 3818 4404">
    <p class='ocr_par' dir='ltr' id='par_1_91' title="bbox 2163 4344 3818 4404">
     <span class='ocr_line' id='line_1_91' title="bbox 2163 4344 3818 4404; baseline 0.004 -6"><span class='ocrx_word' id='word_1_708' title='bbox 2163 4344 2334 4400; x_wconf 91' lang='lat' dir='ltr'><strong>duco.</strong></span> <span class='ocrx_word' id='word_1_709' title='bbox 2358 4346 2606 4403; x_wconf 86' lang='lat' dir='ltr'><strong>Sanctus</strong></span> <span class='ocrx_word' id='word_1_710' title='bbox 2629 4346 2727 4402; x_wconf 88' lang='lat' dir='ltr'><strong>Dei</strong></span> <span class='ocrx_word' id='word_1_711' title='bbox 2751 4346 2932 4402; x_wconf 86' lang='lat' dir='ltr'><strong>dixit:</strong></span> <span class='ocrx_word' id='word_1_712' title='bbox 2956 4346 3303 4404; x_wconf 88' lang='lat' dir='ltr'><strong>Benedictus</strong></span> <span class='ocrx_word' id='word_1_713' title='bbox 3334 4346 3620 4404; x_wconf 90' lang='lat' dir='ltr'><strong>Dominus</strong></span> <span class='ocrx_word' id='word_1_714' title='bbox 3651 4347 3818 4404; x_wconf 88' lang='lat' dir='ltr'><strong>Deus</strong></span> 
     </span>
    </p>
   </div>
   <div class='ocr_carea' id='block_1_92' title="bbox 2163 4435 3817 4509">
    <p class='ocr_par' dir='ltr' id='par_1_92' title="bbox 2163 4435 3817 4509">
     <span class='ocr_line' id='line_1_92' title="bbox 2163 4435 3817 4509; baseline 0.003 -21"><span class='ocrx_word' id='word_1_715' title='bbox 2163 4450 2472 4501; x_wconf 83' lang='lat' dir='ltr'><strong>meus,non</strong></span> <span class='ocrx_word' id='word_1_716' title='bbox 2486 4436 2751 4492; x_wconf 85' lang='lat' dir='ltr'><strong>deﬂectet</strong></span> <span class='ocrx_word' id='word_1_717' title='bbox 2771 4435 3023 4509; x_wconf 90' lang='lat' dir='ltr'><strong>populus</strong></span> <span class='ocrx_word' id='word_1_718' title='bbox 3045 4436 3152 4492; x_wconf 89' lang='lat' dir='ltr'><strong>iste</strong></span> <span class='ocrx_word' id='word_1_719' title='bbox 3176 4453 3387 4492; x_wconf 92' lang='lat' dir='ltr'><strong>manus</strong></span> <span class='ocrx_word' id='word_1_720' title='bbox 3405 4437 3477 4492; x_wconf 91' lang='lat' dir='ltr'><strong>de</strong></span> <span class='ocrx_word' id='word_1_721' title='bbox 3498 4435 3817 4493; x_wconf 85' lang='lat' dir='ltr'><strong>altitudine</strong></span> 
     </span>
    </p>
   </div>
   <div class='ocr_carea' id='block_1_93' title="bbox 2161 4517 3821 4599">
    <p class='ocr_par' dir='ltr' id='par_1_93' title="bbox 2161 4517 3821 4599">
     <span class='ocr_line' id='line_1_93' title="bbox 2161 4517 3821 4599; baseline 0.003 -22"><span class='ocrx_word' id='word_1_722' title='bbox 2161 4521 2309 4591; x_wconf 77' lang='lat' dir='ltr'><strong>emli,</strong></span> <span class='ocrx_word' id='word_1_723' title='bbox 2333 4525 2516 4580; x_wconf 89' lang='lat' dir='ltr'><strong>donec</strong></span> <span class='ocrx_word' id='word_1_724' title='bbox 2539 4525 2745 4581; x_wconf 87' lang='lat' dir='ltr'><strong>reddas</strong></span> <span class='ocrx_word' id='word_1_725' title='bbox 2777 4524 3264 4599; x_wconf 90' lang='lat' dir='ltr'><strong>manuscriptum.</strong></span> <span class='ocrx_word' id='word_1_726' title='bbox 3288 4517 3717 4581; x_wconf 83' lang='lat' dir='ltr'><strong>Etconvertens</strong></span> <span class='ocrx_word' id='word_1_727' title='bbox 3750 4543 3821 4583; x_wconf 84' lang='lat' dir='ltr'><strong>se</strong></span> 
     </span>
    </p>
   </div>
   <div class='ocr_carea' id='block_1_94' title="bbox 413 4589 3818 4687">
    <p class='ocr_par' dir='ltr' id='par_1_94' title="bbox 413 4589 3818 4687">
     <span class='ocr_line' id='line_1_94' title="bbox 413 4589 3818 4687; baseline 0.008 -44"><span class='ocrx_word' id='word_1_728' title='bbox 413 4589 626 4687; x_wconf 68' lang='lat' dir='ltr'><strong>Christi</strong></span> <span class='ocrx_word' id='word_1_729' title='bbox 651 4593 886 4687; x_wconf 80' lang='lat' dir='ltr'><strong>signum</strong></span> <span class='ocrx_word' id='word_1_730' title='bbox 910 4596 966 4650; x_wconf 88' lang='lat' dir='ltr'><strong>in</strong></span> <span class='ocrx_word' id='word_1_731' title='bbox 994 4598 1118 4670; x_wconf 88' lang='lat' dir='ltr'><strong>ipso</strong></span> <span class='ocrx_word' id='word_1_732' title='bbox 1139 4605 1197 4656; x_wconf 89' lang='lat' dir='ltr'><strong>et</strong></span> <span class='ocrx_word' id='word_1_733' title='bbox 1217 4597 1414 4677; x_wconf 79' lang='lat' dir='ltr'><strong>orans,</strong></span> <span class='ocrx_word' id='word_1_734' title='bbox 1438 4589 1675 4664; x_wconf 89' lang='lat' dir='ltr'><strong>reclusit</strong></span> <span class='ocrx_word' id='word_1_735' title='bbox 1703 4628 1835 4668; x_wconf 91' lang='lat' dir='ltr'><strong>eum</strong></span> <span class='ocrx_word' id='word_1_736' title='bbox 1859 4614 1916 4669; x_wconf 90' lang='lat' dir='ltr'><strong>in</strong></span> <span class='ocrx_word' id='word_1_737' title='bbox 1943 4589 2056 4672; x_wconf 72' lang='lat' dir='ltr'><strong>uno</strong></span> <span class='ocrx_word' id='word_1_738' title='bbox 2084 4619 2134 4684; x_wconf 83' lang='grc' dir='ltr'><strong>Ι)</strong></span> <span class='ocrx_word' id='word_1_739' title='bbox 2166 4589 2310 4667; x_wconf 85' lang='lat' dir='ltr'><strong>dixit</strong></span> <span class='ocrx_word' id='word_1_740' title='bbox 2330 4612 2542 4686; x_wconf 89' lang='lat' dir='ltr'><strong>populo</strong></span> <span class='ocrx_word' id='word_1_741' title='bbox 2565 4631 2580 4668; x_wconf 86' lang='lat'><strong>:</strong></span> <span class='ocrx_word' id='word_1_742' title='bbox 2600 4613 2814 4687; x_wconf 87' lang='lat' dir='ltr'><strong>Erigite</strong></span> <span class='ocrx_word' id='word_1_743' title='bbox 2836 4631 3048 4670; x_wconf 88' lang='lat' dir='ltr'><strong>manus</strong></span> <span class='ocrx_word' id='word_1_744' title='bbox 3079 4589 3307 4671; x_wconf 67' lang='lat' dir='ltr'><strong>vestras</strong></span> <span class='ocrx_word' id='word_1_745' title='bbox 3330 4613 3391 4668; x_wconf 91' lang='lat' dir='ltr'><strong>in</strong></span> <span class='ocrx_word' id='word_1_746' title='bbox 3423 4613 3658 4680; x_wconf 76' lang='lat' dir='ltr'><strong>emtum,</strong></span> <span class='ocrx_word' id='word_1_747' title='bbox 3692 4613 3818 4670; x_wconf 86' lang='lat' dir='ltr'><strong>cla-</strong></span> 
     </span>
    </p>
   </div>
   <div class='ocr_carea' id='block_1_95' title="bbox 413 4679 2052 4775">
    <p class='ocr_par' dir='ltr' id='par_1_95' title="bbox 413 4679 2052 4775">
     <span class='ocr_line' id='line_1_95' title="bbox 413 4679 2052 4775; baseline 0.018 -42"><span class='ocrx_word' id='word_1_748' title='bbox 413 4679 538 4775; x_wconf 71' lang='lat' dir='ltr'><strong>loeo</strong></span> <span class='ocrx_word' id='word_1_749' title='bbox 587 4681 878 4741; x_wconf 88' lang='lat' dir='ltr'><strong>interioris</strong></span> <span class='ocrx_word' id='word_1_750' title='bbox 927 4688 1076 4744; x_wconf 85' lang='lat' dir='ltr'><strong>sacri</strong></span> <span class='ocrx_word' id='word_1_751' title='bbox 1118 4692 1380 4762; x_wconf 87' lang='lat' dir='ltr'><strong>periholi.</strong></span> <span class='ocrx_word' id='word_1_752' title='bbox 1413 4696 1480 4750; x_wconf 88' lang='lat' dir='ltr'><strong>Et</strong></span> <span class='ocrx_word' id='word_1_753' title='bbox 1509 4698 1656 4755; x_wconf 88' lang='lat' dir='ltr'><strong>dans</strong></span> <span class='ocrx_word' id='word_1_754' title='bbox 1685 4700 1733 4756; x_wconf 91' lang='lat' dir='ltr'><strong>ei</strong></span> <span class='ocrx_word' id='word_1_755' title='bbox 1771 4704 2052 4775; x_wconf 84' lang='lat' dir='ltr'><strong>regulam,</strong></span> 
     </span>
    </p>
   </div>
   <div class='ocr_carea' id='block_1_96' title="bbox 415 4769 2056 4860">
    <p class='ocr_par' dir='ltr' id='par_1_96' title="bbox 415 4769 2056 4860">
     <span class='ocr_line' id='line_1_96' title="bbox 415 4769 2056 4860; baseline 0.016 -37"><span class='ocrx_word' id='word_1_756' title='bbox 415 4769 808 4828; x_wconf 88' lang='lat' dir='ltr'><strong>eollaborabat</strong></span> <span class='ocrx_word' id='word_1_757' title='bbox 835 4775 884 4830; x_wconf 94' lang='lat' dir='ltr'><strong>ei</strong></span> <span class='ocrx_word' id='word_1_758' title='bbox 913 4793 1016 4847; x_wconf 85' lang='lat' dir='ltr'><strong>per</strong></span> <span class='ocrx_word' id='word_1_759' title='bbox 1062 4782 1180 4836; x_wconf 87' lang='lat' dir='ltr'><strong>tres</strong></span> <span class='ocrx_word' id='word_1_760' title='bbox 1229 4781 1373 4838; x_wconf 78' lang='lat' dir='ltr'><strong>dies.</strong></span> <span class='ocrx_word' id='word_1_761' title='bbox 1408 4785 1542 4841; x_wconf 87' lang='lat' dir='ltr'><strong>Post</strong></span> <span class='ocrx_word' id='word_1_762' title='bbox 1599 4805 1745 4860; x_wconf 93' lang='lat' dir='ltr'><strong>quos</strong></span> <span class='ocrx_word' id='word_1_763' title='bbox 1801 4769 2056 4850; x_wconf 28' lang='lat' dir='ltr'><strong>vi&#39;sitavit</strong></span> 
     </span>
    </p>
   </div>
   <div class='ocr_carea' id='block_1_97' title="bbox 412 4861 2053 4941">
    <p class='ocr_par' dir='ltr' id='par_1_97' title="bbox 412 4861 2053 4941">
     <span class='ocr_line' id='line_1_97' title="bbox 412 4861 2053 4941; baseline 0.016 -29"><span class='ocrx_word' id='word_1_764' title='bbox 412 4875 570 4927; x_wconf 92' lang='lat' dir='ltr'><strong>eum,</strong></span> <span class='ocrx_word' id='word_1_765' title='bbox 603 4864 660 4916; x_wconf 90' lang='lat' dir='ltr'><strong>et</strong></span> <span class='ocrx_word' id='word_1_766' title='bbox 689 4861 829 4918; x_wconf 88' lang='lat' dir='ltr'><strong>dicit</strong></span> <span class='ocrx_word' id='word_1_767' title='bbox 877 4864 928 4920; x_wconf 91' lang='lat' dir='ltr'><strong>ei</strong></span> <span class='ocrx_word' id='word_1_768' title='bbox 964 4881 978 4922; x_wconf 92' lang='lat'><strong>:</strong></span> <span class='ocrx_word' id='word_1_769' title='bbox 1025 4868 1326 4933; x_wconf 87' lang='lat' dir='ltr'><strong>Quomodo</strong></span> <span class='ocrx_word' id='word_1_770' title='bbox 1386 4871 1585 4941; x_wconf 89' lang='lat' dir='ltr'><strong>habes,</strong></span> <span class='ocrx_word' id='word_1_771' title='bbox 1639 4876 1720 4931; x_wconf 80' lang='lat' dir='ltr'><strong>fili</strong></span> <span class='ocrx_word' id='word_1_772' title='bbox 1745 4879 1774 4934; x_wconf 86' lang='lat'><strong>?</strong></span> <span class='ocrx_word' id='word_1_773' title='bbox 1809 4879 1955 4937; x_wconf 90' lang='lat' dir='ltr'><strong>Dicit</strong></span> <span class='ocrx_word' id='word_1_774' title='bbox 1980 4883 2053 4938; x_wconf 88' lang='lat' dir='ltr'><strong>ad</strong></span> 
     </span>
    </p>
   </div>
   <div class='ocr_carea' id='block_1_98' title="bbox 413 4949 2050 5038">
    <p class='ocr_par' dir='ltr' id='par_1_98' title="bbox 413 4949 2050 5038">
     <span class='ocr_line' id='line_1_98' title="bbox 413 4949 2050 5038; baseline 0.016 -37"><span class='ocrx_word' id='word_1_775' title='bbox 413 4964 594 5038; x_wconf 22' lang='lat' dir='ltr'><strong>eum»:</strong></span> <span class='ocrx_word' id='word_1_776' title='bbox 631 4949 692 5038; x_wconf 82' lang='lat' dir='ltr'><strong>ln</strong></span> <span class='ocrx_word' id='word_1_777' title='bbox 750 4967 964 5024; x_wconf 83' lang='lat' dir='ltr'><strong>magna</strong></span> <span class='ocrx_word' id='word_1_778' title='bbox 1021 4972 1175 5023; x_wconf 92' lang='lat' dir='ltr'><strong>sum,</strong></span> <span class='ocrx_word' id='word_1_779' title='bbox 1237 4959 1492 5028; x_wconf 91' lang='lat' dir='ltr'><strong>domine,</strong></span> <span class='ocrx_word' id='word_1_780' title='bbox 1542 4964 1881 5038; x_wconf 82' lang='lat' dir='ltr'><strong>defectione,</strong></span> <span class='ocrx_word' id='word_1_781' title='bbox 1917 4987 2050 5027; x_wconf 89' lang='lat' dir='ltr'><strong>san-</strong></span> 
     </span>
    </p>
   </div>
   <div class='ocr_carea' id='block_1_99' title="bbox 412 5036 2050 5130">
    <p class='ocr_par' dir='ltr' id='par_1_99' title="bbox 412 5036 2050 5130">
     <span class='ocr_line' id='line_1_99' title="bbox 412 5036 2050 5130; baseline 0.016 -41"><span class='ocrx_word' id='word_1_782' title='bbox 412 5039 501 5091; x_wconf 89' lang='lat' dir='ltr'><strong>cte</strong></span> <span class='ocrx_word' id='word_1_783' title='bbox 549 5036 672 5105; x_wconf 89' lang='lat' dir='ltr'><strong>Dei,</strong></span> <span class='ocrx_word' id='word_1_784' title='bbox 725 5057 838 5096; x_wconf 89' lang='lat' dir='ltr'><strong>non</strong></span> <span class='ocrx_word' id='word_1_785' title='bbox 893 5043 1012 5098; x_wconf 90' lang='lat' dir='ltr'><strong>fero</strong></span> <span class='ocrx_word' id='word_1_786' title='bbox 1069 5044 1354 5104; x_wconf 91' lang='lat' dir='ltr'><strong>clamores</strong></span> <span class='ocrx_word' id='word_1_787' title='bbox 1411 5068 1612 5108; x_wconf 90' lang='lat' dir='ltr'><strong>eorum</strong></span> <span class='ocrx_word' id='word_1_788' title='bbox 1668 5059 1725 5111; x_wconf 89' lang='lat' dir='ltr'><strong>et</strong></span> <span class='ocrx_word' id='word_1_789' title='bbox 1779 5036 2050 5130; x_wconf 84' lang='lat' dir='ltr'><strong>terrores,</strong></span> 
     </span>
    </p>
   </div>
   <div class='ocr_carea' id='block_1_100' title="bbox 413 5125 2051 5207">
    <p class='ocr_par' dir='ltr' id='par_1_100' title="bbox 413 5125 2051 5207">
     <span class='ocr_line' id='line_1_100' title="bbox 413 5125 2051 5207; baseline 0.016 -29"><span class='ocrx_word' id='word_1_790' title='bbox 413 5141 478 5179; x_wconf 86' lang='lat' dir='ltr'><strong>ac</strong></span> <span class='ocrx_word' id='word_1_791' title='bbox 499 5125 892 5196; x_wconf 87' lang='lat' dir='ltr'><strong>jaculationes</strong></span> <span class='ocrx_word' id='word_1_792' title='bbox 921 5149 1024 5187; x_wconf 87' lang='lat' dir='ltr'><strong>seu</strong></span> <span class='ocrx_word' id='word_1_793' title='bbox 1077 5132 1460 5207; x_wconf 88' lang='lat' dir='ltr'><strong>lapidationes</strong></span> <span class='ocrx_word' id='word_1_794' title='bbox 1507 5158 1731 5199; x_wconf 91' lang='lat' dir='ltr'><strong>eorum.</strong></span> <span class='ocrx_word' id='word_1_795' title='bbox 1761 5125 2051 5205; x_wconf 82' lang='lat' dir='ltr'><strong>Tcnentes</strong></span> 
     </span>
    </p>
   </div>
   <div class='ocr_carea' id='block_1_101' title="bbox 413 5216 2053 5294">
    <p class='ocr_par' dir='ltr' id='par_1_101' title="bbox 413 5216 2053 5294">
     <span class='ocr_line' id='line_1_101' title="bbox 413 5216 2053 5294; baseline 0.017 -28"><span class='ocrx_word' id='word_1_796' title='bbox 413 5216 872 5289; x_wconf 87' lang='lat' dir='ltr'><strong>manuscriptam</strong></span> <span class='ocrx_word' id='word_1_797' title='bbox 906 5239 1118 5290; x_wconf 91' lang='lat' dir='ltr'><strong>meam,</strong></span> <span class='ocrx_word' id='word_1_798' title='bbox 1153 5231 1471 5284; x_wconf 78' lang='lat' dir='ltr'><strong>caueantur</strong></span> <span class='ocrx_word' id='word_1_799' title='bbox 1500 5247 1593 5287; x_wconf 91' lang='lat' dir='ltr'><strong>me</strong></span> <span class='ocrx_word' id='word_1_800' title='bbox 1625 5232 1884 5292; x_wconf 89' lang='lat' dir='ltr'><strong>dicentes</strong></span> <span class='ocrx_word' id='word_1_801' title='bbox 1917 5253 1931 5292; x_wconf 90' lang='lat'><strong>:</strong></span> <span class='ocrx_word' id='word_1_802' title='bbox 1966 5239 2053 5294; x_wconf 86' lang='lat' dir='ltr'><strong>Tu</strong></span> 
     </span>
    </p>
   </div>
   <div class='ocr_carea' id='block_1_102' title="bbox 407 5300 2056 5382">
    <p class='ocr_par' dir='ltr' id='par_1_102' title="bbox 407 5300 2056 5382">
     <span class='ocr_line' id='line_1_102' title="bbox 407 5300 2056 5382; baseline 0.019 -30"><span class='ocrx_word' id='word_1_803' title='bbox 407 5300 612 5357; x_wconf 81' lang='lat' dir='ltr'><strong>venisti</strong></span> <span class='ocrx_word' id='word_1_804' title='bbox 645 5307 716 5360; x_wconf 89' lang='lat' dir='ltr'><strong>ad</strong></span> <span class='ocrx_word' id='word_1_805' title='bbox 772 5325 897 5376; x_wconf 89' lang='lat' dir='ltr'><strong>nos,</strong></span> <span class='ocrx_word' id='word_1_806' title='bbox 931 5325 1044 5365; x_wconf 90' lang='lat' dir='ltr'><strong>non</strong></span> <span class='ocrx_word' id='word_1_807' title='bbox 1105 5331 1212 5370; x_wconf 89' lang='lat' dir='ltr'><strong>nos</strong></span> <span class='ocrx_word' id='word_1_808' title='bbox 1260 5316 1329 5370; x_wconf 90' lang='lat' dir='ltr'><strong>ad</strong></span> <span class='ocrx_word' id='word_1_809' title='bbox 1391 5321 1466 5373; x_wconf 90' lang='lat' dir='ltr'><strong>te.</strong></span> <span class='ocrx_word' id='word_1_810' title='bbox 1502 5319 1571 5375; x_wconf 84' lang='lat' dir='ltr'><strong>Et</strong></span> <span class='ocrx_word' id='word_1_811' title='bbox 1627 5321 1769 5378; x_wconf 90' lang='lat' dir='ltr'><strong>dicit</strong></span> <span class='ocrx_word' id='word_1_812' title='bbox 1825 5323 1876 5380; x_wconf 92' lang='lat' dir='ltr'><strong>ei</strong></span> <span class='ocrx_word' id='word_1_813' title='bbox 1927 5344 2056 5382; x_wconf 87' lang='lat' dir='ltr'><strong>san-</strong></span> 
     </span>
    </p>
   </div>
   <div class='ocr_carea' id='block_1_103' title="bbox 411 5393 2047 5478">
    <p class='ocr_par' dir='ltr' id='par_1_103' title="bbox 411 5393 2047 5478">
     <span class='ocr_line' id='line_1_103' title="bbox 411 5393 2047 5478; baseline 0.018 -37"><span class='ocrx_word' id='word_1_814' title='bbox 411 5393 540 5443; x_wconf 88' lang='lat' dir='ltr'><strong>ctus</strong></span> <span class='ocrx_word' id='word_1_815' title='bbox 574 5409 584 5444; x_wconf 92' lang='lat'>:</span> <span class='ocrx_word' id='word_1_816' title='bbox 620 5393 744 5450; x_wconf 91' lang='lat' dir='ltr'><strong>Noli</strong></span> <span class='ocrx_word' id='word_1_817' title='bbox 800 5397 1026 5466; x_wconf 87' lang='lat' dir='ltr'><strong>timere,</strong></span> <span class='ocrx_word' id='word_1_818' title='bbox 1078 5403 1157 5457; x_wconf 81' lang='lat' dir='ltr'><strong>ﬁli</strong></span> <span class='ocrx_word' id='word_1_819' title='bbox 1211 5409 1438 5461; x_wconf 89' lang='lat' dir='ltr'><strong>tantum</strong></span> <span class='ocrx_word' id='word_1_820' title='bbox 1487 5411 1694 5478; x_wconf 90' lang='lat' dir='ltr'><strong>crede;</strong></span> <span class='ocrx_word' id='word_1_821' title='bbox 1728 5416 1785 5467; x_wconf 93' lang='lat' dir='ltr'><strong>et</strong></span> <span class='ocrx_word' id='word_1_822' title='bbox 1824 5414 1972 5470; x_wconf 89' lang='lat' dir='ltr'><strong>dans</strong></span> <span class='ocrx_word' id='word_1_823' title='bbox 1997 5415 2047 5470; x_wconf 90' lang='lat' dir='ltr'><strong>ei</strong></span> 
     </span>
    </p>
   </div>
   <div class='ocr_carea' id='block_1_104' title="bbox 412 5478 2048 5570">
    <p class='ocr_par' dir='ltr' id='par_1_104' title="bbox 412 5478 2048 5570">
     <span class='ocr_line' id='line_1_104' title="bbox 412 5478 2048 5570; baseline 0.02 -42"><span class='ocrx_word' id='word_1_824' title='bbox 412 5478 702 5570; x_wconf 79' lang='lat' dir='ltr'><strong>modicam</strong></span> <span class='ocrx_word' id='word_1_825' title='bbox 747 5501 962 5556; x_wconf 89' lang='lat' dir='ltr'><strong>escam,</strong></span> <span class='ocrx_word' id='word_1_826' title='bbox 1016 5490 1352 5566; x_wconf 88' lang='lat' dir='ltr'><strong>faciensque</strong></span> <span class='ocrx_word' id='word_1_827' title='bbox 1417 5514 1594 5570; x_wconf 85' lang='lat' dir='ltr'><strong>super</strong></span> <span class='ocrx_word' id='word_1_828' title='bbox 1657 5517 1788 5556; x_wconf 85' lang='lat' dir='ltr'><strong>eum</strong></span> <span class='ocrx_word' id='word_1_829' title='bbox 1836 5501 2048 5560; x_wconf 87' lang='lat' dir='ltr'><strong>Christi</strong></span> 
     </span>
    </p>
   </div>
   <div class='ocr_carea' id='block_1_105' title="bbox 2165 4701 3820 4776">
    <p class='ocr_par' dir='ltr' id='par_1_105' title="bbox 2165 4701 3820 4776">
     <span class='ocr_line' id='line_1_105' title="bbox 2165 4701 3820 4776; baseline 0.003 -21"><span class='ocrx_word' id='word_1_830' title='bbox 2165 4706 2394 4757; x_wconf 87' lang='lat' dir='ltr'><strong>mantes</strong></span> <span class='ocrx_word' id='word_1_831' title='bbox 2450 4720 2584 4757; x_wconf 91' lang='lat' dir='ltr'><strong>cum</strong></span> <span class='ocrx_word' id='word_1_832' title='bbox 2634 4701 2908 4776; x_wconf 86' lang='lat' dir='ltr'><strong>lacrymis</strong></span> <span class='ocrx_word' id='word_1_833' title='bbox 2941 4721 2953 4757; x_wconf 91' lang='lat'><strong>:</strong></span> <span class='ocrx_word' id='word_1_834' title='bbox 2986 4703 3214 4759; x_wconf 82' lang='lat' dir='ltr'><strong>Christe</strong></span> <span class='ocrx_word' id='word_1_835' title='bbox 3242 4702 3433 4776; x_wconf 88' lang='lat' dir='ltr'><strong>Kyrie,</strong></span> <span class='ocrx_word' id='word_1_836' title='bbox 3466 4701 3708 4759; x_wconf 78' lang='lat' dir='ltr'><strong>eleison.</strong></span> <span class='ocrx_word' id='word_1_837' title='bbox 3743 4703 3820 4760; x_wconf 85' lang='lat' dir='ltr'><strong>Et</strong></span> 
     </span>
    </p>
   </div>
   <div class='ocr_carea' id='block_1_106' title="bbox 2166 4791 3818 4863">
    <p class='ocr_par' dir='ltr' id='par_1_106' title="bbox 2166 4791 3818 4863">
     <span class='ocr_line' id='line_1_106' title="bbox 2166 4791 3818 4863; baseline 0.002 -18"><span class='ocrx_word' id='word_1_838' title='bbox 2166 4794 2353 4846; x_wconf 89' lang='lat' dir='ltr'><strong>stante</strong></span> <span class='ocrx_word' id='word_1_839' title='bbox 2386 4791 2596 4863; x_wconf 87' lang='lat' dir='ltr'><strong>populo</strong></span> <span class='ocrx_word' id='word_1_840' title='bbox 2628 4791 2687 4846; x_wconf 92' lang='lat' dir='ltr'><strong>in</strong></span> <span class='ocrx_word' id='word_1_841' title='bbox 2719 4792 2923 4847; x_wconf 90' lang='lat' dir='ltr'><strong>horam</strong></span> <span class='ocrx_word' id='word_1_842' title='bbox 2955 4791 3200 4847; x_wconf 91' lang='lat' dir='ltr'><strong>multam</strong></span> <span class='ocrx_word' id='word_1_843' title='bbox 3231 4796 3501 4848; x_wconf 84' lang='lat' dir='ltr'><strong>extensas</strong></span> <span class='ocrx_word' id='word_1_844' title='bbox 3551 4791 3818 4849; x_wconf 86' lang='lat' dir='ltr'><strong>habente</strong></span> 
     </span>
    </p>
   </div>
   <div class='ocr_carea' id='block_1_107' title="bbox 2165 4878 3813 4954">
    <p class='ocr_par' dir='ltr' id='par_1_107' title="bbox 2165 4878 3813 4954">
     <span class='ocr_line' id='line_1_107' title="bbox 2165 4878 3813 4954; baseline 0.002 -20"><span class='ocrx_word' id='word_1_845' title='bbox 2165 4896 2378 4934; x_wconf 92' lang='lat' dir='ltr'><strong>manus</strong></span> <span class='ocrx_word' id='word_1_846' title='bbox 2401 4879 2458 4934; x_wconf 91' lang='lat' dir='ltr'><strong>in</strong></span> <span class='ocrx_word' id='word_1_847' title='bbox 2481 4878 2714 4946; x_wconf 72' lang='lat' dir='ltr'><strong>emtum,</strong></span> <span class='ocrx_word' id='word_1_848' title='bbox 2729 4897 2859 4937; x_wconf 90' lang='lat' dir='ltr'><strong>ecce</strong></span> <span class='ocrx_word' id='word_1_849' title='bbox 2883 4879 3283 4952; x_wconf 87' lang='lat' dir='ltr'><strong>manuscripta</strong></span> <span class='ocrx_word' id='word_1_850' title='bbox 3301 4880 3467 4953; x_wconf 90' lang='lat' dir='ltr'><strong>pueri</strong></span> <span class='ocrx_word' id='word_1_851' title='bbox 3489 4897 3592 4954; x_wconf 90' lang='lat' dir='ltr'><strong>per</strong></span> <span class='ocrx_word' id='word_1_852' title='bbox 3611 4897 3813 4938; x_wconf 85' lang='lat' dir='ltr'><strong>aerem</strong></span> 
     </span>
    </p>
   </div>
   <div class='ocr_carea' id='block_1_108' title="bbox 2165 4967 3817 5042">
    <p class='ocr_par' dir='ltr' id='par_1_108' title="bbox 2165 4967 3817 5042">
     <span class='ocr_line' id='line_1_108' title="bbox 2165 4967 3817 5042; baseline 0.002 -20"><span class='ocrx_word' id='word_1_853' title='bbox 2165 4967 2375 5032; x_wconf 82' lang='lat' dir='ltr'><strong>delata,</strong></span> <span class='ocrx_word' id='word_1_854' title='bbox 2397 4971 2453 5022; x_wconf 91' lang='lat' dir='ltr'><strong>et</strong></span> <span class='ocrx_word' id='word_1_855' title='bbox 2473 4968 2544 5023; x_wconf 92' lang='lat' dir='ltr'><strong>ab</strong></span> <span class='ocrx_word' id='word_1_856' title='bbox 2567 4969 2840 5025; x_wconf 91' lang='lat' dir='ltr'><strong>omnibus</strong></span> <span class='ocrx_word' id='word_1_857' title='bbox 2861 4969 2986 5026; x_wconf 91' lang='lat' dir='ltr'><strong>visa</strong></span> <span class='ocrx_word' id='word_1_858' title='bbox 3005 4968 3182 5036; x_wconf 88' lang='lat' dir='ltr'><strong>venit,</strong></span> <span class='ocrx_word' id='word_1_859' title='bbox 3203 4973 3262 5025; x_wconf 90' lang='lat' dir='ltr'><strong>et</strong></span> <span class='ocrx_word' id='word_1_860' title='bbox 3280 4967 3556 5042; x_wconf 85' lang='lat' dir='ltr'><strong>imposita</strong></span> <span class='ocrx_word' id='word_1_861' title='bbox 3577 4973 3666 5025; x_wconf 89' lang='lat' dir='ltr'><strong>est</strong></span> <span class='ocrx_word' id='word_1_862' title='bbox 3689 4987 3817 5027; x_wconf 81' lang='lat' dir='ltr'><strong>ma-</strong></span> 
     </span>
    </p>
   </div>
   <div class='ocr_carea' id='block_1_109' title="bbox 2163 5054 3812 5131">
    <p class='ocr_par' dir='ltr' id='par_1_109' title="bbox 2163 5054 3812 5131">
     <span class='ocr_line' id='line_1_109' title="bbox 2163 5054 3812 5131; baseline 0.002 -20"><span class='ocrx_word' id='word_1_863' title='bbox 2163 5054 2336 5112; x_wconf 91' lang='lat' dir='ltr'><strong>nibus</strong></span> <span class='ocrx_word' id='word_1_864' title='bbox 2369 5056 2762 5113; x_wconf 89' lang='lat' dir='ltr'><strong>memorabilis</strong></span> <span class='ocrx_word' id='word_1_865' title='bbox 2789 5058 2971 5114; x_wconf 89' lang='lat' dir='ltr'><strong>nostri</strong></span> <span class='ocrx_word' id='word_1_866' title='bbox 3004 5057 3188 5115; x_wconf 91' lang='lat' dir='ltr'><strong>Patris</strong></span> <span class='ocrx_word' id='word_1_867' title='bbox 3218 5061 3277 5114; x_wconf 89' lang='lat' dir='ltr'><strong>et</strong></span> <span class='ocrx_word' id='word_1_868' title='bbox 3306 5057 3579 5131; x_wconf 89' lang='lat' dir='ltr'><strong>pastoris.</strong></span> <span class='ocrx_word' id='word_1_869' title='bbox 3613 5060 3812 5115; x_wconf 84' lang='lat' dir='ltr'><strong>Susci-</strong></span> 
     </span>
    </p>
   </div>
   <div class='ocr_carea' id='block_1_110' title="bbox 2162 5145 3808 5221">
    <p class='ocr_par' dir='ltr' id='par_1_110' title="bbox 2162 5145 3808 5221">
     <span class='ocr_line' id='line_1_110' title="bbox 2162 5145 3808 5221; baseline 0.003 -22"><span class='ocrx_word' id='word_1_870' title='bbox 2162 5145 2327 5216; x_wconf 88' lang='lat' dir='ltr'><strong>piens</strong></span> <span class='ocrx_word' id='word_1_871' title='bbox 2347 5148 2540 5202; x_wconf 89' lang='lat' dir='ltr'><strong>autem</strong></span> <span class='ocrx_word' id='word_1_872' title='bbox 2563 5163 2714 5213; x_wconf 89' lang='lat' dir='ltr'><strong>eam,</strong></span> <span class='ocrx_word' id='word_1_873' title='bbox 2735 5155 2791 5203; x_wconf 89' lang='lat' dir='ltr'><strong>et</strong></span> <span class='ocrx_word' id='word_1_874' title='bbox 2811 5146 3032 5220; x_wconf 86' lang='lat' dir='ltr'><strong>gratias</strong></span> <span class='ocrx_word' id='word_1_875' title='bbox 3058 5163 3238 5221; x_wconf 88' lang='lat' dir='ltr'><strong>agens</strong></span> <span class='ocrx_word' id='word_1_876' title='bbox 3259 5147 3394 5216; x_wconf 91' lang='lat' dir='ltr'><strong>Deo,</strong></span> <span class='ocrx_word' id='word_1_877' title='bbox 3422 5145 3658 5221; x_wconf 84' lang='lat' dir='ltr'><strong>gavisus</strong></span> <span class='ocrx_word' id='word_1_878' title='bbox 3687 5146 3808 5204; x_wconf 88' lang='lat' dir='ltr'><strong>fac-</strong></span> 
     </span>
    </p>
   </div>
   <div class='ocr_carea' id='block_1_111' title="bbox 2165 5233 3811 5308">
    <p class='ocr_par' dir='ltr' id='par_1_111' title="bbox 2165 5233 3811 5308">
     <span class='ocr_line' id='line_1_111' title="bbox 2165 5233 3811 5308; baseline 0.003 -21"><span class='ocrx_word' id='word_1_879' title='bbox 2165 5237 2258 5288; x_wconf 87' lang='lat' dir='ltr'><strong>tus</strong></span> <span class='ocrx_word' id='word_1_880' title='bbox 2289 5237 2377 5288; x_wconf 90' lang='lat' dir='ltr'><strong>est</strong></span> <span class='ocrx_word' id='word_1_881' title='bbox 2405 5233 2591 5304; x_wconf 90' lang='lat' dir='ltr'><strong>valde,</strong></span> <span class='ocrx_word' id='word_1_882' title='bbox 2622 5241 2678 5290; x_wconf 86' lang='lat' dir='ltr'><strong>et</strong></span> <span class='ocrx_word' id='word_1_883' title='bbox 2707 5252 2901 5292; x_wconf 90' lang='lat' dir='ltr'><strong>coram</strong></span> <span class='ocrx_word' id='word_1_884' title='bbox 2933 5235 3091 5291; x_wconf 91' lang='lat' dir='ltr'><strong>omni</strong></span> <span class='ocrx_word' id='word_1_885' title='bbox 3121 5234 3337 5308; x_wconf 90' lang='lat' dir='ltr'><strong>populo</strong></span> <span class='ocrx_word' id='word_1_886' title='bbox 3382 5235 3530 5292; x_wconf 90' lang='lat' dir='ltr'><strong>dixit</strong></span> <span class='ocrx_word' id='word_1_887' title='bbox 3559 5235 3629 5291; x_wconf 92' lang='lat' dir='ltr'><strong>ad</strong></span> <span class='ocrx_word' id='word_1_888' title='bbox 3665 5253 3811 5308; x_wconf 90' lang='lat' dir='ltr'><strong>pue-</strong></span> 
     </span>
    </p>
   </div>
   <div class='ocr_carea' id='block_1_112' title="bbox 2163 5321 3812 5397">
    <p class='ocr_par' dir='ltr' id='par_1_112' title="bbox 2163 5321 3812 5397">
     <span class='ocr_line' id='line_1_112' title="bbox 2163 5321 3812 5397; baseline 0.004 -21"><span class='ocrx_word' id='word_1_889' title='bbox 2163 5338 2291 5376; x_wconf 90' lang='lat' dir='ltr'><strong>rum</strong></span> <span class='ocrx_word' id='word_1_890' title='bbox 2330 5339 2344 5378; x_wconf 93' lang='lat'><strong>:</strong></span> <span class='ocrx_word' id='word_1_891' title='bbox 2375 5321 2691 5397; x_wconf 82' lang='lat' dir='ltr'><strong>Cognosris</strong></span> <span class='ocrx_word' id='word_1_892' title='bbox 2736 5323 3025 5380; x_wconf 86' lang='lat' dir='ltr'><strong>litterulas</strong></span> <span class='ocrx_word' id='word_1_893' title='bbox 3073 5325 3200 5392; x_wconf 86' lang='lat' dir='ltr'><strong>has,</strong></span> <span class='ocrx_word' id='word_1_894' title='bbox 3234 5323 3456 5380; x_wconf 84' lang='lat' dir='ltr'><strong>frater?</strong></span> <span class='ocrx_word' id='word_1_895' title='bbox 3483 5323 3589 5392; x_wconf 89' lang='lat' dir='ltr'><strong>Qui</strong></span> <span class='ocrx_word' id='word_1_896' title='bbox 3623 5323 3704 5380; x_wconf 90' lang='lat' dir='ltr'><strong>ait</strong></span> <span class='ocrx_word' id='word_1_897' title='bbox 3736 5327 3812 5383; x_wconf 89' lang='lat' dir='ltr'><strong>ad</strong></span> 
     </span>
    </p>
   </div>
   <div class='ocr_carea' id='block_1_113' title="bbox 2159 5413 3812 5487">
    <p class='ocr_par' dir='ltr' id='par_1_113' title="bbox 2159 5413 3812 5487">
     <span class='ocr_line' id='line_1_113' title="bbox 2159 5413 3812 5487; baseline 0.003 -20"><span class='ocrx_word' id='word_1_898' title='bbox 2159 5428 2294 5467; x_wconf 87' lang='lat' dir='ltr'><strong>eum</strong></span> <span class='ocrx_word' id='word_1_899' title='bbox 2329 5430 2341 5468; x_wconf 91' lang='lat'><strong>:</strong></span> <span class='ocrx_word' id='word_1_900' title='bbox 2376 5413 2583 5480; x_wconf 86' lang='lat' dir='ltr'><strong>Etiam,</strong></span> <span class='ocrx_word' id='word_1_901' title='bbox 2617 5418 2816 5470; x_wconf 85' lang='lat' dir='ltr'><strong>sancte</strong></span> <span class='ocrx_word' id='word_1_902' title='bbox 2850 5413 2974 5482; x_wconf 89' lang='lat' dir='ltr'><strong>Dei,</strong></span> <span class='ocrx_word' id='word_1_903' title='bbox 2997 5415 3403 5487; x_wconf 88' lang='lat' dir='ltr'><strong>manuscripta</strong></span> <span class='ocrx_word' id='word_1_904' title='bbox 3435 5431 3564 5470; x_wconf 88' lang='lat' dir='ltr'><strong>mea</strong></span> <span class='ocrx_word' id='word_1_905' title='bbox 3593 5420 3703 5470; x_wconf 89' lang='lat' dir='ltr'><strong>est.</strong></span> <span class='ocrx_word' id='word_1_906' title='bbox 3737 5416 3812 5472; x_wconf 86' lang='lat' dir='ltr'><strong>Et</strong></span> 
     </span>
    </p>
   </div>
   <div class='ocr_carea' id='block_1_114' title="bbox 2159 5501 3811 5576">
    <p class='ocr_par' dir='ltr' id='par_1_114' title="bbox 2159 5501 3811 5576">
     <span class='ocr_line' id='line_1_114' title="bbox 2159 5501 3811 5576; baseline 0.002 -20"><span class='ocrx_word' id='word_1_907' title='bbox 2159 5501 2532 5575; x_wconf 89' lang='lat' dir='ltr'><strong>disrumpens</strong></span> <span class='ocrx_word' id='word_1_908' title='bbox 2561 5501 3019 5575; x_wconf 86' lang='lat' dir='ltr'><strong>manuscriptam</strong></span> <span class='ocrx_word' id='word_1_909' title='bbox 3070 5508 3332 5560; x_wconf 85' lang='lat' dir='ltr'><strong>sanctus.</strong></span> <span class='ocrx_word' id='word_1_910' title='bbox 3367 5502 3642 5574; x_wconf 91' lang='lat' dir='ltr'><strong>Basilius,</strong></span> <span class='ocrx_word' id='word_1_911' title='bbox 3677 5521 3811 5576; x_wconf 90' lang='lat' dir='ltr'><strong>per-</strong></span> 
     </span>
    </p>
   </div>
   <div class='ocr_carea' id='block_1_115' title="bbox 411 5569 3814 5664">
    <p class='ocr_par' dir='ltr' id='par_1_115' title="bbox 411 5569 3814 5664">
     <span class='ocr_line' id='line_1_115' title="bbox 411 5569 3814 5664; baseline 0.01 -47"><span class='ocrx_word' id='word_1_912' title='bbox 411 5569 620 5622; x_wconf 76' lang='lat' dir='ltr'><strong>itorum</strong></span> <span class='ocrx_word' id='word_1_913' title='bbox 680 5573 1049 5643; x_wconf 81' lang='lat' dir='ltr'><strong>signaculum</strong></span> <span class='ocrx_word' id='word_1_914' title='bbox 1107 5598 1171 5637; x_wconf 91' lang='lat' dir='ltr'><strong>ac</strong></span> <span class='ocrx_word' id='word_1_915' title='bbox 1230 5600 1423 5653; x_wconf 88' lang='lat' dir='ltr'><strong>orans,</strong></span> <span class='ocrx_word' id='word_1_916' title='bbox 1485 5587 1721 5644; x_wconf 88' lang='lat' dir='ltr'><strong>reclusit</strong></span> <span class='ocrx_word' id='word_1_917' title='bbox 1774 5607 1928 5646; x_wconf 89' lang='lat' dir='ltr'><strong>eum.</strong></span> <span class='ocrx_word' id='word_1_918' title='bbox 1981 5593 2050 5650; x_wconf 90' lang='lat' dir='ltr'><strong>Et</strong></span> <span class='ocrx_word' id='word_1_919' title='bbox 2157 5591 2324 5647; x_wconf 84' lang='lat' dir='ltr'><strong>duxit</strong></span> <span class='ocrx_word' id='word_1_920' title='bbox 2351 5608 2485 5648; x_wconf 89' lang='lat' dir='ltr'><strong>eum</strong></span> <span class='ocrx_word' id='word_1_921' title='bbox 2517 5591 2590 5647; x_wconf 90' lang='lat' dir='ltr'><strong>ad</strong></span> <span class='ocrx_word' id='word_1_922' title='bbox 2621 5589 3011 5662; x_wconf 88' lang='lat' dir='ltr'><strong>ccclesiam,et</strong></span> <span class='ocrx_word' id='word_1_923' title='bbox 3040 5591 3283 5664; x_wconf 89' lang='lat' dir='ltr'><strong>dignum</strong></span> <span class='ocrx_word' id='word_1_924' title='bbox 3316 5592 3450 5649; x_wconf 91' lang='lat' dir='ltr'><strong>fecit</strong></span> <span class='ocrx_word' id='word_1_925' title='bbox 3479 5597 3682 5649; x_wconf 88' lang='lat' dir='ltr'><strong>sancto</strong></span> <span class='ocrx_word' id='word_1_926' title='bbox 3704 5594 3814 5650; x_wconf 88' lang='lat' dir='ltr'><strong>mi-</strong></span> 
     </span>
    </p>
   </div>
  </div>
