4148 6452
237 427 370 493 725

1167 437 1270 499 DE
1312 437 1687 505 DIVOR'I‘IO
1729 442 2104 507 LOTHARII
2149 445 2252 508 ET
2294 446 2754 539 TETBERGIE.

3507 531 3512 536 _
3556 449 3672 514 726

240 561 596 660 ξξῦῐςειῆρνξι
617 565 1035 660 communione
1055 571 1468 660 mysteriorum
1497 579 1557 631 et
1585 592 1899 634 munerum
1929 578 1976 646 Α
2011 595 2096 648 ra,
2131 583 2198 636 ut
2228 580 2689 654 supradiximus,
2728 581 3082 653 coalescit,et
3101 585 3354 658 peccatis
3385 581 3671 660 exigenti-

237 652 482 710 Ghristi.
517 655 588 711 Et
609 655 829 713 faciens
847 659 1902 740 susceptionemzmagnam,refrigera-

235 741 327 800 vit
349 759 586 800 omnem
606 744 978 818 populum,et
992 749 1212 806 ducens
1235 768 1482 822 puerum
1497 770 1562 808 ac
1579 753 1897 825 instruens,

237 848 348 890 seu
372 833 522 890 dans
543 833 592 888 ei
611 833 873 906 regulam
897 837 1218 906 decentem,
1247 839 1644 898 reddiditeum
1666 843 1901 900 mulieri

236 922 374 994 ejus
396 921 684 978 intacibili
699 939 797 980 ore
808 923 1234 998 gloriﬁcantem
1257 931 1314 984 et
1333 927 1670 987 laudantem
1691 932 1896 990 Deum.

234 1011 452 1066 Arnen.

319 1101 388 1156 Et
414 1101 768 1159 venerabilis
787 1093 1094 1176 presbyter
1122 1106 1278 1164 Beda
1303 1106 1364 1162 in
1385 1107 1554 1164 tertio
1576 1109 1730 1168 662
1750 1109 1900 1168 libro

237 1189 573 1246 Commenti
633 1192 802 1247 Lucas
863 1193 1658 1268 evangelistzezlnterrogavit
1686 1199 1898 1272 inquit,

237 1278 411 1334 illum
460 1281 614 1336 Iesus
673 1280 858 1337 dicens
879 1299 898 1336 :
959 1282 1110 1350 Quod
1164 1284 1268 1340 tibi
1315 1301 1516 1344 nomen
1564 1291 1686 1344 est?
1715 1289 1779 1344 At
1808 1289 1903 1345 ille

237 1367 408 1434 dicit,
465 1369 647 1440 Legio,
701 1371 833 1442 quia
881 1371 1224 1428 intraverant
1279 1374 1557 1432 daemonia
1607 1377 1784 1433 multa
1841 1379 1902 1433 in

233 1471 388 1512 eum.
411 1458 564 1527 (Luc.
597 1475 718 1527 vm,
750 1457 863 1530 30).
896 1457 1022 1515 Non
1049 1461 1208 1518 velut
1233 1461 1458 1520 inscius
1480 1481 1689 1521 nomen
1713 1465 1903 1539 inqui-

238 1544 342 1613 rit,
375 1547 478 1602 sed
511 1549 577 1602 ut
607 1546 876 1604 confessa
905 1565 1099 1604 coram
1124 1554 1305 1622 peste,
1341 1569 1518 1624 quam
1542 1553 1744 1610 furens
1767 1555 1904 1612 tole-

235 1633 431 1703 rabat,
462 1633 651 1691 virtus
673 1636 936 1692 curantis
948 1637 1170 1711 gratior
1189 1639 1486 1697 emicaret.
1507 1642 1618 1698 Sed
1639 1647 1699 1698 et
1717 1643 1903 1700 nostri

237 1722 526 1796 temporis
557 1724 910 1797 sacerdotes,
937 1725 1036 1799 qui
1056 1743 1162 1799 per
1190 1728 1498 1786 exorcismi
1523 1731 1772 1804 gratiam
1795 1733 1905 1788 dae-

239 1828 450 1868 mones
479 1813 691 1885 ejicere
721 1805 975 1883 ‘norunt,
1009 1815 1198 1872 solent
1225 1815 1436 1886 dicere,
1467 1819 1756 1890 patientes
1785 1838 1902 1877 non

240 1900 418 1958 aliter
445 1900 634 1958 valere
655 1901 868 1971 curari,
914 1903 1028 1960 nisi
1077 1907 1363 1977 quantum
1397 1923 1602 1980 sapere
1629 1913 1898 1980 possunt,

241 2007 422 2048 omne
453 1989 612 2063 quod
645 1991 717 2048 ab
765 1990 1090 2050 immundis
1137 1994 1466 2066 spiritibus,
1488 1995 1638 2064 visu,
1672 1996 1899 2066 auditu,

240 2082 452 2154 gustu,
485 2079 731 2136 odoratu
761 2083 819 2136 et
845 2085 1028 2151 tactu,
1061 2081 1152 2138 vel
1182 2081 1296 2140 alio
1322 2084 1589 2155 quolibet
1617 2087 1902 2160 corporis,

237 2167 340 2241 vel
361 2167 544 2225 animi
571 2185 769 2237 sensu,
801 2169 1134 2243 vigilantes,
1187 2171 1615 2230 dormientesve
1645 2176 1900 2248 pertule-

240 2255 385 2325 rint,
441 2257 770 2314 confitendo
827 2262 1096 2332 patenter
1147 2255 1460 2333 exponant.
1521 2264 1592 2318 Et
1647 2265 1900 2321 maxime

238 2345 500 2420 quando,
530 2345 621 2402 vel
648 2346 788 2403 viris
819 2345 879 2402 in
911 2347 1102 2420 specie
1135 2349 1404 2415 feminea,
1418 2350 1504 2406 vel
1529 2351 1588 2407 in
1619 2353 1770 2408 virili
1803 2353 1902 2410 ha-

240 2435 369 2493 bitu
405 2435 642 2493 feminis
670 2439 1196 2509 apparentes,quos
1209 2438 1502 2496 daemones
1518 2439 1667 2496 Galli
1688 2441 1901 2499 Dusios

237 2527 475 2594 vocant,
507 2523 748 2582 infando
779 2525 1062 2582 miraculo
1079 2525 1322 2599 spiritus
1343 2527 1666 2602 incorporei
1698 2549 1900 2604 corpo-

245 2613 500 2688 humani
531 2613 908 2672 concubitum
932 2618 1127 2688 petere
1174 2633 1236 2672 se
1268 2634 1333 2672 ac
1391 2623 1621 2690 patrare
1677 2621 1900 2676 confin-

242 2707 420 2778 gunt,
450 2707 510 2760 et
539 2719 750 2760 nomen
783 2703 1084 2773 daemonis,
1110 2721 1223 2777 quo
1255 2723 1316 2762 se
1338 2707 1562 2764 censeri
1593 2708 1823 2776 dixerit,
1844 2713 1902 2766 et

244 2792 550 2866 dejerandi
580 2792 807 2860 modos,
835 2793 1052 2865 quibus
1097 2793 1314 2850 amoris
1363 2795 1454 2851 sui
1515 2795 1703 2853 fazdus
1734 2797 1901 2854 alter-

245 2885 450 2956 utrum
482 2879 849 2954 pepigerunt,
871 2882 1203 2956 prodendos
1233 2899 1361 2940 esse
1391 2885 1899 2958 praecipiunt.Quae

245 2969 554 3027 mendacio
587 2969 892 3028 simillima
917 2987 1028 3042 res,
1063 2972 1164 3028 sed
1199 2972 1340 3028 adeo
1369 2989 1524 3045 vera,
1549 2978 1605 3030 et
1623 2973 1902 3048 plurimo-

247 3075 383 3116 rum
407 3059 784 3117 attestatione
801 3058 1206 3132 notissima,ut
1234 3061 1474 3134 quidam
1505 3063 1734 3120 vicinus
1755 3064 1900 3121 mihi

247 3149 554 3222 presbyter
584 3147 851 3204 retulerit
871 3165 933 3204 se
965 3149 1264 3222 quandam
1286 3150 1792 3228 sanctimonialem
1824 3154 1903 3210 fe-

232 3236 474 3293 minam
504 3254 539 3293 a
567 3236 852 3306 daemonio
874 3253 1078 3294 curare
1105 3239 1372 3310 cmpisse,
1397 3241 1498 3296 sed
1521 3243 1782 3312 quandiu
1807 3259 1902 3299 res

2009 667 2142 737 bus,
2172 669 2232 724 in
2264 671 2417 726 bono
2447 671 2706 745 conjugii
2730 671 2952 728 malum
2975 673 3041 728 ﬁt
3061 673 3396 746 operatione
3415 673 3632 732 diaboli
3649 705 3664 730 ν

2009 757 2164 814 sicut
2195 758 2428 815 Domini
2460 765 2551 817 est
2579 765 2754 829 terra,
2789 761 2942 817 bona
2971 761 3198 834 utique,
3231 766 3350 819 uta
3369 763 3520 819 bono
3541 763 3658 820 Deo

2009 851 2223 918 creata,
2257 852 2314 903 et
2343 848 2683 922 iniquitates
2715 853 2855 906 sunt
2875 847 3106 918 nostrae,
3141 849 3244 906 sed
3266 866 3418 923 saepe
3444 849 3662 908 nostris

2009 935 2161 992 068
2191 935 2608 1009 iniquitatibus
2631 938 2900 996 videmus
2920 943 2978 994 et
2997 937 3288 994 sentimus
3314 941 3526 996 terram
3551 940 3662 996 Do-

2009 1023 2690 1098 minitabescentem,qui
2714 1025 2986 1100 promisit
3007 1027 3192 1083 iratus
3212 1027 3472 1083 futuram
3493 1027 3664 1084 nobis

2009 1116 2228 1168 terram
2259 1112 2532 1184 ferream,
2564 1117 2622 1170 et
2659 1114 2870 1170 ccelum
2918 1131 3154 1184 aereum,
3179 1119 3238 1172 et
3267 1114 3534 1188 placatus
3553 1116 3664 1172 da-

2009 1205 2210 1257 turum
2235 1218 2296 1258 se
2317 1201 2487 1258 nobis
2520 1202 2779 1275 pluviam
2831 1203 3220 1276 temporinam
3250 1207 3310 1260 et
3341 1203 3658 1260 serotinam

2007 1289 2201 1359 terrae,
2232 1293 2289 1347 et
2317 1291 2460 1363 quia
2487 1289 2704 1348 cmlum
2737 1291 2900 1348 dabit
2929 1291 3210 1365 pluviam,
3242 1296 3300 1348 et
3319 1295 3477 1349 terra
3505 1293 3670 1350 dabit

2009 1377 2269 1435 fructum
2301 1397 2657 1436 suumznon
2705 1398 2822 1453 quo
2869 1385 3275 1437 creaturarum
3323 1380 3672 1438 immutetur

2011 1471 2244 1535 natura,
2279 1469 2380 1524 sed
2413 1467 2552 1541 quia
2580 1471 2927 1526 meritorum
2959 1469 3412 1538 distantia,irato
3431 1469 3518 1525 vel
3541 1469 3668 1543 pla-

2009 1559 2138 1612 cato
2194 1557 2330 1625 Deo,
2384 1557 2591 1614 exinde
2648 1576 2682 1614 a
2730 1557 2900 1615 nobis
2945 1558 3200 1614 vindicta
3245 1558 3534 1614 sentiatur
3577 1558 3668 1614 vel

2009 1645 2217 1719 gratia.
2250 1647 2322 1702 Et
2346 1647 2555 1703 beatus
2591 1646 2904 1720 Gregorius
2928 1647 2988 1702 in
3017 1647 3167 1704 libro
3195 1649 3454 1704 secundo
3484 1648 3668 1704 Mora-

2011 1733 2156 1790 lium
2189 1738 2332 1806 (cap.
2389 1735 2446 1807 4)
2497 1735 2729 1792 dicit:«
2770 1735 3030 1806 Occulta,
3091 1735 3386 1809 inquiens,
3429 1736 3665 1809 justitia

2011 1821 2112 1879 Dei
2145 1821 2381 1880 licentia
2407 1825 2684 1898 malignis
2715 1824 3019 1898 spiritibus
3051 1825 3246 1894 datur,
3291 1828 3358 1881 ut
3385 1842 3532 1898 quos
3560 1842 3663 1882 vo-

2013 1910 2198 1967 lentes
2221 1911 2281 1967 in
2314 1914 2534 1984 peccati
2567 1912 2776 1986 laqueo
2806 1913 3194 1987 strangulant,
3226 1913 3285 1970 in
3308 1913 3528 1987 peccati
3549 1931 3666 1986 pa:-

2010 2017 2148 2055 nam
2180 1999 2358 2056 etiam
2393 2001 2656 2058 nolentes
2678 2002 2934 2058 trahant.
2970 2025 2998 2052 »
3025 2003 3096 2058 Et
3121 2001 3488 2075 Augustinus
3518 2004 3576 2058 in
3599 2002 3663 2058 li-

2009 2089 2114 2146 bro
2143 2090 2333 2162 primo
2363 2091 2434 2146 de
2463 2090 2697 2163 Nuptiis
2725 2095 2784 2146 et
2831 2091 3318 2164 Concupiscentia
3352 2095 3494 2164 (cap.
3526 2092 3617 2162 23)
3645 2109 3658 2147 :

2011 2201 2039 2228 «
2074 2177 2182 2244 Qui
2216 2178 2466 2234 miratur
2494 2179 2634 2252 quia
2663 2183 2929 2235 creatura
2947 2179 3049 2235 Dei
3107 2179 3382 2238 subditur
3409 2179 3661 2244 diabolo,

2012 2284 2128 2322 non
2161 2268 2428 2322 miretur.
2461 2269 2746 2324 Subditur
2774 2268 2931 2324 enim
2963 2272 3230 2324 creatura
3266 2267 3369 2324 Dei
3389 2272 3662 2324 creatura:

2009 2354 2134 2426 Dei,
2169 2354 2362 2412 minor
2404 2356 2634 2428 majori,
2662 2355 2802 2428 quia
2829 2355 3005 2412 homo
3037 2355 3266 2429 angelo,
3301 2373 3406 2412 nec
3461 2359 3662 2412 tamen

2011 2447 2248 2516 propter
2273 2447 2564 2512 naturam,
2593 2444 2692 2500 sed
2725 2448 2960 2518 propter
2977 2443 3208 2512 vitium,
3231 2443 3371 2516 quia
3399 2443 3660 2500 immun-

2011 2533 2124 2590 dus
2155 2526 2483 2589 immu'ndo.
2519 2555 2548 2583 »
2583 2533 2731 2600 Quia
2760 2537 2816 2589 et
2837 2533 2960 2606 ipse
2981 2532 3252 2590 diabolus
3275 2533 3522 2606 spiritus
3549 2533 3659 2589 im-

2009 2622 2269 2677 mundus
2292 2626 2399 2678 est.
2419 2623 2490 2677 Et
2513 2621 2716 2694 utique
2737 2622 2955 2678 bonum
2980 2622 3134 2694 quod
3167 2620 3659 2694 spiritus,malum

2009 2711 2163 2783 quod
2199 2710 2582 2766 immundus:
2617 2710 2895 2782 quoniam
2927 2710 3170 2783 spiritus
3200 2715 3290 2766 est
3317 2710 3661 2780 natura,im—

2009 2799 2268 2854 mundus
2297 2803 2386 2854 est
2412 2798 2570 2866 vitio,
2605 2815 2856 2871 quorum
2887 2799 3137 2854 duorum
3171 2797 3316 2854 illud
3347 2816 3383 2854 a
3412 2799 3528 2854 Deo
3547 2801 3656 2866 est,

2008 2887 2118 2943 hoc
2148 2888 2219 2943 ab
2248 2886 2395 2960 ipso.
2423 2888 2549 2944 Non
2583 2888 2778 2960 itaque
2799 2891 2956 2943 tenet
2975 2886 3396 2954 homines,sive
3416 2888 3658 2959 majoris

2009 2975 2128 3033 sive
2159 2975 2442 3032 infantilis
2471 2975 2682 3044 aetatis,
2727 2979 2966 3048 propter
2997 2976 3150 3048 quod
3199 2974 3467 3031 homines
3497 2978 3656 3044 sunt,

2009 3064 2110 3120 sed
2141 3068 2377 3136 propter
2404 3064 2560 3137 quod
2583 3063 2874 3123 immundi
2907 3067 3064 3119 sunt.
3088 3064 3158 3120 Et
3177 3062 3236 3118 in
3264 3061 3412 3119 libro
3433 3063 3506 3119 de
3524 3063 3660 3120 Gra-

2008 3153 2090 3208 tia
2121 3157 2178 3209 et
2204 3153 2384 3209 libero
2412 3151 2664 3209 Arbitrio
2684 3151 3198 3226 (cap.21):-Fixum
3229 3151 3408 3220 enim,
3442 3150 3656 3225 inquit,

2011 3243 2183 3299 debet
2203 3259 2330 3298 esse
2363 3246 2420 3298 et
2447 3241 2748 3298 immobile
2770 3241 2830 3296 in
2851 3241 3024 3298 corde
3043 3245 3256 3309 vestro,
3280 3240 3418 3314 quia
3435 3259 3550 3297 non
3571 3243 3662 3297 est

246 3323 490 3392 latebat,
521 3323 669 3381 nihil
687 3325 843 3397 apud
865 3341 994 3382 eam
1013 3315 1303 3399 proficere
1325 3327 1612 3400 potuisse:
1636 3330 1903 3386 confesso
1933 3317 1976 3384 C
2005 3321 2296 3405 iniquitas
2326 3333 2480 3406 apud
2513 3333 2717 3388 Deum.
2750 3333 2828 3386 Ac
2859 3348 2962 3403 per
2988 3330 3098 3386 hoc
3128 3331 3364 3402 quando
3384 3329 3578 3404 legitis
3597 3331 3660 3386 in

249 3418 444 3471 autem
480 3431 595 3488 quo
609 3414 1034 3471 molestabatur
1044 3414 1618 3488 phantasmatennox
1630 3422 1687 3474 et
1708 3418 1902 3492 ipsum

247 3502 634 3572 orationibus,
665 3503 1005 3576 ceterisque
1037 3521 1164 3576 quae
1208 3505 1513 3578 oportebat
1544 3505 1902 3578 purificatio-

249 3608 394 3649 num
423 3591 1123 3670 generibuseii‘ugassc,et
1138 3593 1404 3666 ejusdem
1432 3593 1659 3650 feminae
1691 3613 1902 3670 corpus

247 3681 324 3737 ab
353 3679 672 3751 ulceribus,
703 3667 830 3754 qua'a
853 3680 1134 3738 damonis
1155 3685 1315 3738 tactu
1333 3667 1904 3751 contraxerat,medi-

247 3768 427 3826 cinali
457 3769 672 3839 studio,
705 3769 983 3840 adjuncto
1015 3769 1135 3826 sale
1161 3769 1484 3837 benedicto,
1507 3789 1764 3828 curasse.
1791 3774 1903 3830 Sed

248 3859 392 3915 dum
424 3875 609 3914 unum
643 3859 714 3915 de
746 3858 1064 3928 ulceribus,
1093 3859 1248 3930 quod
1271 3857 1637 3932 altiuszlateri
1656 3860 1902 3917 inﬁxum

249 3947 912 4020 repererat,nullatcnus
932 3950 1131 4019 posset
1159 3946 1302 4018 quin
1331 3947 1610 4004 continuo
1631 3950 1904 4020 pandere-

247 4041 346 4092 tur
374 4037 688 4104 obducere,
719 4037 792 4093 ab
821 4037 1024 4092 eadem
1055 4037 1202 4108 ipsa,
1229 4054 1404 4109 quam
1429 4055 1636 4094 sanare
1654 4039 1900 4108 volebat,

247 4127 566 4188 consilium
595 4144 713 4199 quo
735 4129 1044 4182 sanaretur
1071 4126 1901 4200 accepisse.Si,inquit,oleum

247 4215 622 4290 proinfirmis
639 4219 1046 4272 consecratum
1065 4214 1253 4270 eidem
1269 4215 1694 4272 medicamento
1715 4233 1906 4290 asper-

249 4303 419 4375 seris,
451 4305 655 4377 sicque
685 4320 779 4362 me
809 4302 1171 4376 perunxeris,
1208 4303 1412 4360 statim
1467 4304 1704 4360 sanitati
1737 4305 1902 4362 resti-

247 4397 404 4450 tuar.
437 4393 586 4449 Nam
608 4391 726 4448 vidi
756 4393 1052 4466 quondam
1101 4409 1204 4465 per
1253 4392 1527 4466 spiritum
1557 4393 1617 4448 in
1647 4395 1902 4466 quadam

246 4481 490 4554 longius
518 4481 710 4554 posita
723 4479 1162 4554 civitate,quam
1178 4497 1482 4552 nunquam
1503 4481 1903 4554 corporalibus

248 4569 438 4628 oculis
469 4569 609 4638 vidi,
643 4559 896 4642 puellam
928 4569 1224 4642 quandam
1246 4569 1372 4642 pari
1403 4567 1732 4627 calamitate
1751 4571 1906 4628 labo-

2011 3420 2222 3476 litteris
2245 3421 2528 3489 veritatis,
2559 3420 2728 3476 aDeo
2766 3419 2968 3476 seduci
3019 3419 3312 3488 homines,
3345 3423 3411 3474 ut
3439 3419 3658 3475 obtun-

2011 3509 2069 3566 di
2096 3509 2186 3566 vel
2215 3509 2489 3566 obdurari
2533 3509 2712 3565 corda
2740 3526 2964 3575 eorum,
3007 3509 3185 3565 nolite
3216 3503 3485 3564 dubitare
3513 3524 3658 3580 pra:-

2011 3599 2258 3654 cessisse
2291 3597 2447 3654 mala
2477 3598 2684 3654 merita
2714 3614 2938 3666 eorum,
2973 3601 3038 3653 ut
3056 3599 3218 3669 juste
3249 3596 3363 3652 ista
3391 3598 3658 3668 pateren-

2011 3690 2126 3755 tur,
2163 3705 2234 3744 ne
2253 3687 2568 3742 incurratis
2601 3685 2746 3741 illud
2771 3685 3144 3757 proverbium
3175 3683 3538 3740 Salomonis:
3569 3687 3659 3737 In-

2011 3775 2282 3848 sipientia
2309 3775 2417 3830 viri
2447 3773 2624 3830 violat
2636 3775 2757 3830 vias
2787 3775 2935 3846 ejus,
2960 3775 3143 3830 Deum
3163 3775 3360 3828 autem
3381 3773 3658 3826 causatur

2011 3865 2073 3920 in
2102 3867 2274 3921 corde
2304 3881 2432 3920 suo.
2470 3886 2498 3912 »

2171 3951 2710 4008 INTERROGATIO
2747 3951 2896 4006 XVII
2935 3951 3026 4005 ET
3066 3947 3481 4004 RESPONSIO.

2080 4044 2162 4100 Dc
2193 4061 2258 4098 eo
2280 4041 2570 4114 siquidem
2603 4042 2754 4113 quod
2782 4041 3202 4112 interrogatum
3236 4040 3418 4103 est,ut
3439 4035 3489 4092 si
3509 4037 3658 4092 forte

2011 4133 2152 4190 tales
2181 4129 2287 4186 viri
2307 4129 2576 4196 malefici,
2608 4129 2697 4186 vel
2725 4127 3136 4184 incantatrices
3164 4125 3389 4182 femina:
3414 4123 3657 4180 inventae

2012 4221 2247 4289 fuerint,
2281 4217 2421 4292 quid
2444 4219 2515 4274 de
2542 4217 2884 4290 hujusmodi
2904 4215 3029 4273 ﬁeri
3051 4215 3526 4282 debeat,sanctus
3547 4214 3658 4270 Leo

2011 4311 2274 4368 scribens
2302 4309 2374 4364 ad
2396 4307 2700 4380 episcopos
2731 4323 2833 4380 per
2876 4305 3179 4362 universas
3210 4303 3538 4377 provincias
3557 4303 3658 4359 de-

2012 4401 2300 4455 monstrat
2329 4398 2505 4470 (epist.
2560 4396 2645 4462 11,
2703 4396 2966 4468 episcopis
3015 4411 3116 4467 per
3166 4393 3442 4466 Italiam):
3480 4414 3509 4444 κ
3539 4391 3659 4448 Ali-

2011 4486 2238 4560 quanti,
2262 4484 2552 4558 inquiens,
2577 4482 2848 4550 maleﬁci,
2887 4483 2987 4556 qui
3035 4481 3117 4538 ita
3145 4499 3208 4538 se
3239 4481 3656 4549 demerserant,

2012 4582 2078 4634 ut
2106 4575 2333 4632 nullum
2367 4574 2458 4630 his
2487 4571 2824 4630 auxiliantis
2853 4575 3052 4645 posset
3095 4570 3418 4628 remedium
3450 4570 3658 4627 subve-

247 4662 480 4732 rantem
511 4658 710 4716 taliter
738 4676 773 4714 a
802 4659 1104 4750 sacerdote
1153 4662 1438 4750 curatam.
1503 4658 1660 4714 Fecit
1711 4663 1774 4750 ut
1804 4659 1905 4716 illa
1933 4685 1980 4750 Β
2013 4663 2386 4735 nire,subditi
2408 4663 2990 4737 legibus,secundum
3011 4660 3476 4718 Christianorum
3504 4659 3660 4750 prin-

249 4751 648 4823 suggesserat,
681 4747 998 4820 statimque
1030 4745 1563 4818 ulcusjremedium,
1598 4749 1751 4820 quod
1771 4752 1904 4805 ante

248 4839 578 4910 respuerat,
611 4835 871 4908 accipere
901 4835 1217 4892 consensit.
1277 4835 1406 4890 Haec
1437 4839 1640 4890 contra
1671 4837 1904 4893 fraudes

249 4926 588 4983 daemonum
625 4924 828 4998 paucis
864 4923 1165 4998 explicare
1221 4924 1436 4991 curavi,
1471 4929 1536 4980 nt
1579 4942 1756 4998 quam
1788 4944 1904 4982 non

195 5019 206 5034 ‘
249 5015 473 5071 frustra
501 5013 789 5070 Dominus
806 5029 1018 5070 nomen
1041 5014 1091 5086 ej
1103 5029 1374 5086 us,quem
1391 5012 1741 5086 expulsurus
1759 5019 1902 5084 erat,

251 5101 502 5176 spiritus
530 5101 926 5176 interrogarit,
959 5099 1274 5176 intelligas.
1785 5167 1806 5181 _

435 5189 980 5248 INTERROGATIO
1020 5189 1142 5246 XVI
1180 5191 1274 5246 ET
1315 5189 1725 5248 RESPONSIO.

322 5281 406 5338 De
433 5296 502 5338 eo
531 5282 728 5336 autem
757 5279 913 5352 quod
935 5279 1358 5352 interrogatum
1375 5282 1619 5353 est,quae
1642 5282 1910 5341 sitcausa

251 5388 360 5430 cur
395 5369 576 5437 Deus,
596 5371 663 5424 ut
685 5367 1082 5442 dicitur,saepe
1112 5368 1172 5424 in
1201 5369 1462 5443 legitimo
1493 5370 1764 5444 conjugio
1779 5391 1904 5444 per-

249 5461 449 5518 mittat
477 5457 620 5514 talia
651 5456 799 5526 ﬁeri,
830 5457 1135 5514 sciendum
1167 5457 1415 5530 estquia
1437 5463 1502 5513 ut
1531 5476 1566 5514 a
1597 5460 1712 5514 Deo
1748 5461 1908 5516 insti-

251 5553 450 5608 tutum
482 5547 826 5620 conjugium
860 5547 1078 5603 bonum
1095 5549 1268 5616 cst,et
1279 5564 1451 5602 omne
1471 5551 1771 5618 peccatum
1794 5567 1908 5605 non

254 5656 325 5696 ex
351 5635 589 5712 propria
618 5639 828 5693 natura
839 5635 1112 5692 subsistit
1138 5635 1380 5704 ;malum
1395 5636 1609 5708 quippe
1630 5635 1755 5694 sine
1777 5641 1908 5696 sub-

257 5727 478 5787 stantia
509 5731 621 5798 est,
645 5726 803 5798 quod
835 5729 1034 5782 tamen
1063 5730 1361 5797 utcunque
1389 5726 1474 5793 ﬁt,
1499 5725 1557 5780 in
1591 5726 1725 5782 boni
1746 5734 1912 5787 natu-

2012 4755 2208 4828 cipum
2221 4753 2636 4822 constituta,ne
2648 4754 2918 4808 sanctum
2939 4767 3173 4824 gregem
3195 4767 3303 4806 sua
3316 4746 3658 4819 contagione

2013 4844 2468 4917 pollucrent,pcr
2477 4841 2742 4913 publicos
2747 4841 2980 4913 judices
3000 4843 3280 4913 perpetuo
3302 4839 3440 4893 sunt
3457 4833 3656 4890 exsilio

2014 4933 2274 5007 relegati.
2303 4954 2331 4982 ››
2362 4933 2432 4988 Et
2455 4935 2590 5006 post
2637 4931 2978 5004 aliquanta:
3013 4952 3041 4979 «
3081 4927 3264 4984 Aliter
3301 4925 3458 4982 enim
3487 4923 3658 4980 nobis

2015 5021 2370 5080 commissos
2395 5037 2594 5094 regere
2625 5037 2741 5076 non
2772 5015 3230 5092 possumus,nisi
3260 5013 3497 5086 hos,qui
3519 5015 3660 5068 sunt

2015 5112 2336 5186 perditores
2367 5113 2424 5167 et
2443 5109 2674 5182 perditi,
2697 5107 2819 5164 zelo
2841 5106 2975 5162 fidei
3004 5103 3320 5163 Dominicis
3347 5117 3660 5175 persequa-

2018 5205 2234 5271 mur,et
2261 5218 2296 5257 a
2312 5199 2473 5257 sanis
2503 5197 2898 5263 mentibus,ne
2929 5195 3111 5269 pestis
3129 5193 3251 5250 haec
3269 5191 3449 5248 latius
3469 5189 3661 5246 divul-

2017 5296 2204 5366 getur,
2235 5289 2539 5346 severitate
2571 5303 2686 5358 qua
2715 5301 3030 5358 possumus
3071 5283 3467 5339 abscidamus.
3503 5279 3665 5336 Unde

2014 5382 2215 5436 hortor
2243 5377 2611 5435 dilectionem
2645 5378 2916 5438 vestram,
2943 5373 3220 5438 obtestor,
3254 5374 3312 5427 et
3343 5385 3571 5434 moneo,
3601 5370 3668 5424 ut

2017 5487 2132 5542 qua
2153 5467 2376 5525 debetis
2395 5471 2452 5522 et
2477 5463 2720 5537 potestis
2769 5460 3164 5517 sollicitudine
3194 5459 3469 5535 vigiletis,
3486 5459 3559 5515 ad
3581 5458 3666 5514 in-

2015 5555 2389 5628 vestigandos
2435 5569 2554 5620 eos,
2614 5548 2824 5605 necubi
2881 5547 3212 5604 occultandi
3270 5565 3332 5606 se
3375 5546 3668 5622 reperiant

2020 5645 2378 5702 facultatem.
2403 5641 2476 5697 Ut
2496 5641 2651 5696 enim
2685 5639 2923 5694 habebit
2950 5656 2984 5694 a
3010 5639 3126 5695 Deo
3157 5639 3366 5713 ingens
3397 5653 3664 5694 remune-

2019 5734 2262 5792 rationis
2294 5729 2738 5805 proemium,qui
2762 5727 3100 5800 diligentius
3123 5730 3281 5803 quod
3313 5729 3385 5787 ad
3409 5725 3661 5786 salutem
