  <div class='ocr_page' id='page_1' title='image "/cluster/home/n/w/nwhite01/storage/ocr_20150623/125/umn.31951002477418t/409.png"; bbox 0 0 4148 6462; ppageno 0'>
   <div class='ocr_carea' id='block_1_1' title="bbox 460 415 570 479">
    <p class='ocr_par' dir='ltr' id='par_1_1' title="bbox 460 415 570 479">
     <span class='ocr_line' id='line_1_1' title="bbox 460 415 570 479; baseline 0.018 -2"><span class='ocrx_word' id='word_1_1' title='bbox 460 415 570 479; x_wconf 77' lang='grc'>’131</span> 
     </span>
    </p>
   </div>
   <div class='ocr_carea' id='block_1_2' title="bbox 1395 416 2940 482">
    <p class='ocr_par' dir='ltr' id='par_1_2' title="bbox 1395 416 2940 482">
     <span class='ocr_line' id='line_1_2' title="bbox 1395 416 2940 482; baseline -0.001 0"><span class='ocrx_word' id='word_1_2' title='bbox 1395 419 1782 482; x_wconf 75' lang='grc' dir='ltr'>ΗΙΝΟΜΔΒῙ</span> <span class='ocrx_word' id='word_1_3' title='bbox 1827 417 2278 482; x_wconf 75' lang='lat' dir='ltr'>RHEMENSIS</span> <span class='ocrx_word' id='word_1_4' title='bbox 2323 416 2940 482; x_wconf 81' lang='lat' dir='ltr'>ARCHIEPISCOPI.</span> 
     </span>
    </p>
   </div>
   <div class='ocr_carea' id='block_1_3' title="bbox 3731 421 3840 482">
    <p class='ocr_par' dir='ltr' id='par_1_3' title="bbox 3731 421 3840 482">
     <span class='ocr_line' id='line_1_3' title="bbox 3731 421 3840 482; baseline 0 0"><span class='ocrx_word' id='word_1_5' title='bbox 3731 421 3840 482; x_wconf 75' lang='lat'>732</span> 
     </span>
    </p>
   </div>
   <div class='ocr_carea' id='block_1_4' title="bbox 462 542 3842 625">
    <p class='ocr_par' dir='ltr' id='par_1_4' title="bbox 462 542 3842 625">
     <span class='ocr_line' id='line_1_4' title="bbox 462 542 3842 625; baseline 0.001 -17"><span class='ocrx_word' id='word_1_6' title='bbox 462 548 716 619; x_wconf 75' lang='lat' dir='ltr'>inﬁdelis</span> <span class='ocrx_word' id='word_1_7' title='bbox 739 549 1098 619; x_wconf 89' lang='lat' dir='ltr'>discesserit,</span> <span class='ocrx_word' id='word_1_8' title='bbox 1120 549 1370 608; x_wconf 90' lang='lat' dir='ltr'>liberum</span> <span class='ocrx_word' id='word_1_9' title='bbox 1418 551 1658 610; x_wconf 86' lang='lat' dir='ltr'>habebit</span> <span class='ocrx_word' id='word_1_10' title='bbox 1701 553 2032 622; x_wconf 79' lang='lat' dir='ltr'>arbitrium,</span> <span class='ocrx_word' id='word_1_11' title='bbox 2056 555 2105 612; x_wconf 88' lang='lat' dir='ltr'>si</span> <span class='ocrx_word' id='word_1_12' title='bbox 2135 553 2189 622; x_wconf 77' lang='grc' dir='ltr'>Α</span> <span class='ocrx_word' id='word_1_13' title='bbox 2218 542 2416 608; x_wconf 34' lang='lat' dir='ltr'>nubat,</span> <span class='ocrx_word' id='word_1_14' title='bbox 2431 550 2481 610; x_wconf 91' lang='lat' dir='ltr'>si</span> <span class='ocrx_word' id='word_1_15' title='bbox 2512 568 2575 609; x_wconf 89' lang='lat' dir='ltr'>se</span> <span class='ocrx_word' id='word_1_16' title='bbox 2603 551 2903 609; x_wconf 90' lang='lat' dir='ltr'>continere</span> <span class='ocrx_word' id='word_1_17' title='bbox 2932 567 3047 608; x_wconf 91' lang='lat' dir='ltr'>non</span> <span class='ocrx_word' id='word_1_18' title='bbox 3090 553 3298 625; x_wconf 78' lang='lat' dir='ltr'>potest,</span> <span class='ocrx_word' id='word_1_19' title='bbox 3328 554 3391 608; x_wconf 92' lang='lat' dir='ltr'>et</span> <span class='ocrx_word' id='word_1_20' title='bbox 3430 549 3668 609; x_wconf 84' lang='lat' dir='ltr'>alterius</span> <span class='ocrx_word' id='word_1_21' title='bbox 3713 569 3842 610; x_wconf 86' lang='lat' dir='ltr'>con-</span> 
     </span>
    </p>
   </div>
   <div class='ocr_carea' id='block_1_5' title="bbox 459 639 2108 715">
    <p class='ocr_par' dir='ltr' id='par_1_5' title="bbox 459 639 2108 715">
     <span class='ocr_line' id='line_1_5' title="bbox 459 639 2108 715; baseline 0.002 -18"><span class='ocrx_word' id='word_1_22' title='bbox 459 639 706 697; x_wconf 87' lang='lat' dir='ltr'>voluerit</span> <span class='ocrx_word' id='word_1_23' title='bbox 729 641 950 697; x_wconf 87' lang='lat' dir='ltr'>nubere</span> <span class='ocrx_word' id='word_1_24' title='bbox 979 640 1127 715; x_wconf 91' lang='lat' dir='ltr'>legis</span> <span class='ocrx_word' id='word_1_25' title='bbox 1149 659 1267 697; x_wconf 65' lang='lat' dir='ltr'>suae</span> <span class='ocrx_word' id='word_1_26' title='bbox 1295 642 1458 698; x_wconf 84' lang='lat' dir='ltr'>viro?</span> <span class='ocrx_word' id='word_1_27' title='bbox 1489 642 1635 700; x_wconf 83' lang='lat' dir='ltr'>Illud</span> <span class='ocrx_word' id='word_1_28' title='bbox 1667 643 1822 699; x_wconf 91' lang='lat' dir='ltr'>enim</span> <span class='ocrx_word' id='word_1_29' title='bbox 1855 661 1971 700; x_wconf 92' lang='lat' dir='ltr'>non</span> <span class='ocrx_word' id='word_1_30' title='bbox 2003 646 2108 700; x_wconf 84' lang='lat' dir='ltr'>de-</span> 
     </span>
    </p>
   </div>
   <div class='ocr_carea' id='block_1_6' title="bbox 461 728 2150 810">
    <p class='ocr_par' dir='ltr' id='par_1_6' title="bbox 461 728 2150 810">
     <span class='ocr_line' id='line_1_6' title="bbox 461 728 2150 810; baseline 0.002 -25"><span class='ocrx_word' id='word_1_31' title='bbox 461 728 848 801; x_wconf 88' lang='lat' dir='ltr'>betimputari</span> <span class='ocrx_word' id='word_1_32' title='bbox 871 730 1497 803; x_wconf 88' lang='lat' dir='ltr'>matrimonium,quod</span> <span class='ocrx_word' id='word_1_33' title='bbox 1517 736 1679 788; x_wconf 81' lang='lat' dir='ltr'>extra</span> <span class='ocrx_word' id='word_1_34' title='bbox 1699 734 1995 789; x_wconf 90' lang='lat' dir='ltr'>decretum</span> <span class='ocrx_word' id='word_1_35' title='bbox 2011 734 2107 789; x_wconf 88' lang='lat' dir='ltr'>Dei</span> <span class='ocrx_word' id='word_1_36' title='bbox 2139 797 2150 810; x_wconf 31' lang='grc' dir='ltr'>ι</span> 
     </span>
    </p>
   </div>
   <div class='ocr_carea' id='block_1_7' title="bbox 459 819 2106 894">
    <p class='ocr_par' dir='ltr' id='par_1_7' title="bbox 459 819 2106 894">
     <span class='ocr_line' id='line_1_7' title="bbox 459 819 2106 894; baseline 0.002 -19"><span class='ocrx_word' id='word_1_37' title='bbox 459 819 680 875; x_wconf 89' lang='lat' dir='ltr'>factum</span> <span class='ocrx_word' id='word_1_38' title='bbox 703 823 813 887; x_wconf 89' lang='lat' dir='ltr'>est,</span> <span class='ocrx_word' id='word_1_39' title='bbox 847 820 949 876; x_wconf 89' lang='lat' dir='ltr'>sed</span> <span class='ocrx_word' id='word_1_40' title='bbox 980 836 1114 876; x_wconf 91' lang='lat' dir='ltr'>cum</span> <span class='ocrx_word' id='word_1_41' title='bbox 1143 824 1277 893; x_wconf 93' lang='lat' dir='ltr'>post</span> <span class='ocrx_word' id='word_1_42' title='bbox 1315 822 1636 894; x_wconf 80' lang='lat' dir='ltr'>cognoscit,</span> <span class='ocrx_word' id='word_1_43' title='bbox 1667 826 1725 878; x_wconf 91' lang='lat' dir='ltr'>et</span> <span class='ocrx_word' id='word_1_44' title='bbox 1763 823 1919 878; x_wconf 85' lang='lat' dir='ltr'>dolet</span> <span class='ocrx_word' id='word_1_45' title='bbox 1963 823 2106 878; x_wconf 84' lang='lat' dir='ltr'>deli-</span> 
     </span>
    </p>
   </div>
   <div class='ocr_carea' id='block_1_8' title="bbox 460 907 2106 980">
    <p class='ocr_par' dir='ltr' id='par_1_8' title="bbox 460 907 2106 980">
     <span class='ocr_line' id='line_1_8' title="bbox 460 907 2106 980; baseline 0.003 -17"><span class='ocrx_word' id='word_1_46' title='bbox 460 907 683 980; x_wconf 82' lang='lat' dir='ltr'>quisse,</span> <span class='ocrx_word' id='word_1_47' title='bbox 715 908 990 964; x_wconf 88' lang='lat' dir='ltr'>emendat</span> <span class='ocrx_word' id='word_1_48' title='bbox 1018 925 1080 964; x_wconf 92' lang='lat' dir='ltr'>se</span> <span class='ocrx_word' id='word_1_49' title='bbox 1111 913 1176 964; x_wconf 94' lang='lat' dir='ltr'>ut</span> <span class='ocrx_word' id='word_1_50' title='bbox 1203 910 1433 966; x_wconf 84' lang='lat' dir='ltr'>veniam</span> <span class='ocrx_word' id='word_1_51' title='bbox 1475 915 1788 966; x_wconf 89' lang='lat' dir='ltr'>mereatur.</span> <span class='ocrx_word' id='word_1_52' title='bbox 1826 913 1885 967; x_wconf 94' lang='lat' dir='ltr'>Si</span> <span class='ocrx_word' id='word_1_53' title='bbox 1911 917 2106 969; x_wconf 88' lang='lat' dir='ltr'>autem</span> 
     </span>
    </p>
   </div>
   <div class='ocr_carea' id='block_1_9' title="bbox 461 995 2111 1071">
    <p class='ocr_par' dir='ltr' id='par_1_9' title="bbox 461 995 2111 1071">
     <span class='ocr_line' id='line_1_9' title="bbox 461 995 2111 1071; baseline 0.002 -19"><span class='ocrx_word' id='word_1_54' title='bbox 461 997 636 1052; x_wconf 90' lang='lat' dir='ltr'>ambo</span> <span class='ocrx_word' id='word_1_55' title='bbox 658 995 1032 1068; x_wconf 79' lang='lat' dir='ltr'>crediderint,</span> <span class='ocrx_word' id='word_1_56' title='bbox 1051 1015 1154 1070; x_wconf 90' lang='lat' dir='ltr'>per</span> <span class='ocrx_word' id='word_1_57' title='bbox 1174 998 1585 1071; x_wconf 82' lang='lat' dir='ltr'>cogitationem</span> <span class='ocrx_word' id='word_1_58' title='bbox 1604 1000 2111 1056; x_wconf 80' lang='lat' dir='ltr'>Dei‘confirmatur</span> 
     </span>
    </p>
   </div>
   <div class='ocr_carea' id='block_1_10' title="bbox 462 1084 2109 1158">
    <p class='ocr_par' dir='ltr' id='par_1_10' title="bbox 462 1084 2109 1158">
     <span class='ocr_line' id='line_1_10' title="bbox 462 1084 2109 1158; baseline 0.004 -19"><span class='ocrx_word' id='word_1_59' title='bbox 462 1084 826 1156; x_wconf 88' lang='lat' dir='ltr'>conjugium.</span> <span class='ocrx_word' id='word_1_60' title='bbox 843 1085 906 1141; x_wconf 93' lang='lat' dir='ltr'>In</span> <span class='ocrx_word' id='word_1_61' title='bbox 929 1102 1069 1158; x_wconf 86' lang='lat' dir='ltr'>pace</span> <span class='ocrx_word' id='word_1_62' title='bbox 1088 1090 1285 1142; x_wconf 84' lang='lat' dir='ltr'>autem</span> <span class='ocrx_word' id='word_1_63' title='bbox 1319 1088 1543 1143; x_wconf 91' lang='lat' dir='ltr'>vocavit</span> <span class='ocrx_word' id='word_1_64' title='bbox 1577 1105 1683 1145; x_wconf 90' lang='lat' dir='ltr'>nos</span> <span class='ocrx_word' id='word_1_65' title='bbox 1702 1089 2109 1146; x_wconf 88' lang='lat' dir='ltr'>Deus.Verum</span> 
     </span>
    </p>
   </div>
   <div class='ocr_carea' id='block_1_11' title="bbox 461 1173 2108 1250">
    <p class='ocr_par' dir='ltr' id='par_1_11' title="bbox 461 1173 2108 1250">
     <span class='ocr_line' id='line_1_11' title="bbox 461 1173 2108 1250; baseline 0.004 -22"><span class='ocrx_word' id='word_1_66' title='bbox 461 1176 553 1229; x_wconf 89' lang='lat' dir='ltr'>est</span> <span class='ocrx_word' id='word_1_67' title='bbox 580 1173 721 1245; x_wconf 88' lang='lat' dir='ltr'>quia</span> <span class='ocrx_word' id='word_1_68' title='bbox 749 1190 865 1230; x_wconf 91' lang='lat' dir='ltr'>non</span> <span class='ocrx_word' id='word_1_69' title='bbox 897 1179 1124 1247; x_wconf 83' lang='lat' dir='ltr'>oportet</span> <span class='ocrx_word' id='word_1_70' title='bbox 1153 1174 1382 1248; x_wconf 83' lang='lat' dir='ltr'>litigare</span> <span class='ocrx_word' id='word_1_71' title='bbox 1411 1193 1547 1232; x_wconf 92' lang='lat' dir='ltr'>eum</span> <span class='ocrx_word' id='word_1_72' title='bbox 1587 1194 1654 1233; x_wconf 90' lang='lat' dir='ltr'>eo</span> <span class='ocrx_word' id='word_1_73' title='bbox 1703 1177 1802 1250; x_wconf 88' lang='lat' dir='ltr'>qui</span> <span class='ocrx_word' id='word_1_74' title='bbox 1836 1179 2108 1247; x_wconf 86' lang='lat' dir='ltr'>discedit,</span> 
     </span>
    </p>
   </div>
   <div class='ocr_carea' id='block_1_12' title="bbox 461 1261 2111 1340">
    <p class='ocr_par' dir='ltr' id='par_1_12' title="bbox 461 1261 2111 1340">
     <span class='ocr_line' id='line_1_12' title="bbox 461 1261 2111 1340; baseline 0.002 -20"><span class='ocrx_word' id='word_1_75' title='bbox 461 1263 604 1334; x_wconf 85' lang='lat' dir='ltr'>quia</span> <span class='ocrx_word' id='word_1_76' title='bbox 622 1262 754 1318; x_wconf 92' lang='lat' dir='ltr'>odio</span> <span class='ocrx_word' id='word_1_77' title='bbox 765 1261 868 1319; x_wconf 88' lang='lat' dir='ltr'>Dei</span> <span class='ocrx_word' id='word_1_78' title='bbox 889 1261 1155 1332; x_wconf 88' lang='lat' dir='ltr'>discedit,</span> <span class='ocrx_word' id='word_1_79' title='bbox 1172 1264 1280 1320; x_wconf 88' lang='lat' dir='ltr'>hac</span> <span class='ocrx_word' id='word_1_80' title='bbox 1301 1282 1403 1337; x_wconf 92' lang='lat' dir='ltr'>per</span> <span class='ocrx_word' id='word_1_81' title='bbox 1415 1265 1522 1322; x_wconf 92' lang='lat' dir='ltr'>hoc</span> <span class='ocrx_word' id='word_1_82' title='bbox 1545 1283 1649 1322; x_wconf 85' lang='lat' dir='ltr'>nec</span> <span class='ocrx_word' id='word_1_83' title='bbox 1662 1267 1877 1340; x_wconf 89' lang='lat' dir='ltr'>dignus</span> <span class='ocrx_word' id='word_1_84' title='bbox 1896 1267 2111 1324; x_wconf 85' lang='lat' dir='ltr'>haben—</span> 
     </span>
    </p>
   </div>
   <div class='ocr_carea' id='block_1_13' title="bbox 462 1351 2108 1427">
    <p class='ocr_par' dir='ltr' id='par_1_13' title="bbox 462 1351 2108 1427">
     <span class='ocr_line' id='line_1_13' title="bbox 462 1351 2108 1427; baseline 0.002 -18"><span class='ocrx_word' id='word_1_85' title='bbox 462 1354 576 1410; x_wconf 91' lang='lat' dir='ltr'>dus</span> <span class='ocrx_word' id='word_1_86' title='bbox 601 1356 712 1409; x_wconf 89' lang='lat' dir='ltr'>est.</span> <span class='ocrx_word' id='word_1_87' title='bbox 749 1373 776 1401; x_wconf 85' lang='grc'><strong>››</strong></span> <span class='ocrx_word' id='word_1_88' title='bbox 805 1352 877 1407; x_wconf 89' lang='lat' dir='ltr'>Et</span> <span class='ocrx_word' id='word_1_89' title='bbox 906 1351 1044 1408; x_wconf 89' lang='lat' dir='ltr'>hinc</span> <span class='ocrx_word' id='word_1_90' title='bbox 1075 1357 1314 1409; x_wconf 87' lang='lat' dir='ltr'>sanctus</span> <span class='ocrx_word' id='word_1_91' title='bbox 1356 1355 1720 1427; x_wconf 86' lang='lat' dir='ltr'>Augustinus</span> <span class='ocrx_word' id='word_1_92' title='bbox 1752 1356 1808 1410; x_wconf 92' lang='lat' dir='ltr'>in</span> <span class='ocrx_word' id='word_1_93' title='bbox 1841 1355 2008 1412; x_wconf 90' lang='lat' dir='ltr'>libris</span> <span class='ocrx_word' id='word_1_94' title='bbox 2035 1357 2108 1412; x_wconf 90' lang='lat' dir='ltr'>ad</span> 
     </span>
    </p>
   </div>
   <div class='ocr_carea' id='block_1_14' title="bbox 463 1441 2106 1518">
    <p class='ocr_par' dir='ltr' id='par_1_14' title="bbox 463 1441 2106 1518">
     <span class='ocr_line' id='line_1_14' title="bbox 463 1441 2106 1518; baseline 0.002 -19"><span class='ocrx_word' id='word_1_95' title='bbox 463 1441 812 1499; x_wconf 90' lang='lat' dir='ltr'>Pollentium</span> <span class='ocrx_word' id='word_1_96' title='bbox 849 1459 862 1496; x_wconf 91' lang='lat'>:</span> <span class='ocrx_word' id='word_1_97' title='bbox 899 1441 1146 1497; x_wconf 79' lang='lat' dir='ltr'>«Merito</span> <span class='ocrx_word' id='word_1_98' title='bbox 1176 1460 1324 1514; x_wconf 88' lang='lat' dir='ltr'>quas</span> <span class='ocrx_word' id='word_1_99' title='bbox 1344 1443 1691 1511; x_wconf 82' lang='lat' dir='ltr'>duxerunt,»</span> <span class='ocrx_word' id='word_1_100' title='bbox 1712 1446 1854 1518; x_wconf 91' lang='lat' dir='ltr'>quin</span> <span class='ocrx_word' id='word_1_101' title='bbox 1879 1464 2106 1515; x_wconf 80' lang='lat' dir='ltr'>uxores,</span> 
     </span>
    </p>
   </div>
   <div class='ocr_carea' id='block_1_15' title="bbox 463 1529 2111 1605">
    <p class='ocr_par' dir='ltr' id='par_1_15' title="bbox 463 1529 2111 1605">
     <span class='ocr_line' id='line_1_15' title="bbox 463 1529 2111 1605; baseline 0.005 -24"><span class='ocrx_word' id='word_1_102' title='bbox 463 1554 493 1581; x_wconf 88' lang='grc'>‹‹</span> <span class='ocrx_word' id='word_1_103' title='bbox 513 1529 616 1586; x_wconf 81' lang='lat' dir='ltr'>filii</span> <span class='ocrx_word' id='word_1_104' title='bbox 635 1529 808 1588; x_wconf 86' lang='lat' dir='ltr'>Israel</span> <span class='ocrx_word' id='word_1_105' title='bbox 829 1529 1076 1586; x_wconf 91' lang='lat' dir='ltr'>Domino</span> <span class='ocrx_word' id='word_1_106' title='bbox 1097 1531 1718 1602; x_wconf 84' lang='lat' dir='ltr'>prohibente,Domino</span> <span class='ocrx_word' id='word_1_107' title='bbox 1730 1535 2008 1605; x_wconf 86' lang='lat' dir='ltr'>jubentes</span> <span class='ocrx_word' id='word_1_108' title='bbox 2027 1536 2111 1591; x_wconf 91' lang='lat' dir='ltr'>di-</span> 
     </span>
    </p>
   </div>
   <div class='ocr_carea' id='block_1_16' title="bbox 465 1617 2108 1696">
    <p class='ocr_par' dir='ltr' id='par_1_16' title="bbox 465 1617 2108 1696">
     <span class='ocr_line' id='line_1_16' title="bbox 465 1617 2108 1696; baseline 0.004 -22"><span class='ocrx_word' id='word_1_109' title='bbox 465 1617 922 1690; x_wconf 87' lang='lat' dir='ltr'>miserunt,quia</span> <span class='ocrx_word' id='word_1_110' title='bbox 942 1635 1116 1676; x_wconf 87' lang='lat' dir='ltr'>omne</span> <span class='ocrx_word' id='word_1_111' title='bbox 1133 1621 1287 1692; x_wconf 92' lang='lat' dir='ltr'>quod</span> <span class='ocrx_word' id='word_1_112' title='bbox 1310 1637 1424 1676; x_wconf 90' lang='lat' dir='ltr'>non</span> <span class='ocrx_word' id='word_1_113' title='bbox 1445 1626 1534 1677; x_wconf 90' lang='lat' dir='ltr'>est</span> <span class='ocrx_word' id='word_1_114' title='bbox 1562 1639 1630 1677; x_wconf 83' lang='lat' dir='ltr'>ex</span> <span class='ocrx_word' id='word_1_115' title='bbox 1661 1622 1774 1678; x_wconf 82' lang='lat' dir='ltr'>ﬁde</span> <span class='ocrx_word' id='word_1_116' title='bbox 1805 1628 2108 1696; x_wconf 89' lang='lat' dir='ltr'>peccatum</span> 
     </span>
    </p>
   </div>
   <div class='ocr_carea' id='block_1_17' title="bbox 462 1705 2110 1769">
    <p class='ocr_par' dir='ltr' id='par_1_17' title="bbox 462 1705 2110 1769">
     <span class='ocr_line' id='line_1_17' title="bbox 462 1705 2110 1769; baseline 0.004 -6"><span class='ocrx_word' id='word_1_117' title='bbox 462 1711 610 1763; x_wconf 81' lang='lat' dir='ltr'>est.»</span> <span class='ocrx_word' id='word_1_118' title='bbox 630 1706 793 1764; x_wconf 85' lang='lat' dir='ltr'>Unde</span> <span class='ocrx_word' id='word_1_119' title='bbox 813 1705 998 1764; x_wconf 87' lang='lat' dir='ltr'>lector</span> <span class='ocrx_word' id='word_1_120' title='bbox 1017 1706 1076 1762; x_wconf 92' lang='lat' dir='ltr'>in</span> <span class='ocrx_word' id='word_1_121' title='bbox 1099 1708 1317 1765; x_wconf 85' lang='lat' dir='ltr'>eisdem</span> <span class='ocrx_word' id='word_1_122' title='bbox 1341 1708 1510 1766; x_wconf 91' lang='lat' dir='ltr'>libris</span> <span class='ocrx_word' id='word_1_123' title='bbox 1539 1709 1716 1767; x_wconf 89' lang='lat' dir='ltr'>latius</span> <span class='ocrx_word' id='word_1_124' title='bbox 1739 1711 1996 1769; x_wconf 91' lang='lat' dir='ltr'>invenire</span> <span class='ocrx_word' id='word_1_125' title='bbox 2010 1731 2110 1769; x_wconf 82' lang='lat' dir='ltr'>va-</span> 
     </span>
    </p>
   </div>
   <div class='ocr_carea' id='block_1_18' title="bbox 463 1795 2104 1871">
    <p class='ocr_par' dir='ltr' id='par_1_18' title="bbox 463 1795 2104 1871">
     <span class='ocr_line' id='line_1_18' title="bbox 463 1795 2104 1871; baseline 0.004 -21"><span class='ocrx_word' id='word_1_126' title='bbox 463 1795 624 1854; x_wconf 89' lang='lat' dir='ltr'>lebit.</span> <span class='ocrx_word' id='word_1_127' title='bbox 640 1796 712 1852; x_wconf 91' lang='lat' dir='ltr'>Et</span> <span class='ocrx_word' id='word_1_128' title='bbox 731 1795 790 1851; x_wconf 93' lang='lat' dir='ltr'>in</span> <span class='ocrx_word' id='word_1_129' title='bbox 813 1795 1385 1870; x_wconf 90' lang='lat' dir='ltr'>concilioAgathensi</span> <span class='ocrx_word' id='word_1_130' title='bbox 1407 1799 1694 1871; x_wconf 92' lang='lat' dir='ltr'>scriptum</span> <span class='ocrx_word' id='word_1_131' title='bbox 1715 1805 1804 1856; x_wconf 89' lang='lat' dir='ltr'>est</span> <span class='ocrx_word' id='word_1_132' title='bbox 1820 1806 1961 1869; x_wconf 81' lang='lat' dir='ltr'>(can.</span> <span class='ocrx_word' id='word_1_133' title='bbox 1983 1803 2104 1870; x_wconf 81' lang='lat' dir='ltr'>6t):</span> 
     </span>
    </p>
   </div>
   <div class='ocr_carea' id='block_1_19' title="bbox 463 1883 2190 1990">
    <p class='ocr_par' dir='ltr' id='par_1_19' title="bbox 463 1883 2190 1990">
     <span class='ocr_line' id='line_1_19' title="bbox 463 1883 2190 1990; baseline 0.005 -51"><span class='ocrx_word' id='word_1_134' title='bbox 463 1909 493 1936; x_wconf 84' lang='lat'><strong><em>«</em></strong></span> <span class='ocrx_word' id='word_1_135' title='bbox 525 1885 608 1940; x_wconf 90' lang='lat' dir='ltr'>De</span> <span class='ocrx_word' id='word_1_136' title='bbox 635 1883 878 1941; x_wconf 85' lang='lat' dir='ltr'>incestis</span> <span class='ocrx_word' id='word_1_137' title='bbox 909 1885 1422 1958; x_wconf 85' lang='lat' dir='ltr'>conjunctionibus</span> <span class='ocrx_word' id='word_1_138' title='bbox 1456 1887 1601 1944; x_wconf 87' lang='lat' dir='ltr'>nihil</span> <span class='ocrx_word' id='word_1_139' title='bbox 1651 1906 1892 1962; x_wconf 90' lang='lat' dir='ltr'>prorsus</span> <span class='ocrx_word' id='word_1_140' title='bbox 1929 1891 2108 1947; x_wconf 70' lang='lat' dir='ltr'>venite</span> <span class='ocrx_word' id='word_1_141' title='bbox 2143 1925 2190 1990; x_wconf 81' lang='grc' dir='ltr'><strong>Β</strong></span> 
     </span>
    </p>
   </div>
   <div class='ocr_carea' id='block_1_20' title="bbox 463 1973 2113 2051">
    <p class='ocr_par' dir='ltr' id='par_1_20' title="bbox 463 1973 2113 2051">
     <span class='ocr_line' id='line_1_20' title="bbox 463 1973 2113 2051; baseline 0.004 -21"><span class='ocrx_word' id='word_1_142' title='bbox 463 1991 852 2042; x_wconf 87' lang='lat' dir='ltr'>reservamus,</span> <span class='ocrx_word' id='word_1_143' title='bbox 873 1973 988 2030; x_wconf 91' lang='lat' dir='ltr'>nisi</span> <span class='ocrx_word' id='word_1_144' title='bbox 1019 1991 1154 2030; x_wconf 89' lang='lat' dir='ltr'>cum</span> <span class='ocrx_word' id='word_1_145' title='bbox 1185 1975 1539 2032; x_wconf 88' lang='lat' dir='ltr'>adulterium</span> <span class='ocrx_word' id='word_1_146' title='bbox 1563 1979 1928 2051; x_wconf 88' lang='lat' dir='ltr'>separatione</span> <span class='ocrx_word' id='word_1_147' title='bbox 1948 1997 2113 2036; x_wconf 90' lang='lat' dir='ltr'>sana-</span> 
     </span>
    </p>
   </div>
   <div class='ocr_carea' id='block_1_21' title="bbox 460 2063 2112 2142">
    <p class='ocr_par' dir='ltr' id='par_1_21' title="bbox 460 2063 2112 2142">
     <span class='ocr_line' id='line_1_21' title="bbox 460 2063 2112 2142; baseline 0.005 -25"><span class='ocrx_word' id='word_1_148' title='bbox 460 2065 669 2119; x_wconf 88' lang='lat' dir='ltr'>verint.</span> <span class='ocrx_word' id='word_1_149' title='bbox 705 2063 963 2118; x_wconf 91' lang='lat' dir='ltr'>lncestos</span> <span class='ocrx_word' id='word_1_150' title='bbox 991 2080 1125 2120; x_wconf 90' lang='lat' dir='ltr'>vero</span> <span class='ocrx_word' id='word_1_151' title='bbox 1156 2063 1316 2120; x_wconf 91' lang='lat' dir='ltr'>nullo</span> <span class='ocrx_word' id='word_1_152' title='bbox 1347 2066 1604 2139; x_wconf 88' lang='lat' dir='ltr'>conjugii</span> <span class='ocrx_word' id='word_1_153' title='bbox 1652 2068 1887 2124; x_wconf 90' lang='lat' dir='ltr'>nomine</span> <span class='ocrx_word' id='word_1_154' title='bbox 1936 2069 2112 2142; x_wconf 87' lang='lat' dir='ltr'>depu-</span> 
     </span>
    </p>
   </div>
   <div class='ocr_carea' id='block_1_22' title="bbox 463 2150 2112 2226">
    <p class='ocr_par' dir='ltr' id='par_1_22' title="bbox 463 2150 2112 2226">
     <span class='ocr_line' id='line_1_22' title="bbox 463 2150 2112 2226; baseline 0.004 -20"><span class='ocrx_word' id='word_1_155' title='bbox 463 2151 696 2218; x_wconf 90' lang='lat' dir='ltr'>tandos,</span> <span class='ocrx_word' id='word_1_156' title='bbox 727 2167 878 2224; x_wconf 90' lang='lat' dir='ltr'>quos</span> <span class='ocrx_word' id='word_1_157' title='bbox 921 2150 1097 2208; x_wconf 89' lang='lat' dir='ltr'>etiam</span> <span class='ocrx_word' id='word_1_158' title='bbox 1135 2152 1444 2226; x_wconf 90' lang='lat' dir='ltr'>designare</span> <span class='ocrx_word' id='word_1_159' title='bbox 1497 2155 1792 2212; x_wconf 91' lang='lat' dir='ltr'>funestum</span> <span class='ocrx_word' id='word_1_160' title='bbox 1840 2162 1950 2213; x_wconf 89' lang='lat' dir='ltr'>est.</span> <span class='ocrx_word' id='word_1_161' title='bbox 1985 2180 2013 2207; x_wconf 85' lang='lat'>»</span> <span class='ocrx_word' id='word_1_162' title='bbox 2045 2159 2112 2213; x_wconf 90' lang='lat' dir='ltr'>Et</span> 
     </span>
    </p>
   </div>
   <div class='ocr_carea' id='block_1_23' title="bbox 465 2237 2113 2316">
    <p class='ocr_par' dir='ltr' id='par_1_23' title="bbox 465 2237 2113 2316">
     <span class='ocr_line' id='line_1_23' title="bbox 465 2237 2113 2316; baseline 0.005 -22"><span class='ocrx_word' id='word_1_163' title='bbox 465 2243 599 2312; x_wconf 90' lang='lat' dir='ltr'>post</span> <span class='ocrx_word' id='word_1_164' title='bbox 627 2237 929 2310; x_wconf 88' lang='lat' dir='ltr'>aliquanta</span> <span class='ocrx_word' id='word_1_165' title='bbox 957 2255 969 2294; x_wconf 90' lang='lat'>:</span> <span class='ocrx_word' id='word_1_166' title='bbox 1002 2262 1032 2290; x_wconf 89' lang='lat'><strong>«</strong></span> <span class='ocrx_word' id='word_1_167' title='bbox 1067 2241 1218 2298; x_wconf 89' lang='lat' dir='ltr'>Sane</span> <span class='ocrx_word' id='word_1_168' title='bbox 1265 2242 1482 2314; x_wconf 89' lang='lat' dir='ltr'>quibus</span> <span class='ocrx_word' id='word_1_169' title='bbox 1527 2245 1860 2316; x_wconf 84' lang='lat' dir='ltr'>conjunctio</span> <span class='ocrx_word' id='word_1_170' title='bbox 1907 2245 2113 2302; x_wconf 87' lang='lat' dir='ltr'>illicita</span> 
     </span>
    </p>
   </div>
   <div class='ocr_carea' id='block_1_24' title="bbox 465 2326 2110 2409">
    <p class='ocr_par' dir='ltr' id='par_1_24' title="bbox 465 2326 2110 2409">
     <span class='ocr_line' id='line_1_24' title="bbox 465 2326 2110 2409; baseline 0.005 -27"><span class='ocrx_word' id='word_1_171' title='bbox 465 2326 858 2395; x_wconf 87' lang='lat' dir='ltr'>interdicitur,</span> <span class='ocrx_word' id='word_1_172' title='bbox 891 2327 1192 2385; x_wconf 87' lang='lat' dir='ltr'>habebunt</span> <span class='ocrx_word' id='word_1_173' title='bbox 1239 2329 1479 2386; x_wconf 91' lang='lat' dir='ltr'>ineundi</span> <span class='ocrx_word' id='word_1_174' title='bbox 1539 2331 1798 2390; x_wconf 88' lang='lat' dir='ltr'>melioris</span> <span class='ocrx_word' id='word_1_175' title='bbox 1853 2335 2110 2409; x_wconf 88' lang='lat' dir='ltr'>conjugii</span> 
     </span>
    </p>
   </div>
   <div class='ocr_carea' id='block_1_25' title="bbox 467 2415 890 2474">
    <p class='ocr_par' dir='ltr' id='par_1_25' title="bbox 467 2415 890 2474">
     <span class='ocr_line' id='line_1_25' title="bbox 467 2415 890 2474; baseline 0.002 -2"><span class='ocrx_word' id='word_1_176' title='bbox 467 2415 826 2474; x_wconf 87' lang='lat' dir='ltr'>libertatem.</span> <span class='ocrx_word' id='word_1_177' title='bbox 861 2437 890 2466; x_wconf 89' lang='grc'><strong><em>››</em></strong></span> 
     </span>
    </p>
   </div>
   <div class='ocr_carea' id='block_1_26' title="bbox 945 2542 1640 2603">
    <p class='ocr_par' dir='ltr' id='par_1_26' title="bbox 945 2542 1640 2603">
     <span class='ocr_line' id='line_1_26' title="bbox 945 2542 1640 2603; baseline 0.007 -5"><span class='ocrx_word' id='word_1_178' title='bbox 945 2542 1489 2603; x_wconf 82' lang='lat' dir='ltr'>INTERROGATIO</span> <span class='ocrx_word' id='word_1_179' title='bbox 1527 2547 1640 2602; x_wconf 88' lang='lat' dir='ltr'>XX.</span> 
     </span>
    </p>
   </div>
   <div class='ocr_carea' id='block_1_27' title="bbox 539 2647 2110 2730">
    <p class='ocr_par' dir='ltr' id='par_1_27' title="bbox 539 2647 2110 2730">
     <span class='ocr_line' id='line_1_27' title="bbox 539 2647 2110 2730; baseline 0.005 -27"><span class='ocrx_word' id='word_1_180' title='bbox 539 2647 620 2703; x_wconf 91' lang='lat' dir='ltr'>De</span> <span class='ocrx_word' id='word_1_181' title='bbox 646 2664 714 2704; x_wconf 90' lang='lat' dir='ltr'>eo</span> <span class='ocrx_word' id='word_1_182' title='bbox 741 2664 876 2704; x_wconf 94' lang='lat' dir='ltr'>vero</span> <span class='ocrx_word' id='word_1_183' title='bbox 906 2651 1060 2722; x_wconf 92' lang='lat' dir='ltr'>quod</span> <span class='ocrx_word' id='word_1_184' title='bbox 1092 2651 1440 2724; x_wconf 89' lang='lat' dir='ltr'>requisitum</span> <span class='ocrx_word' id='word_1_185' title='bbox 1472 2658 1583 2720; x_wconf 91' lang='lat' dir='ltr'>est,</span> <span class='ocrx_word' id='word_1_186' title='bbox 1615 2654 1662 2710; x_wconf 90' lang='lat' dir='ltr'>si</span> <span class='ocrx_word' id='word_1_187' title='bbox 1706 2660 1764 2710; x_wconf 90' lang='lat' dir='ltr'>et</span> <span class='ocrx_word' id='word_1_188' title='bbox 1810 2656 1922 2729; x_wconf 86' lang='lat' dir='ltr'>ipsi</span> <span class='ocrx_word' id='word_1_189' title='bbox 1969 2657 2110 2730; x_wconf 88' lang='lat' dir='ltr'>regi,</span> 
     </span>
    </p>
   </div>
   <div class='ocr_carea' id='block_1_28' title="bbox 469 2735 2112 2818">
    <p class='ocr_par' dir='ltr' id='par_1_28' title="bbox 469 2735 2112 2818">
     <span class='ocr_line' id='line_1_28' title="bbox 469 2735 2112 2818; baseline 0.007 -27"><span class='ocrx_word' id='word_1_190' title='bbox 469 2736 626 2792; x_wconf 90' lang='lat' dir='ltr'>unde</span> <span class='ocrx_word' id='word_1_191' title='bbox 650 2735 944 2810; x_wconf 87' lang='lat' dir='ltr'>publicam</span> <span class='ocrx_word' id='word_1_192' title='bbox 959 2739 1360 2812; x_wconf 77' lang='lat' dir='ltr'>paenitentiam</span> <span class='ocrx_word' id='word_1_193' title='bbox 1374 2759 1544 2814; x_wconf 87' lang='lat' dir='ltr'>agere</span> <span class='ocrx_word' id='word_1_194' title='bbox 1564 2743 1790 2806; x_wconf 88' lang='lat' dir='ltr'>debeat.</span> <span class='ocrx_word' id='word_1_195' title='bbox 1802 2750 2112 2818; x_wconf 87' lang='lat' dir='ltr'>postquam</span> 
     </span>
    </p>
   </div>
   <div class='ocr_carea' id='block_1_29' title="bbox 469 2823 2116 2906">
    <p class='ocr_par' dir='ltr' id='par_1_29' title="bbox 469 2823 2116 2906">
     <span class='ocr_line' id='line_1_29' title="bbox 469 2823 2116 2906; baseline 0.007 -27"><span class='ocrx_word' id='word_1_196' title='bbox 469 2823 551 2880; x_wconf 91' lang='lat' dir='ltr'>illi</span> <span class='ocrx_word' id='word_1_197' title='bbox 591 2825 812 2881; x_wconf 80' lang='lat' dir='ltr'>femina</span> <span class='ocrx_word' id='word_1_198' title='bbox 829 2827 1149 2884; x_wconf 90' lang='lat' dir='ltr'>criminosa</span> <span class='ocrx_word' id='word_1_199' title='bbox 1177 2828 1412 2885; x_wconf 89' lang='lat' dir='ltr'>inventa</span> <span class='ocrx_word' id='word_1_200' title='bbox 1442 2831 1849 2898; x_wconf 88' lang='lat' dir='ltr'>fuerit,utrum</span> <span class='ocrx_word' id='word_1_201' title='bbox 1870 2833 1996 2906; x_wconf 92' lang='lat' dir='ltr'>ipse</span> <span class='ocrx_word' id='word_1_202' title='bbox 2017 2852 2116 2891; x_wconf 85' lang='lat' dir='ltr'>rex</span> 
     </span>
    </p>
   </div>
   <div class='ocr_carea' id='block_1_30' title="bbox 473 2913 2113 2996">
    <p class='ocr_par' dir='ltr' id='par_1_30' title="bbox 473 2913 2113 2996">
     <span class='ocr_line' id='line_1_30' title="bbox 473 2913 2113 2996; baseline 0.005 -24"><span class='ocrx_word' id='word_1_203' title='bbox 473 2917 608 2985; x_wconf 87' lang='lat' dir='ltr'>post</span> <span class='ocrx_word' id='word_1_204' title='bbox 638 2913 933 2986; x_wconf 89' lang='lat' dir='ltr'>publicam</span> <span class='ocrx_word' id='word_1_205' title='bbox 981 2917 1384 2988; x_wconf 73' lang='lat' dir='ltr'>pmnitentiam</span> <span class='ocrx_word' id='word_1_206' title='bbox 1433 2921 1743 2995; x_wconf 87' lang='lat' dir='ltr'>conjugem</span> <span class='ocrx_word' id='word_1_207' title='bbox 1791 2922 2113 2996; x_wconf 87' lang='lat' dir='ltr'>legitimam</span> 
     </span>
    </p>
   </div>
   <div class='ocr_carea' id='block_1_31' title="bbox 471 3001 964 3076">
    <p class='ocr_par' dir='ltr' id='par_1_31' title="bbox 471 3001 964 3076">
     <span class='ocr_line' id='line_1_31' title="bbox 471 3001 964 3076; baseline 0.006 -19"><span class='ocrx_word' id='word_1_208' title='bbox 471 3001 656 3075; x_wconf 90' lang='lat' dir='ltr'>possit</span> <span class='ocrx_word' id='word_1_209' title='bbox 685 3003 964 3076; x_wconf 89' lang='lat' dir='ltr'>accipere.</span> 
     </span>
    </p>
   </div>
   <div class='ocr_carea' id='block_1_32' title="bbox 1086 3113 1499 3171">
    <p class='ocr_par' dir='ltr' id='par_1_32' title="bbox 1086 3113 1499 3171">
     <span class='ocr_line' id='line_1_32' title="bbox 1086 3113 1499 3171; baseline 0.002 -2"><span class='ocrx_word' id='word_1_210' title='bbox 1086 3113 1499 3171; x_wconf 85' lang='lat' dir='ltr'>RESPONSIO.</span> 
     </span>
    </p>
   </div>
   <div class='ocr_carea' id='block_1_33' title="bbox 419 3217 2113 3292">
    <p class='ocr_par' dir='ltr' id='par_1_33' title="bbox 419 3217 2113 3292">
     <span class='ocr_line' id='line_1_33' title="bbox 419 3217 2113 3292; baseline 0.006 -21"><span class='ocrx_word' id='word_1_211' title='bbox 419 3277 428 3288; x_wconf 69' lang='grc' dir='ltr'> </span> <span class='ocrx_word' id='word_1_212' title='bbox 541 3217 792 3274; x_wconf 88' lang='lat' dir='ltr'>Sanctus</span> <span class='ocrx_word' id='word_1_213' title='bbox 851 3218 964 3275; x_wconf 91' lang='lat' dir='ltr'>Leo</span> <span class='ocrx_word' id='word_1_214' title='bbox 1012 3235 1163 3292; x_wconf 87' lang='lat' dir='ltr'>papa</span> <span class='ocrx_word' id='word_1_215' title='bbox 1206 3221 1275 3277; x_wconf 90' lang='lat' dir='ltr'>ad</span> <span class='ocrx_word' id='word_1_216' title='bbox 1329 3221 1636 3280; x_wconf 84' lang='lat' dir='ltr'>Rusticum</span> <span class='ocrx_word' id='word_1_217' title='bbox 1679 3225 2113 3282; x_wconf 90' lang='lat' dir='ltr'>Narbonensem</span> 
     </span>
    </p>
   </div>
   <div class='ocr_carea' id='block_1_34' title="bbox 469 3293 2184 3386">
    <p class='ocr_par' dir='ltr' id='par_1_34' title="bbox 469 3293 2184 3386">
     <span class='ocr_line' id='line_1_34' title="bbox 469 3293 2184 3386; baseline 0.007 -27"><span class='ocrx_word' id='word_1_218' title='bbox 469 3305 810 3377; x_wconf 90' lang='lat' dir='ltr'>episcopum</span> <span class='ocrx_word' id='word_1_219' title='bbox 831 3307 1141 3379; x_wconf 89' lang='lat' dir='ltr'>respondet</span> <span class='ocrx_word' id='word_1_220' title='bbox 1159 3308 1360 3365; x_wconf 90' lang='lat' dir='ltr'>dicens</span> <span class='ocrx_word' id='word_1_221' title='bbox 1381 3310 1556 3382; x_wconf 91' lang='lat' dir='ltr'>(epist.</span> <span class='ocrx_word' id='word_1_222' title='bbox 1575 3313 1666 3380; x_wconf 86' lang='grc'>95,</span> <span class='ocrx_word' id='word_1_223' title='bbox 1689 3330 1806 3386; x_wconf 85' lang='lat' dir='ltr'>cap.</span> <span class='ocrx_word' id='word_1_224' title='bbox 1829 3315 1919 3386; x_wconf 88' lang='lat'>25)</span> <span class='ocrx_word' id='word_1_225' title='bbox 1943 3331 1956 3370; x_wconf 89' lang='lat'><strong>:</strong></span> <span class='ocrx_word' id='word_1_226' title='bbox 1983 3338 2010 3364; x_wconf 77' lang='grc' dir='ltr'>α</span> <span class='ocrx_word' id='word_1_227' title='bbox 2046 3315 2108 3370; x_wconf 92' lang='lat' dir='ltr'>ln</span> <span class='ocrx_word' id='word_1_228' title='bbox 2141 3293 2184 3360; x_wconf 61' lang='grc' dir='ltr'>(ἶ</span> 
     </span>
    </p>
   </div>
   <div class='ocr_carea' id='block_1_35' title="bbox 471 3394 2110 3474">
    <p class='ocr_par' dir='ltr' id='par_1_35' title="bbox 471 3394 2110 3474">
     <span class='ocr_line' id='line_1_35' title="bbox 471 3394 2110 3474; baseline 0.005 -22"><span class='ocrx_word' id='word_1_229' title='bbox 471 3394 862 3452; x_wconf 86' lang='lat' dir='ltr'>adolescentia</span> <span class='ocrx_word' id='word_1_230' title='bbox 891 3396 1270 3466; x_wconf 91' lang='lat' dir='ltr'>constitutus,</span> <span class='ocrx_word' id='word_1_231' title='bbox 1304 3399 1354 3456; x_wconf 93' lang='lat' dir='ltr'>si</span> <span class='ocrx_word' id='word_1_232' title='bbox 1377 3406 1622 3474; x_wconf 83' lang='lat' dir='ltr'>urgente</span> <span class='ocrx_word' id='word_1_233' title='bbox 1647 3408 1748 3459; x_wconf 91' lang='lat' dir='ltr'>aut</span> <span class='ocrx_word' id='word_1_234' title='bbox 1777 3409 1934 3461; x_wconf 90' lang='lat' dir='ltr'>metu</span> <span class='ocrx_word' id='word_1_235' title='bbox 1959 3422 2110 3460; x_wconf 92' lang='lat' dir='ltr'>mor-</span> 
     </span>
    </p>
   </div>
   <div class='ocr_carea' id='block_1_36' title="bbox 471 3482 2110 3567">
    <p class='ocr_par' dir='ltr' id='par_1_36' title="bbox 471 3482 2110 3567">
     <span class='ocr_line' id='line_1_36' title="bbox 471 3482 2110 3567; baseline 0.005 -28"><span class='ocrx_word' id='word_1_236' title='bbox 471 3482 570 3552; x_wconf 88' lang='lat' dir='ltr'>tis,</span> <span class='ocrx_word' id='word_1_237' title='bbox 604 3488 709 3540; x_wconf 88' lang='lat' dir='ltr'>aut</span> <span class='ocrx_word' id='word_1_238' title='bbox 737 3485 1094 3557; x_wconf 88' lang='lat' dir='ltr'>captivitatis</span> <span class='ocrx_word' id='word_1_239' title='bbox 1142 3489 1420 3560; x_wconf 88' lang='lat' dir='ltr'>periculo,</span> <span class='ocrx_word' id='word_1_240' title='bbox 1455 3491 1858 3564; x_wconf 68' lang='lat' dir='ltr'>paenitentiam</span> <span class='ocrx_word' id='word_1_241' title='bbox 1906 3493 2110 3567; x_wconf 89' lang='lat' dir='ltr'>gessit,</span> 
     </span>
    </p>
   </div>
   <div class='ocr_carea' id='block_1_37' title="bbox 471 3575 2110 3653">
    <p class='ocr_par' dir='ltr' id='par_1_37' title="bbox 471 3575 2110 3653">
     <span class='ocr_line' id='line_1_37' title="bbox 471 3575 2110 3653; baseline 0.005 -23"><span class='ocrx_word' id='word_1_242' title='bbox 471 3577 530 3630; x_wconf 92' lang='lat' dir='ltr'>et</span> <span class='ocrx_word' id='word_1_243' title='bbox 559 3577 778 3646; x_wconf 87' lang='lat' dir='ltr'>postea,</span> <span class='ocrx_word' id='word_1_244' title='bbox 813 3575 1027 3632; x_wconf 89' lang='lat' dir='ltr'>timens</span> <span class='ocrx_word' id='word_1_245' title='bbox 1072 3575 1304 3650; x_wconf 88' lang='lat' dir='ltr'>lapsum</span> <span class='ocrx_word' id='word_1_246' title='bbox 1347 3579 1778 3636; x_wconf 85' lang='lat' dir='ltr'>incontinentiae</span> <span class='ocrx_word' id='word_1_247' title='bbox 1810 3582 2110 3653; x_wconf 89' lang='lat' dir='ltr'>juvenilis,</span> 
     </span>
    </p>
   </div>
   <div class='ocr_carea' id='block_1_38' title="bbox 472 3662 2112 3739">
    <p class='ocr_par' dir='ltr' id='par_1_38' title="bbox 472 3662 2112 3739">
     <span class='ocr_line' id='line_1_38' title="bbox 472 3662 2112 3739; baseline 0.006 -22"><span class='ocrx_word' id='word_1_248' title='bbox 472 3662 743 3734; x_wconf 90' lang='lat' dir='ltr'>copulam</span> <span class='ocrx_word' id='word_1_249' title='bbox 775 3665 971 3721; x_wconf 80' lang='lat' dir='ltr'>uxoris</span> <span class='ocrx_word' id='word_1_250' title='bbox 1000 3666 1174 3739; x_wconf 88' lang='lat' dir='ltr'>elegit</span> <span class='ocrx_word' id='word_1_251' title='bbox 1203 3685 1274 3724; x_wconf 92' lang='lat' dir='ltr'>ne</span> <span class='ocrx_word' id='word_1_252' title='bbox 1303 3668 1523 3725; x_wconf 89' lang='lat' dir='ltr'>crimen</span> <span class='ocrx_word' id='word_1_253' title='bbox 1574 3669 1976 3728; x_wconf 85' lang='lat' dir='ltr'>fornicationis</span> <span class='ocrx_word' id='word_1_254' title='bbox 2025 3672 2112 3727; x_wconf 92' lang='lat' dir='ltr'>in-</span> 
     </span>
    </p>
   </div>
   <div class='ocr_carea' id='block_1_39' title="bbox 471 3755 2117 3834">
    <p class='ocr_par' dir='ltr' id='par_1_39' title="bbox 471 3755 2117 3834">
     <span class='ocr_line' id='line_1_39' title="bbox 471 3755 2117 3834; baseline 0.007 -27"><span class='ocrx_word' id='word_1_255' title='bbox 471 3756 750 3826; x_wconf 81' lang='lat' dir='ltr'>curreret,</span> <span class='ocrx_word' id='word_1_256' title='bbox 782 3771 904 3810; x_wconf 82' lang='lat' dir='ltr'>rem</span> <span class='ocrx_word' id='word_1_257' title='bbox 944 3755 1174 3812; x_wconf 92' lang='lat' dir='ltr'>videtur</span> <span class='ocrx_word' id='word_1_258' title='bbox 1215 3757 1421 3814; x_wconf 78' lang='lat' dir='ltr'>fecisse</span> <span class='ocrx_word' id='word_1_259' title='bbox 1465 3758 1770 3828; x_wconf 90' lang='lat' dir='ltr'>venialem,</span> <span class='ocrx_word' id='word_1_260' title='bbox 1802 3759 1850 3817; x_wconf 91' lang='lat' dir='ltr'>si</span> <span class='ocrx_word' id='word_1_261' title='bbox 1909 3765 2117 3834; x_wconf 68' lang='lat' dir='ltr'>praeter</span> 
     </span>
    </p>
   </div>
   <div class='ocr_carea' id='block_1_40' title="bbox 471 3843 2114 3922">
    <p class='ocr_par' dir='ltr' id='par_1_40' title="bbox 471 3843 2114 3922">
     <span class='ocr_line' id='line_1_40' title="bbox 471 3843 2114 3922; baseline 0.005 -25"><span class='ocrx_word' id='word_1_262' title='bbox 471 3843 781 3915; x_wconf 86' lang='lat' dir='ltr'>conjugcm</span> <span class='ocrx_word' id='word_1_263' title='bbox 805 3843 1028 3902; x_wconf 92' lang='lat' dir='ltr'>nullam</span> <span class='ocrx_word' id='word_1_264' title='bbox 1050 3846 1290 3902; x_wconf 91' lang='lat' dir='ltr'>omnino</span> <span class='ocrx_word' id='word_1_265' title='bbox 1309 3849 1642 3920; x_wconf 89' lang='lat' dir='ltr'>cognoverit</span> <span class='ocrx_word' id='word_1_266' title='bbox 1665 3867 1679 3904; x_wconf 90' lang='lat'><strong>:</strong></span> <span class='ocrx_word' id='word_1_267' title='bbox 1704 3849 1764 3904; x_wconf 93' lang='lat' dir='ltr'>in</span> <span class='ocrx_word' id='word_1_268' title='bbox 1783 3866 1898 3922; x_wconf 92' lang='lat' dir='ltr'>quo</span> <span class='ocrx_word' id='word_1_269' title='bbox 1917 3855 2114 3906; x_wconf 86' lang='lat' dir='ltr'>tamen</span> 
     </span>
    </p>
   </div>
   <div class='ocr_carea' id='block_1_41' title="bbox 473 3931 2115 4010">
    <p class='ocr_par' dir='ltr' id='par_1_41' title="bbox 473 3931 2115 4010">
     <span class='ocr_line' id='line_1_41' title="bbox 473 3931 2115 4010; baseline 0.005 -24"><span class='ocrx_word' id='word_1_270' title='bbox 473 3948 588 3988; x_wconf 88' lang='lat' dir='ltr'>non</span> <span class='ocrx_word' id='word_1_271' title='bbox 625 3931 887 4004; x_wconf 89' lang='lat' dir='ltr'>regulam</span> <span class='ocrx_word' id='word_1_272' title='bbox 919 3935 1462 4002; x_wconf 85' lang='lat' dir='ltr'>constituimus,sed</span> <span class='ocrx_word' id='word_1_273' title='bbox 1486 3937 1627 4010; x_wconf 90' lang='lat' dir='ltr'>quid</span> <span class='ocrx_word' id='word_1_274' title='bbox 1651 3938 1728 3993; x_wconf 91' lang='lat' dir='ltr'>sit</span> <span class='ocrx_word' id='word_1_275' title='bbox 1753 3937 2115 3996; x_wconf 85' lang='lat' dir='ltr'>tolerabilius</span> 
     </span>
    </p>
   </div>
   <div class='ocr_carea' id='block_1_42' title="bbox 469 4020 2112 4100">
    <p class='ocr_par' dir='ltr' id='par_1_42' title="bbox 469 4020 2112 4100">
     <span class='ocr_line' id='line_1_42' title="bbox 469 4020 2112 4100; baseline 0.006 -26"><span class='ocrx_word' id='word_1_276' title='bbox 469 4020 834 4076; x_wconf 67' lang='lat' dir='ltr'>estimamus</span> <span class='ocrx_word' id='word_1_277' title='bbox 866 4040 878 4076; x_wconf 93' lang='lat'>:</span> <span class='ocrx_word' id='word_1_278' title='bbox 913 4023 1056 4080; x_wconf 89' lang='lat' dir='ltr'>Nam</span> <span class='ocrx_word' id='word_1_279' title='bbox 1089 4027 1415 4081; x_wconf 90' lang='lat' dir='ltr'>secundum</span> <span class='ocrx_word' id='word_1_280' title='bbox 1457 4044 1652 4082; x_wconf 86' lang='lat' dir='ltr'>veram</span> <span class='ocrx_word' id='word_1_281' title='bbox 1700 4028 2112 4100; x_wconf 89' lang='lat' dir='ltr'>cognitionem,</span> 
     </span>
    </p>
   </div>
   <div class='ocr_carea' id='block_1_43' title="bbox 470 4107 2114 4189">
    <p class='ocr_par' dir='ltr' id='par_1_43' title="bbox 470 4107 2114 4189">
     <span class='ocr_line' id='line_1_43' title="bbox 470 4107 2114 4189; baseline 0.006 -27"><span class='ocrx_word' id='word_1_282' title='bbox 470 4107 618 4162; x_wconf 88' lang='lat' dir='ltr'>nihil</span> <span class='ocrx_word' id='word_1_283' title='bbox 648 4110 836 4182; x_wconf 86' lang='lat' dir='ltr'>magis</span> <span class='ocrx_word' id='word_1_284' title='bbox 882 4109 935 4166; x_wconf 91' lang='lat' dir='ltr'>ei</span> <span class='ocrx_word' id='word_1_285' title='bbox 981 4113 1270 4184; x_wconf 87' lang='lat' dir='ltr'>congruit,</span> <span class='ocrx_word' id='word_1_286' title='bbox 1305 4114 1402 4186; x_wconf 90' lang='lat' dir='ltr'>qui</span> <span class='ocrx_word' id='word_1_287' title='bbox 1455 4114 1854 4186; x_wconf 79' lang='lat' dir='ltr'>pmnitentiam</span> <span class='ocrx_word' id='word_1_288' title='bbox 1909 4117 2114 4189; x_wconf 89' lang='lat' dir='ltr'>gessit,</span> 
     </span>
    </p>
   </div>
   <div class='ocr_carea' id='block_1_44' title="bbox 471 4196 2112 4277">
    <p class='ocr_par' dir='ltr' id='par_1_44' title="bbox 471 4196 2112 4277">
     <span class='ocr_line' id='line_1_44' title="bbox 471 4196 2112 4277; baseline 0.006 -27"><span class='ocrx_word' id='word_1_289' title='bbox 471 4211 650 4268; x_wconf 88' lang='lat' dir='ltr'>quam</span> <span class='ocrx_word' id='word_1_290' title='bbox 672 4196 912 4253; x_wconf 89' lang='lat' dir='ltr'>castitas</span> <span class='ocrx_word' id='word_1_291' title='bbox 933 4215 1309 4270; x_wconf 85' lang='lat' dir='ltr'>perseverans</span> <span class='ocrx_word' id='word_1_292' title='bbox 1329 4203 1542 4258; x_wconf 88' lang='lat' dir='ltr'>mentis</span> <span class='ocrx_word' id='word_1_293' title='bbox 1574 4208 1631 4259; x_wconf 92' lang='lat' dir='ltr'>et</span> <span class='ocrx_word' id='word_1_294' title='bbox 1659 4203 1975 4277; x_wconf 82' lang='lat' dir='ltr'>corporis.»</span> <span class='ocrx_word' id='word_1_295' title='bbox 2003 4207 2112 4260; x_wconf 90' lang='lat' dir='ltr'>Sed</span> 
     </span>
    </p>
   </div>
   <div class='ocr_carea' id='block_1_45' title="bbox 472 4284 2115 4365">
    <p class='ocr_par' dir='ltr' id='par_1_45' title="bbox 472 4284 2115 4365">
     <span class='ocr_line' id='line_1_45' title="bbox 472 4284 2115 4365; baseline 0.007 -26"><span class='ocrx_word' id='word_1_296' title='bbox 472 4289 527 4339; x_wconf 88' lang='lat' dir='ltr'>et</span> <span class='ocrx_word' id='word_1_297' title='bbox 547 4284 685 4342; x_wconf 89' lang='lat' dir='ltr'>hinc</span> <span class='ocrx_word' id='word_1_298' title='bbox 705 4284 764 4340; x_wconf 92' lang='lat' dir='ltr'>in</span> <span class='ocrx_word' id='word_1_299' title='bbox 785 4285 1067 4345; x_wconf 91' lang='lat' dir='ltr'>Toletano</span> <span class='ocrx_word' id='word_1_300' title='bbox 1087 4289 1332 4346; x_wconf 90' lang='lat' dir='ltr'>concilio</span> <span class='ocrx_word' id='word_1_301' title='bbox 1349 4291 1471 4360; x_wconf 83' lang='lat' dir='ltr'>(v1),</span> <span class='ocrx_word' id='word_1_302' title='bbox 1490 4291 1677 4365; x_wconf 86' lang='lat' dir='ltr'>capite</span> <span class='ocrx_word' id='word_1_303' title='bbox 1697 4297 1894 4350; x_wconf 91' lang='lat' dir='ltr'>octavo</span> <span class='ocrx_word' id='word_1_304' title='bbox 1919 4295 2115 4350; x_wconf 83' lang='lat' dir='ltr'>:&#39;«An-</span> 
     </span>
    </p>
   </div>
   <div class='ocr_carea' id='block_1_46' title="bbox 472 4371 2116 4454">
    <p class='ocr_par' dir='ltr' id='par_1_46' title="bbox 472 4371 2116 4454">
     <span class='ocr_line' id='line_1_46' title="bbox 472 4371 2116 4454; baseline 0.007 -27"><span class='ocrx_word' id='word_1_305' title='bbox 472 4371 621 4444; x_wconf 86' lang='lat' dir='ltr'>tiqui</span> <span class='ocrx_word' id='word_1_306' title='bbox 645 4376 702 4428; x_wconf 92' lang='lat' dir='ltr'>et</span> <span class='ocrx_word' id='word_1_307' title='bbox 717 4374 1073 4432; x_wconf 89' lang='lat' dir='ltr'>sanctissimi</span> <span class='ocrx_word' id='word_1_308' title='bbox 1087 4382 1176 4432; x_wconf 93' lang='lat' dir='ltr'>est</span> <span class='ocrx_word' id='word_1_309' title='bbox 1198 4378 1381 4450; x_wconf 82' lang='lat' dir='ltr'>patris</span> <span class='ocrx_word' id='word_1_310' title='bbox 1401 4381 1688 4437; x_wconf 85' lang='lat' dir='ltr'>sententia</span> <span class='ocrx_word' id='word_1_311' title='bbox 1710 4399 1870 4454; x_wconf 64' lang='lat' dir='ltr'>papae</span> <span class='ocrx_word' id='word_1_312' title='bbox 1885 4383 2116 4448; x_wconf 89' lang='lat' dir='ltr'>Leonis,</span> 
     </span>
    </p>
   </div>
   <div class='ocr_carea' id='block_1_47' title="bbox 474 4461 2117 4542">
    <p class='ocr_par' dir='ltr' id='par_1_47' title="bbox 474 4461 2117 4542">
     <span class='ocr_line' id='line_1_47' title="bbox 474 4461 2117 4542; baseline 0.008 -26"><span class='ocrx_word' id='word_1_313' title='bbox 474 4465 542 4517; x_wconf 93' lang='lat' dir='ltr'>ut</span> <span class='ocrx_word' id='word_1_314' title='bbox 571 4461 622 4516; x_wconf 91' lang='lat' dir='ltr'>is</span> <span class='ocrx_word' id='word_1_315' title='bbox 651 4461 752 4533; x_wconf 88' lang='lat' dir='ltr'>qui</span> <span class='ocrx_word' id='word_1_316' title='bbox 781 4463 840 4517; x_wconf 93' lang='lat' dir='ltr'>in</span> <span class='ocrx_word' id='word_1_317' title='bbox 871 4467 1037 4520; x_wconf 67' lang='lat' dir='ltr'>(etate</span> <span class='ocrx_word' id='word_1_318' title='bbox 1068 4465 1469 4524; x_wconf 66' lang='lat' dir='ltr'>adolescentia:</span> <span class='ocrx_word' id='word_1_319' title='bbox 1501 4469 1726 4542; x_wconf 91' lang='lat' dir='ltr'>positus</span> <span class='ocrx_word' id='word_1_320' title='bbox 1747 4471 1889 4528; x_wconf 91' lang='lat' dir='ltr'>dum</span> <span class='ocrx_word' id='word_1_321' title='bbox 1913 4471 2117 4529; x_wconf 86' lang='lat' dir='ltr'>mortis</span> 
     </span>
    </p>
   </div>
   <div class='ocr_carea' id='block_1_48' title="bbox 475 4550 2116 4630">
    <p class='ocr_par' dir='ltr' id='par_1_48' title="bbox 475 4550 2116 4630">
     <span class='ocr_line' id='line_1_48' title="bbox 475 4550 2116 4630; baseline 0.007 -24"><span class='ocrx_word' id='word_1_322' title='bbox 475 4550 753 4606; x_wconf 84' lang='lat' dir='ltr'>formidat</span> <span class='ocrx_word' id='word_1_323' title='bbox 788 4567 1013 4620; x_wconf 88' lang='lat' dir='ltr'>casum,</span> <span class='ocrx_word' id='word_1_324' title='bbox 1045 4557 1370 4626; x_wconf 88' lang='lat' dir='ltr'>pervenerit</span> <span class='ocrx_word' id='word_1_325' title='bbox 1417 4558 1486 4614; x_wconf 77' lang='lat' dir='ltr'>ad</span> <span class='ocrx_word' id='word_1_326' title='bbox 1533 4559 1881 4630; x_wconf 72' lang='lat' dir='ltr'>pmnitentite</span> <span class='ocrx_word' id='word_1_327' title='bbox 1932 4578 2116 4618; x_wconf 80' lang='lat' dir='ltr'>reme-</span> 
     </span>
    </p>
   </div>
   <div class='ocr_carea' id='block_1_49' title="bbox 474 4639 2195 4736">
    <p class='ocr_par' dir='ltr' id='par_1_49' title="bbox 474 4639 2195 4736">
     <span class='ocr_line' id='line_1_49' title="bbox 474 4639 2195 4736; baseline 0.007 -43"><span class='ocrx_word' id='word_1_328' title='bbox 474 4639 724 4736; x_wconf 77' lang='lat' dir='ltr'>dium,si</span> <span class='ocrx_word' id='word_1_329' title='bbox 749 4640 1106 4736; x_wconf 45' lang='lat' dir='ltr'>coniugatus</span> <span class='ocrx_word' id='word_1_330' title='bbox 1137 4643 1279 4736; x_wconf 81' lang='lat' dir='ltr'>forte</span> <span class='ocrx_word' id='word_1_331' title='bbox 1305 4645 1888 4736; x_wconf 90' lang='lat' dir='ltr'>fueritincontinens,</span> <span class='ocrx_word' id='word_1_332' title='bbox 1921 4667 1993 4706; x_wconf 94' lang='lat' dir='ltr'>ne</span> <span class='ocrx_word' id='word_1_333' title='bbox 2023 4667 2120 4722; x_wconf 88' lang='lat' dir='ltr'>po-</span> <span class='ocrx_word' id='word_1_334' title='bbox 2147 4671 2195 4736; x_wconf 71' lang='grc' dir='ltr'><strong>Β</strong></span> 
     </span>
    </p>
   </div>
   <div class='ocr_carea' id='block_1_50' title="bbox 474 4727 2113 4809">
    <p class='ocr_par' dir='ltr' id='par_1_50' title="bbox 474 4727 2113 4809">
     <span class='ocr_line' id='line_1_50' title="bbox 474 4727 2113 4809; baseline 0.007 -26"><span class='ocrx_word' id='word_1_335' title='bbox 474 4733 601 4784; x_wconf 87' lang='lat' dir='ltr'>stea</span> <span class='ocrx_word' id='word_1_336' title='bbox 628 4727 900 4784; x_wconf 88' lang='lat' dir='ltr'>adulterii</span> <span class='ocrx_word' id='word_1_337' title='bbox 921 4729 1184 4787; x_wconf 85' lang='lat' dir='ltr'>incurrat</span> <span class='ocrx_word' id='word_1_338' title='bbox 1211 4731 1669 4804; x_wconf 83' lang='lat' dir='ltr'>lapsum,rcdeat</span> <span class='ocrx_word' id='word_1_339' title='bbox 1697 4737 1769 4792; x_wconf 90' lang='lat' dir='ltr'>ad</span> <span class='ocrx_word' id='word_1_340' title='bbox 1799 4737 2113 4809; x_wconf 89' lang='lat' dir='ltr'>pristinum</span> 
     </span>
    </p>
   </div>
   <div class='ocr_carea' id='block_1_51' title="bbox 473 4817 2120 4898">
    <p class='ocr_par' dir='ltr' id='par_1_51' title="bbox 473 4817 2120 4898">
     <span class='ocr_line' id='line_1_51' title="bbox 473 4817 2120 4898; baseline 0.005 -25"><span class='ocrx_word' id='word_1_341' title='bbox 473 4817 1159 4892; x_wconf 84' lang='lat' dir='ltr'>conjugium,quousque</span> <span class='ocrx_word' id='word_1_342' title='bbox 1191 4821 1542 4892; x_wconf 58' lang='lat' dir='ltr'>possit!!!”</span> <span class='ocrx_word' id='word_1_343' title='bbox 1571 4823 1816 4895; x_wconf 86' lang='lat' dir='ltr'>adipisci</span> <span class='ocrx_word' id='word_1_344' title='bbox 1841 4826 2120 4898; x_wconf 89' lang='lat' dir='ltr'>temporis</span> 
     </span>
    </p>
   </div>
   <div class='ocr_carea' id='block_1_52' title="bbox 475 4906 2119 4978">
    <p class='ocr_par' dir='ltr' id='par_1_52' title="bbox 475 4906 2119 4978">
     <span class='ocr_line' id='line_1_52' title="bbox 475 4906 2119 4978; baseline 0.005 -16"><span class='ocrx_word' id='word_1_345' title='bbox 475 4906 812 4966; x_wconf 85' lang='lat' dir='ltr'>maturitate</span> <span class='ocrx_word' id='word_1_346' title='bbox 838 4907 1206 4964; x_wconf 74' lang='lat' dir='ltr'>continentias</span> <span class='ocrx_word' id='word_1_347' title='bbox 1237 4913 1478 4966; x_wconf 90' lang='lat' dir='ltr'>statum.</span> <span class='ocrx_word' id='word_1_348' title='bbox 1513 4914 1668 4978; x_wconf 92' lang='lat' dir='ltr'>Quos</span> <span class='ocrx_word' id='word_1_349' title='bbox 1708 4929 1814 4969; x_wconf 91' lang='lat' dir='ltr'>nos</span> <span class='ocrx_word' id='word_1_350' title='bbox 1863 4912 2016 4970; x_wconf 87' lang='lat' dir='ltr'>sicut</span> <span class='ocrx_word' id='word_1_351' title='bbox 2048 4915 2119 4970; x_wconf 90' lang='lat' dir='ltr'>de</span> 
     </span>
    </p>
   </div>
   <div class='ocr_carea' id='block_1_53' title="bbox 472 4994 2118 5072">
    <p class='ocr_par' dir='ltr' id='par_1_53' title="bbox 472 4994 2118 5072">
     <span class='ocr_line' id='line_1_53' title="bbox 472 4994 2118 5072; baseline 0.006 -23"><span class='ocrx_word' id='word_1_352' title='bbox 472 4994 635 5063; x_wconf 76' lang='lat' dir='ltr'>viris,</span> <span class='ocrx_word' id='word_1_353' title='bbox 667 4995 748 5052; x_wconf 86' lang='lat' dir='ltr'>ita</span> <span class='ocrx_word' id='word_1_354' title='bbox 776 5000 834 5052; x_wconf 90' lang='lat' dir='ltr'>et</span> <span class='ocrx_word' id='word_1_355' title='bbox 861 4997 932 5052; x_wconf 93' lang='lat' dir='ltr'>de</span> <span class='ocrx_word' id='word_1_356' title='bbox 961 4997 1196 5055; x_wconf 82' lang='lat' dir='ltr'>feminis</span> <span class='ocrx_word' id='word_1_357' title='bbox 1225 5016 1391 5072; x_wconf 65' lang='lat' dir='ltr'>(equo</span> <span class='ocrx_word' id='word_1_358' title='bbox 1423 5000 1594 5056; x_wconf 91' lang='lat' dir='ltr'>modo</span> <span class='ocrx_word' id='word_1_359' title='bbox 1641 5018 1970 5069; x_wconf 88' lang='lat' dir='ltr'>censemus,</span> <span class='ocrx_word' id='word_1_360' title='bbox 2003 5019 2118 5059; x_wconf 91' lang='lat' dir='ltr'>non</span> 
     </span>
    </p>
   </div>
   <div class='ocr_carea' id='block_1_54' title="bbox 473 5083 2117 5163">
    <p class='ocr_par' dir='ltr' id='par_1_54' title="bbox 473 5083 2117 5163">
     <span class='ocr_line' id='line_1_54' title="bbox 473 5083 2117 5163; baseline 0.006 -25"><span class='ocrx_word' id='word_1_361' title='bbox 473 5083 712 5155; x_wconf 91' lang='lat' dir='ltr'>quidem</span> <span class='ocrx_word' id='word_1_362' title='bbox 743 5085 852 5142; x_wconf 89' lang='lat' dir='ltr'>hoc</span> <span class='ocrx_word' id='word_1_363' title='bbox 881 5085 1233 5158; x_wconf 90' lang='lat' dir='ltr'>generaliter</span> <span class='ocrx_word' id='word_1_364' title='bbox 1261 5091 1319 5144; x_wconf 92' lang='lat' dir='ltr'>et</span> <span class='ocrx_word' id='word_1_365' title='bbox 1345 5087 1604 5161; x_wconf 89' lang='lat' dir='ltr'>legitime</span> <span class='ocrx_word' id='word_1_366' title='bbox 1633 5094 2117 5163; x_wconf 64' lang='lat' dir='ltr'>praeceptum,sed</span> 
     </span>
    </p>
   </div>
   <div class='ocr_carea' id='block_1_55' title="bbox 475 5174 2122 5251">
    <p class='ocr_par' dir='ltr' id='par_1_55' title="bbox 475 5174 2122 5251">
     <span class='ocr_line' id='line_1_55' title="bbox 475 5174 2122 5251; baseline 0.007 -25"><span class='ocrx_word' id='word_1_367' title='bbox 475 5177 704 5229; x_wconf 89' lang='lat' dir='ltr'>constat</span> <span class='ocrx_word' id='word_1_368' title='bbox 723 5192 758 5229; x_wconf 88' lang='lat' dir='ltr'>a</span> <span class='ocrx_word' id='word_1_369' title='bbox 779 5174 948 5232; x_wconf 91' lang='lat' dir='ltr'>nobis</span> <span class='ocrx_word' id='word_1_370' title='bbox 969 5193 1072 5248; x_wconf 93' lang='lat' dir='ltr'>pro</span> <span class='ocrx_word' id='word_1_371' title='bbox 1092 5177 1678 5251; x_wconf 88' lang='lat' dir='ltr'>humanafragilitate</span> <span class='ocrx_word' id='word_1_372' title='bbox 1699 5178 1992 5236; x_wconf 91' lang='lat' dir='ltr'>indultum</span> <span class='ocrx_word' id='word_1_373' title='bbox 2017 5197 2029 5236; x_wconf 92' lang='lat'><strong>:</strong></span> <span class='ocrx_word' id='word_1_374' title='bbox 2053 5198 2122 5238; x_wconf 89' lang='lat' dir='ltr'>ea</span> 
     </span>
    </p>
   </div>
   <div class='ocr_carea' id='block_1_56' title="bbox 475 5261 2122 5340">
    <p class='ocr_par' dir='ltr' id='par_1_56' title="bbox 475 5261 2122 5340">
     <span class='ocr_line' id='line_1_56' title="bbox 475 5261 2122 5340; baseline 0.007 -25"><span class='ocrx_word' id='word_1_375' title='bbox 475 5261 757 5319; x_wconf 80' lang='lat' dir='ltr'>duntaxat</span> <span class='ocrx_word' id='word_1_376' title='bbox 787 5263 1031 5332; x_wconf 87' lang='lat' dir='ltr'>ratione,</span> <span class='ocrx_word' id='word_1_377' title='bbox 1064 5271 1129 5322; x_wconf 86' lang='lat' dir='ltr'>ut</span> <span class='ocrx_word' id='word_1_378' title='bbox 1159 5265 1209 5323; x_wconf 89' lang='lat' dir='ltr'>si</span> <span class='ocrx_word' id='word_1_379' title='bbox 1241 5266 1292 5324; x_wconf 89' lang='lat' dir='ltr'>is</span> <span class='ocrx_word' id='word_1_380' title='bbox 1327 5268 1426 5340; x_wconf 89' lang='lat' dir='ltr'>qui</span> <span class='ocrx_word' id='word_1_381' title='bbox 1477 5269 1829 5340; x_wconf 65' lang='lat' dir='ltr'>paenitentiae</span> <span class='ocrx_word' id='word_1_382' title='bbox 1879 5287 1993 5326; x_wconf 90' lang='lat' dir='ltr'>non</span> <span class='ocrx_word' id='word_1_383' title='bbox 2033 5275 2122 5328; x_wconf 89' lang='lat' dir='ltr'>est</span> 
     </span>
    </p>
   </div>
   <div class='ocr_carea' id='block_1_57' title="bbox 477 5347 2116 5431">
    <p class='ocr_par' dir='ltr' id='par_1_57' title="bbox 477 5347 2116 5431">
     <span class='ocr_line' id='line_1_57' title="bbox 477 5347 2116 5431; baseline 0.009 -30"><span class='ocrx_word' id='word_1_384' title='bbox 477 5347 703 5420; x_wconf 76' lang='lat' dir='ltr'>legibus</span> <span class='ocrx_word' id='word_1_385' title='bbox 735 5352 987 5421; x_wconf 89' lang='lat' dir='ltr'>deditus,</span> <span class='ocrx_word' id='word_1_386' title='bbox 1019 5359 1153 5412; x_wconf 88' lang='lat' dir='ltr'>ante</span> <span class='ocrx_word' id='word_1_387' title='bbox 1182 5357 1254 5412; x_wconf 91' lang='lat' dir='ltr'>ab</span> <span class='ocrx_word' id='word_1_388' title='bbox 1284 5357 1392 5413; x_wconf 87' lang='lat' dir='ltr'>hac</span> <span class='ocrx_word' id='word_1_389' title='bbox 1424 5357 1540 5414; x_wconf 89' lang='lat' dir='ltr'>vita</span> <span class='ocrx_word' id='word_1_390' title='bbox 1570 5358 2116 5431; x_wconf 82' lang='lat' dir='ltr'>discesserit,quam</span> 
     </span>
    </p>
   </div>
   <div class='ocr_carea' id='block_1_58' title="bbox 477 5445 2120 5504">
    <p class='ocr_par' dir='ltr' id='par_1_58' title="bbox 477 5445 2120 5504">
     <span class='ocr_line' id='line_1_58' title="bbox 477 5445 2120 5504; baseline 0.007 -12"><span class='ocrx_word' id='word_1_391' title='bbox 477 5454 544 5492; x_wconf 88' lang='lat' dir='ltr'>ex</span> <span class='ocrx_word' id='word_1_392' title='bbox 589 5455 875 5498; x_wconf 90' lang='lat' dir='ltr'>consensu</span> <span class='ocrx_word' id='word_1_393' title='bbox 923 5445 994 5499; x_wconf 92' lang='lat' dir='ltr'>ad</span> <span class='ocrx_word' id='word_1_394' title='bbox 1039 5445 1457 5503; x_wconf 86' lang='lat' dir='ltr'>continentiam</span> <span class='ocrx_word' id='word_1_395' title='bbox 1505 5465 1705 5504; x_wconf 90' lang='lat' dir='ltr'>eorum</span> <span class='ocrx_word' id='word_1_396' title='bbox 1757 5449 1912 5503; x_wconf 92' lang='lat' dir='ltr'>unde</span> <span class='ocrx_word' id='word_1_397' title='bbox 1946 5447 2120 5504; x_wconf 88' lang='lat' dir='ltr'>fuerit</span> 
     </span>
    </p>
   </div>
   <div class='ocr_carea' id='block_1_59' title="bbox 478 5535 2116 5603">
    <p class='ocr_par' dir='ltr' id='par_1_59' title="bbox 478 5535 2116 5603">
     <span class='ocr_line' id='line_1_59' title="bbox 478 5535 2116 5603; baseline 0.009 -23"><span class='ocrx_word' id='word_1_398' title='bbox 478 5543 797 5599; x_wconf 83' lang='lat' dir='ltr'>regressus,</span> <span class='ocrx_word' id='word_1_399' title='bbox 823 5535 1118 5603; x_wconf 84' lang='lat' dir='ltr'>superstiti</span> <span class='ocrx_word' id='word_1_400' title='bbox 1155 5553 1269 5591; x_wconf 89' lang='lat' dir='ltr'>non</span> <span class='ocrx_word' id='word_1_401' title='bbox 1303 5536 1474 5593; x_wconf 84' lang='lat' dir='ltr'>liccat</span> <span class='ocrx_word' id='word_1_402' title='bbox 1519 5538 1712 5594; x_wconf 91' lang='lat' dir='ltr'>denuo</span> <span class='ocrx_word' id='word_1_403' title='bbox 1761 5539 1832 5593; x_wconf 86' lang='lat' dir='ltr'>ad</span> <span class='ocrx_word' id='word_1_404' title='bbox 1885 5539 2116 5594; x_wconf 80' lang='lat' dir='ltr'>uxorios</span> 
     </span>
    </p>
   </div>
   <div class='ocr_carea' id='block_1_60' title="bbox 479 5615 2114 5691">
    <p class='ocr_par' dir='ltr' id='par_1_60' title="bbox 479 5615 2114 5691">
     <span class='ocr_line' id='line_1_60' title="bbox 479 5615 2114 5691; baseline 0.008 -19"><span class='ocrx_word' id='word_1_405' title='bbox 479 5615 728 5678; x_wconf 84' lang='lat' dir='ltr'>transire</span> <span class='ocrx_word' id='word_1_406' title='bbox 749 5619 1071 5691; x_wconf 84' lang='lat' dir='ltr'>amplexus.</span> <span class='ocrx_word' id='word_1_407' title='bbox 1087 5623 1146 5680; x_wconf 91' lang='lat' dir='ltr'>Si</span> <span class='ocrx_word' id='word_1_408' title='bbox 1167 5629 1365 5681; x_wconf 88' lang='lat' dir='ltr'>autem</span> <span class='ocrx_word' id='word_1_409' title='bbox 1390 5624 1546 5680; x_wconf 90' lang='lat' dir='ltr'>illius</span> <span class='ocrx_word' id='word_1_410' title='bbox 1569 5627 1683 5683; x_wconf 87' lang='lat' dir='ltr'>vita</span> <span class='ocrx_word' id='word_1_411' title='bbox 1703 5627 1989 5682; x_wconf 76' lang='lat' dir='ltr'>exstiterit</span> <span class='ocrx_word' id='word_1_412' title='bbox 2017 5647 2114 5684; x_wconf 90' lang='lat' dir='ltr'>su-</span> 
     </span>
    </p>
   </div>
   <div class='ocr_carea' id='block_1_61' title="bbox 479 5707 2114 5787">
    <p class='ocr_par' dir='ltr' id='par_1_61' title="bbox 479 5707 2114 5787">
     <span class='ocr_line' id='line_1_61' title="bbox 479 5707 2114 5787; baseline 0.009 -27"><span class='ocrx_word' id='word_1_413' title='bbox 479 5709 723 5778; x_wconf 88' lang='lat' dir='ltr'>perstes,</span> <span class='ocrx_word' id='word_1_414' title='bbox 739 5707 837 5779; x_wconf 90' lang='lat' dir='ltr'>qui</span> <span class='ocrx_word' id='word_1_415' title='bbox 867 5725 982 5765; x_wconf 90' lang='lat' dir='ltr'>non</span> <span class='ocrx_word' id='word_1_416' title='bbox 1007 5712 1228 5785; x_wconf 88' lang='lat' dir='ltr'>accepit</span> <span class='ocrx_word' id='word_1_417' title='bbox 1265 5714 1727 5770; x_wconf 87' lang='lat' dir='ltr'>benedictionem</span> <span class='ocrx_word' id='word_1_418' title='bbox 1759 5716 2114 5787; x_wconf 77' lang='lat' dir='ltr'>pmnitentis,</span> 
     </span>
    </p>
   </div>
   <div class='ocr_carea' id='block_1_62' title="bbox 2217 641 3844 716">
    <p class='ocr_par' dir='ltr' id='par_1_62' title="bbox 2217 641 3844 716">
     <span class='ocr_line' id='line_1_62' title="bbox 2217 641 3844 716; baseline 0 -18"><span class='ocrx_word' id='word_1_419' title='bbox 2217 641 2395 698; x_wconf 90' lang='lat' dir='ltr'>sortio</span> <span class='ocrx_word' id='word_1_420' title='bbox 2426 641 2653 698; x_wconf 81' lang='lat' dir='ltr'>fruatur</span> <span class='ocrx_word' id='word_1_421' title='bbox 2683 641 2900 699; x_wconf 88' lang='lat' dir='ltr'>uxoris.</span> <span class='ocrx_word' id='word_1_422' title='bbox 2935 641 3096 708; x_wconf 87' lang='lat' dir='ltr'>Quod</span> <span class='ocrx_word' id='word_1_423' title='bbox 3138 641 3210 697; x_wconf 90' lang='lat' dir='ltr'>de</span> <span class='ocrx_word' id='word_1_424' title='bbox 3260 645 3511 714; x_wconf 90' lang='lat' dir='ltr'>utroque</span> <span class='ocrx_word' id='word_1_425' title='bbox 3559 658 3694 698; x_wconf 82' lang='lat' dir='ltr'>sexu</span> <span class='ocrx_word' id='word_1_426' title='bbox 3731 644 3844 716; x_wconf 90' lang='lat' dir='ltr'>pari</span> 
     </span>
    </p>
   </div>
   <div class='ocr_carea' id='block_1_63' title="bbox 2217 728 3846 798">
    <p class='ocr_par' dir='ltr' id='par_1_63' title="bbox 2217 728 3846 798">
     <span class='ocr_line' id='line_1_63' title="bbox 2217 728 3846 798; baseline 0.002 -14"><span class='ocrx_word' id='word_1_427' title='bbox 2217 731 2390 786; x_wconf 91' lang='lat' dir='ltr'>modo</span> <span class='ocrx_word' id='word_1_428' title='bbox 2419 748 2454 786; x_wconf 91' lang='lat' dir='ltr'>a</span> <span class='ocrx_word' id='word_1_429' title='bbox 2483 728 2651 786; x_wconf 92' lang='lat' dir='ltr'>nobis</span> <span class='ocrx_word' id='word_1_430' title='bbox 2683 730 3061 785; x_wconf 87' lang='lat' dir='ltr'>manifestum</span> <span class='ocrx_word' id='word_1_431' title='bbox 3091 733 3182 786; x_wconf 90' lang='lat' dir='ltr'>est</span> <span class='ocrx_word' id='word_1_432' title='bbox 3211 729 3563 798; x_wconf 88' lang='lat' dir='ltr'>decrevisse,</span> <span class='ocrx_word' id='word_1_433' title='bbox 3591 728 3670 786; x_wconf 83' lang='lat' dir='ltr'>ita</span> <span class='ocrx_word' id='word_1_434' title='bbox 3703 729 3846 787; x_wconf 86' lang='lat' dir='ltr'>vide-</span> 
     </span>
    </p>
   </div>
   <div class='ocr_carea' id='block_1_64' title="bbox 2215 817 3849 892">
    <p class='ocr_par' dir='ltr' id='par_1_64' title="bbox 2215 817 3849 892">
     <span class='ocr_line' id='line_1_64' title="bbox 2215 817 3849 892; baseline 0.002 -20"><span class='ocrx_word' id='word_1_435' title='bbox 2215 817 2372 886; x_wconf 91' lang='lat' dir='ltr'>licet,</span> <span class='ocrx_word' id='word_1_436' title='bbox 2396 823 2462 875; x_wconf 92' lang='lat' dir='ltr'>ut</span> <span class='ocrx_word' id='word_1_437' title='bbox 2489 818 2548 874; x_wconf 93' lang='lat' dir='ltr'>in</span> <span class='ocrx_word' id='word_1_438' title='bbox 2581 818 2674 874; x_wconf 91' lang='lat' dir='ltr'>his</span> <span class='ocrx_word' id='word_1_439' title='bbox 2704 818 2982 876; x_wconf 91' lang='lat' dir='ltr'>omnibus</span> <span class='ocrx_word' id='word_1_440' title='bbox 3011 818 3328 876; x_wconf 87' lang='lat' dir='ltr'>sacerdotis</span> <span class='ocrx_word' id='word_1_441' title='bbox 3348 817 3641 875; x_wconf 90' lang='lat' dir='ltr'>ordinatio</span> <span class='ocrx_word' id='word_1_442' title='bbox 3663 836 3849 892; x_wconf 82' lang='lat' dir='ltr'>exspe-</span> 
     </span>
    </p>
   </div>
   <div class='ocr_carea' id='block_1_65' title="bbox 2215 907 3845 980">
    <p class='ocr_par' dir='ltr' id='par_1_65' title="bbox 2215 907 3845 980">
     <span class='ocr_line' id='line_1_65' title="bbox 2215 907 3845 980; baseline 0 -18"><span class='ocrx_word' id='word_1_443' title='bbox 2215 910 2423 975; x_wconf 88' lang='lat' dir='ltr'>ctetur,</span> <span class='ocrx_word' id='word_1_444' title='bbox 2458 912 2523 962; x_wconf 92' lang='lat' dir='ltr'>ut</span> <span class='ocrx_word' id='word_1_445' title='bbox 2544 908 2716 979; x_wconf 84' lang='lat' dir='ltr'>juxta</span> <span class='ocrx_word' id='word_1_446' title='bbox 2762 908 2918 980; x_wconf 91' lang='lat' dir='ltr'>quod</span> <span class='ocrx_word' id='word_1_447' title='bbox 2972 911 3202 964; x_wconf 67' lang='lat' dir='ltr'>aetatem</span> <span class='ocrx_word' id='word_1_448' title='bbox 3249 911 3449 980; x_wconf 89' lang='lat' dir='ltr'>aptam</span> <span class='ocrx_word' id='word_1_449' title='bbox 3483 907 3845 980; x_wconf 83' lang='lat' dir='ltr'>prospexerit,</span> 
     </span>
    </p>
   </div>
   <div class='ocr_carea' id='block_1_66' title="bbox 2216 995 3844 1054">
    <p class='ocr_par' dir='ltr' id='par_1_66' title="bbox 2216 995 3844 1054">
     <span class='ocr_line' id='line_1_66' title="bbox 2216 995 3844 1054; baseline 0 -2"><span class='ocrx_word' id='word_1_450' title='bbox 2216 995 2584 1054; x_wconf 64' lang='lat' dir='ltr'>continentiae</span> <span class='ocrx_word' id='word_1_451' title='bbox 2632 995 3017 1054; x_wconf 89' lang='lat' dir='ltr'>absolutionis</span> <span class='ocrx_word' id='word_1_452' title='bbox 3065 995 3151 1053; x_wconf 89' lang='lat' dir='ltr'>vel</span> <span class='ocrx_word' id='word_1_453' title='bbox 3201 995 3589 1054; x_wconf 89' lang='lat' dir='ltr'>districtionis</span> <span class='ocrx_word' id='word_1_454' title='bbox 3638 995 3844 1052; x_wconf 87' lang='lat' dir='ltr'>tribuat</span> 
     </span>
    </p>
   </div>
   <div class='ocr_carea' id='block_1_67' title="bbox 2217 1083 2487 1159">
    <p class='ocr_par' dir='ltr' id='par_1_67' title="bbox 2217 1083 2487 1159">
     <span class='ocr_line' id='line_1_67' title="bbox 2217 1083 2487 1159; baseline -0.019 -19"><span class='ocrx_word' id='word_1_455' title='bbox 2217 1083 2426 1159; x_wconf 88' lang='lat' dir='ltr'>legem.</span> <span class='ocrx_word' id='word_1_456' title='bbox 2458 1107 2487 1137; x_wconf 82' lang='grc'>››</span> 
     </span>
    </p>
   </div>
   <div class='ocr_carea' id='block_1_68' title="bbox 2679 1191 3399 1249">
    <p class='ocr_par' dir='ltr' id='par_1_68' title="bbox 2679 1191 3399 1249">
     <span class='ocr_line' id='line_1_68' title="bbox 2679 1191 3399 1249; baseline -0.003 -1"><span class='ocrx_word' id='word_1_457' title='bbox 2679 1191 3220 1249; x_wconf 79' lang='lat' dir='ltr'>INTERROGATIO</span> <span class='ocrx_word' id='word_1_458' title='bbox 3257 1191 3399 1247; x_wconf 86' lang='lat' dir='ltr'>XXI.</span> 
     </span>
    </p>
   </div>
   <div class='ocr_carea' id='block_1_69' title="bbox 2288 1298 3846 1372">
    <p class='ocr_par' dir='ltr' id='par_1_69' title="bbox 2288 1298 3846 1372">
     <span class='ocr_line' id='line_1_69' title="bbox 2288 1298 3846 1372; baseline -0.001 -17"><span class='ocrx_word' id='word_1_459' title='bbox 2288 1299 2369 1355; x_wconf 92' lang='lat' dir='ltr'>De</span> <span class='ocrx_word' id='word_1_460' title='bbox 2399 1299 2507 1355; x_wconf 92' lang='lat' dir='ltr'>hoc</span> <span class='ocrx_word' id='word_1_461' title='bbox 2535 1299 2712 1354; x_wconf 90' lang='lat' dir='ltr'>etiam</span> <span class='ocrx_word' id='word_1_462' title='bbox 2743 1299 2898 1372; x_wconf 93' lang='lat' dir='ltr'>quod</span> <span class='ocrx_word' id='word_1_463' title='bbox 2932 1298 2989 1354; x_wconf 92' lang='lat' dir='ltr'>in</span> <span class='ocrx_word' id='word_1_464' title='bbox 3022 1298 3414 1371; x_wconf 66' lang='lat' dir='ltr'>quaastionum</span> <span class='ocrx_word' id='word_1_465' title='bbox 3456 1298 3573 1354; x_wconf 88' lang='lat' dir='ltr'>fine</span> <span class='ocrx_word' id='word_1_466' title='bbox 3619 1298 3846 1371; x_wconf 85' lang='lat' dir='ltr'>subjun-</span> 
     </span>
    </p>
   </div>
   <div class='ocr_carea' id='block_1_70' title="bbox 2216 1387 3856 1461">
    <p class='ocr_par' dir='ltr' id='par_1_70' title="bbox 2216 1387 3856 1461">
     <span class='ocr_line' id='line_1_70' title="bbox 2216 1387 3856 1461; baseline -0.001 -17"><span class='ocrx_word' id='word_1_467' title='bbox 2216 1391 2374 1444; x_wconf 88' lang='lat' dir='ltr'>ctum</span> <span class='ocrx_word' id='word_1_468' title='bbox 2395 1392 2504 1456; x_wconf 91' lang='lat' dir='ltr'>est,</span> <span class='ocrx_word' id='word_1_469' title='bbox 2529 1388 2886 1456; x_wconf 84' lang='lat' dir='ltr'>remandate,</span> <span class='ocrx_word' id='word_1_470' title='bbox 2910 1388 2959 1443; x_wconf 90' lang='lat' dir='ltr'>si</span> <span class='ocrx_word' id='word_1_471' title='bbox 2981 1393 3040 1444; x_wconf 91' lang='lat' dir='ltr'>et</span> <span class='ocrx_word' id='word_1_472' title='bbox 3060 1388 3330 1461; x_wconf 83' lang='lat' dir='ltr'>saepefata</span> <span class='ocrx_word' id='word_1_473' title='bbox 3351 1387 3574 1444; x_wconf 82' lang='lat' dir='ltr'>femina</span> <span class='ocrx_word' id='word_1_474' title='bbox 3606 1387 3856 1461; x_wconf 76' lang='lat' dir='ltr'>legaliter</span> 
     </span>
    </p>
   </div>
   <div class='ocr_carea' id='block_1_71' title="bbox 2216 1475 3842 1550">
    <p class='ocr_par' dir='ltr' id='par_1_71' title="bbox 2216 1475 3842 1550">
     <span class='ocr_line' id='line_1_71' title="bbox 2216 1475 3842 1550; baseline -0.001 -18"><span class='ocrx_word' id='word_1_475' title='bbox 2216 1477 2433 1545; x_wconf 84' lang='lat' dir='ltr'>rejecta</span> <span class='ocrx_word' id='word_1_476' title='bbox 2463 1477 2655 1546; x_wconf 91' lang='lat' dir='ltr'>fuerit,</span> <span class='ocrx_word' id='word_1_477' title='bbox 2688 1481 2746 1533; x_wconf 91' lang='lat' dir='ltr'>et</span> <span class='ocrx_word' id='word_1_478' title='bbox 2773 1475 2898 1550; x_wconf 91' lang='lat' dir='ltr'>ipse</span> <span class='ocrx_word' id='word_1_479' title='bbox 2929 1493 3046 1546; x_wconf 85' lang='lat' dir='ltr'>rex,</span> <span class='ocrx_word' id='word_1_480' title='bbox 3062 1481 3192 1548; x_wconf 85' lang='lat' dir='ltr'>post</span> <span class='ocrx_word' id='word_1_481' title='bbox 3209 1475 3618 1549; x_wconf 66' lang='lat' dir='ltr'>paenitentiam</span> <span class='ocrx_word' id='word_1_482' title='bbox 3648 1480 3842 1541; x_wconf 88' lang='lat' dir='ltr'>actam,</span> 
     </span>
    </p>
   </div>
   <div class='ocr_carea' id='block_1_72' title="bbox 2217 1564 3848 1638">
    <p class='ocr_par' dir='ltr' id='par_1_72' title="bbox 2217 1564 3848 1638">
     <span class='ocr_line' id='line_1_72' title="bbox 2217 1564 3848 1638; baseline 0 -18"><span class='ocrx_word' id='word_1_483' title='bbox 2217 1565 2267 1620; x_wconf 89' lang='lat' dir='ltr'>si</span> <span class='ocrx_word' id='word_1_484' title='bbox 2298 1564 2543 1621; x_wconf 90' lang='lat' dir='ltr'>voluerit</span> <span class='ocrx_word' id='word_1_485' title='bbox 2573 1565 2960 1622; x_wconf 88' lang='lat' dir='ltr'>concubinam</span> <span class='ocrx_word' id='word_1_486' title='bbox 2993 1582 3170 1638; x_wconf 88' lang='lat' dir='ltr'>quam</span> <span class='ocrx_word' id='word_1_487' title='bbox 3210 1565 3440 1633; x_wconf 87' lang='lat' dir='ltr'>habuit,</span> <span class='ocrx_word' id='word_1_488' title='bbox 3471 1569 3532 1620; x_wconf 90' lang='lat' dir='ltr'>et</span> <span class='ocrx_word' id='word_1_489' title='bbox 3581 1581 3712 1620; x_wconf 91' lang='lat' dir='ltr'>cum</span> <span class='ocrx_word' id='word_1_490' title='bbox 3743 1581 3848 1636; x_wconf 88' lang='lat' dir='ltr'>qua</span> 
     </span>
    </p>
   </div>
   <div class='ocr_carea' id='block_1_73' title="bbox 2218 1652 3850 1727">
    <p class='ocr_par' dir='ltr' id='par_1_73' title="bbox 2218 1652 3850 1727">
     <span class='ocr_line' id='line_1_73' title="bbox 2218 1652 3850 1727; baseline -0.001 -17"><span class='ocrx_word' id='word_1_491' title='bbox 2218 1659 2352 1727; x_wconf 91' lang='lat' dir='ltr'>post</span> <span class='ocrx_word' id='word_1_492' title='bbox 2375 1653 2587 1710; x_wconf 90' lang='lat' dir='ltr'>initum</span> <span class='ocrx_word' id='word_1_493' title='bbox 2617 1654 2960 1727; x_wconf 86' lang='lat' dir='ltr'>conjugium</span> <span class='ocrx_word' id='word_1_494' title='bbox 2993 1653 3359 1712; x_wconf 87' lang='lat' dir='ltr'>adulterasse</span> <span class='ocrx_word' id='word_1_495' title='bbox 3381 1652 3622 1722; x_wconf 91' lang='lat' dir='ltr'>dicitur,</span> <span class='ocrx_word' id='word_1_496' title='bbox 3646 1652 3703 1709; x_wconf 92' lang='lat' dir='ltr'>in</span> <span class='ocrx_word' id='word_1_497' title='bbox 3732 1668 3850 1708; x_wconf 88' lang='lat' dir='ltr'>con-</span> 
     </span>
    </p>
   </div>
   <div class='ocr_carea' id='block_1_74' title="bbox 2212 1743 2954 1816">
    <p class='ocr_par' dir='ltr' id='par_1_74' title="bbox 2212 1743 2954 1816">
     <span class='ocr_line' id='line_1_74' title="bbox 2212 1743 2954 1816; baseline 0 -18"><span class='ocrx_word' id='word_1_498' title='bbox 2212 1745 2418 1816; x_wconf 88' lang='lat' dir='ltr'>jugem</span> <span class='ocrx_word' id='word_1_499' title='bbox 2455 1743 2644 1816; x_wconf 92' lang='lat' dir='ltr'>possit</span> <span class='ocrx_word' id='word_1_500' title='bbox 2673 1743 2954 1816; x_wconf 88' lang='lat' dir='ltr'>accipere.</span> 
     </span>
    </p>
   </div>
   <div class='ocr_carea' id='block_1_75' title="bbox 2830 1868 3246 1926">
    <p class='ocr_par' dir='ltr' id='par_1_75' title="bbox 2830 1868 3246 1926">
     <span class='ocr_line' id='line_1_75' title="bbox 2830 1868 3246 1926; baseline -0.002 -1"><span class='ocrx_word' id='word_1_501' title='bbox 2830 1868 3246 1926; x_wconf 81' lang='lat' dir='ltr'>RESPONSIO.</span> 
     </span>
    </p>
   </div>
   <div class='ocr_carea' id='block_1_76' title="bbox 2292 1975 3847 2050">
    <p class='ocr_par' dir='ltr' id='par_1_76' title="bbox 2292 1975 3847 2050">
     <span class='ocr_line' id='line_1_76' title="bbox 2292 1975 3847 2050; baseline -0.001 -18"><span class='ocrx_word' id='word_1_502' title='bbox 2292 1975 2438 2043; x_wconf 88' lang='lat' dir='ltr'>Quia</span> <span class='ocrx_word' id='word_1_503' title='bbox 2459 1993 2575 2032; x_wconf 93' lang='lat' dir='ltr'>una</span> <span class='ocrx_word' id='word_1_504' title='bbox 2591 1981 2681 2032; x_wconf 92' lang='lat' dir='ltr'>est</span> <span class='ocrx_word' id='word_1_505' title='bbox 2695 1975 2787 2032; x_wconf 86' lang='lat' dir='ltr'>lex</span> <span class='ocrx_word' id='word_1_506' title='bbox 2805 1976 2911 2032; x_wconf 92' lang='lat' dir='ltr'>viri</span> <span class='ocrx_word' id='word_1_507' title='bbox 2933 1980 2992 2033; x_wconf 91' lang='lat' dir='ltr'>et</span> <span class='ocrx_word' id='word_1_508' title='bbox 3013 1977 3338 2046; x_wconf 60' lang='lat' dir='ltr'>feminas,ut</span> <span class='ocrx_word' id='word_1_509' title='bbox 3357 1993 3540 2050; x_wconf 89' lang='lat' dir='ltr'>supra</span> <span class='ocrx_word' id='word_1_510' title='bbox 3553 1975 3847 2049; x_wconf 87' lang='lat' dir='ltr'>Scriptura-</span> 
     </span>
    </p>
   </div>
   <div class='ocr_carea' id='block_1_77' title="bbox 2221 2063 3845 2123">
    <p class='ocr_par' dir='ltr' id='par_1_77' title="bbox 2221 2063 3845 2123">
     <span class='ocr_line' id='line_1_77' title="bbox 2221 2063 3845 2123; baseline -0.002 -1"><span class='ocrx_word' id='word_1_511' title='bbox 2221 2083 2350 2122; x_wconf 91' lang='lat' dir='ltr'>rum</span> <span class='ocrx_word' id='word_1_512' title='bbox 2373 2074 2426 2122; x_wconf 84' lang='lat' dir='ltr'>et</span> <span class='ocrx_word' id='word_1_513' title='bbox 2443 2065 2863 2122; x_wconf 90' lang='lat' dir='ltr'>catholicorum</span> <span class='ocrx_word' id='word_1_514' title='bbox 2879 2066 3116 2122; x_wconf 86' lang='lat' dir='ltr'>Patrum</span> <span class='ocrx_word' id='word_1_515' title='bbox 3138 2065 3445 2123; x_wconf 77' lang='lat' dir='ltr'>sententiis</span> <span class='ocrx_word' id='word_1_516' title='bbox 3457 2063 3845 2122; x_wconf 85' lang='lat' dir='ltr'>demonstravi-</span> 
     </span>
    </p>
   </div>
   <div class='ocr_carea' id='block_1_78' title="bbox 2221 2151 3844 2230">
    <p class='ocr_par' dir='ltr' id='par_1_78' title="bbox 2221 2151 3844 2230">
     <span class='ocr_line' id='line_1_78' title="bbox 2221 2151 3844 2230; baseline -0.002 -20"><span class='ocrx_word' id='word_1_517' title='bbox 2221 2155 2430 2222; x_wconf 89' lang='lat' dir='ltr'>mus,si</span> <span class='ocrx_word' id='word_1_518' title='bbox 2445 2154 2675 2211; x_wconf 90' lang='lat' dir='ltr'>solutus</span> <span class='ocrx_word' id='word_1_519' title='bbox 2705 2154 2882 2211; x_wconf 89' lang='lat' dir='ltr'>fuerit</span> <span class='ocrx_word' id='word_1_520' title='bbox 2899 2173 2935 2211; x_wconf 92' lang='lat' dir='ltr'>a</span> <span class='ocrx_word' id='word_1_521' title='bbox 2952 2154 3078 2228; x_wconf 89' lang='lat' dir='ltr'>lege</span> <span class='ocrx_word' id='word_1_522' title='bbox 3099 2154 3553 2230; x_wconf 89' lang='lat' dir='ltr'>conjugis,sicut</span> <span class='ocrx_word' id='word_1_523' title='bbox 3563 2151 3844 2210; x_wconf 87' lang='lat' dir='ltr'>Paulusdi-</span> 
     </span>
    </p>
   </div>
   <div class='ocr_carea' id='block_1_79' title="bbox 2221 2241 3843 2312">
    <p class='ocr_par' dir='ltr' id='par_1_79' title="bbox 2221 2241 3843 2312">
     <span class='ocr_line' id='line_1_79' title="bbox 2221 2241 3843 2312; baseline -0.003 -12"><span class='ocrx_word' id='word_1_524' title='bbox 2221 2243 2299 2300; x_wconf 93' lang='lat' dir='ltr'>cit</span> <span class='ocrx_word' id='word_1_525' title='bbox 2314 2245 2385 2299; x_wconf 91' lang='lat' dir='ltr'>de</span> <span class='ocrx_word' id='word_1_526' title='bbox 2398 2260 2508 2300; x_wconf 76' lang='lat' dir='ltr'>uxo</span> <span class='ocrx_word' id='word_1_527' title='bbox 2516 2261 2574 2299; x_wconf 92' lang='lat' dir='ltr'>re</span> <span class='ocrx_word' id='word_1_528' title='bbox 2588 2260 2601 2298; x_wconf 89' lang='lat'><strong>:</strong></span> <span class='ocrx_word' id='word_1_529' title='bbox 2615 2243 2893 2300; x_wconf 86' lang='lat' dir='ltr'>Nubatcui</span> <span class='ocrx_word' id='word_1_530' title='bbox 2902 2244 3373 2312; x_wconf 87' lang='lat' dir='ltr'>volucrit,tantum</span> <span class='ocrx_word' id='word_1_531' title='bbox 3384 2245 3446 2300; x_wconf 87' lang='lat' dir='ltr'>in</span> <span class='ocrx_word' id='word_1_532' title='bbox 3459 2243 3682 2301; x_wconf 87' lang='lat' dir='ltr'>Domino</span> <span class='ocrx_word' id='word_1_533' title='bbox 3691 2242 3707 2312; x_wconf 74' lang='grc' dir='ltr'><strong>ί</strong></span> <span class='ocrx_word' id='word_1_534' title='bbox 3710 2243 3736 2298; x_wconf 90' lang='grc'><em>1</em></span> <span class='ocrx_word' id='word_1_535' title='bbox 3741 2241 3843 2297; x_wconf 82' lang='lat' dir='ltr'>Cor.</span> 
     </span>
    </p>
   </div>
   <div class='ocr_carea' id='block_1_80' title="bbox 2219 2330 3841 2404">
    <p class='ocr_par' dir='ltr' id='par_1_80' title="bbox 2219 2330 3841 2404">
     <span class='ocr_line' id='line_1_80' title="bbox 2219 2330 3841 2404; baseline -0.003 -15"><span class='ocrx_word' id='word_1_536' title='bbox 2219 2333 2444 2403; x_wconf 81' lang='lat' dir='ltr'>v11,39),</span> <span class='ocrx_word' id='word_1_537' title='bbox 2461 2357 2487 2383; x_wconf 87' lang='lat'>«</span> <span class='ocrx_word' id='word_1_538' title='bbox 2512 2333 2622 2389; x_wconf 91' lang='lat' dir='ltr'>hoc</span> <span class='ocrx_word' id='word_1_539' title='bbox 2641 2336 2823 2401; x_wconf 91' lang='lat' dir='ltr'>est,ut</span> <span class='ocrx_word' id='word_1_540' title='bbox 2841 2331 3186 2389; x_wconf 87' lang='lat' dir='ltr'>Ambrosius</span> <span class='ocrx_word' id='word_1_541' title='bbox 3207 2332 3370 2399; x_wconf 90' lang='lat' dir='ltr'>dicit,</span> <span class='ocrx_word' id='word_1_542' title='bbox 3391 2333 3519 2390; x_wconf 92' lang='lat' dir='ltr'>sine</span> <span class='ocrx_word' id='word_1_543' title='bbox 3537 2330 3841 2404; x_wconf 87' lang='lat' dir='ltr'>suspicione</span> 
     </span>
    </p>
   </div>
   <div class='ocr_carea' id='block_1_81' title="bbox 2220 2419 3845 2497">
    <p class='ocr_par' dir='ltr' id='par_1_81' title="bbox 2220 2419 3845 2497">
     <span class='ocr_line' id='line_1_81' title="bbox 2220 2419 3845 2497; baseline -0.002 -18"><span class='ocrx_word' id='word_1_544' title='bbox 2220 2422 2608 2496; x_wconf 90' lang='lat' dir='ltr'>turpitudinis</span> <span class='ocrx_word' id='word_1_545' title='bbox 2641 2423 2826 2478; x_wconf 89' lang='lat' dir='ltr'>nubat</span> <span class='ocrx_word' id='word_1_546' title='bbox 2843 2425 2901 2478; x_wconf 89' lang='lat' dir='ltr'>et</span> <span class='ocrx_word' id='word_1_547' title='bbox 2925 2421 3226 2497; x_wconf 88' lang='lat' dir='ltr'>religionis</span> <span class='ocrx_word' id='word_1_548' title='bbox 3247 2439 3368 2480; x_wconf 63' lang='lat' dir='ltr'>sua;</span> <span class='ocrx_word' id='word_1_549' title='bbox 3389 2421 3514 2478; x_wconf 89' lang='lat' dir='ltr'>viro</span> <span class='ocrx_word' id='word_1_550' title='bbox 3534 2422 3728 2489; x_wconf 89' lang='lat' dir='ltr'>nubat,</span> <span class='ocrx_word' id='word_1_551' title='bbox 3753 2419 3845 2475; x_wconf 87' lang='lat' dir='ltr'>hoc</span> 
     </span>
    </p>
   </div>
   <div class='ocr_carea' id='block_1_82' title="bbox 2221 2507 3844 2583">
    <p class='ocr_par' dir='ltr' id='par_1_82' title="bbox 2221 2507 3844 2583">
     <span class='ocr_line' id='line_1_82' title="bbox 2221 2507 3844 2583; baseline -0.004 -15"><span class='ocrx_word' id='word_1_552' title='bbox 2221 2516 2310 2568; x_wconf 92' lang='lat' dir='ltr'>est</span> <span class='ocrx_word' id='word_1_553' title='bbox 2329 2512 2388 2567; x_wconf 91' lang='lat' dir='ltr'>in</span> <span class='ocrx_word' id='word_1_554' title='bbox 2403 2511 2648 2568; x_wconf 91' lang='lat' dir='ltr'>Domino</span> <span class='ocrx_word' id='word_1_555' title='bbox 2671 2511 3048 2578; x_wconf 69' lang='lat' dir='ltr'>nubere.Quts</span> <span class='ocrx_word' id='word_1_556' title='bbox 3071 2509 3286 2568; x_wconf 90' lang='lat' dir='ltr'>solutio</span> <span class='ocrx_word' id='word_1_557' title='bbox 3305 2514 3367 2568; x_wconf 89' lang='lat' dir='ltr'>et</span> <span class='ocrx_word' id='word_1_558' title='bbox 3385 2507 3844 2583; x_wconf 82' lang='lat' dir='ltr'>licitacopulatio,</span> 
     </span>
    </p>
   </div>
   <div class='ocr_carea' id='block_1_83' title="bbox 2221 2595 3841 2674">
    <p class='ocr_par' dir='ltr' id='par_1_83' title="bbox 2221 2595 3841 2674">
     <span class='ocr_line' id='line_1_83' title="bbox 2221 2595 3841 2674; baseline -0.004 -18"><span class='ocrx_word' id='word_1_559' title='bbox 2221 2601 2453 2657; x_wconf 91' lang='lat' dir='ltr'>duobus</span> <span class='ocrx_word' id='word_1_560' title='bbox 2483 2599 2849 2674; x_wconf 84' lang='lat' dir='ltr'>intelligitur,</span> <span class='ocrx_word' id='word_1_561' title='bbox 2873 2603 2932 2656; x_wconf 88' lang='lat' dir='ltr'>et</span> <span class='ocrx_word' id='word_1_562' title='bbox 2957 2600 3191 2656; x_wconf 89' lang='lat' dir='ltr'>duobus</span> <span class='ocrx_word' id='word_1_563' title='bbox 3221 2601 3290 2656; x_wconf 80' lang='lat' dir='ltr'>fit</span> <span class='ocrx_word' id='word_1_564' title='bbox 3319 2599 3533 2656; x_wconf 89' lang='lat' dir='ltr'>modis.</span> <span class='ocrx_word' id='word_1_565' title='bbox 3558 2595 3841 2656; x_wconf 85' lang='lat' dir='ltr'>Scilicetin</span> 
     </span>
    </p>
   </div>
   <div class='ocr_carea' id='block_1_84' title="bbox 2222 2689 3846 2763">
    <p class='ocr_par' dir='ltr' id='par_1_84' title="bbox 2222 2689 3846 2763">
     <span class='ocr_line' id='line_1_84' title="bbox 2222 2689 3846 2763; baseline -0.004 -17"><span class='ocrx_word' id='word_1_566' title='bbox 2222 2691 2315 2746; x_wconf 90' lang='lat' dir='ltr'>his</span> <span class='ocrx_word' id='word_1_567' title='bbox 2345 2691 2444 2763; x_wconf 92' lang='lat' dir='ltr'>qui</span> <span class='ocrx_word' id='word_1_568' title='bbox 2469 2693 2572 2746; x_wconf 91' lang='lat' dir='ltr'>aut</span> <span class='ocrx_word' id='word_1_569' title='bbox 2588 2707 2890 2762; x_wconf 90' lang='lat' dir='ltr'>nunquam</span> <span class='ocrx_word' id='word_1_570' title='bbox 2912 2689 3099 2763; x_wconf 85' lang='lat' dir='ltr'>legale</span> <span class='ocrx_word' id='word_1_571' title='bbox 3123 2689 3387 2748; x_wconf 89' lang='lat' dir='ltr'>inierunt</span> <span class='ocrx_word' id='word_1_572' title='bbox 3405 2689 3846 2763; x_wconf 87' lang='lat' dir='ltr'>conjugium,aut</span> 
     </span>
    </p>
   </div>
   <div class='ocr_carea' id='block_1_85' title="bbox 2222 2776 3842 2855">
    <p class='ocr_par' dir='ltr' id='par_1_85' title="bbox 2222 2776 3842 2855">
     <span class='ocr_line' id='line_1_85' title="bbox 2222 2776 3842 2855; baseline -0.004 -18"><span class='ocrx_word' id='word_1_573' title='bbox 2222 2784 2408 2837; x_wconf 88' lang='lat' dir='ltr'>morte</span> <span class='ocrx_word' id='word_1_574' title='bbox 2437 2779 2827 2837; x_wconf 87' lang='lat' dir='ltr'>intercedente</span> <span class='ocrx_word' id='word_1_575' title='bbox 2848 2779 3024 2837; x_wconf 91' lang='lat' dir='ltr'>soluti</span> <span class='ocrx_word' id='word_1_576' title='bbox 3045 2785 3186 2836; x_wconf 89' lang='lat' dir='ltr'>sunt</span> <span class='ocrx_word' id='word_1_577' title='bbox 3216 2799 3252 2838; x_wconf 89' lang='lat' dir='ltr'>a</span> <span class='ocrx_word' id='word_1_578' title='bbox 3279 2780 3409 2855; x_wconf 86' lang='lat' dir='ltr'>lege</span> <span class='ocrx_word' id='word_1_579' title='bbox 3439 2776 3842 2853; x_wconf 86' lang='lat' dir='ltr'>conjugii,sicut</span> 
     </span>
    </p>
   </div>
   <div class='ocr_carea' id='block_1_86' title="bbox 2224 2864 3838 2942">
    <p class='ocr_par' dir='ltr' id='par_1_86' title="bbox 2224 2864 3838 2942">
     <span class='ocr_line' id='line_1_86' title="bbox 2224 2864 3838 2942; baseline -0.002 -18"><span class='ocrx_word' id='word_1_580' title='bbox 2224 2865 2439 2924; x_wconf 85' lang='lat' dir='ltr'>Paulus</span> <span class='ocrx_word' id='word_1_581' title='bbox 2469 2867 2612 2923; x_wconf 90' lang='lat' dir='ltr'>dicit</span> <span class='ocrx_word' id='word_1_582' title='bbox 2641 2883 2655 2922; x_wconf 77' lang='grc' dir='ltr'><strong>ε</strong></span> <span class='ocrx_word' id='word_1_583' title='bbox 2688 2867 2817 2924; x_wconf 89' lang='lat' dir='ltr'>Dico</span> <span class='ocrx_word' id='word_1_584' title='bbox 2840 2874 3021 2923; x_wconf 87' lang='lat' dir='ltr'>autem</span> <span class='ocrx_word' id='word_1_585' title='bbox 3063 2884 3176 2924; x_wconf 87' lang='lat' dir='ltr'>non</span> <span class='ocrx_word' id='word_1_586' title='bbox 3215 2871 3404 2942; x_wconf 89' lang='lat' dir='ltr'>nuptis</span> <span class='ocrx_word' id='word_1_587' title='bbox 3451 2877 3504 2926; x_wconf 87' lang='lat' dir='ltr'>et</span> <span class='ocrx_word' id='word_1_588' title='bbox 3543 2867 3730 2936; x_wconf 82' lang='lat' dir='ltr'>viduis,</span> <span class='ocrx_word' id='word_1_589' title='bbox 3759 2864 3838 2920; x_wconf 81' lang='lat' dir='ltr'>bo-</span> 
     </span>
    </p>
   </div>
   <div class='ocr_carea' id='block_1_87' title="bbox 2220 2952 3843 3030">
    <p class='ocr_par' dir='ltr' id='par_1_87' title="bbox 2220 2952 3843 3030">
     <span class='ocr_line' id='line_1_87' title="bbox 2220 2952 3843 3030; baseline -0.003 -18"><span class='ocrx_word' id='word_1_590' title='bbox 2220 2973 2358 3012; x_wconf 90' lang='lat' dir='ltr'>num</span> <span class='ocrx_word' id='word_1_591' title='bbox 2384 2964 2460 3012; x_wconf 89' lang='lat' dir='ltr'>est</span> <span class='ocrx_word' id='word_1_592' title='bbox 2490 2957 2605 3012; x_wconf 88' lang='lat' dir='ltr'>illis</span> <span class='ocrx_word' id='word_1_593' title='bbox 2632 2957 2683 3012; x_wconf 90' lang='lat' dir='ltr'>si</span> <span class='ocrx_word' id='word_1_594' title='bbox 2709 2958 2790 3013; x_wconf 89' lang='lat' dir='ltr'>sic</span> <span class='ocrx_word' id='word_1_595' title='bbox 2812 2964 3193 3028; x_wconf 74' lang='lat' dir='ltr'>permaneant,</span> <span class='ocrx_word' id='word_1_596' title='bbox 3223 2959 3370 3014; x_wconf 90' lang='lat' dir='ltr'>sicut</span> <span class='ocrx_word' id='word_1_597' title='bbox 3395 2966 3452 3016; x_wconf 88' lang='lat' dir='ltr'>et</span> <span class='ocrx_word' id='word_1_598' title='bbox 3495 2974 3608 3030; x_wconf 86' lang='lat' dir='ltr'>ego.</span> <span class='ocrx_word' id='word_1_599' title='bbox 3634 2953 3777 3029; x_wconf 78' lang='lat' dir='ltr'>Quod</span> <span class='ocrx_word' id='word_1_600' title='bbox 3798 2952 3843 3007; x_wconf 78' lang='lat' dir='ltr'>si</span> 
     </span>
    </p>
   </div>
   <div class='ocr_carea' id='block_1_88' title="bbox 2221 3043 3835 3119">
    <p class='ocr_par' dir='ltr' id='par_1_88' title="bbox 2221 3043 3835 3119">
     <span class='ocr_line' id='line_1_88' title="bbox 2221 3043 3835 3119; baseline -0.004 -17"><span class='ocrx_word' id='word_1_601' title='bbox 2221 3062 2333 3102; x_wconf 88' lang='lat' dir='ltr'>non</span> <span class='ocrx_word' id='word_1_602' title='bbox 2374 3061 2432 3101; x_wconf 90' lang='lat' dir='ltr'>se</span> <span class='ocrx_word' id='word_1_603' title='bbox 2473 3046 2766 3114; x_wconf 76' lang='lat' dir='ltr'>continent,</span> <span class='ocrx_word' id='word_1_604' title='bbox 2812 3047 3027 3103; x_wconf 88' lang='lat' dir='ltr'>nubant</span> <span class='ocrx_word' id='word_1_605' title='bbox 3072 3045 3121 3119; x_wconf 90' lang='grc' dir='ltr'>(Ι</span> <span class='ocrx_word' id='word_1_606' title='bbox 3165 3046 3288 3104; x_wconf 81' lang='lat' dir='ltr'>Cor.</span> <span class='ocrx_word' id='word_1_607' title='bbox 3319 3064 3427 3116; x_wconf 84' lang='lat' dir='ltr'>vn,</span> <span class='ocrx_word' id='word_1_608' title='bbox 3450 3049 3529 3117; x_wconf 93' lang='lat'>8).</span> <span class='ocrx_word' id='word_1_609' title='bbox 3578 3045 3644 3102; x_wconf 85' lang='lat' dir='ltr'>Et</span> <span class='ocrx_word' id='word_1_610' title='bbox 3671 3043 3835 3100; x_wconf 89' lang='lat' dir='ltr'>item:</span> 
     </span>
    </p>
   </div>
   <div class='ocr_carea' id='block_1_89' title="bbox 2222 3135 3844 3208">
    <p class='ocr_par' dir='ltr' id='par_1_89' title="bbox 2222 3135 3844 3208">
     <span class='ocr_line' id='line_1_89' title="bbox 2222 3135 3844 3208; baseline -0.002 -17"><span class='ocrx_word' id='word_1_611' title='bbox 2222 3135 2442 3192; x_wconf 78' lang='lat' dir='ltr'>Solutus</span> <span class='ocrx_word' id='word_1_612' title='bbox 2469 3151 2524 3191; x_wconf 91' lang='lat' dir='ltr'>es</span> <span class='ocrx_word' id='word_1_613' title='bbox 2553 3135 2622 3191; x_wconf 90' lang='lat' dir='ltr'>ab</span> <span class='ocrx_word' id='word_1_614' title='bbox 2653 3151 2860 3192; x_wconf 75' lang='lat' dir='ltr'>uxore:</span> <span class='ocrx_word' id='word_1_615' title='bbox 2881 3153 2950 3192; x_wconf 88' lang='lat' dir='ltr'>ne</span> <span class='ocrx_word' id='word_1_616' title='bbox 2977 3137 3267 3208; x_wconf 54' lang='lat' dir='ltr'>quasicris</span> <span class='ocrx_word' id='word_1_617' title='bbox 3295 3152 3530 3194; x_wconf 72' lang='lat' dir='ltr'>uxorem</span> <span class='ocrx_word' id='word_1_618' title='bbox 3558 3153 3578 3191; x_wconf 90' lang='lat'><strong><em>:</em></strong></span> <span class='ocrx_word' id='word_1_619' title='bbox 3605 3135 3656 3191; x_wconf 90' lang='lat' dir='ltr'>si</span> <span class='ocrx_word' id='word_1_620' title='bbox 3686 3139 3844 3188; x_wconf 80' lang='lat' dir='ltr'>autem</span> 
     </span>
    </p>
   </div>
   <div class='ocr_carea' id='block_1_90' title="bbox 2220 3223 3840 3298">
    <p class='ocr_par' dir='ltr' id='par_1_90' title="bbox 2220 3223 3840 3298">
     <span class='ocr_line' id='line_1_90' title="bbox 2220 3223 3840 3298; baseline 0.002 -18"><span class='ocrx_word' id='word_1_621' title='bbox 2220 3225 2489 3297; x_wconf 86' lang='lat' dir='ltr'>acceperis</span> <span class='ocrx_word' id='word_1_622' title='bbox 2519 3240 2764 3293; x_wconf 69' lang='lat' dir='ltr'>uxorem,</span> <span class='ocrx_word' id='word_1_623' title='bbox 2795 3239 2907 3281; x_wconf 88' lang='lat' dir='ltr'>non</span> <span class='ocrx_word' id='word_1_624' title='bbox 2931 3226 3168 3297; x_wconf 84' lang='lat' dir='ltr'>peccasti</span> <span class='ocrx_word' id='word_1_625' title='bbox 3199 3241 3213 3282; x_wconf 87' lang='lat'>:</span> <span class='ocrx_word' id='word_1_626' title='bbox 3241 3233 3293 3282; x_wconf 88' lang='lat' dir='ltr'>ct</span> <span class='ocrx_word' id='word_1_627' title='bbox 3317 3227 3371 3282; x_wconf 88' lang='lat' dir='ltr'>si</span> <span class='ocrx_word' id='word_1_628' title='bbox 3409 3225 3652 3298; x_wconf 81' lang='lat' dir='ltr'>nupserit</span> <span class='ocrx_word' id='word_1_629' title='bbox 3691 3223 3840 3292; x_wconf 71' lang='lat' dir='ltr'>virgo.</span> 
     </span>
    </p>
   </div>
   <div class='ocr_carea' id='block_1_91' title="bbox 2221 3308 3842 3386">
    <p class='ocr_par' dir='ltr' id='par_1_91' title="bbox 2221 3308 3842 3386">
     <span class='ocr_line' id='line_1_91' title="bbox 2221 3308 3842 3386; baseline -0.004 -17"><span class='ocrx_word' id='word_1_630' title='bbox 2221 3329 2334 3369; x_wconf 86' lang='lat' dir='ltr'>non</span> <span class='ocrx_word' id='word_1_631' title='bbox 2369 3315 2610 3386; x_wconf 86' lang='lat' dir='ltr'>peccabit</span> <span class='ocrx_word' id='word_1_632' title='bbox 2657 3312 2838 3384; x_wconf 86' lang='lat' dir='ltr'>(ibid).</span> <span class='ocrx_word' id='word_1_633' title='bbox 2873 3313 3033 3381; x_wconf 88' lang='lat' dir='ltr'>Quod</span> <span class='ocrx_word' id='word_1_634' title='bbox 3065 3331 3228 3386; x_wconf 70' lang='lat' dir='ltr'>aeque</span> <span class='ocrx_word' id='word_1_635' title='bbox 3263 3314 3335 3370; x_wconf 90' lang='lat' dir='ltr'>de</span> <span class='ocrx_word' id='word_1_636' title='bbox 3367 3312 3632 3372; x_wconf 87' lang='lat' dir='ltr'>masculo</span> <span class='ocrx_word' id='word_1_637' title='bbox 3679 3315 3733 3367; x_wconf 91' lang='lat' dir='ltr'>et</span> <span class='ocrx_word' id='word_1_638' title='bbox 3773 3308 3842 3363; x_wconf 86' lang='lat' dir='ltr'>fe-</span> 
     </span>
    </p>
   </div>
   <div class='ocr_carea' id='block_1_92' title="bbox 2221 3395 3844 3477">
    <p class='ocr_par' dir='ltr' id='par_1_92' title="bbox 2221 3395 3844 3477">
     <span class='ocr_line' id='line_1_92' title="bbox 2221 3395 3844 3477; baseline -0.006 -19"><span class='ocrx_word' id='word_1_639' title='bbox 2221 3401 2384 3458; x_wconf 89' lang='lat' dir='ltr'>mina</span> <span class='ocrx_word' id='word_1_640' title='bbox 2412 3399 2776 3476; x_wconf 89' lang='lat' dir='ltr'>intelligitur,</span> <span class='ocrx_word' id='word_1_641' title='bbox 2809 3402 3144 3459; x_wconf 91' lang='lat' dir='ltr'>communis</span> <span class='ocrx_word' id='word_1_642' title='bbox 3202 3401 3424 3460; x_wconf 88' lang='lat' dir='ltr'>etenim</span> <span class='ocrx_word' id='word_1_643' title='bbox 3445 3399 3668 3477; x_wconf 89' lang='lat' dir='ltr'>generis</span> <span class='ocrx_word' id='word_1_644' title='bbox 3695 3395 3776 3453; x_wconf 89' lang='lat' dir='ltr'>hic</span> <span class='ocrx_word' id='word_1_645' title='bbox 3795 3397 3844 3451; x_wconf 87' lang='lat' dir='ltr'>et</span> 
     </span>
    </p>
   </div>
   <div class='ocr_carea' id='block_1_93' title="bbox 2220 3489 3838 3564">
    <p class='ocr_par' dir='ltr' id='par_1_93' title="bbox 2220 3489 3838 3564">
     <span class='ocr_line' id='line_1_93' title="bbox 2220 3489 3838 3564; baseline -0.004 -18"><span class='ocrx_word' id='word_1_646' title='bbox 2220 3489 2343 3547; x_wconf 74' lang='lat' dir='ltr'>haec</span> <span class='ocrx_word' id='word_1_647' title='bbox 2363 3491 2616 3564; x_wconf 87' lang='lat' dir='ltr'>virgo,et</span> <span class='ocrx_word' id='word_1_648' title='bbox 2642 3490 2752 3547; x_wconf 91' lang='lat' dir='ltr'>hoc</span> <span class='ocrx_word' id='word_1_649' title='bbox 2781 3491 3145 3548; x_wconf 89' lang='lat' dir='ltr'>demonstrat</span> <span class='ocrx_word' id='word_1_650' title='bbox 3172 3491 3604 3564; x_wconf 89' lang='lat' dir='ltr'>subsequenter</span> <span class='ocrx_word' id='word_1_651' title='bbox 3619 3489 3838 3560; x_wconf 88' lang='lat' dir='ltr'>Aposto-</span> 
     </span>
    </p>
   </div>
   <div class='ocr_carea' id='block_1_94' title="bbox 2221 3576 3840 3637">
    <p class='ocr_par' dir='ltr' id='par_1_94' title="bbox 2221 3576 3840 3637">
     <span class='ocr_line' id='line_1_94' title="bbox 2221 3576 3840 3637; baseline -0.005 -2"><span class='ocrx_word' id='word_1_652' title='bbox 2221 3579 2315 3636; x_wconf 89' lang='lat' dir='ltr'>lus</span> <span class='ocrx_word' id='word_1_653' title='bbox 2372 3579 2618 3636; x_wconf 86' lang='lat' dir='ltr'>dicens:</span> <span class='ocrx_word' id='word_1_654' title='bbox 2657 3580 3050 3637; x_wconf 81' lang='lat' dir='ltr'>Tribulationcs</span> <span class='ocrx_word' id='word_1_655' title='bbox 3105 3587 3286 3636; x_wconf 82' lang='lat' dir='ltr'>tamen</span> <span class='ocrx_word' id='word_1_656' title='bbox 3351 3582 3538 3637; x_wconf 84' lang='lat' dir='ltr'>carnis</span> <span class='ocrx_word' id='word_1_657' title='bbox 3593 3576 3840 3632; x_wconf 81' lang='lat' dir='ltr'>habebunt</span> 
     </span>
    </p>
   </div>
   <div class='ocr_carea' id='block_1_95' title="bbox 2221 3654 3834 3741">
    <p class='ocr_par' dir='ltr' id='par_1_95' title="bbox 2221 3654 3834 3741">
     <span class='ocr_line' id='line_1_95' title="bbox 2221 3654 3834 3741; baseline -0.007 -16"><span class='ocrx_word' id='word_1_658' title='bbox 2221 3654 2535 3741; x_wconf 73' lang='lat' dir='ltr'>huiusmodi</span> <span class='ocrx_word' id='word_1_659' title='bbox 2564 3668 2766 3740; x_wconf 84' lang='lat' dir='ltr'>(ibid.).</span> <span class='ocrx_word' id='word_1_660' title='bbox 2799 3671 2985 3736; x_wconf 89' lang='lat' dir='ltr'>Quam</span> <span class='ocrx_word' id='word_1_661' title='bbox 3016 3667 3367 3726; x_wconf 88' lang='lat' dir='ltr'>sententiam</span> <span class='ocrx_word' id='word_1_662' title='bbox 3397 3675 3459 3726; x_wconf 89' lang='lat' dir='ltr'>et</span> <span class='ocrx_word' id='word_1_663' title='bbox 3486 3669 3545 3724; x_wconf 91' lang='lat' dir='ltr'>in</span> <span class='ocrx_word' id='word_1_664' title='bbox 3573 3666 3688 3722; x_wconf 90' lang='lat' dir='ltr'>viro</span> <span class='ocrx_word' id='word_1_665' title='bbox 3715 3666 3767 3719; x_wconf 88' lang='lat' dir='ltr'>et</span> <span class='ocrx_word' id='word_1_666' title='bbox 3785 3659 3834 3715; x_wconf 89' lang='lat' dir='ltr'>in</span> 
     </span>
    </p>
   </div>
   <div class='ocr_carea' id='block_1_96' title="bbox 2222 3749 3841 3830">
    <p class='ocr_par' dir='ltr' id='par_1_96' title="bbox 2222 3749 3841 3830">
     <span class='ocr_line' id='line_1_96' title="bbox 2222 3749 3841 3830; baseline -0.007 -17"><span class='ocrx_word' id='word_1_667' title='bbox 2222 3757 2442 3813; x_wconf 88' lang='lat' dir='ltr'>femina</span> <span class='ocrx_word' id='word_1_668' title='bbox 2466 3757 2705 3830; x_wconf 83' lang='lat' dir='ltr'>exponit</span> <span class='ocrx_word' id='word_1_669' title='bbox 2733 3757 3076 3815; x_wconf 87' lang='lat' dir='ltr'>Ambrosius</span> <span class='ocrx_word' id='word_1_670' title='bbox 3112 3773 3126 3812; x_wconf 89' lang='lat'><strong>:</strong></span> <span class='ocrx_word' id='word_1_671' title='bbox 3159 3780 3189 3809; x_wconf 86' lang='lat'><strong><em>«</em></strong></span> <span class='ocrx_word' id='word_1_672' title='bbox 3224 3757 3314 3814; x_wconf 92' lang='lat' dir='ltr'>Fit</span> <span class='ocrx_word' id='word_1_673' title='bbox 3341 3759 3523 3815; x_wconf 89' lang='lat' dir='ltr'>etiam</span> <span class='ocrx_word' id='word_1_674' title='bbox 3554 3753 3699 3830; x_wconf 91' lang='lat' dir='ltr'>quod</span> <span class='ocrx_word' id='word_1_675' title='bbox 3729 3749 3841 3806; x_wconf 86' lang='lat' dir='ltr'>licet</span> 
     </span>
    </p>
   </div>
   <div class='ocr_carea' id='block_1_97' title="bbox 2223 3843 3840 3919">
    <p class='ocr_par' dir='ltr' id='par_1_97' title="bbox 2223 3843 3840 3919">
     <span class='ocr_line' id='line_1_97' title="bbox 2223 3843 3840 3919; baseline -0.003 -17"><span class='ocrx_word' id='word_1_676' title='bbox 2223 3846 2515 3916; x_wconf 89' lang='lat' dir='ltr'>illicitum,</span> <span class='ocrx_word' id='word_1_677' title='bbox 2541 3847 2598 3902; x_wconf 91' lang='lat' dir='ltr'>in</span> <span class='ocrx_word' id='word_1_678' title='bbox 2631 3846 2724 3903; x_wconf 90' lang='lat' dir='ltr'>his</span> <span class='ocrx_word' id='word_1_679' title='bbox 2753 3847 2852 3919; x_wconf 92' lang='lat' dir='ltr'>qui</span> <span class='ocrx_word' id='word_1_680' title='bbox 2903 3846 3028 3903; x_wconf 90' lang='lat' dir='ltr'>sine</span> <span class='ocrx_word' id='word_1_681' title='bbox 3075 3846 3249 3919; x_wconf 91' lang='lat' dir='ltr'>culpa</span> <span class='ocrx_word' id='word_1_682' title='bbox 3282 3847 3354 3903; x_wconf 90' lang='lat' dir='ltr'>ad</span> <span class='ocrx_word' id='word_1_683' title='bbox 3394 3843 3724 3919; x_wconf 85' lang='lat' dir='ltr'>conjugium</span> <span class='ocrx_word' id='word_1_684' title='bbox 3765 3854 3840 3892; x_wconf 77' lang='lat' dir='ltr'>vc-</span> 
     </span>
    </p>
   </div>
   <div class='ocr_carea' id='block_1_98' title="bbox 2224 3928 3836 4009">
    <p class='ocr_par' dir='ltr' id='par_1_98' title="bbox 2224 3928 3836 4009">
     <span class='ocr_line' id='line_1_98' title="bbox 2224 3928 3836 4009; baseline -0.001 -17"><span class='ocrx_word' id='word_1_685' title='bbox 2224 3936 2350 3992; x_wconf 92' lang='lat' dir='ltr'>nire</span> <span class='ocrx_word' id='word_1_686' title='bbox 2381 3940 2666 4008; x_wconf 88' lang='lat' dir='ltr'>poterant,</span> <span class='ocrx_word' id='word_1_687' title='bbox 2697 3940 2754 3991; x_wconf 89' lang='lat' dir='ltr'>et</span> <span class='ocrx_word' id='word_1_688' title='bbox 2785 3937 2978 4009; x_wconf 72' lang='lat' dir='ltr'>majus</span> <span class='ocrx_word' id='word_1_689' title='bbox 3007 3937 3228 3993; x_wconf 89' lang='lat' dir='ltr'>bonum</span> <span class='ocrx_word' id='word_1_690' title='bbox 3277 3937 3479 3993; x_wconf 90' lang='lat' dir='ltr'>subire</span> <span class='ocrx_word' id='word_1_691' title='bbox 3518 3928 3836 4008; x_wconf 58' lang='lat' dir='ltr'>proponunt,</span> 
     </span>
    </p>
   </div>
   <div class='ocr_carea' id='block_1_99' title="bbox 2224 4020 3836 4098">
    <p class='ocr_par' dir='ltr' id='par_1_99' title="bbox 2224 4020 3836 4098">
     <span class='ocr_line' id='line_1_99' title="bbox 2224 4020 3836 4098; baseline -0.008 -17"><span class='ocrx_word' id='word_1_692' title='bbox 2224 4027 2560 4098; x_wconf 85' lang='lat' dir='ltr'>bonumque</span> <span class='ocrx_word' id='word_1_693' title='bbox 2593 4025 2811 4093; x_wconf 87' lang='lat' dir='ltr'>minus,</span> <span class='ocrx_word' id='word_1_694' title='bbox 2845 4026 3000 4098; x_wconf 90' lang='lat' dir='ltr'>quod</span> <span class='ocrx_word' id='word_1_695' title='bbox 3034 4025 3216 4094; x_wconf 85' lang='lat' dir='ltr'>licuit,</span> <span class='ocrx_word' id='word_1_696' title='bbox 3251 4024 3522 4082; x_wconf 88' lang='lat' dir='ltr'>illicitum</span> <span class='ocrx_word' id='word_1_697' title='bbox 3563 4020 3781 4078; x_wconf 88' lang='lat' dir='ltr'>faciunt.</span> <span class='ocrx_word' id='word_1_698' title='bbox 3813 4034 3836 4060; x_wconf 67' lang='grc' dir='ltr'><em>η</em></span> 
     </span>
    </p>
   </div>
   <div class='ocr_carea' id='block_1_100' title="bbox 2225 4113 3840 4188">
    <p class='ocr_par' dir='ltr' id='par_1_100' title="bbox 2225 4113 3840 4188">
     <span class='ocr_line' id='line_1_100' title="bbox 2225 4113 3840 4188; baseline -0.005 -18"><span class='ocrx_word' id='word_1_699' title='bbox 2225 4113 2387 4170; x_wconf 90' lang='lat' dir='ltr'>Unde</span> <span class='ocrx_word' id='word_1_700' title='bbox 2445 4114 2731 4187; x_wconf 88' lang='lat' dir='ltr'>scriptum</span> <span class='ocrx_word' id='word_1_701' title='bbox 2790 4118 2926 4170; x_wconf 91' lang='lat' dir='ltr'>est:</span> <span class='ocrx_word' id='word_1_702' title='bbox 2959 4116 3121 4171; x_wconf 84' lang='lat' dir='ltr'>Nemo</span> <span class='ocrx_word' id='word_1_703' title='bbox 3175 4131 3382 4188; x_wconf 80' lang='lat' dir='ltr'>ponens</span> <span class='ocrx_word' id='word_1_704' title='bbox 3438 4127 3657 4170; x_wconf 88' lang='lat' dir='ltr'>manum</span> <span class='ocrx_word' id='word_1_705' title='bbox 3697 4118 3840 4177; x_wconf 77' lang='lat' dir='ltr'>super</span> 
     </span>
    </p>
   </div>
   <div class='ocr_carea' id='block_1_101' title="bbox 2223 4197 3839 4276">
    <p class='ocr_par' dir='ltr' id='par_1_101' title="bbox 2223 4197 3839 4276">
     <span class='ocr_line' id='line_1_101' title="bbox 2223 4197 3839 4276; baseline -0.004 -18"><span class='ocrx_word' id='word_1_706' title='bbox 2223 4210 2473 4259; x_wconf 87' lang='lat' dir='ltr'>aratrum</span> <span class='ocrx_word' id='word_1_707' title='bbox 2500 4210 2553 4260; x_wconf 90' lang='lat' dir='ltr'>et</span> <span class='ocrx_word' id='word_1_708' title='bbox 2578 4205 2874 4276; x_wconf 85' lang='lat' dir='ltr'>respiciens</span> <span class='ocrx_word' id='word_1_709' title='bbox 2902 4211 3067 4270; x_wconf 84' lang='lat' dir='ltr'>retro,</span> <span class='ocrx_word' id='word_1_710' title='bbox 3098 4212 3254 4276; x_wconf 84' lang='lat' dir='ltr'>aptus</span> <span class='ocrx_word' id='word_1_711' title='bbox 3281 4212 3362 4260; x_wconf 90' lang='lat' dir='ltr'>est</span> <span class='ocrx_word' id='word_1_712' title='bbox 3405 4218 3571 4274; x_wconf 80' lang='lat' dir='ltr'>regno</span> <span class='ocrx_word' id='word_1_713' title='bbox 3610 4197 3839 4254; x_wconf 64' lang='lat' dir='ltr'>caelorum</span> 
     </span>
    </p>
   </div>
   <div class='ocr_carea' id='block_1_102' title="bbox 2224 4283 3834 4366">
    <p class='ocr_par' dir='ltr' id='par_1_102' title="bbox 2224 4283 3834 4366">
     <span class='ocr_line' id='line_1_102' title="bbox 2224 4283 3834 4366; baseline -0.001 -19"><span class='ocrx_word' id='word_1_714' title='bbox 2224 4292 2374 4365; x_wconf 90' lang='lat' dir='ltr'>(Luc.</span> <span class='ocrx_word' id='word_1_715' title='bbox 2407 4309 2484 4361; x_wconf 81' lang='lat' dir='ltr'>Ix,</span> <span class='ocrx_word' id='word_1_716' title='bbox 2511 4291 2623 4364; x_wconf 89' lang='lat'>52).</span> <span class='ocrx_word' id='word_1_717' title='bbox 2657 4291 2805 4359; x_wconf 89' lang='lat' dir='ltr'>Quid</span> <span class='ocrx_word' id='word_1_718' title='bbox 2834 4291 3014 4366; x_wconf 89' lang='lat' dir='ltr'>igitur</span> <span class='ocrx_word' id='word_1_719' title='bbox 3043 4292 3266 4350; x_wconf 87' lang='lat' dir='ltr'>fortiori</span> <span class='ocrx_word' id='word_1_720' title='bbox 3288 4294 3484 4350; x_wconf 89' lang='lat' dir='ltr'>studio</span> <span class='ocrx_word' id='word_1_721' title='bbox 3515 4283 3834 4347; x_wconf 64' lang='lat' dir='ltr'>intenderat,</span> 
     </span>
    </p>
   </div>
   <div class='ocr_carea' id='block_1_103' title="bbox 2225 4375 3835 4454">
    <p class='ocr_par' dir='ltr' id='par_1_103' title="bbox 2225 4375 3835 4454">
     <span class='ocr_line' id='line_1_103' title="bbox 2225 4375 3835 4454; baseline -0.007 -15"><span class='ocrx_word' id='word_1_722' title='bbox 2225 4386 2378 4438; x_wconf 89' lang='lat' dir='ltr'>retro</span> <span class='ocrx_word' id='word_1_723' title='bbox 2416 4380 2753 4454; x_wconf 89' lang='lat' dir='ltr'>conspicere</span> <span class='ocrx_word' id='word_1_724' title='bbox 2789 4381 3172 4449; x_wconf 90' lang='lat' dir='ltr'>convincitur,</span> <span class='ocrx_word' id='word_1_725' title='bbox 3195 4382 3266 4452; x_wconf 92' lang='lat' dir='ltr'>si,</span> <span class='ocrx_word' id='word_1_726' title='bbox 3293 4381 3516 4439; x_wconf 91' lang='lat' dir='ltr'>relictis</span> <span class='ocrx_word' id='word_1_727' title='bbox 3544 4375 3703 4436; x_wconf 89' lang='lat' dir='ltr'>bonis</span> <span class='ocrx_word' id='word_1_728' title='bbox 3727 4384 3835 4428; x_wconf 87' lang='lat' dir='ltr'>am-</span> 
     </span>
    </p>
   </div>
   <div class='ocr_carea' id='block_1_104' title="bbox 2225 4463 3834 4544">
    <p class='ocr_par' dir='ltr' id='par_1_104' title="bbox 2225 4463 3834 4544">
     <span class='ocr_line' id='line_1_104' title="bbox 2225 4463 3834 4544; baseline -0.002 -18"><span class='ocrx_word' id='word_1_729' title='bbox 2225 4469 2530 4544; x_wconf 89' lang='lat' dir='ltr'>plioribus,</span> <span class='ocrx_word' id='word_1_730' title='bbox 2556 4470 2628 4527; x_wconf 89' lang='lat' dir='ltr'>ad</span> <span class='ocrx_word' id='word_1_731' title='bbox 2663 4469 2911 4527; x_wconf 90' lang='lat' dir='ltr'>minima</span> <span class='ocrx_word' id='word_1_732' title='bbox 2939 4475 3324 4544; x_wconf 89' lang='lat' dir='ltr'>retorquetur.</span> <span class='ocrx_word' id='word_1_733' title='bbox 3348 4472 3440 4529; x_wconf 87' lang='lat' dir='ltr'>Fit</span> <span class='ocrx_word' id='word_1_734' title='bbox 3463 4474 3522 4528; x_wconf 86' lang='lat' dir='ltr'>et</span> <span class='ocrx_word' id='word_1_735' title='bbox 3549 4463 3834 4524; x_wconf 64' lang='lat' dir='ltr'>interdum.</span> 
     </span>
    </p>
   </div>
   <div class='ocr_carea' id='block_1_105' title="bbox 2225 4548 3836 4630">
    <p class='ocr_par' dir='ltr' id='par_1_105' title="bbox 2225 4548 3836 4630">
     <span class='ocr_line' id='line_1_105' title="bbox 2225 4548 3836 4630; baseline -0.004 -14"><span class='ocrx_word' id='word_1_736' title='bbox 2225 4577 2405 4616; x_wconf 90' lang='lat' dir='ltr'>causa</span> <span class='ocrx_word' id='word_1_737' title='bbox 2453 4576 2568 4616; x_wconf 90' lang='lat' dir='ltr'>non</span> <span class='ocrx_word' id='word_1_738' title='bbox 2616 4560 3043 4616; x_wconf 88' lang='lat' dir='ltr'>contemnenda</span> <span class='ocrx_word' id='word_1_739' title='bbox 3085 4553 3690 4630; x_wconf 83' lang='lat' dir='ltr'>interveniente,un</span> <span class='ocrx_word' id='word_1_740' title='bbox 3729 4548 3836 4606; x_wconf 63' lang='lat' dir='ltr'>erat</span> 
     </span>
    </p>
   </div>
   <div class='ocr_carea' id='block_1_106' title="bbox 2227 4637 3834 4722">
    <p class='ocr_par' dir='ltr' id='par_1_106' title="bbox 2227 4637 3834 4722">
     <span class='ocr_line' id='line_1_106' title="bbox 2227 4637 3834 4722; baseline 0.006 -18"><span class='ocrx_word' id='word_1_741' title='bbox 2227 4648 2494 4705; x_wconf 72' lang='lat' dir='ltr'>illicitum</span> <span class='ocrx_word' id='word_1_742' title='bbox 2525 4648 2774 4716; x_wconf 90' lang='lat' dir='ltr'>licitum,</span> <span class='ocrx_word' id='word_1_743' title='bbox 2805 4665 2940 4705; x_wconf 90' lang='lat' dir='ltr'>cum</span> <span class='ocrx_word' id='word_1_744' title='bbox 2971 4649 3232 4722; x_wconf 83' lang='lat' dir='ltr'>legaliter</span> <span class='ocrx_word' id='word_1_745' title='bbox 3275 4648 3488 4706; x_wconf 91' lang='lat' dir='ltr'>initum</span> <span class='ocrx_word' id='word_1_746' title='bbox 3525 4637 3834 4715; x_wconf 76' lang='lat' dir='ltr'>conjusium</span> 
     </span>
    </p>
   </div>
   <div class='ocr_carea' id='block_1_107' title="bbox 2223 4723 3836 4811">
    <p class='ocr_par' dir='ltr' id='par_1_107' title="bbox 2223 4723 3836 4811">
     <span class='ocr_line' id='line_1_107' title="bbox 2223 4723 3836 4811; baseline -0.008 -18"><span class='ocrx_word' id='word_1_747' title='bbox 2223 4737 2462 4794; x_wconf 89' lang='lat' dir='ltr'>dissolvi</span> <span class='ocrx_word' id='word_1_748' title='bbox 2519 4737 2879 4811; x_wconf 88' lang='lat' dir='ltr'>permittitur</span> <span class='ocrx_word' id='word_1_749' title='bbox 2908 4739 3063 4795; x_wconf 72' lang='lat'>670</span> <span class='ocrx_word' id='word_1_750' title='bbox 3092 4755 3270 4794; x_wconf 88' lang='lat' dir='ltr'>causa</span> <span class='ocrx_word' id='word_1_751' title='bbox 3301 4733 3672 4795; x_wconf 84' lang='lat' dir='ltr'>lnfidelitatis.</span> <span class='ocrx_word' id='word_1_752' title='bbox 3694 4723 3836 4784; x_wconf 78' lang='lat' dir='ltr'>Unde</span> 
     </span>
    </p>
   </div>
   <div class='ocr_carea' id='block_1_108' title="bbox 2229 4817 3831 4900">
    <p class='ocr_par' dir='ltr' id='par_1_108' title="bbox 2229 4817 3831 4900">
     <span class='ocr_line' id='line_1_108' title="bbox 2229 4817 3831 4900; baseline -0.002 -19"><span class='ocrx_word' id='word_1_753' title='bbox 2229 4827 2443 4883; x_wconf 85' lang='lat' dir='ltr'>Paulus</span> <span class='ocrx_word' id='word_1_754' title='bbox 2471 4825 2616 4882; x_wconf 90' lang='lat' dir='ltr'>dicit</span> <span class='ocrx_word' id='word_1_755' title='bbox 2648 4842 2660 4882; x_wconf 95' lang='lat'>:</span> <span class='ocrx_word' id='word_1_756' title='bbox 2693 4827 2758 4882; x_wconf 91' lang='lat' dir='ltr'>Si</span> <span class='ocrx_word' id='word_1_757' title='bbox 2785 4829 2908 4900; x_wconf 88' lang='lat' dir='ltr'>quis</span> <span class='ocrx_word' id='word_1_758' title='bbox 2925 4829 3100 4899; x_wconf 81' lang='lat' dir='ltr'>frater</span> <span class='ocrx_word' id='word_1_759' title='bbox 3115 4845 3344 4884; x_wconf 70' lang='lat' dir='ltr'>uxorem</span> <span class='ocrx_word' id='word_1_760' title='bbox 3364 4829 3554 4884; x_wconf 75' lang='lat' dir='ltr'>habent</span> <span class='ocrx_word' id='word_1_761' title='bbox 3568 4817 3831 4893; x_wconf 68' lang='lat' dir='ltr'>inﬁdelem-</span> 
     </span>
    </p>
   </div>
   <div class='ocr_carea' id='block_1_109' title="bbox 2225 4905 3829 4985">
    <p class='ocr_par' dir='ltr' id='par_1_109' title="bbox 2225 4905 3829 4985">
     <span class='ocr_line' id='line_1_109' title="bbox 2225 4905 3829 4985; baseline -0.002 -14"><span class='ocrx_word' id='word_1_762' title='bbox 2225 4923 2278 4972; x_wconf 88' lang='lat' dir='ltr'>ct</span> <span class='ocrx_word' id='word_1_763' title='bbox 2305 4915 2423 4972; x_wconf 69' lang='lat' dir='ltr'>haec</span> <span class='ocrx_word' id='word_1_764' title='bbox 2451 4916 2714 4972; x_wconf 77' lang='lat' dir='ltr'>consentit</span> <span class='ocrx_word' id='word_1_765' title='bbox 2741 4916 2991 4974; x_wconf 82' lang='lat' dir='ltr'>habitare</span> <span class='ocrx_word' id='word_1_766' title='bbox 3016 4933 3142 4974; x_wconf 90' lang='lat' dir='ltr'>cum</span> <span class='ocrx_word' id='word_1_767' title='bbox 3172 4918 3288 4985; x_wconf 86' lang='lat' dir='ltr'>illo,</span> <span class='ocrx_word' id='word_1_768' title='bbox 3301 4933 3410 4974; x_wconf 89' lang='lat' dir='ltr'>non</span> <span class='ocrx_word' id='word_1_769' title='bbox 3432 4915 3660 4972; x_wconf 68' lang='lat' dir='ltr'>dimittat</span> <span class='ocrx_word' id='word_1_770' title='bbox 3675 4905 3829 4962; x_wconf 71' lang='lat' dir='ltr'>illam-</span> 
     </span>
    </p>
   </div>
   <div class='ocr_carea' id='block_1_110' title="bbox 2227 4997 3832 5078">
    <p class='ocr_par' dir='ltr' id='par_1_110' title="bbox 2227 4997 3832 5078">
     <span class='ocr_line' id='line_1_110' title="bbox 2227 4997 3832 5078; baseline -0.004 -20"><span class='ocrx_word' id='word_1_771' title='bbox 2227 5005 2367 5060; x_wconf 82' lang='lat' dir='ltr'>Etsi</span> <span class='ocrx_word' id='word_1_772' title='bbox 2393 5020 2504 5076; x_wconf 90' lang='lat' dir='ltr'>qua</span> <span class='ocrx_word' id='word_1_773' title='bbox 2528 5004 2732 5059; x_wconf 87' lang='lat' dir='ltr'>mulier</span> <span class='ocrx_word' id='word_1_774' title='bbox 2758 5005 2917 5061; x_wconf 84' lang='lat' dir='ltr'>habet</span> <span class='ocrx_word' id='word_1_775' title='bbox 2964 5007 3145 5062; x_wconf 83' lang='lat' dir='ltr'>virum</span> <span class='ocrx_word' id='word_1_776' title='bbox 3184 5006 3479 5078; x_wconf 75' lang='lat' dir='ltr'>inﬁdelem,</span> <span class='ocrx_word' id='word_1_777' title='bbox 3509 5010 3561 5059; x_wconf 88' lang='lat' dir='ltr'>et</span> <span class='ocrx_word' id='word_1_778' title='bbox 3601 4997 3686 5054; x_wconf 75' lang='lat' dir='ltr'>hic</span> <span class='ocrx_word' id='word_1_779' title='bbox 3722 5005 3832 5078; x_wconf 70' lang='grc' dir='ltr'>ωηο</span> 
     </span>
    </p>
   </div>
   <div class='ocr_carea' id='block_1_111' title="bbox 2226 5077 3828 5176">
    <p class='ocr_par' dir='ltr' id='par_1_111' title="bbox 2226 5077 3828 5176">
     <span class='ocr_line' id='line_1_111' title="bbox 2226 5077 3828 5176; baseline -0.007 -28"><span class='ocrx_word' id='word_1_780' title='bbox 2226 5095 2388 5150; x_wconf 86' lang='lat' dir='ltr'>sentit</span> <span class='ocrx_word' id='word_1_781' title='bbox 2415 5094 2664 5148; x_wconf 83' lang='lat' dir='ltr'>habitare</span> <span class='ocrx_word' id='word_1_782' title='bbox 2689 5109 2811 5150; x_wconf 86' lang='lat' dir='ltr'>cum</span> <span class='ocrx_word' id='word_1_783' title='bbox 2843 5095 2963 5165; x_wconf 89' lang='lat' dir='ltr'>illa,</span> <span class='ocrx_word' id='word_1_784' title='bbox 2994 5111 3105 5151; x_wconf 90' lang='lat' dir='ltr'>non</span> <span class='ocrx_word' id='word_1_785' title='bbox 3133 5077 3413 5168; x_wconf 80' lang='lat' dir='ltr'>relinquat</span> <span class='ocrx_word' id='word_1_786' title='bbox 3454 5084 3700 5176; x_wconf 56' lang='lat' dir='ltr'>virum“</span> <span class='ocrx_word' id='word_1_787' title='bbox 3724 5077 3828 5176; x_wconf 60' lang='grc' dir='ltr'>εᾳς.</span> 
     </span>
    </p>
   </div>
   <div class='ocr_carea' id='block_1_112' title="bbox 2227 5166 3829 5257">
    <p class='ocr_par' dir='ltr' id='par_1_112' title="bbox 2227 5166 3829 5257">
     <span class='ocr_line' id='line_1_112' title="bbox 2227 5166 3829 5257; baseline 0 -21"><span class='ocrx_word' id='word_1_788' title='bbox 2227 5199 2326 5237; x_wconf 84' lang='grc' dir='ltr'>νιι.</span> <span class='ocrx_word' id='word_1_789' title='bbox 2361 5183 2479 5250; x_wconf 85' lang='grc'>12);</span> <span class='ocrx_word' id='word_1_790' title='bbox 2511 5185 2570 5238; x_wconf 90' lang='lat' dir='ltr'>et</span> <span class='ocrx_word' id='word_1_791' title='bbox 2606 5187 2736 5254; x_wconf 91' lang='lat' dir='ltr'>post</span> <span class='ocrx_word' id='word_1_792' title='bbox 2778 5200 2968 5256; x_wconf 91' lang='lat' dir='ltr'>pauca</span> <span class='ocrx_word' id='word_1_793' title='bbox 2998 5200 3011 5238; x_wconf 91' lang='lat'>:</span> <span class='ocrx_word' id='word_1_794' title='bbox 3048 5184 3198 5254; x_wconf 83' lang='lat' dir='ltr'>Quod</span> <span class='ocrx_word' id='word_1_795' title='bbox 3241 5166 3301 5240; x_wconf 83' lang='lat' dir='ltr'>si</span> <span class='ocrx_word' id='word_1_796' title='bbox 3336 5182 3570 5257; x_wconf 72' lang='lat' dir='ltr'>inﬁdeli:</span> <span class='ocrx_word' id='word_1_797' title='bbox 3612 5166 3829 5231; x_wconf 66' lang='grc' dir='ltr'>ἀιέςωάίίν</span> 
     </span>
    </p>
   </div>
   <div class='ocr_carea' id='block_1_113' title="bbox 2228 5264 3833 5344">
    <p class='ocr_par' dir='ltr' id='par_1_113' title="bbox 2228 5264 3833 5344">
     <span class='ocr_line' id='line_1_113' title="bbox 2228 5264 3833 5344; baseline -0.006 -19"><span class='ocrx_word' id='word_1_798' title='bbox 2228 5269 2467 5326; x_wconf 83' lang='lat' dir='ltr'>discedat</span> <span class='ocrx_word' id='word_1_799' title='bbox 2495 5271 2705 5344; x_wconf 85' lang='lat' dir='ltr'>(ibid.);</span> <span class='ocrx_word' id='word_1_800' title='bbox 2737 5271 2825 5328; x_wconf 93' lang='lat' dir='ltr'>vel</span> <span class='ocrx_word' id='word_1_801' title='bbox 2874 5289 3010 5328; x_wconf 91' lang='lat' dir='ltr'>cum</span> <span class='ocrx_word' id='word_1_802' title='bbox 3058 5289 3237 5329; x_wconf 89' lang='lat' dir='ltr'>causa</span> <span class='ocrx_word' id='word_1_803' title='bbox 3283 5264 3670 5330; x_wconf 85' lang='lat' dir='ltr'>fornicationis</span> <span class='ocrx_word' id='word_1_804' title='bbox 3709 5265 3833 5312; x_wconf 70' lang='lat' dir='ltr'>uxor</span> 
     </span>
    </p>
   </div>
   <div class='ocr_carea' id='block_1_114' title="bbox 2227 5352 3831 5434">
    <p class='ocr_par' dir='ltr' id='par_1_114' title="bbox 2227 5352 3831 5434">
     <span class='ocr_line' id='line_1_114' title="bbox 2227 5352 3831 5434; baseline 0.002 -19"><span class='ocrx_word' id='word_1_805' title='bbox 2227 5357 2598 5432; x_wconf 89' lang='lat' dir='ltr'>relinquitur,</span> <span class='ocrx_word' id='word_1_806' title='bbox 2630 5361 2702 5417; x_wconf 91' lang='lat' dir='ltr'>de</span> <span class='ocrx_word' id='word_1_807' title='bbox 2731 5377 2849 5434; x_wconf 92' lang='lat' dir='ltr'>qua</span> <span class='ocrx_word' id='word_1_808' title='bbox 2894 5361 3034 5418; x_wconf 90' lang='lat' dir='ltr'>item</span> <span class='ocrx_word' id='word_1_809' title='bbox 3069 5361 3284 5418; x_wconf 88' lang='lat' dir='ltr'>Paulus</span> <span class='ocrx_word' id='word_1_810' title='bbox 3331 5362 3472 5418; x_wconf 88' lang='lat' dir='ltr'>dicit</span> <span class='ocrx_word' id='word_1_811' title='bbox 3503 5377 3516 5415; x_wconf 90' lang='lat'><strong>:</strong></span> <span class='ocrx_word' id='word_1_812' title='bbox 3546 5356 3636 5412; x_wconf 74' lang='lat' dir='ltr'>His</span> <span class='ocrx_word' id='word_1_813' title='bbox 3675 5352 3831 5434; x_wconf 52' lang='lat' dir='ltr'>0w&quot;!</span> 
     </span>
    </p>
   </div>
   <div class='ocr_carea' id='block_1_115' title="bbox 2224 5426 3832 5524">
    <p class='ocr_par' dir='ltr' id='par_1_115' title="bbox 2224 5426 3832 5524">
     <span class='ocr_line' id='line_1_115' title="bbox 2224 5426 3832 5524; baseline 0.004 -20"><span class='ocrx_word' id='word_1_814' title='bbox 2224 5450 2322 5522; x_wconf 87' lang='lat' dir='ltr'>qui</span> <span class='ocrx_word' id='word_1_815' title='bbox 2347 5426 2412 5504; x_wconf 74' lang='lat' dir='ltr'>in</span> <span class='ocrx_word' id='word_1_816' title='bbox 2433 5426 2786 5506; x_wconf 77' lang='lat' dir='ltr'>matrimonio</span> <span class='ocrx_word' id='word_1_817' title='bbox 2805 5452 2991 5522; x_wconf 85' lang='lat' dir='ltr'>juncti</span> <span class='ocrx_word' id='word_1_818' title='bbox 3017 5460 3166 5518; x_wconf 88' lang='lat' dir='ltr'>sunt,</span> <span class='ocrx_word' id='word_1_819' title='bbox 3189 5455 3453 5524; x_wconf 64' lang='lat' dir='ltr'>praecipio</span> <span class='ocrx_word' id='word_1_820' title='bbox 3496 5463 3602 5505; x_wconf 74' lang='lat' dir='ltr'>non</span> <span class='ocrx_word' id='word_1_821' title='bbox 3625 5454 3727 5510; x_wconf 66' lang='lat' dir='ltr'><strong><em>090v</em></strong></span> <span class='ocrx_word' id='word_1_822' title='bbox 3753 5426 3832 5486; x_wconf 62' lang='grc' dir='ltr'><strong><em>δαί</em></strong></span> 
     </span>
    </p>
   </div>
   <div class='ocr_carea' id='block_1_116' title="bbox 2224 5527 3828 5626">
    <p class='ocr_par' dir='ltr' id='par_1_116' title="bbox 2224 5527 3828 5626">
     <span class='ocr_line' id='line_1_116' title="bbox 2224 5527 3828 5626; baseline 0.001 -32"><span class='ocrx_word' id='word_1_823' title='bbox 2224 5540 2748 5607; x_wconf 76' lang='lat' dir='ltr'>Dominus,ua:orem</span> <span class='ocrx_word' id='word_1_824' title='bbox 2777 5557 2812 5593; x_wconf 87' lang='lat' dir='ltr'>a</span> <span class='ocrx_word' id='word_1_825' title='bbox 2838 5542 2958 5596; x_wconf 86' lang='lat' dir='ltr'>viro</span> <span class='ocrx_word' id='word_1_826' title='bbox 2986 5558 3094 5596; x_wconf 87' lang='lat' dir='ltr'>non</span> <span class='ocrx_word' id='word_1_827' title='bbox 3123 5541 3426 5610; x_wconf 78' lang='lat' dir='ltr'>discedere,-</span> <span class='ocrx_word' id='word_1_828' title='bbox 3443 5535 3578 5612; x_wconf 82' lang='lat' dir='ltr'>quod</span> <span class='ocrx_word' id='word_1_829' title='bbox 3593 5527 3828 5626; x_wconf 52' lang='grc' dir='ltr'>εἰιξιξςτεξ</span> 
     </span>
    </p>
   </div>
   <div class='ocr_carea' id='block_1_117' title="bbox 2223 5613 3827 5700">
    <p class='ocr_par' dir='ltr' id='par_1_117' title="bbox 2223 5613 3827 5700">
     <span class='ocr_line' id='line_1_117' title="bbox 2223 5613 3827 5700; baseline -0.006 -16"><span class='ocrx_word' id='word_1_830' title='bbox 2223 5632 2375 5697; x_wconf 85' lang='lat' dir='ltr'>serit,</span> <span class='ocrx_word' id='word_1_831' title='bbox 2405 5645 2626 5685; x_wconf 86' lang='lat' dir='ltr'>manere</span> <span class='ocrx_word' id='word_1_832' title='bbox 2656 5631 2964 5700; x_wconf 86' lang='lat' dir='ltr'>innuptam,</span> <span class='ocrx_word' id='word_1_833' title='bbox 2993 5638 3044 5686; x_wconf 88' lang='lat' dir='ltr'>et</span> <span class='ocrx_word' id='word_1_834' title='bbox 3072 5632 3255 5686; x_wconf 85' lang='lat' dir='ltr'>virum</span> <span class='ocrx_word' id='word_1_835' title='bbox 3283 5646 3506 5687; x_wconf 68' lang='lat' dir='ltr'>uxorem</span> <span class='ocrx_word' id='word_1_836' title='bbox 3534 5638 3638 5680; x_wconf 83' lang='lat' dir='ltr'>non</span> <span class='ocrx_word' id='word_1_837' title='bbox 3662 5613 3827 5700; x_wconf 64' lang='grc' dir='ltr'>ἀὶνηίίζ</span> 
     </span>
    </p>
   </div>
   <div class='ocr_carea' id='block_1_118' title="bbox 2225 5695 3826 5792">
    <p class='ocr_par' dir='ltr' id='par_1_118' title="bbox 2225 5695 3826 5792">
     <span class='ocr_line' id='line_1_118' title="bbox 2225 5695 3826 5792; baseline 0.001 -18"><span class='ocrx_word' id='word_1_838' title='bbox 2225 5727 2334 5774; x_wconf 88' lang='lat' dir='ltr'>tere</span> <span class='ocrx_word' id='word_1_839' title='bbox 2362 5695 2408 5790; x_wconf 74' lang='grc' dir='ltr'>(ι</span> <span class='ocrx_word' id='word_1_840' title='bbox 2437 5719 2556 5774; x_wconf 87' lang='lat' dir='ltr'>Cor.</span> <span class='ocrx_word' id='word_1_841' title='bbox 2587 5735 2686 5783; x_wconf 84' lang='lat' dir='ltr'>vn,</span> <span class='ocrx_word' id='word_1_842' title='bbox 2717 5695 2823 5789; x_wconf 58' lang='lat' dir='ltr'>lOl.</span> <span class='ocrx_word' id='word_1_843' title='bbox 2856 5695 3018 5785; x_wconf 84' lang='lat' dir='ltr'>Quod</span> <span class='ocrx_word' id='word_1_844' title='bbox 3050 5736 3216 5792; x_wconf 72' lang='lat' dir='ltr'>aequa</span> <span class='ocrx_word' id='word_1_845' title='bbox 3259 5718 3425 5777; x_wconf 89' lang='lat' dir='ltr'>lance</span> <span class='ocrx_word' id='word_1_846' title='bbox 3471 5695 3826 5792; x_wconf 52' lang='lat' dir='ltr'>pensaturi.ut</span> 
     </span>
    </p>
   </div>
  </div>
