4204 6520
365 492 472 550 7M

1268 494 1368 553 DE
1411 493 1782 553 DlVORTlO
1827 491 2199 553 LOTHARII
2244 491 2343 552 ET
2389 492 2851 554 TETBEliG/E.

363 629 485 680 tur:
501 621 664 695 quisi
680 625 810 695 post
839 623 1041 679 datum
1073 630 1506 680 sacramentum
1525 625 1710 680 redire
1733 624 2002 693 noluerit,
2033 626 2088 691 Α
2119 623 2260 678 tiam
2275 623 2564 679 nolentem
2580 625 2863 680 Venantio
2879 627 3131 684 Lunensi
3154 630 3424 703 episcopo
3447 632 3652 688 scribit
3672 634 3760 688 di-

365 713 515 769 exire
546 711 841 768 nolentem
867 731 900 767 a
929 712 1166 768 domino
1196 713 1370 768 liceat
1402 714 1674 788 occupari
1708 731 1720 769 :
1755 731 1868 768 non
1901 714 2008 768 ob-

367 806 660 858 servantes
682 806 877 856 autem
902 818 969 857 ea
989 819 1115 873 quae
1140 802 1534 874 promiserint,
1553 803 2010 858 acommunione

366 889 758 946 ecclesiastica
778 891 1064 961 jubentur
1093 892 1337 946 abscidi.
1377 915 1402 939 »
1436 892 1548 947 Sed
1579 896 1635 948 et
1665 893 1722 946 in
1755 893 2010 947 secundo

365 978 618 1051 capitulo
643 979 906 1050 ejusdem
930 979 1160 1034 concilii
1193 980 1474 1052 scriptum
1498 986 1588 1036 est
1608 985 1752 1050 (ean.
1788 984 1861 1048 4),
1889 1006 1913 1030 ‹‹
1940 981 2012 1035 Ut

364 1069 413 1124 si
445 1070 516 1124 ad
549 1067 854 1123 ecclesiam
914 1073 1112 1140 raptor
1169 1085 1302 1124 cum
1363 1075 1529 1142 rapta
1575 1071 1919 1143 confugerit,
1954 1074 2012 1125 et

365 1157 642 1212 feminam
691 1156 882 1229 ipsam
931 1157 1264 1213 violentiam
1312 1158 1624 1230 pertulisse
1663 1159 2008 1226 constiterit,

362 1247 567 1302 statim
619 1245 900 1303 liberetur
945 1248 1015 1301 de
1068 1251 1351 1319 potestate
1405 1249 1672 1320 raptoris.
1705 1253 1762 1303 et
1793 1253 2008 1320 raptor,

364 1335 570 1389 mortis
600 1325 686 1391 vel
718 1352 1022 1407 pmnarum
1045 1336 1394 1408 impunitate
1423 1354 1722 1403 concessa,
1755 1344 1855 1392 aut
1885 1355 2012 1392 ser-

360 1423 556 1479 viendi
606 1424 926 1479 conditioni
985 1413 1286 1497 subjectus
1334 1427 1432 1496 sit,
1466 1431 1566 1481 aut
1597 1426 1916 1482 redimendi
1951 1444 2013 1482 se

362 1513 609 1568 liberam
663 1513 875 1568 habeat
931 1513 1287 1569 facultatem.
1318 1515 1376 1570 Si
1426 1532 1558 1570 vero
1603 1533 1730 1586 quae
1791 1515 2014 1587 rapitur

362 1605 590 1674 patrem
614 1602 826 1658 habere
848 1603 1192 1671 constiterit,
1217 1607 1274 1658 et
1294 1604 1487 1675 puella
1518 1604 1732 1677 raptori
1764 1621 2012 1659 consen-

363 1689 528 1756 serit,
562 1691 834 1762 potestati
893 1690 1078 1763 patris
1133 1697 1406 1747 excusata
1462 1694 1758 1748 reddatur.
1797 1714 1823 1740 ››
1855 1694 1924 1747 Et
1952 1693 2011 1747 in

361 1778 611 1834 concilio
632 1778 901 1834 Africano
925 1779 1206 1851 scriptum
1230 1785 1318 1835 est
1340 1780 1622 1851 (can.29):
1651 1803 1677 1830 ‹‹
1705 1780 1778 1835 Ut
1799 1780 1846 1835 si
1880 1780 2013 1852 quis

363 1867 685 1940 cujuslibet
705 1868 942 1924 honoris
963 1869 1209 1924 clericus
1212 1869 1439 1940 judicio
1459 1869 1861 1942 episcoporum
1878 1886 2014 1941 quo-

2120 730 2256 768 cens
2270 713 2493 783 (lib.vn,
2509 714 2698 769 indiet.
2717 717 2802 782 11,
2817 717 2971 787 epist.
2986 717 3104 789 28):
3127 741 3154 768 «
3170 720 3454 784 Quoniam
3469 721 3762 792 aequitatis

2119 819 2365 856 censura
2385 803 2678 867 admonet,
2705 808 2769 857 ut
2795 805 3116 859 maximum
3149 809 3460 873 conversis,
3489 809 3647 864 salva
3678 828 3762 866 ra-

2120 891 2294 958 tione,
2320 891 2646 962 episcopale
2670 893 2874 947 debeat
2896 893 3098 947 adesse
3123 894 3416 966 solatium,
3444 898 3655 954 idcirco
3672 900 3762 955 his

2120 979 2541 1034 fraternitatem
2567 985 2817 1035 vestram
2839 982 3104 1053 epistolis
3127 983 3599 1052 adhortamur,ut
3619 1005 3760 1060 prae-

2121 1068 2334 1122 dictam
2359 1073 2603 1124 matrem
2629 1069 2814 1141 ipsius
2834 1071 3140 1126 Adeodatae
3153 1073 3223 1127 ad
3249 1090 3311 1127 se
3332 1073 3760 1142 faciatevocari,

2119 1161 2178 1210 et
2193 1156 2568 1229 tranquillaei
2592 1157 2996 1213 adhortatione
3010 1162 3543 1229 suadeat,utfacere
3559 1171 3765 1236 sponte

2122 1262 2235 1299 non
2266 1245 2496 1300 desinat
2524 1247 2595 1300 ad
2629 1247 2783 1317 quod
2809 1246 2978 1318 legali
3001 1252 3191 1320 potest
3220 1250 3442 1306 ratione
3473 1253 3762 1324 compelli,

2121 1337 2411 1405 quatenus
2439 1351 2543 1388 nec
2573 1333 2674 1388 illa
2703 1335 2904 1407 affligi,
2941 1353 3045 1391 nec
3077 1337 3196 1392 haec
3240 1339 3508 1396 videatur
3555 1345 3764 1414 praeju-

2121 1420 2340 1476 dicium
2363 1422 2672 1478 sustinere.
2697 1425 2829 1488 Quae
2852 1423 2922 1492 si,
2949 1427 3012 1478 ut
3034 1443 3147 1480 non
3170 1427 3484 1496 credimus,
3509 1430 3768 1486 admoni-

2122 1510 2338 1566 tionem
2363 1515 2612 1566 vestram
2635 1511 2863 1566 diifcrre
2883 1512 3441 1586 voluerit,praedictae
3463 1519 3765 1576 Adeodatae

2124 1599 2406 1672 religiosae
2459 1605 2660 1655 contra
2715 1617 2843 1656 eam
2881 1601 3183 1658 tuitionem
3220 1605 3561 1678 impendite,
3594 1614 3768 1681 atque

2120 1689 2329 1744 vestris
2371 1707 2498 1744 eam
2546 1690 2771 1745 solatiis
2802 1692 2952 1762 apud
2979 1693 3262 1762 judicem,
3297 1696 3382 1750 vel
3416 1714 3767 1771 quocunque

2123 1796 2268 1834 usus
2314 1779 2584 1850 exegerit,
2632 1778 2947 1835 instantius
3007 1782 3295 1852 adjuvate,
3329 1789 3384 1838 et
3413 1785 3493 1841 ita
3523 1787 3582 1841 in
3612 1805 3769 1845 exse-

2122 1866 2354 1936 quenda
2385 1865 2490 1920 hac
2519 1883 2620 1920 vos
2657 1883 2834 1921 causa
2875 1867 3213 1939 impendite,
3246 1875 3309 1925 ut
3340 1871 3510 1945 legali
3541 1875 3765 1932 ratione

363 1956 856 2028 cunquecrimine
869 1957 1042 2013 fuerit
1064 1959 1396 2026 damnatus,
1416 1958 2013 2029 nonliceateum,sive
2047 1995 2092 2058 Β
2123 1955 2456 2021 constricta,
2483 1955 2663 2010 invita
2689 1961 2967 2027 urgeatur
2988 1958 3174 2013 facere
3196 1962 3349 2030 quod
3371 1967 3574 2034 sponte
3605 1969 3765 2036 post-

362 2047 435 2100 ab
460 2044 722 2101 ecclesiis
748 2045 964 2117 quibus
998 2047 1248 2117 praefuit,
1273 2047 1392 2102 sive
1422 2065 1456 2102 a
1486 2048 1748 2119 quolibet
1779 2047 2015 2103 homine

363 2134 680 2202 defensari,
714 2134 1055 2207 interposita
1083 2153 1253 2207 poena
1283 2136 1503 2202 damni,
1538 2136 1816 2210 pecuniae,
1841 2142 2016 2208 atque

361 2224 630 2290 honoris,
664 2241 779 2296 quo
810 2240 915 2279 nec
946 2229 1194 2292 aetatem,
1228 2242 1333 2280 nec
1365 2243 1568 2281 sexum
1617 2227 2013 2282 excusandum

362 2330 497 2369 esse
557 2312 752 2386 legum
813 2312 1278 2385 promulgatores
1338 2315 1694 2387 praecipiant.
1731 2338 1756 2363 »
1789 2319 2014 2379 Quanto

366 2402 880 2474 minusepiscopi,
913 2402 1204 2474 aequitatis
1260 2403 1528 2458 videlicet
1584 2405 2013 2475 praedicatores,

365 2507 729 2564 quemquam
764 2491 874 2546 sub
906 2491 1098 2562 specie
1129 2491 1361 2563 pietatis
1394 2491 1610 2562 injuste
1640 2494 1888 2548 debeant
1918 2494 2014 2547 de-

369 2579 653 2635 fensare?
684 2579 1009 2651 praesertim
1060 2597 1194 2635 cum
1243 2580 1504 2653 relegant
1551 2582 1834 2653 scriptum
1866 2599 2013 2649 esse,

368 2669 427 2724 Si
453 2671 611 2723 recte
633 2669 864 2735 offeras,
887 2672 1039 2723 recte
1071 2672 1266 2724 autem
1299 2687 1412 2724 non
1443 2668 1689 2738 dividas,
1729 2671 1974 2743 peccasti
2002 2688 2015 2739 ;

365 2761 424 2812 et
459 2773 475 2811 :
511 2758 656 2813 Iuste
685 2757 825 2828 quod
845 2758 1058 2828 justum
1087 2765 1164 2814 est
1200 2760 1510 2830 exsequeris
1542 2758 1724 2832 (De-ut.
1757 2777 1870 2826 xvr,
1903 2760 2015 2831 20).

364 2845 589 2901 Verum
623 2845 672 2902 si
703 2846 795 2901 cui
829 2847 1110 2918 quiddam
1170 2864 1376 2902 sonare
1406 2847 1634 2902 videtur
1661 2849 2017 2904 contrarium

360 2935 807 2992 Aurelianensis
857 2937 1112 3008 synodus
1160 2936 1406 2992 decretis
1462 2937 1789 3009 apostolicae
1840 2939 2017 3004 sedis,

362 3024 653 3097 quoniam
710 3025 830 3080 haec
874 3025 946 3079 de
977 3024 1348 3096 impunitate,
1370 3025 1470 3081 illa
1499 3026 1570 3081 de
1599 3026 1868 3098 aequitate
1898 3045 2016 3084 ser-

363 3115 566 3169 vanda
620 3113 880 3186 postulat
934 3118 1318 3182 sacramenta,
1370 3115 1673 3171 sciendum
1731 3121 1840 3183 est,
1882 3118 2021 3189 quia

362 3203 581 3258 beatus
613 3202 936 3279 Gregorius
967 3203 1036 3258 de
1061 3202 1154 3259 his
1185 3203 1449 3275 personis
1493 3204 1655 3272 dicit,
1687 3222 1812 3277 quae
1845 3223 1905 3261 se
1928 3207 2021 3277 ju-

359 3292 614 3348 stiﬁcari
637 3291 695 3347 in
710 3292 938 3363 judicio
969 3292 1229 3361 credunt,
1266 3294 1364 3348 sed
1396 3293 1727 3349 violentiam
1759 3299 1892 3350 ante
1915 3297 1983 3366 ju
2005 3325 2019 3336 ι

2128 2043 2308 2114 ponit.
2340 2043 2716 2098 Memoratam
2748 2060 2880 2099 vero
2908 2043 3169 2100 latricem
3216 2049 3546 2106 fraternitas
3574 2057 3767 2108 vestra

2127 2132 2206 2186 ita
2227 2137 2453 2186 servata
2475 2132 2746 2202 aequitate
2768 2132 2997 2201 habeat,
3016 2134 3074 2188 in
3097 2137 3373 2192 omnibus
3393 2142 3766 2196 commenda-

2125 2225 2266 2288 tam,
2301 2225 2365 2275 ut
2405 2221 2569 2275 vobis
2607 2221 2656 2276 ei
2714 2221 3020 2276 tuitionem
3079 2223 3578 2295 impendentibus,
3610 2229 3669 2283 in
3701 2246 3767 2284 eo

2126 2325 2298 2380 quem
2323 2310 2645 2379 assumpsit
2665 2308 2868 2363 habitu
2890 2309 3015 2364 sine
3037 2310 3255 2382 aliqua,
3271 2313 3387 2368 Deo
3407 2320 3764 2388 protegente,

2126 2397 2506 2451 concussione
2540 2401 2930 2467 permaneat.»
2966 2399 3034 2452 Et
3064 2399 3134 2453 ad
3167 2401 3512 2458 Januarium
3544 2405 3765 2476 episco-

2125 2503 2266 2557 pum
2300 2485 2578 2539 Sardiniae
2604 2501 2616 2512 ο
2651 2509 2677 2534 ‹‹
2712 2487 2796 2539 Ad
2829 2486 2937 2540 hoc
2973 2487 3359 2560 Redemptum
3400 2493 3766 2550 defensorem

2128 2578 2393 2629 nostrum
2427 2575 2799 2645 praesentium
2833 2575 3327 2646 portitoremilluc
3358 2581 3770 2650 direximus,ut

2127 2667 2184 2716 et
2206 2667 2398 2733 partes
2420 2662 2478 2716 in
2493 2663 2718 2734 judicio
2741 2665 3044 2720 observare
3075 2668 3402 2739 compellat,
3439 2676 3496 2726 et
3526 2689 3767 2729 exsecu—

2127 2750 2304 2805 tionis
2322 2768 2439 2804 suae
2465 2750 2743 2806 instantia
2759 2753 2829 2806 ad
2847 2753 3114 2808 effectum
3141 2773 3268 2826 quae
3289 2757 3769 2832 fuerintjudicata

2128 2840 2426 2910 perducat.
2451 2863 2477 2887 ››
2501 2840 2568 2893 Et
2590 2839 2759 2911 plura
2782 2857 2907 2912 quae
2931 2844 3299 2914 reperiuntur
3319 2846 3678 2919 hujusmodi,
3712 2855 3768 2907 et

2129 2927 2367 2999 longum
2399 2931 2486 2983 est
2515 2946 2550 2982 a
2580 2929 2746 2984 nobis
2787 2931 3136 2986 enumerari.
3171 2936 3380 2990 Contra
3432 2937 3552 2993 haec
3609 2940 3766 2995 enim

2128 3021 2341 3087 petere,
2378 3033 2492 3071 non
2524 3016 2810 3085 Ecclesiae,
2846 3035 3032 3090 neque
3079 3021 3454 3080 ecclesiastici
3505 3026 3610 3082 viri
3639 3045 3767 3084 esse

2119 3105 2274 3175 juris
2303 3105 2693 3176 cognoscitur,
2717 3123 2790 3160 ne
2819 3106 2963 3161 forte
2994 3107 3252 3164 indebita
3282 3113 3468 3183 pietas
3496 3115 3767 3188 impietas

2120 3193 2436 3263 judicetur,
2471 3193 2624 3248 sicut
2671 3199 2910 3250 sanctus
2957 3196 3303 3256 Coelestinus
3329 3202 3400 3256 ad
3433 3203 3766 3262 Nestorium

2129 3281 2368 3338 scribit:
2413 3306 2440 3331 ί(
2471 3283 2567 3337 Est
2589 3283 2765 3351 enim,
2800 3285 3093 3356 inquiens,
3129 3286 3262 3344 talis
3293 3291 3622 3363 frequenter
3653 3296 3768 3368 pie-

359 3380 592 3436 dicium
636 3379 846 3436 timent
877 3397 890 3436 :
924 3381 1193 3454 Synodus
1239 3387 1434 3436 autem
1481 3364 1934 3438 Aurelianensis
1949 3384 2020 3438 de
2052 3364 2093 3428 ί]
2131 3375 2243 3438 ἴδεν
2277 3388 2344 3425 0X
2374 3387 2490 3442 qua
2521 3377 2793 3426 ῐιᾶεθθιίυῐ·
2832 3373 3121 3446 ίιηρὶθῑᾶε.
3159 3397 3186 3425 η
3218 3377 3285 3432 Et
3315 3379 3373 3434 S.
3405 3364 3769 3454 Augustinus

357 3469 488 3526 illis
520 3468 683 3539 dicit,
716 3469 818 3543 qui
866 3487 1034 3526 suam
1089 3469 1439 3541 injustitiam
1482 3487 1595 3525 non
1629 3472 2016 3543 abscondunt,

360 3558 616 3632 insuper
631 3562 688 3615 et
702 3558 1038 3615 violentiam
1061 3575 1194 3614 cum
1219 3559 1490 3630 aequitate
1506 3559 1715 3630 judicii
1738 3561 2017 3633 pertime-

364 3652 544 3704 scunt
570 3664 583 3702 :
608 3665 726 3704 non
752 3652 950 3704 autem
973 3649 1044 3704 de
1065 3648 1189 3721 lege
1212 3649 1511 3717 connubii,
1537 3666 1715 3721 quam
1761 3649 2021 3722 speciali-

363 3740 476 3803 ter,
492 3736 582 3793 vel
607 3740 668 3792 ut
683 3736 950 3792 dicamus
972 3736 1348 3810 singulariter
1366 3737 1648 3793 Dominus
1666 3738 1724 3792 in
1746 3739 2017 3809 paradiso

364 3826 583 3897 primis
637 3826 978 3898 parentibus
1037 3826 1242 3882 dedit:
1278 3830 1334 3882 et
1376 3826 1434 3881 in
1481 3826 1785 3898 Evangelio
1842 3828 2018 3883 etiam

364 3903 654 3986 apostolis
685 3915 1186 3987 conquirentibus,
1217 3916 1371 3988 quod
1405 3915 1451 3971 si
1484 3916 1566 3972 ita
1603 3916 1691 3972 lex
1732 3921 1884 3972 esset
1912 3917 2018 3973 viri

364 4021 505 4060 cum
541 4020 742 4069 uxore,
777 4021 892 4059 non
952 4004 1248 4076 expediret
1305 4005 1543 4073 nubere,
1577 4022 1692 4060 non
1735 4007 2016 4074 mutavit;

364 4111 474 4149 nec
493 4091 714 4149 Paulus
735 4093 806 4148 ad
832 4092 1068 4149 tertium
1095 4092 1302 4148 ccelum
1323 4093 1450 4148 etin
1465 4094 1802 4165 paradisum
1817 4099 2020 4167 raptus

363 4183 629 4239 scribere
669 4183 953 4253 quiddam
993 4182 1122 4237 novi
1150 4182 1545 4254 praesumpsit,
1569 4187 1670 4238 aut
1699 4183 1918 4256 aliquid
1951 4185 2020 4240 de

363 4270 716 4343 hujusmodi
742 4270 1078 4326 defensione
1098 4271 1290 4326 dicere
1311 4271 1751 4328 attentavit.Sed
1764 4273 2023 4328 etobser—

360 4361 632 4416 vandum
656 4362 886 4415 constat
909 4358 1332 4431 legentibus,ut
1351 4360 1814 4433 quotiescunque
1835 4363 2021 4418 conci-

361 4447 518 4506 lium
540 4447 799 4520 aliquod,
807 4465 911 4521 pro
925 4448 1202 4520 temporis
1220 4449 1521 4520 qualitate,
1545 4451 1633 4506 vel
1649 4451 1890 4523 periculi
1914 4470 2018 4508 ne-

361 4537 958 4608 cessitate,quiddam
989 4537 1368 4606 consulendo,
1399 4539 1728 4611 apostolica
1755 4541 1898 4608 sedi,
1931 4541 2019 4598 vel

362 4629 460 4684 67
475 4629 527 4684 Ω
559 4625 854 4683 veteribus
885 4626 1102 4699 regulis
1139 4626 1457 4695 diversum,
1491 4628 1591 4682 sed
1623 4645 1738 4683 non
1769 4629 1902 4684 ﬁdei
1933 4630 2019 4686 vel

2129 3459 2188 3514 in
2219 3459 2367 3514 libro
2397 3465 2604 3531 quarto
2652 3465 2854 3516 contra
2898 3462 3202 3520 Julianum
3235 3467 3376 3538 (can.
3401 3470 3458 3538 3)
3490 3487 3502 3525 :
3539 3493 3566 3521 ι(
3603 3473 3768 3529 Forte

2128 3549 2392 3604 dicturus
2421 3566 2502 3619 es,
2537 3549 2748 3622 inquit,
2776 3551 3108 3608 misericors
3157 3554 3426 3613 voluntas
3475 3559 3627 3616 bona
3658 3565 3765 3617 est.

2130 3639 2303 3694 Recte
2316 3638 2469 3693 istud
2483 3638 2846 3708 diceretur,si
2862 3643 3355 3712 quemadmodum
3372 3648 3515 3704 fides
3528 3649 3766 3720 Christi,

2128 3727 2185 3781 id
2216 3731 2305 3782 est
2335 3728 2477 3782 fides
2510 3745 2635 3798 quae
2667 3745 2769 3800 per
2798 3729 3167 3787 dilectionem
3211 3740 3506 3808 operatur,
3540 3755 3770 3812 semper

2127 3820 2215 3870 est
2245 3816 2415 3881 bona,
2449 3815 2530 3870 ita
2569 3817 2967 3874 misericordia
3019 3837 3250 3893 semper
3301 3829 3454 3880 esset
3503 3827 3670 3882 bona.
3704 3830 3766 3884 Si

2128 3908 2322 3958 autem
2347 3905 2631 3975 reperitur
2658 3910 2714 3960 et
2743 3906 3142 3964 misericordia
3172 3911 3345 3980 mala,
3380 3931 3495 3985 qua
3521 3933 3768 3986 persona

2128 3993 2399 4064 pauperis
2411 3993 2696 4064 accipitur
2711 3994 2766 4048 in
2778 3996 3455 4073 judicio,propterquam
3475 4008 3766 4075 postremo

2129 4099 2226 4137 rex
2248 4080 2384 4137 Saul
2409 4083 2620 4138 meruit
2641 4100 2675 4138 a
2695 4084 2939 4140 Domino
2973 4088 3175 4159 utique
3213 4089 3584 4148 misericorde
3611 4095 3769 4153 dam-

2129 4169 2276 4240 nari,
2302 4169 2438 4241 quia
2467 4175 2670 4225 contra
2698 4173 2826 4242 ejus
2857 4180 3207 4246 praeceptum
3256 4181 3482 4252 captivo
3516 4183 3634 4257 regi
3666 4202 3770 4258 per

2129 4259 2455 4314 humanum
2504 4261 2761 4333 pepercit
2809 4263 3080 4320 affectum
3113 4268 3160 4336 (Ι
3180 4269 3303 4340 Reg.
3337 4271 3451 4343 xv),
3489 4274 3769 4332 attentius

2129 4347 2337 4420 cogita,
2361 4365 2433 4403 ne
2455 4349 2599 4404 forte
2621 4350 3020 4407 misericordia
3045 4353 3198 4411 bona
3228 4374 3342 4413 non
3379 4359 3472 4430 sit,
3498 4361 3611 4418 nisi
3641 4381 3767 4436 quas

2128 4437 2307 4508 hujus
2339 4437 2499 4492 bonae
2532 4438 2664 4493 ﬁdei
2700 4439 2891 4495 fuerit.
2924 4441 3044 4497 Imo
3074 4447 3380 4520 responde,
3405 4455 3470 4506 ut
3500 4451 3608 4507 hoc
3641 4453 3768 4512 sine

2129 4527 2490 4582 dubitatione
2511 4528 3053 4600 perspicias,utrum
3077 4534 3291 4592 bonam
3309 4539 3768 4602 misericordiam

2127 4615 2424 4671 existimes
2445 4617 2600 4672 080
2619 4616 2934 4676 inﬁdelem.
2983 4622 3156 4678 Porro
3181 4625 3230 4680 si
3260 4628 3467 4685 vitium
3496 4636 3585 4688 est
3617 4634 3769 4691 male

363 4714 642 4788 religioni
692 4715 1001 4771 adversum
1060 4715 1382 4772 decrevisse
1431 4715 1661 4788 legitur,
1695 4719 2017 4774 secundum
2053 4737 2099 4800 Ι)
2134 4705 2415 4800 ωίῗθνθνί,
2467 4706 2669 4778 PI‘OC111
2701 4708 2878 4764 dubio
2907 4711 3114 4768 Vitium
3143 4720 3232 4771 est
3263 4717 3572 4776 inﬁdeliter
3601 4723 3770 4778 mise-

361 4805 529 4877 quod
563 4804 624 4858 in
655 4804 885 4860 Nicteno
917 4804 1162 4860 concilio
1203 4804 1458 4876 capitulo
1489 4809 1648 4860 sexto
1679 4805 1910 4878 legitur,
1942 4809 2022 4865 De

361 4911 432 4950 eo
456 4894 618 4967 quod
646 4882 942 4949 communi
965 4899 1309 4949 cunctorum
1333 4894 1561 4950 decreto
1587 4895 1939 4965 rationabili,
1964 4903 2021 4954 et

361 4983 702 5048 secundum
735 4981 998 5055 regulam
1030 4982 1482 5038 ecclesiasticam
1503 4985 2019 5055 comprobato,duo

361 5077 472 5127 aut
506 5076 629 5128 tres
660 5068 1088 5140 contradicunt,
1123 5074 1413 5142 quatenus
1445 5070 1704 5126 obtineat
1735 5073 2021 5128 sententia

351 5161 786 5233 plurimorum.
811 5160 914 5228 Ita,
959 5159 1112 5214 sicut
1144 5159 1347 5214 scribit
1376 5157 1640 5215 Gelasius
1671 5163 1847 5232 (epist.
1881 5163 1934 5231 6,
1961 5163 2016 5231 6,

351 5250 442 5322 2),
476 5247 694 5322 priscis
731 5265 855 5320 'pro
913 5265 1021 5304 sua
1079 5249 1397 5304 reverentia
1454 5250 1829 5306 manentibus
1878 5267 2018 5306 con-

357 5337 615 5406 stitutis,
651 5349 778 5408 quae
811 5336 909 5392 ubi
953 5335 1116 5392 nulla
1160 5336 1248 5393 vel
1297 5353 1492 5392 rerum
1542 5337 1631 5393 vel
1688 5342 2017 5412 temporum

357 5428 647 5498 perurget
667 5423 940 5496 angustia
959 5423 1300 5496 regulariter
1337 5426 1605 5481 convenit
1625 5427 1927 5496 custodiri,
1961 5427 2020 5482 id

358 5513 570 5586 potius
594 5514 960 5586 sequendum
988 5529 1119 5570 esse
1148 5513 1512 5585 dignoscitur
1531 5516 1683 5586 quod
1704 5515 2021 5588 apostolica

360 5603 544 5673 sedes
575 5599 1052 5675 irret‘ragabiliter
1081 5601 1264 5658 teneri
1295 5603 1565 5670 decrevit,
1597 5601 1685 5658 vel
1717 5602 1885 5674 plura
1915 5607 2017 5660 seu

359 5688 620 5760 majoris
646 5680 1008 5745 auctoritatis
1038 5688 1284 5744 concilia
1311 5693 1661 5746 statuerunt.

414 5841 419 5845 _
437 5773 608 5837 Idem
621 5791 854 5855 quoque
864 5776 1072 5864 beatus
1085 5777 1396 5858 Gregorius
1413 5778 1742 5858 urgendum
1755 5777 1855 5854 adj
1865 5777 2017 5838 usti-

2133 4793 2263 4848 reri.
2301 4817 2327 4844 ››
2358 4795 2538 4850 Nemo
2585 4796 2801 4870 quippe
2831 4799 2914 4854 sic
2945 4801 3296 4872 misericors,
3331 4813 3546 4879 quanto
3579 4811 3767 4881 magis

2129 4882 2244 4937 Deo
2265 4883 2696 4941 misericordior
2716 4889 2926 4960 poterit
2963 4890 3228 4959 inveniri,
3253 4911 3428 4965 quem
3459 4897 3767 4955 Psalmista

2129 4971 2590 5030 misericordiam
2620 4975 2801 5032 voluit
2830 4978 3120 5050 appellare
3169 4982 3369 5039 dicens
3404 5001 3415 5039 :
3449 4986 3588 5041 Deus
3612 5004 3766 5044 meus

2126 5062 2502 5118 misericordia
2544 5080 2664 5119 mea
2696 5066 2862 5133 (Psal.
2899 5084 3052 5132 Lvm,
3087 5069 3192 5138 18),
3255 5069 3356 5141 qui
3391 5072 3571 5142 justis
3609 5075 3768 5144 judi-

2128 5150 2295 5206 cibus
2325 5151 2396 5206 de
2427 5152 2672 5208 muliere
2698 5153 2757 5206 in
2790 5154 3072 5210 adulterio
3131 5156 3490 5228 deprehensa
3537 5161 3767 5235 sibique

2128 5239 2341 5306 oblata,
2367 5241 2601 5312 justum
2634 5241 2928 5312 judicium
2961 5242 3149 5299 noluit
3177 5244 3376 5302 tollere
3405 5249 3583 5318 (Joan.
3615 5257 3762 5323 vm).

2127 5328 2290 5385 Unde
2321 5334 2558 5386 sanctus
2588 5330 2974 5403 Hieronymus
2989 5349 3218 5388 versum
3237 5335 3446 5406 psalmi
3471 5355 3765 5412 exponens

2128 5418 2269 5474 dicit
2300 5435 2311 5474 :
2345 5420 2570 5490 Propter
2595 5421 2891 5491 veritatem,
2915 5429 2965 5476 et
2992 5424 3490 5495 mansuetudinem,
3523 5437 3575 5485 et
3594 5431 3764 5502 justi-

2128 5511 2265 5563 tiam
2294 5508 2461 5581 (Psal.
2485 5524 2633 5572 xuv,
2654 5509 2731 5578 5).
2765 5508 2991 5563 Veritas
3019 5509 3144 5580 ipse
3174 5516 3262 5567 est
3291 5513 3580 5587 Christus,
3609 5523 3765 5579 unde

2127 5597 2197 5652 de
2227 5595 2329 5652 illa
2357 5595 2599 5651 muliere
2629 5595 2774 5651 dixit
2802 5597 2874 5652 ad
2902 5597 3136 5654 Judaeos
3167 5615 3181 5654 :
3219 5601 3326 5670 Qui
3378 5606 3500 5661 stne
3549 5609 3763 5679 peccato

2123 5693 2204 5741 est
2256 5692 2514 5752 vestrum,
2553 5685 2710 5754 prior
2765 5686 2825 5739 in
2880 5687 3002 5741 eam
3057 5688 3295 5760 lapidem
3344 5695 3529 5751 mittat
3580 5698 3758 5768 (Joan.

2124 5789 2247 5846 vm,
2277 5776 2354 5849 7).
2389 5773 2794 5845 Mansuetudo,
2827 5777 3060 5854 quando
3091 5778 3236 5842 dixit
3263 5798 3276 5842 :
3308 5784 3535 5866 Nec-ego
3556 5797 3608 5852 te
3633 5795 3770 5852 conc
