4204 6456
355 398 473 458 749

1274 400 1377 462 DE
1419 401 1793 464 DIVORTIO
1836 402 2207 464 LOTHARII
2250 403 2350 464 ET
2392 406 2846 468 'l‘ETBEltG/E.

3633 415 3756 474 750

347 529 495 618 psit.
526 529 650 598 Nos,
681 529 978 602 inquiens,
1007 539 1059 587 et
1086 531 1228 604 quod
1255 540 1442 588 contra
1468 535 1558 604 fas
1581 543 1679 602 est,
1713 535 1880 590 etiam
1913 549 2004 589 sn-
2038 535 2090 601 Α
2122 537 2186 589 ut
2215 551 2393 607 supra
2440 536 2718 604 diximus,
2751 539 3112 596 demonstrat
3151 543 3370 613 dicens,
3407 547 3753 618 Congregutis

350 617 590 674 cerdotcs
635 619 885 674 volumus
931 635 1046 676 esse
1081 629 1365 677 correctos.
1403 621 1685 694 Relegant
1733 621 1833 694 qui
1884 621 2006 676 haec

351 705 558 762 dicunt
583 708 763 764 Actus
793 707 1283 780 apostolorum,et
1309 708 1564 776 videant,
1598 710 1738 783 quia
1755 711 1826 766 de
1857 727 2006 782 quaa-

349 794 541 852 stione
569 793 1036 854 circumcisionis
1067 801 1124 854 et
1154 797 1556 854 observatione
1577 797 2002 871 legis,quidam

348 884 772 942 descendentes
805 885 878 942 ab
907 883 1232 942 Jerusalem
1263 885 1321 940 in
1345 885 1714 942 Antiochiam
1744 903 2002 942 commo-

355 976 568 1028 verunt
593 973 942 1030 seditionem
975 975 1254 1030 adversus
1286 973 1530 1030 Paulum
1561 979 1620 1030 et
1650 975 1999 1045 Barnabam,

349 1061 494 1117 adeo
525 1065 589 1116 ut
619 1060 932 1118 statuerint
963 1079 1066 1134 pro
1099 1062 1218 1118 haec
1245 1063 1587 1135 quaestione,
1623 1063 1823 1119 missis
1863 1080 1998 1119 cum

347 1149 569 1206 eisdem
591 1149 766 1206 etiam
791 1150 1264 1219 aliis,ascendere
1290 1151 1750 1224 Hierosolymam
1773 1152 1844 1207 ad
1868 1168 1997 1224 apo-

349 1237 529 1294 stolos
551 1243 607 1294 et
618 1239 1008 1312 presbyteros,
1024 1239 1096 1294 de
1116 1256 1233 1312 qua
1256 1239 1459 1296 itidem
1483 1239 1726 1311 quaestio
1753 1243 1882 1312 post
1902 1241 2000 1296 ad-

345 1331 584 1382 ventum
617 1343 820 1383 eorum
852 1331 1011 1384 mota
1037 1332 1126 1383 est
1155 1344 1190 1382 a
1219 1327 1574 1400 quibusdam
1602 1345 1671 1382 ex
1693 1327 1998 1384 Pharisaeis

346 1415 408 1471 in
431 1414 758 1472 Jerusalem
793 1433 806 1472 :
839 1421 898 1472 et
921 1417 1471 1489 perpendent,quod
1501 1415 1672 1472 aliter
1699 1434 1767 1472 ex
1797 1433 1865 1472 ea
1894 1417 1999 1472 dif-

345 1503 580 1560 ﬁnitnm
612 1521 647 1560 a
676 1503 862 1574 Petro,
894 1509 952 1560 et
993 1503 1071 1560 sit
1111 1505 1442 1576 judicatum
1487 1523 1522 1560 a
1546 1505 1782 1575 Jaeoho,
1817 1523 1995 1578 quam

345 1591 430 1647 illi
453 1592 812 1664 judicarent,
843 1597 900 1649 et
928 1591 1271 1662 difﬁnirent,
1305 1597 1361 1649 et
1413 1609 1584 1648 nemo
1633 1594 1712 1650 sit
1757 1594 1994 1651 illorum

343 1681 661 1736 damnatus
705 1681 838 1754 (Act.
890 1685 1006 1751 xv).
1037 1681 1286 1737 Videant
1343 1699 1576 1754 quoque
1634 1681 1693 1738 in
1737 1683 1996 1756 Epistola

345 1769 508 1826 Pauli
539 1770 614 1826 ad
635 1769 890 1838 Galatas,
908 1769 1141 1826 Petrum
1179 1771 1250 1826 de
1279 1769 1656 1826 simulatione
1685 1771 1758 1827 ab
1789 1773 1992 1828 eodem

341 1857 520 1914 Paulo
541 1857 982 1930 reprehensum,
1003 1863 1358 1931 correptum,
1383 1863 1558 1930 atque
1580 1864 1993 1928 correctum,et

339 1964 456 2002 non
487 1947 834 2002 damnatum
865 1963 878 2001 :
912 1950 970 2002 et
999 1948 1264 2002 eamdem
1301 1946 1725 2018 correptionem
1751 1965 1782 2002 a
1803 1948 1992 2020 primo

339 2033 737 2109 apostolorum
761 2035 903 2090 adeo
926 2039 1308 2108 acceptatam,
1327 2041 1390 2090 ut
1411 2037 1648 2091 easdem
1677 2036 1833 2092 Pauli
1858 2037 1990 2108 Epi-

338 2123 541 2187 stolas,
573 2121 632 2178 in
665 2123 881 2196 quibus
912 2139 973 2179 se
1023 2124 1438 2196 reprehensum
1491 2123 1726 2197 legerat,
1763 2125 1992 2198 magnis

323 2212 616 2283 laudibus
643 2212 955 2268 honoraret
985 2213 1127 2284 (Gal.
1158 2231 1230 2280 1|;
1263 2215 1314 2269 ll
1341 2214 1485 2269 Petr.
1521 2220 1628 2283 ιιι).
1660 2214 1729 2268 Et
1755 2231 1826 2269 ne
1857 2214 1992 2286 quis

339 2301 515 2367 dicat,
548 2305 613 2356 ut
663 2301 988 2358 secundum
1041 2301 1405 2373 Scripturam
1455 2302 1648 2357 minor
1693 2320 1728 2358 a
1771 2303 1991 2374 majore

337 2389 705 2446 benedicitur
726 2391 906 2463 (Hebr.
936 2407 1036 2458 vn,
1067 2389 1144 2463 7),
1175 2391 1255 2446 ita
1300 2408 1418 2446 non
1464 2391 1652 2462 major
1702 2409 1738 2447 a
1765 2391 1990 2447 minore

329 2478 718 2550 judicabitur.
749 2477 949 2551 legant
1002 2478 1164 2536 Pauli
1213 2479 1504 2552 Epistolas
1532 2481 1604 2536 ad
1635 2479 1986 2548 Corinthios,

335 2572 392 2624 et
421 2567 719 2624 invenient
750 2568 1256 2642 archiepiscopum
1279 2573 1337 2624 et
1366 2569 1664 2625 doctorem
1687 2569 1987 2642 egregium

312 2656 706 2731 .redarguissc
735 2656 1335 2730 inobedientes,atque
1355 2657 1694 2728 correxisse,
1712 2675 1826 2713 non
1850 2674 1984 2713 con-

335 2745 650 2802 demnasse
677 2744 1002 2819 episcopos,
1034 2744 1175 2818 quia
1203 2745 1608 2808 fornicatorem
1653 2745 1780 2802 sine
1809 2747 1986 2819 digna

333 2833 658 2890 invectione
706 2835 1111 2906 permitterent
1157 2833 1310 2890 inter
1352 2852 1414 2890 se
1459 2835 1689 2908 degere.
1725 2836 1791 2890 Et
1839 2852 1980 2906 quo-

331 2921 492 2979 niam
525 2939 628 2996 pro
661 2922 1002 2996 hujusmodi
1031 2939 1270 2978 excessu
1301 2922 1608 2996 episcopos
1653 2923 1980 2995 increpave-

331 3010 430 3081 rit,
465 3011 762 3066 evidenter
809 3010 934 3084 ipse
982 3011 1345 3067 demonstrat
1393 3011 1594 3068 dicens
1625 3027 1637 3066 :
1669 3012 1735 3066 In
1760 3013 1982 3066 nomine

328 3098 556 3154 Domini
623 3099 800 3154 nostri
849 3099 976 3154 Jesu
1051 3099 1273 3164 Christi,
1323 3100 1658 3170 congregatis
1718 3100 1869 3154 vobis
1928 3107 1980 3154 et

328 3203 449 3244 meo
477 3188 679 3260 spiritu
707 3189 756 3258 (Ι
787 3187 906 3243 Cor.
939 3205 996 3255 v,
1025 3188 1100 3256 4).
1147 3188 1217 3243 Et
1262 3186 1322 3242 in
1367 3188 1624 3243 secunda
1670 3185 1929 3258 Epistola
1959 3203 1973 3242 :

2117 625 2272 679 vobis
2413 642 2531 681 meo
2567 627 2772 698 spiritu
2803 627 2850 694 (I
2879 628 2998 683 Cor.
3032 646 3086 694 v,
3121 631 3194 698 4).
3237 631 3306 686 Et
3352 633 3751 706 apostolorum

2115 713 2404 788 princeps,
2437 715 2624 771 multa
2653 715 2938 770 donorum
2969 717 3155 789 gratia
3193 719 3466 790 repletus,
3501 723 3755 780 maxima

2113 801 2532 859 miraculorum
2564 807 2852 876 potestate
2873 804 3169 874 suffultus,
3185 807 3418 879 quando
3437 826 3540 881 per
3557 812 3756 868 admo-

2111 889 2391 946 nitionem
2407 891 2658 964 Spiritus
2677 891 2749 946 ad
2762 891 3094 948 Cornelium
3116 893 3389 966 gentilem
3413 897 3522 952 fuit
3539 898 3754 971 ingres-

2110 994 2234 1046 sus,
2268 983 2470 1035 contra
2498 996 2634 1035 eum
2683 997 2718 1036 a
2763 979 3035 1037 fidelibus
3081 983 3400 1054 quaestione
3447 984 3615 1052 facta,
3648 1004 3754 1044 cur

2108 1067 2181 1121 ad
2218 1067 2465 1138 gentiles
2497 1068 2795 1134 intrasset,
2826 1073 2884 1124 et
2931 1069 3280 1125 comedisset
3325 1089 3458 1126 cum
3507 1073 3612 1142 eis,
3647 1090 3753 1131 cur

2108 1170 2206 1210 eos
2236 1154 2292 1210 in
2317 1155 2670 1228 baptismate
2699 1157 3031 1229 recepisset,
3066 1173 3181 1212 non
3210 1176 3279 1215 ex
3321 1165 3624 1232 potestate,
3647 1164 3748 1220 sed

2106 1260 2174 1298 ex
2205 1245 2428 1299 ratione
2458 1243 2703 1317 querelae
2735 1245 3054 1317 respondit,
3085 1263 3323 1304 causam
3355 1264 3459 1321 per
3484 1249 3746 1307 ordinem

2105 1331 2614 1404 exposuit,humili
2647 1350 2743 1388 eos
2765 1333 2985 1389 ratione
3015 1333 3282 1406 placavit,
3297 1340 3470 1409 atque
3489 1337 3548 1392 in
3571 1355 3750 1396 causa

2105 1421 2572 1493 reprehensionis
2603 1438 2720 1476 suae
2751 1421 2928 1476 etiam
2955 1426 3132 1478 testes
3176 1423 3464 1494 adhibuit,
3497 1425 3698 1482 dicens
3731 1443 3745 1482 :

2108 1510 2376 1566 Venerunt
2429 1519 2611 1566 autem
2655 1526 2865 1566 mecum
2907 1519 2958 1566 et
3001 1527 3096 1566 sea:
3138 1514 3337 1584 fratres
3385 1515 3481 1570 isti
3525 1515 3658 1586 (Act.
3689 1533 3746 1584 x,

2102 1605 2155 1654 et
2182 1603 2282 1666 XI).
2339 1597 2397 1653 Si
2455 1597 2634 1671 igitur
2689 1604 2888 1670 pastor
2933 1598 3220 1666 Ecclesiae,
3250 1604 3306 1656 et
3351 1601 3746 1674 apostolorum

2103 1686 2392 1758 princeps,
2427 1686 2598 1759 signa
2652 1691 2710 1742 et
2757 1687 3042 1743 miracula
3089 1687 3466 1762 singulariter
3508 1690 3746 1758 faciens,

2104 1792 2219 1830 non
2245 1775 2596 1848 dedignatus
2647 1780 2736 1830 est
2787 1775 2846 1831 in
2891 1794 3068 1832 causa
3115 1778 3582 1850 reprehensionis
3625 1797 3744 1836 suae

2103 1863 2386 1921 rationem
2455 1861 2756 1918 humiliter
2803 1863 3064 1931 reddere,
3115 1869 3334 1936 quanto
3391 1865 3578 1938 magis
3637 1881 3745 1920 nos

2102 1956 2603 2022 peccatores,cum
2636 1951 2705 2006 de
2737 1951 2934 2024 aliqua
2954 1969 3012 2008 re
3037 1952 3536 2025 reprehendimur,
3551 1970 3742 2026 repre-

2101 2039 2378 2094 hensores
2409 2044 2640 2094 nostros
2673 2039 2892 2095 ratione
2923 2039 3132 2094 humili
3165 2040 3394 2114 placare
3439 2043 3738 2112 debemus,

2099 2127 2328 2183 etiamsi
2364 2129 2602 2199 majoris
2641 2127 3004 2184 auctoritatis
3038 2129 3095 2184 in
3146 2129 3342 2202 aliquo
3369 2129 3744 2202 judicemur?

2101 2217 2169 2271 Et
2199 2215 2319 2271 inec
2349 2215 2620 2288 dicimus,
2653 2233 2768 2271 non
2797 2233 2912 2288 quo
2943 2219 3150 2273 fratres
3200 2223 3258 2272 et
3301 2219 3744 2274 consacerdotes

2100 2309 2330 2360 nostros
2361 2303 2419 2358 in
2453 2303 2648 2376 aliquo
2680 2305 3005 2360 secundum
3038 2304 3270 2378 regulas
3319 2305 3744 2363 ecclesiasticas

2095 2392 2431 2465 judicantes
2463 2392 3095 2466 reprehendamus,sed
3123 2398 3186 2449 ut
3214 2411 3339 2467 quae
3371 2395 3594 2468 agenda
3639 2411 3747 2452 no-

2097 2482 2188 2539 bis
2213 2482 2488 2555 sunt,qui
2509 2481 2732 2554 aliquid
2767 2499 2894 2538 esse
2933 2482 3344 2554 dieimur,cum
3369 2483 3515 2540 nihil
3534 2483 3744 2552 simus,

2097 2575 2162 2628 ut
2191 2571 2333 2627 dicit
2361 2570 2674 2644 Apostolus
2704 2571 2848 2640 (Gal.
2881 2570 2979 2644 v1),
3013 2589 3128 2627 non
3158 2571 3548 2645 nosmetipsos
3573 2573 3746 2628 sedu-

2095 2677 2320 2729 camus,
2338 2659 2708 2716 manifestius
2737 2661 3210 2716 demonstremus
3245 2677 3260 2716 :
3292 2665 3351 2718 et
3369 2661 3420 2716 si
3452 2661 3510 2716 in
3542 2677 3742 2730 causa,

2093 2751 2165 2805 de
2197 2767 2314 2821 qua
2334 2747 2680 2820 disceptatio
2705 2749 2986 2813 nascitur,
3019 2749 3302 2820 quiddam
3332 2749 3736 2806 emendatione

2092 2837 2336 2911 dignum
2369 2836 2674 2906 exstiterit,
2706 2837 2864 2892 salva
2895 2837 3176 2893 charitate
3206 2843 3466 2894 mutetur
3518 2839 3577 2894 in
3619 2856 3734 2896 me-

2091 2927 2227 2996 lius,
2261 2927 2416 2982 sicut
2443 2927 2514 2981 de
2546 2943 2658 2981 non
2680 2925 3168 2981 circumcidendis
3195 2926 3492 2998 gentibus,
3521 2931 3580 2982 et
3614 2945 3728 2984 non

2089 3016 2160 3071 de
2181 3016 2326 3089 jugo
2354 3013 2499 3087 legis
2529 3014 2614 3070 eis
2637 3013 2952 3086 gravandis
2971 3014 3155 3068 sensit
3177 3013 3410 3081 Paulus,
3432 3015 3732 3072 consensit

2089 3104 2312 3167 Petrus,
2346 3102 2704 3175 adjudieavit
2729 3102 2982 3158 Jacobus
3015 3103 3148 3172 (Act.
3173 3107 3287 3170 xv).
3317 3103 3389 3158 Et
3427 3104 3583 3160 sicut
3629 3121 3728 3160 sa-

2089 3209 2253 3249 crum
2285 3193 2582 3247 Nicwnum
2615 3191 2866 3246 decrevit
2886 3190 3198 3246 concilium
3219 3195 3362 3260 (ean.
3393 3192 3472 3264 v(,
3491 3197 3557 3247 ut
3576 3209 3730 3248 com-

335 3279 568 3350 Propter
596 3275 738 3350 quod
793 3277 1007 3333 obsecro
1061 3292 1174 3342 vos,
1205 3285 1266 3331 ut
1321 3277 1650 3348 conﬁrmetis
1705 3277 1767 3331 in
1823 3276 1984 3332 illum
2012 3261 2056 3328 (ἶ
2091 3281 2349 3336 muniter
2377 3279 2650 3335 omnibus
2681 3277 2857 3334 simul
2889 3277 3179 3352 episcopis
3208 3261 3574 3353 congregatis
3603 3297 3731 3354 pro-

333 3365 812 3422 charitatemJtlco
842 3366 991 3421 enim
1019 3365 1138 3422 hmo
1164 3366 1364 3436 scripsi
1393 3365 1563 3430 vobis,
1575 3373 1634 3420 ut
1670 3381 1981 3436 cognoscam

331 3453 478 3511 087
516 3456 948 3526 experiment-um
975 3454 1160 3522 vestri,
1193 3470 1266 3508 an
1300 3455 1360 3508 in
1387 3455 1640 3508 omnibus
1681 3453 1980 3510 obedientes

327 3544 473 3600 sitis.
509 3542 613 3599 Cui
639 3541 853 3614 aliquid
882 3541 1120 3610 donatis,
1153 3550 1204 3598 et
1249 3557 1330 3596 eo.
1384 3541 1520 3596 Nam
1547 3557 1664 3610 ego,
1695 3541 1836 3614 quod
1883 3541 1979 3598 do-

327 3634 482 3700 navi,
512 3631 724 3704 siquid
753 3630 974 3701 donavi,
997 3639 1215 3704 propter
1253 3646 1344 3686 vos
1393 3632 1454 3686 in
1486 3647 1721 3702 persona
1774 3631 1981 3687 Christi

331 3719 404 3792 (II
433 3719 554 3776 Cor.
587 3735 650 3786 Il,
683 3719 738 3790 8,
768 3717 823 3788 9,
859 3718 968 3791 10).
1019 3719 1240 3774 Donavi
1293 3717 1450 3772 enim
1509 3717 1670 3785 dixit,
1717 3717 1974 3785 indulsi;

329 3809 486 3881 quod
516 3823 634 3864 non
665 3806 916 3864 aliorum
945 3810 1034 3864 est
1065 3822 1078 3863 :
1105 3807 1177 3862 de
1207 3805 1440 3879 publico
1479 3805 1712 3878 publice
1753 3806 1977 3876 abjecto

327 3895 592 3969 crimine,
623 3913 802 3970 quam
830 3896 1260 3970 episcoporum,
1285 3896 1458 3952 sicuti
1492 3902 1706 3953 norunt
1753 3897 1851 3970 qui
1887 3913 1976 3952 re-

325 3985 497 4060 gulas
539 3985 966 4043 ecclesiasticas
999 4003 1112 4042 non
1143 3985 1432 4059 ignorant.
1467 3985 1628 4042 Unde
1657 3991 1714 4040 et
1751 3986 1808 4040 in
1840 3985 1975 4041 Car-

322 4074 662 4149 thaginensi
693 4073 940 4132 concilio
971 4074 1250 4130 scribitur
1279 4076 1420 4146 (σιιη.
1461 4075 1545 4142 15)
1581 4091 1592 4130 :
1633 4076 1745 4130 lloc
1775 4073 1975 4144 etiam,

323 4161 542 4236 inquit,
573 4161 812 4236 placuit,
840 4167 905 4219 ut
935 4180 969 4220 a
999 4162 1449 4236 quibuscunque
1469 4161 1774 4234 judicibus
1794 4161 1974 4220 eccle-

327 4249 584 4329 siasticis
643 4252 716 4308 ad
755 4249 990 4324 judices
1035 4251 1482 4322 ecclesiasticos,
1517 4252 1617 4308 ubi
1663 4257 1754 4309 est
1791 4253 1978 4324 major

327 4340 667 4408 auctoritas,
683 4341 858 4399 fuerit
878 4346 1278 4414 provocatum,
1295 4359 1410 4396 non
1431 4341 1515 4396 eis
1531 4341 1705 4410 obsit,
1725 4358 1976 4414 quorum

326 4427 506 4486 fuerit
534 4427 727 4486 soluta
756 4429 1072 4500 sententia,
1103 4429 1152 4485 si
1183 4429 1430 4486 convicti
1479 4447 1594 4485 non
1646 4429 1862 4486 fuerint
1888 4428 1976 4485 vel

324 4517 568 4577 inimico
599 4516 795 4574 animo
817 4517 1144 4590 judicasse,
1172 4517 1262 4574 vel
1292 4516 1490 4590 aliqua
1517 4517 1833 4590 cupiditate
1876 4520 1979 4573 aut

325 4605 518 4680 gratia
547 4604 864 4680 depravati.
897 4606 977 4662 De
1005 4606 1112 4662 hoc
1143 4610 1361 4674 autem,
1395 4605 1532 4678 quia
1570 4623 1684 4662 non
1735 4604 1831 4661 alii
1879 4623 1976 4662 ar-

325 4693 681 4766 chiepiscopi
714 4693 956 4768 majoris
988 4694 1352 4750 auctoritatis
1384 4699 1523 4750 sunt
1555 4711 1734 4766 quam
1767 4693 1885 4766 isti,
1917 4699 1982 4750 ut

328 4786 464 4854 ante
494 4799 596 4839 eos
626 4781 749 4838 haec
779 4799 959 4840 causa
983 4783 1198 4840 iterum
1227 4783 1299 4838 ad
1321 4783 1614 4855 judicium
1643 4781 1855 4854 veniat,
1880 4800 1979 4838 su-

325 4888 435 4944 pra
463 4871 855 4946 ostendimus,
886 4871 1025 4946 quia
1049 4872 1192 4945 quod
1235 4873 1598 4944 singulm-itas
1645 4889 1756 4928 non
1799 4872 1977 4940 habet,

325 4961 628 5035 pluralitas
681 4963 907 5018 obtinet.
966 4962 1129 5029 Quod
1185 4966 1244 5017 et
1292 4959 1610 5016 auctoritas
1667 4960 1981 5034 Scriptura;

331 5049 702 5115 demonstrat
722 5049 925 5106 dicens
957 5065 972 5105 :
1005 5050 1070 5106 Si
1095 5049 1202 5106 duo
1231 5066 1300 5106 ea:
1327 5050 1479 5106 vobis
1507 5051 1876 5106 consenserint
1917 5049 1983 5106 de

339 5139 496 5196 omni
523 5155 584 5196 re
611 5155 774 5212 super
803 5147 1026 5206 terram,
1055 5139 1149 5212 ﬂet
1175 5139 1321 5206 illis;
1351 5141 1409 5194 et
1441 5153 1455 5192 :
1491 5137 1591 5194 Ubi
1616 5138 1720 5195 duo
1748 5139 1831 5195 vel
1876 5147 1984 5195 tres

329 5228 660 5298 congregati
703 5229 918 5300 fuerint
961 5229 1023 5284 in
1070 5229 1292 5284 nomine
1315 5243 1453 5295 meo,
1481 5227 1542 5283 in
1585 5227 1764 5284 medio
1799 5245 1987 5284 eorum

323 5331 451 5373 sum
477 5314 690 5388 (Matth.
719 5333 893 5385 xvnx,
933 5316 1020 5390 19,
1041 5317 1154 5386 20).
1177 5316 1248 5372 Et
1295 5315 1530 5388 quando
1557 5315 1826 5389 apostoli,
1850 5333 1984 5373 cum

327 5403 555 5462 caeteris
584 5402 861 5462 ﬁdelibus
907 5408 966 5462 et
995 5404 1180 5462 Maria
1207 5409 1392 5460 matre
1439 5403 1579 5460 Jcsu
1628 5406 1983 5478 congregati,

328 5491 512 5551 simul
539 5497 876 5564 oraverunt,
901 5499 1098 5551 motus
1128 5499 1218 5551 est
1245 5493 1430 5561 locus,
1459 5496 1517 5549 et
1543 5509 1720 5566 super
1749 5499 1985 5550 centum

327 5580 540 5658 viginti
569 5581 630 5640 in
659 5580 753 5640 die
787 5582 1153 5642 Pentecostes
1179 5585 1560 5657 congregatos
1583 5580 1836 5655 Spiritus
1856 5599 1988 5640 san-

329 5675 463 5735 ctus
489 5669 552 5732 in
579 5669 772 5750 igneis
802 5671 1022 5750 linguis
1053 5671 1327 5750 apparuit
1355 5671 1492 5748 (Act.
1525 5670 1610 5746 ιι).
1647 5671 1716 5732 Et
1747 5671 1984 5743 Paulus,

2086 3368 2288 3425 vincite
2317 3367 2712 3424 discutiantur
2741 3366 3079 3438 hujusmodi
3110 3367 3483 3440 quaestiones,
3501 3373 3560 3425 et
3579 3370 3730 3426 facta

2088 3457 2474 3524 discussione,
2507 3461 2608 3512 aut
2637 3455 2718 3512 ita
2751 3461 2814 3511 ut
2841 3461 2971 3512 acta
3017 3461 3157 3511 sunt
3205 3461 3502 3523 maneant,
3532 3463 3634 3514 aut
3667 3458 3728 3514 in

2087 3546 2300 3604 melius
2331 3550 2594 3602 mutetur
2623 3545 2911 3602 sententia
2941 3545 3082 3618 (ean.
3115 3545 3193 3620 6).
3225 3547 3296 3602 Et
3336 3547 3386 3602 si
3431 3547 3730 3604 communi

2087 3640 2434 3693 cunctorum
2464 3636 2694 3692 decreto
2727 3634 3080 3700 rationabili,
3113 3640 3171 3691 et
3195 3635 3517 3690 secundum
3557 3653 3728 3709 regu-

2085 3724 2204 3781 lam
2235 3725 2388 3782 688
2409 3723 2858 3780 ecclesiasticam
2893 3723 3418 3795 comprobato,duo
3457 3727 3558 3780 aut
3585 3729 3726 3795 tres,

2085 3831 2199 3869 non
2222 3818 2457 3885 propter
2487 3813 2619 3870 fidei
2651 3812 2972 3879 veritatem,
2996 3811 3082 3867 vel
3127 3811 3490 3868 auctoritatis
3538 3812 3726 3868 since-

2085 3903 2341 3967 ritatem,
2369 3901 2472 3957 sed
2503 3906 2738 3973 propter
2766 3899 3164 3956 contentiones
3193 3901 3459 3973 proprias
3489 3905 3726 3957 contra-

2085 3989 2309 4058 dicunt,
2347 3989 2609 4046 obtineat
2655 3987 2944 4044 scntentia
2999 3986 3388 4060 plurimorum
3442 3995 3588 4058 (can.
3643 3989 3724 4064 9).

2085 4079 2144 4136 Si
2195 4083 2390 4134 autem
2417 4095 2486 4133 ex
2515 4077 2832 4151 superﬂuo,
2867 4081 2930 4133 ut
2962 4077 3112 4134 solet
3157 4077 3440 4145 accidere,
3471 4078 3728 4136 fraterna

2084 4167 2356 4224 difﬁnitio
2382 4167 2750 4222 retractanda
2797 4165 2920 4222 visa
2959 4165 3314 4239 quibusdam
3355 4167 3547 4236 fuerit,
3573 4167 3726 4225 sicut

2085 4256 2156 4312 de
2176 4254 2564 4328 suscipiendis
2579 4255 2854 4329 gentibus
2875 4271 3054 4328 supra
3074 4255 3537 4324 meminimus,et
3556 4256 3728 4330 plena

2086 4345 2200 4400 ﬁde
2229 4349 2402 4416 atque
2433 4343 2773 4399 auctoritate
2806 4343 2955 4400 ratio
2985 4344 3212 4400 reddita
3240 4345 3432 4414 fuerit,
3474 4347 3725 4404 Actuum

2085 4431 2480 4504 apostolorum
2515 4431 2804 4487 sententia
2832 4431 2891 4486 in
2927 4431 3183 4488 medium
3212 4431 3424 4501 veniat,
3455 4449 3574 4506 qua
3593 4451 3725 4507 pro-

2087 4523 2365 4592 sequente
2391 4521 2553 4576 l‘etro
2572 4519 2642 4574 de
2666 4519 2942 4592 gentibus
2978 4519 3195 4576 dicitur
3217 4537 3231 4576 :
3253 4520 3319 4577 Si
3339 4537 3466 4591 ergo
3486 4523 3729 4580 canalem

2009 4631 2056 4696 Β
2084 4609 2324 4677 gratiam
2359 4607 2504 4663 dedit
2535 4607 2650 4663 illis
2692 4608 2854 4678 Deus,
2885 4609 3028 4664 sicut
3053 4616 3104 4664 et
3137 4609 3316 4682 nobis,
3346 4613 3444 4682 qui
3493 4611 3728 4668 credidi-

2087 4714 2212 4753 mus
2260 4699 2322 4752 iu
2353 4698 2650 4754 Dominum
2674 4700 2870 4753 Jesum
2919 4701 2948 4755 ί
2967 4698 3222 4767 hristum,
3271 4715 3366 4771 ego
3411 4703 3534 4772 quis
3555 4717 3726 4768 eram,

2087 4788 2186 4858 qui
2210 4802 2420 4858 possem
2443 4787 2732 4858 prohibere
2759 4787 2970 4842 Deum?
2993 4789 3088 4843 His
3114 4787 3336 4854 auditis,
3350 4796 3654 4858 tacuerunt,
3677 4798 3730 4845 et

2087 4875 2528 4946 gloriﬁcaverunt
2547 4875 2716 4930 Deum
2735 4875 2967 4932 dicentes
2987 4894 3006 4931 :
3025 4877 3166 4945 Ergo
3193 4883 3246 4931 et
3271 4875 3521 4948 gentibus
3543 4881 3728 4950 poeni-

2089 4965 2314 5022 tentiam
2359 4963 2504 5019 dedit
2553 4963 2694 5020 Deus
2745 4963 2816 5020 ad
2869 4966 3038 5020 vitam
3083 4965 3218 5034 (Aet.
3275 4979 3354 5034 χι,
3407 4965 3634 5039 17,18).
3668 4968 3729 5024 Si

2090 5053 2266 5109 etiam
2298 5051 2497 5107 minus
2545 5053 2875 5108 necessaria
2920 5053 3065 5108 forte
3111 5051 3414 5108 cmerserit
3461 5056 3726 5128 qumstio,

2091 5139 2330 5198 fraterni
2362 5144 2558 5197 motus
2587 5139 2769 5196 animi
2800 5141 2874 5196 ad
2905 5139 3066 5214 pacis
3087 5139 3506 5216 charitatisque
3533 5149 3731 5202 custo-

2093 5229 2250 5286 diam
2299 5234 2742 5302 componantur,
2795 5229 2947 5286 sicut
2999 5229 3364 5286 demonstrat
3413 5233 3732 5292 auctoritas

2093 5317 2445 5392 evangelica,
2477 5318 2710 5390 quando
2741 5318 2890 5374 facta
2919 5322 3008 5375 est
3035 5317 3278 5390 quaestio
3299 5318 3454 5376 inter
3482 5321 3737 5396 discipu-

2093 5407 2180 5464 los
2211 5407 2346 5480 quis
2365 5424 2454 5462 e01
2467 5425 2565 5463 um
2597 5407 2889 5464 videretur
2919 5425 3048 5464 esse
3078 5409 3267 5482 major
3284 5409 3436 5479 (Luc.
3459 5428 3598 5480 xxu,
3619 5414 3733 5489 24).

2094 5499 2162 5554 Et
2190 5498 2240 5554 si
2270 5495 2484 5569 aliquis
2505 5501 2706 5552 contra
2727 5495 3022 5569 subjectos
3041 5495 3323 5554 violenter
3349 5515 3414 5556 ac
3437 5501 3736 5577 negligen-

2092 5589 2200 5655 ter,
2230 5583 2348 5643 sive
2395 5583 2456 5640 in
2507 5600 2673 5642 sacro
2722 5584 3046 5643 ministerio
3095 5602 3266 5647 secus
3310 5606 3490 5664 quam
3531 5591 3740 5651 debeat

2095 5674 2296 5752 egerit,
2329 5673 2654 5734 secundum
2685 5673 2917 5752 regulas
2969 5681 3172 5738 sancto
3220 5677 3442 5755 Spiritu
3479 5681 3738 5760 promul-
