4204 6460
492 413 607 475 751
1423 409 1804 475 HINGMARI
1847 401 2292 473 RHEMENSIS
2336 405 2953 471 ARCHIEPISCOPI.
3765 409 3898 470 762

488 551 676 620 gates,
710 547 784 604 ab
813 547 907 604 his
937 563 1186 620 quorum
1217 547 1459 603 interest
1487 547 1814 620 corrigatur
1853 549 1910 601 et
1937 561 2133 601 emen-
2162 539 2218 610 Α
2243 541 2382 599 item
2416 542 2650 611 Paulus,
2684 559 3156 600 commemorans
3184 544 3343 600 de-eo
3372 560 3474 617 per
3493 559 3666 618 quem
3688 559 3904 602 recou-

489 637 678 704 detur,
713 634 866 692 sicut
894 640 952 691 et
979 635 1279 690 Niczenum
1311 635 1621 690 concilium
1654 635 1796 706 (can.
1832 635 1889 702 5)
1922 633 1992 689 de
2035 649 2130 687 ex-
2237 630 2414 686 ciliati
2447 648 2653 687 sumus
2684 637 2821 700 Deo,
2853 638 2909 688 ct
2955 633 3356 688 ministerium
3401 631 3904 689 reconciliationis

489 723 964 791 communicatis,
995 728 1053 780 et
1082 724 1427 780 Sardicence
1456 728 1600 791 (can.
1635 724 1723 795 17)
1743 723 1812 778 de
1852 721 2131 778 iracundo
2237 720 2568 792 accepimus
2601 739 2615 776 :
2650 721 3018 788 Obsecremus,
3051 722 3271 794 inquit,
3305 738 3406 794 pro
3452 722 3682 792 Christo,
3711 739 3911 779 recon-

489 812 783 885 episcopo,
809 813 963 885 quod
1015 829 1143 867 esse
1192 830 1307 868 non
1353 813 1545 879 debet,
1577 811 1674 884 qui
1727 811 2130 884 presbyterum
2236 809 2515 864 ciliamini
2541 810 2644 864 Deo
2675 811 2748 880 (11
2775 811 2896 865 Cor.
2927 829 2983 878 ν,
3042 809 3153 882 18).
3207 812 3343 876 Quae
3392 809 3786 866 recenoiliatio
3831 811 3911 866 ﬁt

487 899 576 956 vel
609 901 915 956 diaconem
947 919 1121 956 suum
1153 901 1535 956 exterminare
1578 900 1842 966 voluerit,
1873 905 1929 954 et
1965 897 2132 954 Chal-
2241 897 2428 968 gratia
2453 897 2714 952 vocantis
2747 915 2860 953 non
2891 899 3152 971 cogentis
3185 898 3384 968 Dei,et
3413 897 3593 954 libero
3633 915 3750 954 non
3799 916 3909 955 co-

491 989 816 1044 cedonense
846 993 990 1059 (can.
1021 990 1112 1062 25)
1135 989 1206 1044 de
1229 988 1488 1061 neglecta
1517 988 1882 1044 ordinatione
1911 987 2133 1060 episco-
2239 992 2370 1041 acto
2391 985 2629 1041 arbitrio
2651 986 3010 1042 hominis.Et
3031 987 3102 1042 de
3115 987 3284 1062 justo
3310 988 3432 1042 viro
3453 986 3738 1060 scriptum
3757 992 3854 1044 est
3886 1005 3903 1043 :

482 1078 722 1157 'porum,
754 1081 812 1132 et
839 1082 1046 1133 caetera
1073 1095 1316 1150 quaeque
1363 1077 1628 1144 concilia,
1661 1081 1835 1149 atque
1880 1075 2136 1148 epistolm
2243 1075 2304 1130 In
2335 1081 2567 1146 tempore
2616 1075 2923 1130 iracundia:
2965 1079 3144 1147 factus
3172 1085 3252 1132 est
3300 1077 3669 1133 reconciliatio
3707 1077 3905 1150 (Eccli.

492 1163 704 1221 Leonis
757 1163 876 1220 sive
931 1165 1191 1238 Gregorii
1249 1165 1558 1220 manifeste
1603 1165 2024 1220 demonstrant.
2076 1162 2136 1217 Si
2246 1180 2398 1230 xuv,
2433 1163 2542 1234 17),
2579 1163 2848 1219 videlicet
2879 1170 2945 1219 ut
2973 1181 3088 1219 non
3137 1169 3480 1236 reputentur
3525 1163 3754 1220 delicta.
3787 1165 3908 1231 Qui

493 1253 747 1326 denique
775 1253 1103 1326 fidei,quod
1127 1253 1415 1322 absit,aut
1443 1252 1832 1308 ecclesiastico
1855 1251 2138 1323 dogmati,

491 1341 580 1398 vel
611 1357 788 1398 sacrae
827 1341 1191 1397 auctoritatis
1239 1343 1496 1408 statutis,
1531 1342 1776 1414 quilibet
1831 1339 2141 1397 temerario

489 1427 645 1486 ausu
676 1429 932 1504 obloqui,
964 1431 1053 1486 vel
1079 1430 1419 1487 conculcare
1450 1431 1819 1501 tentaverint,
1851 1433 1908 1487 et
1950 1430 2009 1485 hi
2057 1446 2145 1486 se-

496 1519 757 1575 cundum
789 1523 1141 1592 prmccptum
1177 1520 1544 1575 Dominicum
1585 1524 1952 1587 moneantur,
1985 1523 2041 1574 et
2069 1517 2139 1586 si,

499 1608 651 1680 quod
683 1607 855 1680 longe
887 1608 1060 1663 faciat
1089 1609 1372 1664 Dominus
1402 1609 1667 1676 rebelles,
1699 1625 1765 1664 ac
1796 1608 2143 1664 contentiosi

498 1700 1044 1769 contemptoresque
1073 1697 1703 1768 prcstiterint,nccesse
1733 1702 1822 1752 est
1859 1701 1924 1752 ut
1951 1695 2144 1769 dignis

498 1782 950 1852 invectionibus,
984 1786 1309 1841 secundum
1339 1802 1535 1842 sacros
1567 1803 1839 1852 canones,
1865 1791 1922 1841 et
1951 1802 2141 1841 exem-

499 1871 597 1945 pla
645 1877 818 1946 atque
862 1877 1083 1929 statuta
1131 1875 1453 1947 majorum;
1479 1875 1762 1930 feriantur
1791 1879 1847 1930 et
1893 1873 2142 1946 compri-

502 1964 756 2029 mantur,
773 1960 926 2016 sicut
955 1967 1196 2018 sanctus
1229 1963 1340 2018 Leo
1372 1962 1430 2018 in
1462 1961 1710 2036 cpistola
1738 1962 1809 2017 ad
1843 1961 2144 2017 universas

502 2048 753 2104 decrevit
807 2050 1134 2122 provincias
1189 2055 1368 2124 (epist.
1417 2052 1487 2108 ad
1533 2055 1696 2124 cpisc.
1730 2053 1920 2120 Ital.):
1959 2073 1981 2099 ι
2017 2049 2147 2105 0m-

501 2134 621 2202 nia,
655 2136 949 2210 inquiens,
983 2157 1109 2211 qua:
1159 2141 1230 2195 de
1276 2140 1690 2197 ecclesiasticis
1732 2138 2058 2207 ordinibus,
2089 2143 2149 2195 et

501 2241 790 2280 canonum
821 2227 1189 2300 promulgata
1219 2233 1358 2284 sunt
1390 2228 1738 2302 disciplinis,
1769 2228 1852 2284 ita
1879 2246 1913 2283 a
1956 2231 2148 2284 vestra

500 2313 810 2370 dilectione
840 2317 1119 2372 custodiri
1157 2317 1368 2373 debere
1416 2319 1790 2386 mandamus,
1826 2322 1890 2372 ut
1919 2317 1968 2372 si
2011 2316 2146 2390 quis

501 2401 561 2457 in
593 2401 695 2458 illa
743 2403 1120 2474 commiserit,
1152 2405 1380 2462 veniam
1432 2405 1543 2462 sibi
1593 2407 1867 2478 deinceps
1925 2407 2148 2462 noverit

501 2490 775 2565 denegari
805 2509 818 2548 :
851 2498 909 2548 et
930 2494 1028 2566 qui
1060 2498 1263 2550 contra
1291 2495 1609 2550 constituta
1657 2495 1854 2550 venire
1896 2500 2146 2552 tentave-

503 2579 598 2648 rit,
631 2585 690 2636 et
718 2581 1013 2653 prohibita
1057 2583 1233 2638 fuerit
1280 2601 1461 2639 ausus
1511 2584 1838 2651 admittere,
1871 2603 1905 2640 a
1953 2601 2059 2640 suo
2085 2600 2148 2640 se

505 2669 730 2726 noverit
785 2671 976 2726 officio
1028 2673 1516 2741 submovendum,
1555 2690 1661 2729 nec
1719 2672 2149 2730 communionis

506 2763 716 2815 nostra:
765 2760 1030 2816 futurum
1075 2777 1203 2817 esse
1249 2767 1597 2829 consortem,
1630 2763 1728 2834 qui
1779 2762 1974 2819 socius
2019 2779 2149 2818 esse

508 2845 697 2902 noluit
727 2847 1070 2921 disciplinae.
1099 2873 1126 2899 ››
1156 2851 1225 2906 Et
1255 2851 1460 2908 beatus
1490 2851 1754 2908 Gelasius
1790 2868 1803 2906 :
1838 2876 1865 2902 ‹‹
1899 2852 2013 2908 Nec
2031 2868 2152 2906 am-

504 2934 708 3009 bigunt
736 2936 837 3010 qui
868 2937 989 2994 haec
1019 2955 1283 2996 exercere
1335 2945 1474 2996 sunt
1517 2939 1664 3008 ausi,
1693 2957 1797 2997 seu
1839 2940 2015 2996 etiam
2047 2939 2150 3012 qui

507 3023 791 3082 hactenus
849 3025 1084 3099 cognita
1140 3028 1449 3094 siluerunt,
1483 3030 1595 3084 sub
1644 3029 1882 3085 honoris
1930 3029 2148 3104 proprii

495 3115 692 3187 jacere
722 3115 1048 3188 dispendio,
1071 3116 1119 3172 si
1151 3135 1267 3174 non
1299 3123 1520 3190 quanta
1567 3123 1812 3191 possunt
1857 3117 2149 3174 celeritate

491 3204 782 3260 "festinent
801 3209 866 3260 ut
883 3204 1125 3260 lethalia
1139 3205 1378 3262 vulnera
1395 3206 1745 3280 competenti
1761 3207 2147 3264 mediontione

2248 1251 2406 1306 enim
2438 1250 2596 1306 novit
2626 1253 2782 1307 unde
2811 1253 3042 1308 concilio
3070 1257 3126 1308 et
3163 1254 3455 1310 reconcilio
3503 1253 3904 1326 componitur,

2250 1338 2740 1396 reconciliationis
2767 1341 3008 1396 modum
3031 1346 3089 1396 et
3112 1342 3377 1398 ordinem
3401 1359 3514 1397 non
3546 1343 3796 1418 ignorat.
3812 1343 3912 1399 Di-

2247 1444 2413 1482 versa
2445 1427 2736 1500 siquidem
2769 1430 3106 1486 morborum
3130 1445 3346 1503 genera
3383 1431 3614 1487 diversa
3644 1433 3906 1488 medica-

2251 1521 2579 1572 mentorum
2597 1520 3370 1591 quaaruntexperimcntaEt
3392 1519 3644 1592 legimus
3661 1521 3720 1576 in
3735 1538 3909 1578 sacra

2251 1604 2613 1673 auctoritate,
2638 1607 2928 1678 quosdam
2951 1607 3132 1681 redigi
3156 1613 3212 1663 et
3234 1608 3360 1681 cogi
3385 1609 3455 1664 ad
3473 1610 3904 1682 paenitentiam,

2251 1693 2540 1764 quosdam
2568 1711 2700 1749 vero
2731 1696 3224 1751 excommunicari
3259 1697 3444 1754 donec
3473 1698 3544 1754 ad
3577 1715 3783 1771 pacem
3813 1715 3909 1755 re-

2253 1782 2448 1849 deant,
2475 1783 2760 1854 quosdam
2780 1801 2912 1841 vero
2934 1785 3146 1858 partim
3171 1803 3289 1842 sua:
3309 1786 3630 1843 voluntatis
3650 1786 3910 1844 libertati

2253 1869 2774 1942 relinquerc,sicuti
2794 1889 2972 1945 supra
2993 1874 3358 1930 ostendimus
3370 1891 3439 1931 ex
3459 1875 3708 1948 epistola
3721 1876 3907 1932 sancti

2253 1957 2512 2029 Gregorii
2541 1960 2613 2014 dc
2645 1960 2852 2017 Leonis
2902 1961 3244 2019 chartularii
3294 1962 3560 2032 muliere,
3595 1981 3726 2038 quae
3770 1969 3908 2022 eum

2255 2062 2358 2118 pro
2388 2047 2788 2105 fornicationis
2819 2050 3082 2120 crimine,
3109 2051 3319 2108 induta
3350 2052 3625 2126 religiosa
3650 2059 3813 2110 veste
3834 2055 3910 2111 ad

2251 2139 2486 2208 tempus
2503 2135 2943 2209 reliquerat,sed
2957 2143 3089 2212 post
3105 2140 3430 2212 praestitum
3443 2148 3908 2210 sacramentum,

2253 2223 2452 2296 agnita
2473 2225 2666 2280 mariti
2690 2225 3122 2295 innocentia,ad
3147 2245 3283 2285 eum
3307 2233 3516 2302 sponte
3539 2247 3769 2287 reversa
3795 2236 3908 2288 est.

2255 2312 2335 2368 Dc
2365 2330 2482 2386 qua
2507 2313 2648 2387 quid
2681 2332 2819 2388 erga
2847 2332 2976 2372 eam
2998 2317 3208 2376 debeat
3237 2318 3549 2386 observari,
3573 2320 3912 2377 Secundino

2255 2401 2735 2459 Taurominitano
2765 2403 2970 2460 scribit
2998 2405 3294 2480 episeopo.
3314 2407 3376 2463 In
3408 2409 3912 2480 quibusdamvem

2256 2505 2324 2546 ex
2347 2496 2465 2545 toto
2496 2489 2786 2547 libertatis
2809 2498 2897 2550 est
2915 2496 3374 2566 exspectandum
3407 2496 3740 2567 arbitrium,
3759 2498 3916 2555 sicut

2255 2584 2312 2634 ct
2345 2578 2402 2633 in
2436 2579 2543 2635 hac
2563 2596 2762 2649 causa,
2779 2581 2917 2653 quia
2937 2583 3278 2640 conceditur
3297 2589 3361 2640 ut
3378 2601 3556 2642 causa
3575 2587 3915 2644 fornicatio-

2257 2667 2350 2724 nis
2379 2669 2465 2724 vir
2492 2674 2549 2724 et
2579 2668 2792 2725 mulier
2819 2676 3186 2744 separentur,
3211 2671 3296 2729 vel
3347 2674 3606 2747 separati
3659 2677 3917 2732 reconci-

2256 2757 2746 2832 lientur.Cogitur
2773 2765 2992 2830 autem,
3007 2761 3199 2818 ablato
3220 2763 3455 2836 penitus
3481 2763 3803 2822 voluntatis
3821 2783 3915 2822 ar-

2259 2847 2451 2915 bitrio,
2483 2852 2541 2904 ct
2571 2866 2686 2904 non
2719 2849 3077 2918 conceditur,
3108 2856 3175 2908 ut
3193 2851 3281 2908 vir
3309 2857 3366 2908 et
3403 2852 3635 2926 mulier,
3667 2857 3912 2930 excepta

2257 2952 2436 2992 causa
2463 2935 2882 3006 fornicationis,
2917 2945 3280 3012 separentur,
3313 2946 3456 2997 etut
3489 2943 3747 3016 separati
3776 2944 3910 3002 aliis

2258 3024 2418 3082 nullo
2450 3027 2624 3082 modo
2653 3028 3103 3100 conjungantur.
3121 3028 3263 3085 Hinc
3284 3034 3522 3086 sanctus
3540 3032 3910 3104 Augustinus

2255 3113 2316 3169 in
2337 3115 2593 3171 secundo
2615 3113 2764 3170 libro
2782 3115 2853 3171 de
2875 3115 3219 3172 adulterinis
3255 3117 3547 3192 conjugiis
3585 3119 3732 3176 dicit
3762 3121 3906 3194 (cap.

2262 3204 2422 3273 13);‹‹
2437 3204 2561 3258 Νοη
2583 3203 2993 3277 est,inquiens,
3009 3205 3080 3260 ad
3105 3205 3260 3278 quod
3284 3206 3772 3266 exhortemurcos
3801 3211 3909 3283 qui

501 3297 831 3352 curentur.»
846 3277 1608 3351 EtsanctusCoelcstinusad
1624 3295 2140 3370 Nestorium(epist.
2169 3277 2216 3344 (ἶ
2253 3292 2610 3348 reconciliari
2643 3293 2850 3348 timent
2878 3277 3230 3367 coujugibus
3260 3295 3541 3353 adulteris
3571 3277 3911 3370 paenitendo

494 3377 553 3448 5)
579 3397 593 3436 :
619 3403 642 3433 ι
669 3382 895 3447 Quibus
926 3385 1230 3454 praemissa
1257 3384 1636 3440 conventione
1666 3384 2052 3454 consulimus,
2081 3387 2141 3442 in

497 3467 605 3523 hos
635 3485 871 3526 necesse
900 3478 989 3527 est
1017 3473 1412 3530 damnationis
1443 3474 1878 3543 sententian,si
1901 3475 2144 3531 abutan-

493 3559 593 3612 tur
619 3561 818 3614 nostra
849 3559 1068 3616 salubri
1100 3562 1516 3629 admonitione,
1549 3563 1872 3620 ﬁrmemus.
1909 3587 1938 3614 »
1970 3563 2040 3620 Et
2068 3562 2140 3620 ad

493 3645 772 3720 Cyrillum
793 3647 1250 3706 Alexandrinum
1276 3668 1289 3706 :
1311 3675 1337 3701 ‹‹
1360 3652 1490 3708 Haec
1513 3652 1640 3708 ideo
1663 3652 1938 3726 dicimus,
1952 3670 2024 3710 ne
2048 3671 2142 3710 vo-

493 3734 636 3791 lenti
665 3736 951 3811 corrigere
977 3740 1220 3796 forsitan
1251 3741 1452 3797 deesse
1483 3742 1802 3798 videamur.
1827 3742 1972 3798 Nam
2001 3747 2058 3798 et
2087 3742 2138 3798 si

495 3825 664 3883 nobis
693 3829 1126 3886 sustinentibus
1157 3831 1566 3905 uvam,spinas
1586 3833 1697 3888 sibi
1721 3831 2142 3898 addiderit,im-

493 3914 741 3988 pleatur,
773 3923 832 3974 et
860 3920 1235 3976 manentibus
1263 3921 1498 3976 statutis
1527 3921 1680 3977 689
1709 3921 2024 3993 prioribus,
2043 3921 2137 3977 sui

491 4004 687 4060 fructu
709 4006 920 4078 judicii
954 4007 1188 4080 colligat
1214 4010 1370 4082 quod
1394 4009 1556 4066 sulco
1579 4009 1865 4067 diabolico
1887 4010 2136 4066 semina-

489 4091 593 4162 vit,
626 4110 743 4150 non
775 4099 973 4152 nostro
1005 4097 1247 4154 consilio
1277 4099 1377 4154 sed
1409 4116 1471 4155 se
1503 4099 1798 4172 periturus
1828 4105 2083 4156 auctore.
2108 4125 2130 4152 ι

1085 4215 1408 4281 ΟΠᾸΞΒΤΙΟ
1448 4216 1542 4272 ιν.

562 4315 776 4382 Dicunt
804 4317 1188 4378 nihilominus
1216 4322 1357 4393 quia
1386 4321 1436 4379 si
1478 4323 1574 4379 isti
1606 4325 1726 4397 regi
1759 4343 1874 4382 non
1905 4325 2134 4384 licuerit

491 4403 667 4464 aliam
690 4424 928 4466 uxorem
959 4409 1240 4483 accipere,
1255 4417 1357 4468 aut
1377 4429 1546 4468 suam
1567 4415 1956 4472 concubinam
1979 4415 2133 4472 sicut

489 4511 648 4554 nunc
680 4495 857 4552 habet
878 4502 1093 4568 tenere,
1126 4502 1284 4572 quod
1314 4501 1451 4558 velit
1496 4503 1641 4558 nolit
1687 4502 1788 4558 illa
1831 4520 1940 4561 sua
1988 4523 2132 4562 uxor

479 4582 847 4655 judicabitur
876 4588 946 4642 ad
972 4587 1138 4643 illum
1170 4591 1477 4646 rediro:et
1523 4590 1620 4647 ille
1666 4591 1781 4648 tale
1825 4592 2128 4665 ingenium

487 4673 558 4728 de
591 4673 1012 4743 illainvenirct,
1026 4683 1092 4733 ut
1120 4679 1192 4734 ab
1222 4679 1322 4734 illa
1342 4679 1639 4748 liberetur,
1655 4686 1713 4738 et
1739 4681 1986 4739 ulterius
2011 4701 2127 4740 non

482 4763 694 4820 debeat
721 4764 794 4821 ad
814 4765 1109 4836 judicium
1132 4767 1266 4824 inde
1295 4769 1508 4827 venire.

1133 4902 1464 4942 RESPONSIO.

551 4988 677 5044 Non
699 4988 1037 5063 hujusmodi
1053 4993 1345 5065 judicium
1371 5012 1438 5050 ex
1454 4996 1783 5068 evangelica
1800 4996 2124 5065 verilatc,et

479 5077 798 5150 apostolica
827 5083 1187 5152 auctoritate,
1209 5083 1297 5140 vel
1329 5101 1628 5140 sacrorum
1659 5103 1950 5142 canonum
1989 5103 2121 5158 pro-

477 5165 835 5240 mulgatione
865 5170 1180 5229 didicimus
1213 5191 1225 5228 :
1259 5174 1360 5230 sed
1392 5176 1546 5230 sicut
1573 5176 1842 5231 Africana
1863 5175 2121 5248 synodus

476 5252 748 5313 diffinivit
777 5263 921 5330 (can,
951 5261 1083 5331 69):
1113 5261 1356 5336 Placuit,
1392 5263 1762 5336 inquiens,ut
1793 5264 2117 5319 secundum

473 5345 864 5418 evangelicam
894 5354 951 5406 et
981 5351 1360 5424 apostolicam
1395 5353 1788 5426 disciplinam,
1824 5370 2008 5426 neque
2037 5352 2119 5408 di-

473 5430 692 5489 missus
713 5437 785 5492 ab
810 5455 1004 5510 uxore,
1019 5457 1207 5514 neque
1227 5441 1470 5498 dimissa
1502 5460 1536 5498 a
1555 5440 1955 5511 marito,alteri
1977 5459 2112 5498 con-

462 5517 917 5594 jungantur,sed
938 5529 1018 5585 ita
1039 5536 1330 5600 maneant,
1349 5535 1450 5587 aut
1477 5531 1711 5588 sibimet
1733 5530 2112 5587 reconcilien-

466 5613 583 5671 ttu'.
608 5611 1072 5674 Reconcilicntur
1099 5621 1254 5676 enim
1273 5620 1435 5688 dixit,
1453 5638 1566 5677 non
1590 5625 1874 5693 cogantur
1897 5637 1909 5674 :
1935 5625 1990 5677 et
2010 5622 2108 5696 qui

466 5713 679 5760 sanum
703 5704 876 5780 sapit,
902 5707 1154 5782 qualiter
1183 5710 1576 5769 reconciliatio
1605 5711 1707 5767 ﬁat
1735 5710 2110 5788 intelligit.Et

2249 3379 2492 3449 sanatis,
2517 3380 2629 3436 nisi
2670 3381 2740 3436 ad
2772 3380 3218 3438 custodiendam
3253 3383 3675 3440 continentiam
3711 3402 3725 3442 :
3754 3402 3910 3459 quo-

2251 3468 2408 3530 niam
2427 3469 2638 3526 mulier
2661 3469 2899 3542 alligata
2919 3471 3298 3542 est,quandin
3319 3472 3476 3528 σου
3495 3472 3618 3528 sive
3639 3473 3910 3532 mcochus

2249 3557 2368 3614 sive
2389 3563 2592 3614 custus
2602 3558 3332 3630 virejusvivit,mcechatur
3350 3560 3398 3616 si
3425 3559 3592 3617 alteri
3606 3564 3904 3636 nupserit;

2248 3651 2304 3702 et
2327 3647 2416 3703 vir
2435 3647 2730 3720 alligatus,
2755 3647 3014 3720 quandiu
3037 3648 3158 3704 sive
3173 3648 3401 3706 moecha
3423 3649 3542 3707 sive
3561 3657 3726 3708 casta
3757 3671 3908 3709 uxor

2246 3735 2374 3810 ejus
2403 3736 2561 3805 vivit,
2586 3736 2913 3793 mmchatur
2943 3737 2991 3793 si
3021 3737 3266 3794 alteram
3315 3738 3546 3796 duxerit
3569 3741 3624 3811 (Ι
3648 3741 3771 3797 Cor.
3793 3759 3899 3811 vn,

2245 3825 2279 3880 3
2316 3825 2356 3898 ).
2390 3825 2519 3881 Haec
2551 3842 2802 3898 namque
2831 3824 3088 3900 alligatio
3119 3828 3598 3900 quandoquidem
3630 3845 3747 3886 non
3779 3830 3900 3888 sol-

2243 3913 2416 3983 vitur,
2431 3915 2659 3970 etiamsi
2691 3932 2794 3988 per
2823 3915 3133 3988 repudium
3161 3917 3373 3990 conjux
3403 3934 3436 3973 a
3465 3924 3628 3974 casta
3647 3919 3900 3993 conjuge

2242 4003 2753 4077 separetur,multo
2783 4005 2980 4082 minus
2991 4005 3254 4074 solvitur,
3274 4005 3324 4062 si
3343 4024 3456 4062 non
3479 4013 3901 4082 separatam

2242 4093 2449 4150 chetur
2469 4110 2483 4148 :
2507 4111 2576 4149 ac
2592 4110 2696 4166 per
2723 4093 2832 4149 hoc
2863 4080 2978 4150 non
3009 4111 3139 4151 eam
3179 4094 3351 4152 solvit
3372 4095 3486 4152 nisi
3509 4080 3669 4153 mors
3689 4098 3898 4170 conju-

2241 4182 2352 4255 gis,
2386 4199 2501 4238 non
2532 4182 2592 4238 in
2618 4181 2972 4239 adulterium
3002 4184 3348 4252 corruentis,
3382 4185 3482 4242 sed
3528 4185 3600 4242 de
3653 4203 3898 4260 corpore

2239 4271 2526 4327 exeuntis.
2559 4272 2925 4344 Quapropter
2953 4271 3002 4328 si
3034 4272 3339 4330 recesserit
3369 4273 3582 4330 mulier
3609 4275 3682 4332 ab
3731 4275 3897 4334 adul-

2239 4363 2363 4417 tero
2375 4361 2580 4430 viro,et
2600 4361 2652 4416 ei
2674 4360 3038 4417 reconciliari
3062 4379 3177 4418 non
3195 4361 3336 4432 vult,
3352 4368 3588 4420 maneat
3609 4364 3892 4438 innupta;

2237 4454 2294 4506 et
2323 4449 2368 4507 si
2401 4449 2690 4506 dimiserit
2707 4450 2796 4504 vir
2832 4449 3154 4507 adulteram
3177 4450 3504 4519 mulierem,
3527 4458 3585 4508 et
3612 4469 3742 4509 eam
3771 4469 3894 4512 non

2236 4538 2359 4596 vult
2387 4541 2642 4612 recipere
2664 4556 2767 4594 nec
2789 4543 2921 4612 post
2941 4539 3370 4612 paenitentiam,
3395 4541 3691 4598 custodiat
3708 4543 3896 4599 conti~

2158 4649 2206 4715 ι)
2238 4627 2518 4695 nentiam,
2549 4632 2606 4684 et
2635 4628 2684 4684 si
2718 4644 2833 4683 non
2885 4644 2954 4684 ex
2995 4628 3292 4687 voluntate
3339 4627 3592 4703 eligendi
3641 4630 3891 4704 potioris

2237 4716 2394 4786 boni,
2425 4722 2578 4775 certe
2607 4734 2676 4774 ex
2703 4717 3049 4773 necessitate
3095 4717 3317 4774 vitandi
3366 4718 3678 4792 perniciosi
3717 4718 3885 4779 mali.

2229 4809 2308 4862 Ac
2341 4824 2444 4880 per
2470 4807 2579 4863 hoc
2609 4806 2680 4862 ad
2710 4805 2819 4862 hoc
2849 4805 3435 4874 exhortarer,etiamsi
3455 4823 3603 4864 uxor
3630 4815 3789 4865 esset
3813 4807 3882 4866 in

2230 4895 2508 4970 languore
2538 4894 2850 4951 insanabili
2879 4900 3052 4968 atque
3081 4895 3499 4965 diuturno,aut
3527 4898 3760 4954 etiamsi
3781 4893 3888 4955 alio

2231 4987 2364 5042 cubi
2396 4989 2552 5042 esset
2574 5001 2811 5057 corpore
2834 4990 3122 5058 separata,
3137 5001 3253 5058 quo
3276 4985 3526 5043 maritus
3544 5004 3656 5043 non
3681 4993 3887 5061 posset

2231 5075 2501 5130 accedere
2524 5089 2537 5128 :
2563 5077 2856 5144 postremo
2887 5074 2959 5130 ad
2983 5074 3091 5130 hoc
3112 5073 3713 5145 exhortarer,ctiamsi
3745 5093 3880 5134 mu-

2229 5163 2340 5218 tier
2353 5161 2553 5219 volens
2573 5161 2759 5216 vivere
2781 5163 3434 5236 continenter,quandiu
3475 5170 3678 5220 contra
3698 5164 3879 5223 disci-

2227 5250 2472 5325 plinam,
2500 5249 2640 5322 quia
2668 5267 2783 5306 non
2804 5269 2872 5307 ex
2901 5257 3425 5321 consensu,tamen
3461 5253 3745 5327 pudicum
3775 5272 3881 5330 pu-

2227 5337 2702 5394 dicadimitteret.
2719 5337 2860 5394 Puto
2882 5338 3038 5396 enim
3051 5339 3449 5398 Christianum
3473 5342 3772 5400 neminem
3794 5361 3880 5402 re-

2222 5425 2452 5495 luctari,
2471 5423 2638 5481 illum
2660 5425 2991 5483 adulterum
3022 5428 3391 5501 esse,qui,vel
3413 5429 3514 5486 diu
3536 5429 3872 5505 languente,

2220 5516 2307 5574 vel
2363 5516 2463 5572 diu
2510 5515 2770 5584 absente,
2803 5515 2894 5572 vel
2939 5518 3308 5575 continenter
3357 5518 3546 5576 vivere
3595 5521 3878 5594 cupiente

2219 5621 2329 5664 sua
2359 5621 2556 5676 uxore,
2587 5603 2753 5660 alteri
2803 5606 3150 5664 commistus
3196 5613 3286 5664 est
3317 5607 3564 5666 feminae.
3595 5607 3692 5666 Sic
3732 5625 3874 5685 ergo

2217 5701 2275 5758 et
2305 5695 2554 5753 dimissa
2586 5691 2849 5753 adultera
2879 5695 3109 5757 adulter
3135 5702 3223 5758 est
3252 5714 3389 5759 cum
3421 5695 3707 5772 adultera,
3732 5715 3876 5778 quo-
