4204 6466
343 452 465 513 m‘

1257 456 1360 519 DE
1402 454 1775 518 DIVORTIO
1818 449 2191 515 LOTHARII
2233 450 2335 512 ET
2377 450 2837 515 TETBERGJE.

3621 457 3750 520 763

343 584 695 643 cerdotalsm
717 585 1250 644 reconciliationem
1273 588 1541 645 Ecclesia:
1562 589 1871 644 mereatur.
1890 586 1987 641 At»
2014 584 2081 661 At»
2099 588 2340 640 sanctus
2395 586 2759 658 Augustinus
2819 586 2988 644 nobis
3014 587 3119 645 dat
3143 588 3346 648 dicens
3374 589 3558 663 (serui.
3589 592 3656 648 t8
3677 590 3755 648 de:

341 676 707 732 tendendum
728 679 820 732 est
837 677 1014 733 etiam
1046 677 1275 733 cunctis
1304 678 1541 751 regibus
1555 680 1613 733 et
1628 675 1992 748 principibus

344 763 567 832 seculi,
590 765 734 837 quia
760 765 1035 838 princeps
1060 770 1120 821 et
1147 782 1247 822 rex
1276 782 1508 839 pravus,
1542 764 1779 837 quantis
1810 764 1869 818 in
1899 780 1992 818 re-

342 852 566 926 gimine
605 858 815 925 presset
841 853 904 908 in
936 853 1168 921 seculo,
1205 856 1313 910 sub
1336 854 1517 910 tantis
1565 854 1739 909 modo
1779 851 1992 925 plagali

343 943 419 999 ad
449 941 768 998 vindictam
799 942 911 998 erit
937 942 999 997 in
1030 942 1406 999 ﬂammarum
1428 941 1994 997 damnatione.Unde

344 1044 586 1088 necesse
605 1035 716 1098 est,
743 1036 810 1088 ut
824 1031 1192 1089 incessanter
1212 1049 1355 1088 suos
1373 1036 1542 1088 actus
1570 1031 1918 1097 consideret,
1936 1034 1995 1085 et

344 1137 484 1178 cum
503 1120 651 1177 alios
670 1127 783 1177 suo
801 1120 1066 1194 exemplo
1089 1121 1302 1194 perdit,
1326 1124 1570 1186 metuat,
1594 1119 1733 1191 quia
1761 1136 1879 1175 non
1909 1135 1997 1175 so-

344 1209 442 1266 lus
462 1210 636 1281 perit,
657 1209 761 1281 qui
784 1208 1070 1282 plurimos
1092 1208 1357 1282 exemplo
1378 1226 1497 1264 sua:
1527 1204 1830 1280 pravitatis
1851 1208 1996 1263 occi-

347 1297 456 1364 dit,
480 1315 587 1370 pro
604 1297 825 1370 quibus
845 1297 974 1354 sine
993 1298 1173 1354 dubio
1194 1298 1479 1355 rationem
1492 1296 1741 1353 Domino
1766 1296 1991 1352 reddet.

345 1387 420 1443 Et
438 1403 559 1442 non
576 1386 769 1442 solum
801 1403 904 1458 per
933 1402 1016 1454 se,
1041 1387 1220 1443 sedet
1238 1403 1342 1458 per
1360 1403 1459 1441 eos
1485 1384 1586 1457 qui
1616 1401 1752 1440 eum
1783 1378 1996 1439 imitati

348 1474 1105 1548 fuerintwelcjnstexemplo
1128 1493 1231 1531 seu
1252 1475 1601 1531 auctoritate
1623 1473 1994 1546 delinquunt,

348 1563 738 1637 multiplicius
758 1558 1224 1636 ipse'delinquit:
1249 1562 1502 1619 maxime
1518 1579 1654 1618 cum
1670 1560 1997 1634 ipsequasi

347 1652 509 1709 licia
542 1652 910 1724 delinquens,
943 1651 1074 1708 aliis
1120 1651 1501 1725 delinquendi
1549 1653 1735 1708 fomes
1781 1650 1995 1707 existit.

349 1741 696 1799 Undeetde
725 1740 841 1797 alia
871 1757 932 1797 re
963 1740 1209 1813 loquens
1241 1740 1383 1796 dicit
1428 1739 1742 1813 Apostolus
1775 1756 1789 1796 :
1824 1739 2001 1797 Videte

346 1847 419 1887 ne
471 1831 624 1903 fbm-
667 1831 890 1886 licentia
935 1837 1115 1892 vestra
1164 1829 1559 1901 oﬂ‘endicuium
1609 1830 1709 1900 ﬁat
1762 1830 2000 1900 inﬁmis

348 1921 398 1989 (ι
427 1921 547 1976 σον.
578 1926 705 1985 vili,
735 1920 811 1989 9).
848 1918 920 1974 Et
948 1935 1154 1975 rursus
1185 1934 1198 1975 :
1233 1919 1442 1989 Peribit
1502 1918 1756 1989 inﬁrmus
1815 1920 1875 1972 in
1905 1926 2002 1973 tua

347 2010 582 2065 scientia
605 2009 798 2079 frater,
830 2015 1048 2080 propter
1098 2023 1258 2080 quem
1314 2007 1562 2063 Christus
1609 2014 1856 2063 mrtuus
1900 2014 1998 2063 est.

345 2098 439 2156 Sic
468 2104 651 2154 autem
674 2104 953 2169 peccantes
982 2098 1043 2152 in
1060 2097 1259 2167 fratres
1277 2104 1335 2152 et
1344 2097 1704 2168 percutientes
1732 2098 2003 2152 conscias-

349 2190 490 2244 tiam
542 2202 753 2252 eorum,
808 2188 871 2241 in
923 2185 1203 2241 Christum
1254 2186 1485 2257 peccatis
1538 2184 1721 2255 (ibid.,
1768 2186 1998 2257 11,12).

351 2278 425 2332 Et
453 2274 739 2333 Dominus
768 2274 912 2330 dicit
944 2292 957 2330 :
990 2277 1102 2345 Qui
1126 2275 1588 2330 mdulizaverit
1614 2289 1787 2329 unum
1815 2273 1879 2329 de
1904 2291 2003 2346 pu-

349 2366 498 2423 sillis
516 2366 670 2433 istis,
703 2366 802 2437 qui
830 2365 891 2420 in
917 2380 1005 2421 me
1032 2364 1279 2431 credunt,
1311 2365 1529 2436 expedit
1553 2363 1605 2419 ei
1626 2369 1687 2418 ut
1710 2364 2002 2434 suspenda-

350 2463 445 2511 tur
467 2455 619 2511 mota
642 2453 896 2510 asinaria
923 2455 983 2509 in
1011 2454 1149 2509 collo
1176 2455 1314 2526 ejus,
1345 2459 1399 2509 et
1420 2452 1765 2522 demergatur
1794 2454 1857 2507 in
1881 2468 2003 2525 pro-

351 2541 591 2616 fundum
614 2544 787 2599 maris
817 2542 1022 2609 (Mcuth.
1055 2557 1216 2611 xvm,
1248 2544 1305 2610 6)
1337 2558 1351 2597 :
1384 2541 1525 2613 quia
1568 2543 1778 2599 melius
1807 2543 2001 2615 profe-

350 2636 444 2688 cto
474 2631 579 2688 tali
611 2632 817 2699 fuerat,
853 2634 919 2686 ut
957 2631 1016 2685 in
1048 2630 1273 2703 privata
1298 2629 1417 2686 vita
1445 2632 1700 2705 degeret,
1734 2648 1909 2705 quam
1940 2632 1999 2687 in

349 2716 691 2797 principatu
703 2719 915 2792 positis
933 2736 994 2775 se
1014 2718 1365 2775 imitabilem
1389 2719 1448 2774 in
1467 2719 1642 2792 culpa
1659 2720 1881 2776 caeteris
1902 2721 2003 2776 de-

352 2812 912 2880 mdnstraret,et'pro
932 2806 1117 2862 tantis
1135 2822 1341 2878 pcsnas
1357 2805 1811 2880 lueret,quantis
1831 2807 2001 2880 quasi

352 2897 513 2955 licite
541 2913 811 2970 peccans,
844 2913 952 2953 suo
982 2896 1245 2968 exemplo
1274 2895 1348 2951 ad
1379 2894 1521 2951 vitia
1566 2897 1686 2952 dux
1714 2900 1775 2952 et
1802 2900 2004 2954 auctor

352 2987 567 3045 erroris
595 2985 807 3043 existit.
843 2984 1027 3057 Cujus
1083 2988 1247 3041 tanto
1300 2988 1394 3040 est
1449 2983 1627 3056 culpa
1667 2984 1912 3059 gravior,
1944 2990 2003 3041 et

352 3075 466 3133 erit
492 3072 775 3131 cruciatio
800 3073 1022 3141 durior,
1055 3076 1276 3144 quanto
1306 3072 1604 3129 excedenti
1634 3078 1725 3128 est
1754 3073 2003 3130 facultas

352 3165 611 3222 liberior.
654 3163 801 3231 Quia
850 3178 1024 3219 nemo
1071 3161 1327 3234 amplius
1369 3160 1658 3234 delinquit
1704 3161 1765 3217 in
1812 3178 2003 3234 popu»

355 3254 453 3322 lle,
511 3266 691 3327 quam
750 3252 853 3324 qui
920 3266 1188 3323 perverse
1256 3266 1434 3323 agens
1502 3249 1768 3307 ordinem
1843 3250 2001 3323 prin-

356 3319 587 3416 cipatus
617 3319 884 3414 usurpat.
916 3319 1361 3412 Delinquentein
1416 3356 1671 3411 namque
1715 3319 1872 3396 hunc
1911 3357 2002 3396 re—
2034 3319 2095 3388 GI

358 3432 647 3506 darguere
691 3429 893 3486 nullus
940 3428 1262 3501 praesumit,
1295 3432 1355 3484 et
1382 3428 1441 3484 in
1471 3428 1804 3501 exemplum
1833 3428 2006 3501 culpa

357 3522 513 3579 σοι
543 3519 917 3575 vehementer
963 3516 1315 3584 extenditur,
1346 3517 1582 3589 quando
1613 3534 1716 3590 pro
1748 3535 2005 3574 reversa.

352 3610 436 3667 tia
464 3607 834 3682 principatus
875 3608 1146 3679 peccator
1190 3606 1531 3662 honoratur.
1564 3606 1630 3661 Et
1662 3610 1725 3661 ut
1755 3606 2005 3665 honores

352 3703 417 3755 et
440 3696 726 3753 beneﬁcia
754 3694 1133 3751 adulantibus
1163 3693 1403 3759 tribuat,
1436 3693 1710 3751 laudatur
1738 3700 2006 3768 peccator

353 3787 427 3843 in
445 3783 753 3842 desideriis
783 3782 994 3840 animus
1023 3785 1239 3848 sue,et
1266 3782 1367 3854 qui
1396 3782 1599 3855 iniqua
1627 3783 1748 3856 agit
1776 3785 2006 3841 benedi-

355 3874 531 3941 dum
550 3878 610 3932 et
622 3877 898 3930 mortuus
918 3871 1223 3928 emortuis
1251 3871 1313 3926 in
1343 3876 1530 3928 morte
1562 3872 1816 3944 pessima
1848 3889 2007 3945 sepe-

354 3964 517 4032 litur,
551 3963 692 4035 quia
718 3963 1005 4035 scriptum
1034 3965 1152 4017 est:
1188 3960 1411 4017 Videbas
1439 3962 1638 4031 furem,
1669 3969 1720 4017 et
1748 3962 2005 4018 currebas

353 4066 483 4111 cum
509 4068 591 4120 eo,
620 4059 673 4109 et
723 4066 851 4107 cum
898 4050 1162 4106 adulteris
1210 4051 1515 4121 porticum
1566 4057 1719 4106 tuam
1770 4052 2005 4123 ponebas

353 4142 801 4212 (Psal.xm.18).
834 4138 1029 4195 Currit
1056 4137 1215 4193 enim
1244 4140 1379 4193 cum
1415 4138 1560 4209 fure,
1593 4142 1651 4193 et
1681 4139 2003 4210 portionem

355 4244 527 4287 mm
560 4228 727 4302 ponit
753 4244 889 4284 cum
916 4227 1247 4299 eo,quandu
1279 4226 1329 4282 ei
1352 4226 1600 4299 quis,vel
1630 4227 1691 4282 in
1722 4227 2004 4283 adulteris

352 4317 655 4387 laudibus,
687 4316 869 4374 vel-in
900 4316 1313 4373 consentaneis
1365 4315 1769 4388 voluptatibus
1818 4315 1904 4372 illi
1943 4334 2005 4373 se

344 4406 570 4481 jungit,
599 4409 659 4464 et
684 4406 1013 4478 portionem
1060 4419 1250 4472 suam,
1285 4420 1465 4477 quam
1496 4419 1631 4460 cum
1663 4405 1779 4460 Deo
1808 4410 1869 4461 et
1896 4422 2005 4461 an-

351 4495 517 4570 gelis.
546 4495 763 4551 habere
811 4493 1109 4560 debuerat,
1144 4492 1204 4548 in
1234 4493 1470 4549 interno
1510 4508 1653 4547 cum
1691 4493 2002 4566 illoponit,

352 4586 621 4657 cujuszos
639 4582 947 4640 abundavit
992 4583 1237 4649 "notitia,
1293 4589 1345 4637 et
1393 4583 1597 4653 lingua
1650 4584 2010 4639 concumabat

2102 674 2765 745 Verb.Dom.):«<Duobus
2796 676 2986 733 modis
3017 695 3133 734 non
3163 683 3219 735 te
3250 679 3508 736 maculat
3525 680 3743 747 malus,

2100 762 2151 817 si
2190 780 2305 818 non
2358 764 2710 833 consentias,
2742 769 2803 821 et
2856 765 2905 821 si
2965 767 3279 839 redarguas
3302 768 3459 835 ghoc
3483 774 3595 835 est,
3626 786 3744 825 non

2100 852 2679 920 communicare,non
2710 854 3544 912 consentire.Communicatur
3571 859 3742 931 quip-

2101 956 2191 1012 pe,
2226 942 2460 1012 quando
2514 943 2664 997 facto
2722 944 2850 1014 ejus
2904 943 3264 999 consortium
3311 944 3629 1001 voluntatis
3655 944 3753 1001 vel’

2102 1031 2541 1102 approbationis
2583 1033 2945 1106 adjungitur.
2979 1033 3096 1089 Hoc
3124 1049 3262 1107 ergo
3293 1051 3400 1089 nos
3430 1035 3749 1091 admonens

2100 1119 2412 1191 Apostolus
2443 1121 2526 1175 ait
2555 1137 2568 1175 :
2602 1122 2778 1177 Nolite
2820 1124 3223 1178 communicare
3267 1122 3520 1195 operibus
3567 1124 3749 1194 infru-

2101 1211 2299 1265 ctuosis
2357 1209 2702 1265 tenebrarum
2757 1211 2972 1282 (Ephes.
3005 1229 3061 1279 v,
3098 1212 3208 1278 11).
3242 1212 3314 1267 Et
3352 1210 3493 1283 quia
3539 1228 3749 1284 parum

2103 1301 2228 1353 erat
2256 1314 2371 1353 non
2402 1298 2754 1367 consentire,
2779 1299 2827 1354 si
2850 1302 3192 1371 sequeretur
3211 1299 3567 1372 negligentia
3585 1299 3755 1356 disci-

2104 1386 2295 1458 plinae,
2340 1387 2512 1457 Magis
2558 1396 2759 1459 autem,
2806 1387 3020 1461 inquit,
3070 1392 3129 1444 et
3178 1389 3495 1461 redarguite
3540 1389 3749 1459 (ibid).

2103 1476 2306 1531 Videte
2354 1478 2851 1549 quemadmodum
2891 1482 3209 1550 utrumque
3256 1477 3597 1550 complexus
3640 1482 3751 1546 est,

2105 1564 2292 1621 Nolite
2321 1566 2777 1635 communicem,
2812 1566 3000 1640 magis
3057 1571 3257 1624 autem
3307 1571 3367 1623 et
3402 1567 3750 1640 redarguite.

2106 1653 2254 1720 Quid
2284 1658 2374 1710 est
2403 1646 2622 1722 autem,
2657 1654 2834 1711 nolite
2882 1654 3361 1712 communicare?
3391 1654 3575 1712 nolite
3617 1671 3753 1712 con-

2109 1743 2344 1813 sentire,
2375 1741 2555 1799 nolite
2612 1742 2871 1811 laudare,
2905 1743 3084 1799 nolite
3112 1744 3454 1817 approbare.
3486 1744 3635 1811 Quid
3665 1746 3763 1800 est

2107 1834 2328 1902 autem,
2361 1832 2555 1905 magis
2599 1835 2658 1887 et
2709 1833 3038 1905 redarguite
3056 1833 3089 1888 ‘t‘
3115 1833 3544 1905 reprehendite,
3574 1831 3753 1889 corri-

2029 1954 2089 2018 B'.
2110 1920 2250 2018 pits,
2271 1924 2549 2018 coercete.
2589 1920 2809 1977 Deinde
2841 1922 2899 1976 in
2932 1921 3070 1993 ipsa.
3090 1920 3452 1994 correptione
3479 1920 3569 1977 vel
3596 1937 3754 1977 coer-

2109 2008 2322 2064 citione
2351 2007 2674 2064 alienorum
2707 2014 3077 2081 peccatorum
3108 2010 3439 2066 cavendum“
3465 2013 3575 2078 est,
3591 2027 3663 2065 ne
3693 2026 3767 2066 se;

2110 2095 2348 2152 extollat
2378 2097 2477 2169 qui
2511 2096 2760 2153 alterum
2792 2098 3051 2171 corripit,
3076 2102 3133 2154 et
3159 2088 3264 2170 qui
3297 2115 3359 2154 se
3384 2101 3552 2171 putat
3579 2102 3765 2163 stare,

2109 2186 2303 2241 videat
2334 2202 2406 2241 ne
2434 2188 2626 2243 cadat.
2663 2186 2823 2243 Foris
2879 2186 3216 2243 terribiliter
3255 2191 3528 2259 personet
3569 2186 3765 2243 incrss

2110 2274 2288 2346 patio,
2325 2274 2488 2330 intus
2520 2274 2779 2331 lenitatis
2810 2279 3077 2331 teneatur
3107 2275 3360 2331 dilectio.
3395 2277 3594 2348 Neque
3622 2292 3771 2348 ergo

2110 2363 2539 2419 consentientes
2561 2364 2693 2420 sitis
2714 2364 2979 2431 malis,ut
2998 2364 3353 2437 approbatis,
3378 2381 3566 2436 neque
3587 2363 3762 2437 negli-

2110 2456 2332 2524 gentes,
2366 2455 2432 2506 ut
2463 2468 2575 2507 non
2605 2453 2885 2525 arguatis,
2920 2468 3111 2525 neque
3132 2452 3761 2525 superbientes,ut-in-

2112 2539 2399 2596 satianter
2427 2541 2709 2613 arguatis.
2746 2563 2775 2591 »
2807 2542 2877 2596 Et
2921 2545 3163 2597 sanctus
3207 2541 3520 2613 Gregorius
3550 2540 3612 2597 in
3640 2539 3758 2612 epi-

2111 2628 2261 2684 stola
2289 2630 2361 2684 ad
2394 2628 2643 2685 Felicem
2683 2628 3048 2685 Siciliensem
3096 2628 3436 2701 episcopum
3485 2627 3769 2686 omnibus

2111 2718 2291 2773 donat
2315 2717 2626 2790 episcopis,
2660 2717 2862 2774 dicens
2889 2720 3011 2787 (lib.
3044 2735 3141 2783 xit,
3174 2720 3334 2790 epist.
3365 2718 3455 2790 32)
3488 2734 3502 2773 :
3544 2741 3574 2770 «
3608 2718 3769 2775 Sunt

2109 2805 2267 2861 enim
2297 2805 2438 2861 mali
2469 2806 2814 2879 segregandi
2845 2823 2881 2862 a
2908 2805 3099 2872 bonis,
3122 2811 3180 2862 et
3426 2823 3460 2862 a
3483 2806 3760 2879 justis,ut

2111 2894 2319 2951 saltem
2350 2895 2561 2950 rubore
2592 2912 2698 2951 suo
2727 2894 3114 2952 conscientias
3144 2911 3283 2951 suae
3318 2899 3756 2967 recognoscant,

2110 2986 2171 3037 et
2197 2986 2609 3041 convertantur
2638 3001 2672 3039 a
2700 2982 3089 3056 pravitatibus
3116 2982 3263 3049 suis,
3292 2987 3350 3038 et
3378 2983 3431 3038 si
3458 2981 3764 3055 incorrigi-

2111 3071 2259 3127 biles
2286 3072 2681 3144 apparuerint,
2698 3074 3076 3146 segregantur
3107 3089 3142 3128 a
3174 3071 3445 3128 ﬁdelibus
3476 3072 3759 3144 usquead

2111 3160 2763 3233 satisfactionemjuxta
2786 3161 3017 3218 Domini
3039 3160 3357 3218 Salvatoris
3385 3160 3767 3230 sententiam,

2112 3266 2230 3321 qua
2250 3249 2403 3307 inter
2422 3255 2630 3307 cetera
2647 3253 2719 3307 de
2740 3251 3083 3323 peccantein
3099 3267 3161 3307 se
3175 3251 3353 3307 fratre
3371 3250 3757 3324 praseipiende

2112 3338 2195 3394 ait
2225 3355 2239 3393 :
2272 3339 2336 3396 Si
2362 3342 2659 3412 peccaverit
2684 3342 2747 3396 in
2775 3347 2823 3396 te
2850 3343 3026 3412 frater
3054 3348 3202 3406 tuus,
3230 3341 3445 3412 corripe
3460 3355 3589 3396 eum
3617 3341 3765 3397 inter

2111 3436 2162 3483 te
2188 3436 2239 3484 et
2266 3431 2446 3501 ipsum
2473 3430 2668 3485 solum.
2699 3430 2762 3485 Si
2790 3437 2840 3485 te
2861 3429 3121 3493 audierit,
3169 3429 3412 3485 lucratus
3468 3430 3587 3485 eris
3636 3429 3758 3499 [mo

2112 3523 2249 3573 trcm
2273 3526 2447 3573 tuum.
2480 3518 2543 3574 Si
2581 3526 2763 3574 autem
2811 3524 2859 3574 te
2904 3533 3017 3573 non
3072 3517 3329 3585 audierit,
3362 3516 3562 3573 adhibe
3587 3523 3761 3572 tecum

2109 3620 2304 3674 unum,
2337 3615 2436 3663 aut
2468 3608 2618 3672 duos,
2650 3615 2711 3662 ut
2756 3609 2938 3663 inore
2962 3606 3199 3663 duorum
3228 3607 3311 3661 vel
3340 3608 3516 3661 trium
3542 3607 3770 3662 testium:

2109 3703 2210 3750 stet
2234 3711 2391 3750 omne
2419 3696 2661 3750 verbum.
2678 3695 2829 3763 Quod
2858 3696 2908 3750 si
2935 3710 3047 3750 non
3075 3695 3319 3750 audierit
3342 3710 3454 3758 eos,
3491 3695 3642 3750 100
3668 3692 3761 3749 die

2110 3784 2385 3839 Ecclesiae.
2417 3783 2480 3838 Si
2536 3791 2720 3838 autem
2775 3790 2828 3838 et
2881 3783 3182 3837 Ecclesium
3234 3798 3347 3837 non
3398 3781 3656 3848 audimit,
3688 3782 3773 3837 sit

2112 3872 2212 3927 tibi
2239 3873 2382 3927 sicut
2406 3873 2651 3927 ethnicus
2679 3878 2731 3926 et
2756 3870 3085 3941 publicanus
3114 3868 3319 3939 (Matth.
3352 3887 3513 3937 xvm,
3544 3870 3756 3938 1547‘).

2113 3960 2215 4015 His
2243 3976 2379 4032 ergo
2408 3963 2466 4015 et
2495 3959 2695 4015 multis
2722 3958 2855 4015 aliis
2884 3964 3219 4014 sanctorum
3242 3958 3483 4013 Patrum
3513 3957 3760 4014 auctori-

2112 4047 2335 4104 tatibus
2378 4048 2727 4121 segregandi
2774 4051 2915 4104 sunt
2962 4045 3099 4102 mali
3132 4064 3168 4102 a
3198 4044 3389 4113 bonis,
3420 4064 3494 4103 ne
3524 4050 3761 4119 pereant

2104 4138 2254 4209 justi
2269 4154 2372 4210 pro
2391 4136 2653 4208 injustis,
2680 4136 2833 4193 sicut
2852 4136 3141 4208 scriptum
3169 4138 3284 4192 est:
3302 4136 3456 4192 Perit
3468 4137 3762 4208 justuspro

2115 4228 2283 4299 impio
2313 4227 2501 4298 (Eccle.
2537 4242 2647 4293 vn,
2672 4226 2780 4297 16).
2814 4225 2995 4281 Debet
3023 4225 3181 4280 enim
3212 4240 3448 4296 semper
3485 4223 3773 4280 discretio

2114 4315 2237 4371 ﬁeri
2268 4315 2418 4381 inter
2449 4315 2722 4371 bonos-et
2753 4314 2964 4385 malos,
2996 4314 3153 4369 sicut
3178 4317 3269 4370 est
3297 4313 3451 4369 inter
3479 4313 3678 4370 bmdos
3708 4317 3771 4370 et

2113 4420 2268 4460 oves.
2301 4404 2610 4461 Manifesta
2650 4421 2885 4477 quoque
2934 4406 3171 4475 peccata
3218 4420 3333 4457 non
3363 4406 3504 4459 sunt
3536 4402 3765 4461 occulta

2114 4493 2465 4550 correctione
2496 4494 2821 4566 purganda,
2837 4494 2938 4548 sed
2972 4491 3165 4564 palam
3197 4495 3337 4548 sunt
3364 4492 3645 4565 arguendi
3663 4493 3773 4564 qui-

2115 4584 2307 4656 palam
2330 4582 2784 4650 nocent,utdum
2810 4586 3011 4655 aperta
3030 4581 3437 4655 objurgatione
3456 4585 3761 4650 sanantur,

352 4675 542 4731 delum
570 4672 751 4745 (πρωὶ.
791 4688 942 4740 xux,
976 4672 1067 4739 19)
1101 4688 1115 4727 :
1168 4671 1405 4743 quando
1452 4670 1550 4727 illo
1601 4670 1756 4727 male
1801 4676 2007 4744 agente
2034 4673 2173 4755 Bibi
2204 4672 2305 4745 qui
2336 4688 2437 4729 eos
2466 4671 2750 4727 imitando
2794 4670 3165 4743 deliquerant
3192 4671 3578 4743 corrigantur.
3612 4671 3771 4727 Dum-

353 4762 716 4836 nequiter‘ac
746 4759 946 4817 dolose
990 4758 1287 4827 laudabat,
1319 4759 1565 4815 vslzsuis
1595 4760 1789 4832 pravis
1819 4761 2001 4816 actio-

352 4853 537 4908 nibus
579 4863 890 4907 assensum
950 4844 1261 4922 praabebat,
1293 4850 1429 4920 quia
1452 4864 1563 4905 non
1588 4850 1767 4904 solum
1795 4852 1891 4921 qui
1916 4851 2003 4920 fa-

351 4943 533 5006 ciunt,
555 4940 739 4997 sedet
764 4940 862 5011 qui
911 4939 1254 4995 consentiunt
1304 4938 1650 5009 facimtibus,
1681 4938 1838 5009 digni
1876 4946 2008 4994 sunt

353 5036 524 5087 morte
553 5027 892 5101 (nonnae).
924 5026 1090 5084 Unde
1118 5030 1360 5083 sanctus
1390 5026 1736 5083 Ambrosius
1762 5044 1777 5082 :
1808 5049 1837 5077 α
1860 5029 2005 5085 Cum

351 5120 535 5184 enim,
567 5117 782 5189 inquit;
813 5116 971 5172 videt
1016 5116 1287 5171 honorari
1337 5132 1399 5171 se
1450 5115 1621 5188 (quin.
1647 5116 1700 5172 is
1736 5116 1845 5188 qui-
1866 5115 2006 5172 talia

354 5207 608 5281 egw-ab
630 5205 1021 5278 'his=qui:non
1043 5208 1185 5260 sunt'
1213 5203 1379 5272 tales,
1413 5205 1622 5261 crescit
1648 5205 1707 5260 in
1740 5206 1914 5269 mala.
1946 5210 2008 5262 et

349 5296 647 5371 gloriatur-
659 5295 807 5351 forte
826 5294 1103 5361 setalem,
1123 5293 1606 5365 idcirco-dignum
1638 5299 1729 5350 est
1754 5311 1873 5350 una
1897 5294 2007 5351 hos

349 5394 529 5459 paena
553 5380 912 5440 mutandos.
945 5384 1056 5440 Sed
1088 5387 1147 5438 et
1174 5383 1226 5437 is
1255 5383 1356 5454 qni
1403 5382 1545 5438 talia
1571 5384 1818 5454 judicat,
1854 5383 2005 5440 sicut

347 5474 506 5531 idem
531 5472 751 5528 Paulus
779 5471 1006 5539 dicit,et
1035 5472 1172 5527 facit
1199 5486 1288 5537 ea,
1306 5487 1420 5525 non
1452 5472 1688 5542 ell‘ugiet
1709 5472 2001 5542 judicium

348 5564 475 5619 Dei.
502 5563 612 5621 Per
640 5576 704 5618 se
727 5560 887 5618 enim
910 5561 1289 5631 judicaturus
1328 5565 1437 5626 est,
1465 5560 1619 5632 apud
1652 5572 1824 5631 quem
1852 5562 2001 5616 adu-

345 5650 490 5707 latio
547 5652 737 5706 cessat
796 5651 863 5703 et
908 5661 1289 5720 personarum
1349 5648 1604 5720 acceptio
1643 5648 1815 5718 (Rom.
1851 5653 1936 5719 ιι).
1969 5674 1997 5701 ››

346 5738 681 5801 Gbnsilium
706 5741 904 5794 autem
936 5735 1276 5807 bujusmodi
1327 5735 1655 5808 periculum
1707 5738 1999 5796 devitandi

2112 4763 2443 4819 enimunus
2454 4759 3032 4834 corn'pitur,ph1rimi
3055 4758 3762 4816 emendantur.Etmelius

2113 4855 2220 4919 est,
2235 4855 2302 4906 ut
2324 4867 2427 4923 pro
2446 4848 2772 4904 multorum
2797 4848 3118 4906 salvations
3141 4866 3294 4903 unus
3316 4848 3757 4914 condemnetur,

2113 4956 2290 5013 quam
2320 4956 2424 5012 per
2455 4938 2631 4994 unius
2659 4937 2957 4994 licentiam
2990 4936 3169 4992 multi
3190 4935 3611 5008 periclitentur.
3646 4936 3761 4991 Nec

2114 5029 2329 5084 mirum
2360 5026 2410 5083 si
2443 5027 2593 5081 inter
2622 5026 2888 5082 homines
2920 5026 3042 5080 haec
3071 5024 3219 5080 ratio
3250 5024 3601 5090 custoditur,
3625 5039 3760 5078 cum

2114 5121 2173 5173 et
2200 5117 2352 5171 inter
2372 5117 2650 5188 jumen-ta
2679 5114 2801 5170 haec
2831 5114 2963 5169 ﬁeri
2988 5128 3242 5185 perswpe
3272 5110 3673 5183 cognovimus,
3705 5114 3769 5167 etv

2114 5223 2183 5262 ea
2210 5222 2338 5278 quae
2368 5202 2624 5260 scabiem
2657 5206 2758 5258 aut
2789 5201 3197 5274 impetiginem
3225 5200 3441 5255 habere
3468 5200 3758 5266 videntur,

2115 5296 2463 5367 separantur
2492 5310 2527 5347 a
2555 5290 2736 5361 sanis,
2771 5307 2844 5344 nc
2868 5288 3113 5344 illorum
3136 5288 3341 5344 morbo
3372 5291 3579 5343 caetera
3601 5288 3759 5345 dam-

2114 5388 2327 5439 nentur
2352 5382 2449 5437 vel’
2473 5383 2725 5452 pereant.
2760 5377 2956 5434 Satius
2984 5381 3079 5433 est
3103 5377 3283 5447 enim,
3315 5380 3382 5432 ut
3409 5375 3548 5431 mali
3578 5375 3762 5433 mani-

2114 5474 2257 5529 feste
2291 5470 2861 5542 corrigantur-,quam
2889 5484 2993 5539 pro
3016 5466 3135 5521 illis
3155 5466 3290 5521 boni
3317 5470 3573 5539 pensant.
3599 5466 3760 5524 Unde

2109 5561 2382 5617 volumus
2403 5576 2503 5613 vos
2524 5574 2728 5612 omnes
2750 5556 2809 5610 in
2832 5556 3344 5612 unumconvenire
3363 5555 3760 5628 episcopos,ut

2112 5652 2182 5707 de
2202 5648 2596 5706 incidentibus
2619 5644 2814 5701 causis
2837 5646 2937 5700 ﬁat
2953 5643 3318 5716 disceptatio,
3333 5649 3391 5701 et
3410 5644 3663 5702 salubris
3686 5645 3758 5701 de

2110 5736 2505 5797 ecclesiastica
2544 5734 2946 5793 observatione
2989 5732 3242 5803 collatio,
3267 5737 3579 5814 quatenus,
3611 5734 3770 5796 dum
