4204 6460
468 427 588 496 763
958 487 965 496 ,
1410 425 1792 488 HINCMARI
1839 425 2128 488 RHEMEI

2205 427 2284 492 is
2329 431 2914 497 ARCHIEPISCOPI
3349 408 3360 416 ’
3738 435 3865 498 -ιθι

467 580 570 638 per
589 563 697 620 hoc
716 568 774 620 et
792 559 1083 637 praeterita
1109 557 1501 634 corriguntur,
1533 561 1591 614 et
1619 557 1880 631 regulam
1913 558 2108 615 futura
2134 559 2191 627 Α
2220 564 2276 618 te
2305 563 2433 620 sine
2462 581 2590 621 meo
2629 570 2935 640 acceptum
2965 565 3081 624 Deo
3111 583 3239 626 esse
3267 572 3327 625 et
3353 566 3674 643 gloriosum
3703 567 3862 642 peri-

466 651 815 726 suscipiunt,
847 650 1219 722 omnipotens
1262 647 1480 720 ubique
1523 647 1806 703 Dominus
1862 647 2107 703 fratrum
2215 650 2366 708 culo.
2401 653 2502 708 Sin
2549 671 2776 722 ausam,
2810 654 3026 712 silentii
3081 656 3194 712 mei
3253 655 3864 731 dissimulationisque

464 740 774 799 concordia
801 739 1184 803 collaudetur,
1216 737 1386 809 cujus
1416 737 1580 792 vobis
1629 737 1834 792 adesse
1863 754 2107 808 praesen-
2215 740 2386 814 culpa
2415 747 2475 798 et
2502 759 2595 799 me
2625 742 2905 817 ingravat,
2938 761 3046 801 nec
3091 749 3148 801 te
3189 745 3414 811 liberat,
3448 746 3602 803 malo
3632 748 3863 820 impor-

463 831 606 888 tiam
637 831 684 886 si
715 831 837 886 haec
865 828 1248 885 observabitis
1279 825 1648 898 scitote,quia
1676 825 1958 898 scriptum
1981 829 2102 881 est:
2215 829 2503 886 tuniorem
2527 849 2638 897 me,
2663 849 2837 904 quam
2861 832 3216 890 inutiliorem
3239 839 3340 890 aut
3367 835 3687 908 turpiorem
3701 836 3867 908 judi-

467 923 570 979 Ubi
594 921 806 992 fuerim
857 917 965 973 duo
1011 917 1095 972 vel
1141 923 1248 972 tres
1287 917 1600 986 congregati
1613 915 1687 991 ‘in
1715 916 1934 970 nomine
1964 931 2100 981 meo,
2213 919 2643 991 ces.Siquidem
2674 921 2959 994 scriptum
2987 923 3330 990 est,dicente
3359 929 3562 980 sancto
3593 923 3864 996 apostolo

464 1011 544 1066 ibi
588 1025 714 1064 sum
762 1009 822 1062 in
871 1006 1048 1062 medio
1103 1021 1292 1062 eorum
1320 1003 1520 1075 (Matth.
1542 1021 1697 1070 xvm,
1728 1004 1839 1070 20).
1875 1003 1932 1059 Si
1965 1019 2102 1076 ergo
2213 1005 2412 1077 Paulo,
2443 1009 2613 1082 cujus
2643 1027 2759 1066 non
2790 1014 2953 1083 potes
2984 1011 3312 1068 doctrinam
3370 1011 3628 1070 refellere
3662 1029 3676 1068 :
3709 1015 3864 1070 Iusta

461 1099 668 1154 adesse
697 1096 973 1169 dignatur
1001 1095 1098 1150 ubi
1133 1095 1249 1150 duo
1265 1093 1349 1148 vel
1375 1097 1492 1148 tres
1510 1096 1892 1165 sunt,quanto
1914 1093 2103 1164 magis
2209 1103 2528 1168 opportune,
2587 1100 2914 1170 importune,
2969 1117 3160 1169 argue,
3219 1103 3458 1166 obsecra,
3516 1104 3740 1174 increpa
3799 1104 3864 1157 in

461 1204 576 1243 non
609 1184 792 1241 deerit
819 1183 919 1241 ubi
961 1183 1159 1256 plures
1215 1181 1570 1239 conveniunt
1626 1181 2002 1238 sacerdotes?
2034 1183 2104 1236 Et
2207 1185 2362 1239 omni
2392 1187 2660 1257 patientia
2688 1196 2738 1243 et
2765 1187 3014 1244 doctrina
3057 1191 3132 1256 (Il
3165 1191 3298 1244 Tim.
3331 1206 3406 1257 iv,
3438 1193 3516 1258 2).
3558 1189 3864 1246 Habemus

461 1275 718 1349 quidem,
753 1291 872 1347 qua
899 1271 1299 1328 adhibendum
1331 1271 1422 1326 bis
1471 1271 1530 1325 in
1579 1288 1732 1326 anno
1786 1269 2098 1326 concilium
2208 1288 2344 1345 ergo
2365 1279 2421 1328 et
2441 1291 2548 1330 nos
2569 1276 2662 1331 cui
2691 1275 2994 1348 displicere
3011 1277 3858 1352 pluspericulisit:prwscrtim

461 1366 696 1422 Patrum
749 1364 828 1418 sit
871 1361 1087 1434 regulis
1141 1361 1499 1426 institutum,
1534 1377 1649 1415 non
1690 1359 1850 1414 latet.
1883 1359 1991 1416 Sed
2029 1377 2101 1415 ne
2207 1363 3862 1440 cumetiamimpcratoribusnondispliceatsuoquemque

457 1455 605 1512 forte
634 1452 833 1526 aliqua
861 1451 1156 1508 excusatio
1187 1451 1284 1518 sit,
1319 1448 1498 1528 semel
1543 1448 1914 1505 decernimus
1961 1466 2098 1505 con-
2208 1449 2368 1522 fungi
2402 1468 2666 1518 munere,
2687 1457 2744 1508 et
2772 1452 3059 1526 patienter
3087 1453 3343 1510 audiatis
3372 1470 3860 1527 unumquemque

455 1559 717 1618 gregare,
751 1545 820 1597 ut
863 1540 1290 1614 exspectatione
1345 1537 1576 1594 concilii
1633 1537 1780 1594 nihil
1831 1556 2096 1612 pravum,
2206 1555 2432 1610 prosuo
2453 1546 2863 1614 suggerentum
2885 1541 3097 1608 officio,
3119 1541 3239 1598 imo
3259 1542 3648 1615 corripiatissi
3665 1559 3780 1598 non
3797 1561 3859 1598 u-

455 1632 603 1690 nibil
627 1633 1018 1704 praesumetur
1036 1627 1324 1684 illicitum.
1349 1629 1494 1683 Nam
1520 1627 1804 1700 plerique.
1826 1631 1884 1683 et
1902 1627 1948 1684 si
1981 1634 2096 1684 n'on
2206 1633 2366 1684 tatur
2380 1629 2600 1686 militiae
2613 1647 2732 1686 sua:
2753 1630 2974 1687 ordine.
2989 1631 3150 1698 Quod
3169 1630 3852 1704 crgoinhislibenterac-

455 1738 654 1780 amore
682 1718 942 1794 iustitiae,
965 1723 1123 1772 metu
1152 1716 1601 1772 examinationis
1629 1716 1998 1772 abstineatur
2025 1719 2097 1773 ab
2206 1716 2399 1790 cipitis
2411 1719 2510 1791 qui
2527 1719 2692 1774 vobis
2705 1719 3128 1788 militant,num
3143 1719 3254 1776 hoc
3270 1719 3330 1776 in
3348 1719 3862 1793 sacerdotibuspo-

453 1811 562 1868 hoc
587 1809 739 1882 quod
763 1807 1028 1863 omnium
1051 1810 1254 1862 notum
1286 1809 1378 1862 est.
1408 1821 1578 1876 posse
1606 1804 1915 1877 displicere
1945 1805 2126 1877 iudi-~
2205 1810 2315 1863 test
2331 1805 2641 1863 molestum
2658 1807 3008 1875 videri,cum
3025 1807 3429 1880 idloquamur,
3443 1825 3560 1865 non
3581 1809 3738 1882 quod
3752 1826 3860 1865 vo-

452 1899 562 1998 cio.
575 1893 1605 1998 nEtsanatus‘bmbrosiusin-epistola
1617 1894 1690 1948 ad
1703 1893 2094 1998 Theodosium
2133 1931 2180 1998 Β
2205 1893 2532 1998 lamus,sed
2547 1897 2699 1966 quod
2707 1897 3028 1998 jubemur?
3041 1895 3168 1998 Scis
3179 1897 3335 1998 enim
3351 1896 3858 1998 lectumECumsta-

452 1988 865 2061 imperatorem
898 1983 1077 2039 dicit:
1111 2006 1138 2033 ‹‹
1163 1982 1467 2038 Exercitiis
1497 1999 1748 2055 semper,
1769 1987 1828 2036 et
1847 1983 2096 2056 jugibus
2133 1982 2178 1998 ¹¹
2205 1987 2336 2041 bitis
2348 1986 3158 2058 anteregesetpra'sidesmolite
3173 1988 3412 2056 cogitare
3429 1987 3564 2060 quid
3577 1987 3852 2060 loquami-

452 2079 570 2135 t'ere
590 2093 660 2132 cu
669 2076 748 2132 ris
770 2091 926 2142 sum,
950 2073 1270 2146 imperator
1305 2070 1663 2139 beatissime,
1696 2071 1945 2127 deditus.
1981 2072 2092 2128 Sed
2202 2075 2286 2130 ui.
2310 2074 2424 2130 Non
2442 2075 2593 2130 enim
2611 2091 2700 2131 vos
2721 2075 2848 2130 estis
2867 2075 2966 2148 qui
2984 2075 3186 2147 loquim
3195 2075 3396 2136 ἐπὶ,δῶ
3413 2077 3644 2148 spiritus
3661 2079 3852 2132 Patris

452 2182 756 2240 nunquam
777 2167 940 2221 tanto
961 2163 1019 2218 in
1043 2167 1185 2218 aestu
1208 2161 1311 2230 fui,
1339 2179 1494 2234 quau
1504 2165 1561 2216 to
1582 2178 1756 2228 nunc,
1775 2179 1908 2216 cum
1929 2161 2095 2218 video
2205 2165 2369 2218 vestri
2387 2165 2483 2235 qui
2501 2164 2740 2235 loquitur
2763 2165 2824 2219 in
2845 2163 2990 2220 vobis
3011 2163 3478 2232 (Matth.x,19).Et
3497 2167 3695 2220 tamen
3721 2165 3770 2220 si
3791 2163 3852 2221 in

451 2255 774 2313 cavendum
797 2270 869 2308 ne
889 2251 1030 2326 quid
1053 2251 1130 2307 sit
1149 2251 1303 2324 quod
1323 2249 1651 2306 ascribatur
1672 2249 1815 2305 mihi
1837 2249 2010 2305 etiam
2025 2251 2095 2304 de
2203 2249 2397 2306 causis
2418 2251 2492 2307 rei
2502 2251 2748 2324 publicis
2769 2251 3272 2324 loquar,quamvis
3289 2251 3465 2308 etiam
3483 2251 3602 2308 illic
3615 2252 3857 2325 justitia

451 2343 740 2418 sacrilegii
771 2340 1046 2416 periculo.
1081 2341 1282 2412 Itaque
1312 2344 1446 2412 peto
1475 2343 1542 2395 ut
1572 2338 1857 2410 patienter
1883 2355 2097 2394 sermo-
2205 2341 2486 2396 servanda
2515 2341 2612 2407 sit,
2644 2357 2759 2396 non
2789 2345 2952 2397 tanto
2972 2341 3276 2414 astringor
3304 2345 3485 2413 metu,
3517 2341 3566 2398 si
3599 2359 3718 2400 non
3751 2359 3856 2398 au-

451 2451 585 2492 nem
645 2448 843 2488 meum
900 2430 1127 2487 audias.
1169 2429 1316 2486 Nam
1375 2429 1425 2484 si
1478 2428 1758 2501 indignus
1805 2445 1936 2484 sum
1995 2427 2095 2500 qui
2204 2427 2422 2484 diar.ln
2453 2445 2631 2485 causa
2657 2445 2791 2485 vero
2822 2429 3136 2502 Dei,quem
3167 2429 3448 2499 audies,si
3487 2431 3856 2488 sacerdotem

452 2519 568 2582 ate
597 2521 823 2584 audiar,
853 2519 1135 2592 indignus
1184 2535 1316 2574 sum
1364 2517 1461 2590 qui
1495 2534 1598 2590 pro
1629 2521 1686 2573 te
1715 2517 1974 2584 oii‘eram,
2001 2516 2094 2572 cui
2205 2533 2318 2572 non
2351 2517 2575 2585 audies,
2607 2519 2777 2589 cujus
2823 2519 3046 2590 majore
3075 2523 3348 2591 peccatur
3378 2518 3638 2592 periculo
3657 2521 3686 2576 ?
3712 2521 3858 2587 Quis

452 2618 559 2670 tua
612 2615 766 2679 vota,
803 2609 898 2666 cui
953 2612 1089 2666 tuas
1145 2609 1480 2664 committas
1536 2623 1754 2678 preces.
1789 2607 1918 2679 ipse
1959 2622 2095 2680 ergo
2205 2605 2310 2662 tibi
2342 2623 2542 2662 verum
2569 2604 2811 2662 audebit
2838 2605 3050 2675 dicere,
3083 2607 3131 2662 si
3165 2608 3440 2664 sacerdos
3467 2625 3584 2664 non
3611 2609 3860 2666 audeat?

452 2718 568 2758 non
602 2699 807 2756 audies
847 2713 1004 2766 eum,
1039 2713 1213 2770 quem
1270 2713 1374 2768 pro
1420 2700 1476 2751 te
1521 2693 1710 2750 audiri
1751 2693 1941 2752 velis?
1969 2695 2094 2750 Non
2204 2694 2343 2750 Novi
2368 2699 2424 2751 te
2453 2693 3221 2768 pium,clementem,mitem
3241 2700 3418 2768 atque
3438 2697 3856 2770 tranquillum,

451 2789 654 2848 audies
699 2805 802 2861 pro
842 2804 906 2844 se
931 2789 1222 2860 agentem,
1257 2801 1432 2856 quem
1485 2801 1591 2858 pro
1647 2783 1779 2840 aliis
1834 2782 2098 2840 audisti?
2205 2784 2381 2840 ﬁdem
2412 2801 2479 2839 ac
2509 2783 2780 2840 timorem
2812 2783 3043 2840 Domini
3073 2783 3232 2840 cordi
3262 2783 3707 2854 habentem,sed
3735 2786 3858 2859 plc-

450 2879 566 2936 Nec
595 2877 810 2934 vereris
830 2874 1124 2949 judicium
1156 2879 1346 2942 tuum,
1381 2892 1451 2931 ne
1481 2891 1616 2929 cum
1644 2873 1952 2946 indignum
1983 2890 2094 2946 pu-
2205 2889 2454 2946 rumque
2483 2871 2682 2945 aliqua
2699 2889 2805 2928 nos
2826 2871 3293 2930 fallunt.Habent
3315 2872 3498 2947 aliqui
3519 2874 3708 2932 zelum
3729 2875 3856 2946 Dei,

450 2967 596 3024 taris
628 2983 803 3040 quem
835 2964 1062 3032 audias,
1098 2963 1378 3037 indignus
1411 2962 1612 3018 feceris
1640 2961 1739 3034 qui
1772 2979 1874 3034 pro
1905 2966 1960 3017 te
1990 2979 2094 3017 au-
2205 2963 2306 3019 sed
2329 2979 2446 3018 non
2472 2961 2798 3018 secundum
2831 2961 3158 3018 scientiam.
3192 2961 3274 3018 Ne
3302 2962 3486 3036 igitur
3531 2963 3643 3020 hoc
3671 2965 3855 3021 etiam

450 3055 684 3113 diatur?
699 3055 813 3112 Sed
843 3070 1033 3126 neque
1063 3051 1364 3125 imperiale
1393 3055 1482 3106 est
1509 3051 1835 3106 libertatem
1865 3049 2096 3106 dicendi
2205 3051 2476 3107 fidelibus
2505 3049 2721 3106 animis
2749 3051 3009 3122 obrepat,
3042 3051 3366 3107 cavendum
3405 3051 3674 3109 arbitror.
3710 3054 3854 3110 Novi

450 3161 684 3218 negare,
707 3159 896 3217 neque
935 3139 1294 3198 sacerdotale
1317 3139 1475 3214 quod
1495 3139 1714 3196 sentias
1735 3156 1850 3195 non
1881 3139 2092 3196 dicere.
2203 3140 2478 3212 pietatem
2511 3143 2672 3195 tuam
2704 3155 2840 3212 erga
2870 3139 3076 3206 Deum,
3110 3138 3408 3196 lenitatem
3440 3139 3500 3196 in
3533 3141 3806 3198 homines
3840 3159 3856 3199 :

449 3231 607 3291 Nihil
633 3231 790 3290 enim
823 3233 881 3286 in
910 3229 1074 3286 vobis
1103 3227 1555 3301 imperatoribus
1579 3232 1700 3283 tam
1731 3226 2010 3300 populare
2039 3231 2098 3284 et
2138 3299 2167 3302 μ
2205 3227 2498 3302 obligatus
2518 3245 2652 3284 sum
2675 3225 2973 3284 beneficiis
2998 3232 3235 3284 tuarum
3265 3227 3861 3302 indulgentiarum,et

451 3325 574 3378 tam
597 3319 850 3376 amabile
871 3323 980 3385 est,
1013 3299 1548 3390 quam—libertatem
1570 3299 1826 3372 etiamin
1850 3316 1942 3372 his
1963 3315 2094 3371 dili-
2125 3299 2169 3367 C
2202 3299 2496 3390 ideo'plus
2527 3321 2742 3373 metuo.
2775 3315 3042 3390 Amplius
3081 3315 3361 3374 sollicitor
3408 3299 3480 3374 ne
3519 3317 3692 3376 etiam
3727 3299 3858 3392 ipse

449 3408 712 3484 gere,qui
735 3406 1018 3479 obsequio
1039 3404 1263 3461 militiae
1283 3405 1446 3461 vobis
1467 3405 1684 3462 subditi
1708 3409 1866 3460 sunt.
1902 3404 2092 3477 Siqui-
2201 3411 2302 3463 tuo
2337 3423 2430 3462 me
2476 3411 2679 3478 postea
2715 3405 2940 3477 judicio
2985 3407 3361 3477 condemnes,
3393 3407 3549 3480 quod
3588 3425 3720 3465 mea
3749 3414 3862 3466 aut

449 3497 584 3553 dem
601 3494 968 3551 hocinterest
989 3492 1139 3549 inter
1158 3491 1608 3548 bonosetmalos
1622 3491 2092 3566 principes,quod
2202 3493 2696 3560 dissimulatione,
2727 3498 2831 3550 aut
2879 3493 3235 3561 adulatione,
3268 3495 3699 3569 prolapsionem
3733 3513 3858 3554 non

450 3584 589 3641 boni
637 3583 966 3639 libertatem
1017 3585 1236 3649 amant,
1267 3579 1601 3636 servitutem
1633 3581 1905 3654 improbi.
1938 3582 2092 3637 Nihil
2201 3583 2522 3640 evitaveris.
2558 3582 2616 3637 Si
2648 3583 2706 3637 in
2735 3599 2827 3639 me
2859 3583 3085 3655 peccari
3114 3583 3396 3652 viderem,
3429 3601 3542 3641 non
3577 3585 3854 3644 deberem

448 3672 697 3730 etiamin
711 3672 1136 3728 sacerdotalem
1155 3669 1542 3742 periculosum
1569 3671 1720 3742 apud
1746 3671 1950 3735 Deum,
1970 3675 2091 3728 tam
2199 3677 2410 3729 tacere.
2444 3671 2741 3744 Scriptum
2771 3676 2862 3728 est
2889 3671 3046 3728 enim
3079 3688 3092 3727 :
3126 3672 3188 3728 Si
3213 3675 3388 3744 frater
3413 3681 3538 3730 tuus
3569 3677 3630 3731 in
3658 3684 3710 3732 te
3732 3693 3862 3749 peo-

446 3765 619 3836 turpe
647 3762 800 3835 apud
832 3759 1305 3831 homines,quam
1337 3760 1491 3832 quod
1523 3760 1737 3816 sentiat
1768 3778 1882 3816 non
1913 3759 2092 3816 libere
2200 3764 2418 3829 caverit,
2451 3763 2660 3833 corripe
2699 3761 2862 3816 illum
2903 3763 3104 3836 primo,
3136 3761 3330 3819 deinde
3387 3764 3608 3836 increpa
3660 3780 3858 3822 coram

451 3835 595 3908 ’τθί
626 3848 1298 3922 denuntiare.Siquidem
1331 3848 1614 3922 scriptum
1644 3854 1736 3905 est
1767 3866 1780 3904 :
1814 3851 1878 3905 Et
1908 3851 2089 3922 loque-
2197 3853 2410 3908 duobus
2459 3857 2557 3906 aut
2601 3849 2776 3906 tribus
2822 3835 3068 3906 testibus.
3099 3849 3162 3906 Si
3183 3858 3235 3907 te
3261 3867 3374 3908 non
3397 3835 3657 3922 audierit,
3693 3855 3854 3912 1”

447 3943 630 3998 barda
653 3941 976 3998 testimoniis
1005 3941 1114 3996 tuis
1145 3941 1206 3995 in
1232 3948 1517 4012 conspectu
1535 3955 1744 4011 regum,
1763 3947 1814 3994 et
1841 3956 1952 3994 non
1969 3955 2092 3994 con-
2197 3941 2287 3996 die
2315 3941 2572 3996 Ecclesiae
2595 3939 2797 4007 (Matth.
2831 3956 2990 4006 xvm,
3029 3941 3112 4005 I6,
3147 3941 3254 4008 17).
3287 3939 3535 3996 Causam
3575 3957 3712 4014 ergo
3742 3941 3852 3999 Dei

443 4031 714 4102 fundebar
741 4030 918 4098 (Psal.
949 4045 1142 4096 cxvm,
1176 4030 1285 4096 46).
1347 4029 1418 4084 Et
1472 4028 1608 4084 alibi
1644 4045 1657 4083 :
1692 4029 1803 4082 Fili
1831 4029 2086 4094 hominis,
2200 4028 2486 4084 tacebo?»
2512 4029 2582 4082 Et
2612 4027 2751 4083 item
2785 4027 2857 4082 ad
2891 4027 3122 4083 locum:
3156 4051 3184 4078 «
3209 4029 3327 4102 Ego
3369 4034 3523 4085 certe
3552 4030 3706 4102 quod
3741 4030 3854 4086 bo-

444 4119 837 4192 speculatorem
863 4125 912 4174 te
936 4119 1100 4190 posui
1123 4116 1311 4173 domui
1339 4118 1528 4181 Israel,
1563 4118 1624 4171 in
1650 4133 1729 4181 eo,
1749 4115 2023 4188 inquit,ut
2041 4119 2092 4171 si
2198 4113 2600 4171 norificentius
2621 4115 2743 4170 ﬁeri
2773 4115 2956 4187 potui,
2979 4114 3184 4180 feci,ut
3201 4133 3293 4172 me
3315 4117 3505 4190 magis
3525 4119 3764 4174 audires
3783 4119 3850 4175 in

443 4215 724 4264 avertatur
757 4207 940 4278 justus
966 4223 1001 4261 a
1039 4207 1276 4278 justitiis
1317 4207 1454 4270 suis,
1485 4213 1538 4260 et
1574 4207 1764 4276 fecerit
1807 4204 2085 4272 delictum,
2198 4203 2514 4277 regia,nesi
2533 4220 2770 4260 necesse
2790 4209 2945 4259 esset
2963 4203 3274 4262 audiresin
3299 4205 3850 4264 ecclesia.»Etitem

444 4298 576 4370 quia
619 4312 731 4351 non
775 4294 1084 4351 distinxisti
1127 4297 1200 4363 ei,
1233 4297 1330 4351 hoc
1376 4303 1453 4350 est
1494 4310 1606 4348 non
1634 4293 1832 4364 diristi
1859 4293 1990 4365 quid
2017 4295 2091 4349 sit
2199 4293 2258 4348 in
2280 4293 2464 4348 altera
2483 4291 2733 4365 epistola
2753 4292 2821 4348 ad
2846 4293 3119 4349 eumdem
3141 4293 3286 4349 dicit
3303 4295 3376 4350 ad
3402 4293 3598 4352 locum
3628 4313 3644 4351 :
3678 4319 3708 4347 α
3731 4298 3850 4353 Ta-

369 4391 384 4409 '
443 4385 759 4451 cavendum,
787 4400 898 4438 non
943 4385 1270 4440 retinebitur
1317 4384 1582 4439 memoria
1609 4383 1847 4454 justitiw
1874 4383 2014 4453 ejus,
2039 4391 2090 4438 ct
2196 4399 2408 4450 aerem,
2433 4381 2534 4436 sed
2556 4381 2712 4454 quod
2735 4380 3134 4452 miserrimum
3155 4381 3421 4440 omnium
3444 4383 3609 4452 foret,
3639 4384 3851 4459 alliga-

443 4475 770 4544 sanguinem
798 4474 916 4546 ejus
945 4472 1010 4529 de
1034 4489 1206 4528 manu
1251 4481 1344 4527 tua
1385 4472 1694 4542 exquiram.
1734 4473 1806 4526 Tu
1833 4481 2012 4526 autem
2033 4475 2090 4528 si
2196 4476 2357 4527 retur
2385 4469 2763 4535 conscientia,
2793 4487 2902 4526 vox
2957 4469 3298 4543 eriperetur.
3331 4472 3401 4528 Et
3429 4472 3528 4528 ubi
3553 4477 3645 4530 est
3673 4472 3850 4542 illud,

442 4565 653 4621 dixeris
692 4563 840 4634 justo
885 4569 947 4618 ut
988 4578 1099 4617 non
1145 4569 1342 4633 peccet,
1389 4569 1442 4616 et
1485 4563 1601 4632 ipse
1629 4577 1740 4616 non
1763 4564 2082 4632 peccaverit,
2196 4561 2255 4617 Si
2279 4561 2550 4618 sacerdos
2573 4577 2687 4616 non
2709 4559 2919 4616 dixerit
2938 4565 3187 4628 erratas,
3210 4561 3312 4634 qui
3340 4563 3620 4618 erraverit
3647 4564 3708 4620 in
3737 4582 3856 4621 sua

433 4654 615 4725 justus
646 4654 755 4707 vita
785 4653 946 4717 vivet,
980 4651 1111 4724 quia
1157 4649 1353 4704 dixisti
1396 4651 1468 4716 ei,
1499 4657 1551 4704 et
1577 4657 1638 4704 tu
1664 4651 1909 4706 animum
1939 4659 2088 4706 tuam
2116 4668 2164 4733 Β
2195 4650 2368 4723 culpa
2397 4650 2699 4717 morietur,
2724 4653 2783 4705 et
2831 4649 3102 4705 sacerdos
3154 4666 3290 4707 reus
3332 4651 3442 4707 erit
3471 4668 3673 4724 pruna,
3704 4653 3854 4726 quia

443 4743 703 4799 liberabis
733 4739 946 4810 (Ezech.
980 4755 1062 4807 ιιι,
1097 4738 1293 4810 17-19).
1328 4735 1480 4793 Malo
1519 4737 1717 4810 igitur,
1751 4739 2086 4811 imperator,
2198 4757 2310 4796 non
2335 4739 2641 4795 admonuit
2659 4742 2950 4795 errantem
2972 4738 3000 4794 ?
3022 4760 3050 4789 »
3073 4739 3144 4794 Et
3164 4739 3304 4795 item
3327 4740 3397 4796 ad
3420 4738 3614 4796 locum
3641 4759 3655 4797 :
3693 4763 3722 4792 ι(
3745 4742 3850 4798 Fa-

442 4833 729 4889 bonorum
765 4827 908 4884 mihi
939 4844 1070 4884 esse
1101 4831 1290 4882 tecum
1323 4843 1500 4899 quam
1533 4826 1818 4882 malorum
1851 4844 2081 4883 censor.
2195 4832 2354 4883 etum
2378 4833 2468 4882 est
2487 4827 2545 4882 in
2569 4827 2712 4882 urbe
2737 4825 3348 4884 Thessalonicensium
3371 4829 3524 4901 quod
3543 4829 3706 4886 nulla
3727 4847 3846 4887 me-

442 4920 589 4977 tium
625 4937 639 4975 :
672 4922 731 4975 et
760 4918 888 4973 ideo
935 4915 1256 4972 clementiae
1305 4920 1418 4971 tuae
1464 4914 1770 4987 displicere
1800 4915 1968 4971 debet
1997 4934 2087 4972 sa-
2195 4915 2382 4972 moria
2400 4915 2596 4980 habet,
2621 4915 2778 4986 quod
2799 4931 3064 4972 revocare
3094 4934 3209 4972 non
3231 4917 3394 4991 potui
3419 4934 3488 4974 nc
3509 4919 3692 4987 fieret,
3720 4919 3845 4976 imo

443 5009 694 5066 cerdotis
742 5005 1062 5071 silentium,
1095 5004 1333 5060 libertas
1391 5006 1634 5076 placere.
1674 5005 1817 5060 Nam
1865 5005 2080 5060 silentii
2193 5005 2347 5076 quod
2368 5007 2504 5058 ante
2525 5003 2959 5060 atrocissimum
2981 5005 3101 5062 fore
3129 5005 3266 5061 duxi
3297 5023 3434 5062 cum
3463 5007 3636 5063 toties
3666 5025 3842 5081 roga-

445 5099 554 5154 mei
579 5095 836 5170 periculo
858 5093 1186 5160 involveris,
1211 5092 1495 5149 libertatis
1516 5094 1925 5164 bonojuvaris.
1959 5095 2080 5150 Non
2194 5110 2338 5162 rem,
2370 5095 2427 5148 et
2455 5092 2610 5162 quod
2643 5091 2766 5164 ipse
2799 5094 3118 5150 revocando
3148 5111 3319 5166 grave
3351 5095 3569 5151 factum
3592 5097 3838 5168 putasti.

443 5203 580 5259 ergo
610 5185 985 5258 importunus
1018 5181 1296 5238 indebitis
1329 5199 1420 5237 me
1451 5181 1966 5248 intersere,alienis
1996 5183 2080 5238 in-
2194 5183 2308 5236 Hoc
2327 5181 2539 5236 factum
2565 5185 2874 5237 extenuare
2895 5198 3009 5238 non
3030 5183 3556 5256 poteram,quando
3577 5185 3842 5257 primum

443 5291 616 5349 gero:
650 5274 749 5329 sed
781 5271 995 5329 debitis
1025 5271 1382 5344 obtempero,
1415 5270 1708 5328 mandatis
1753 5271 1852 5327 Dei
1900 5273 2083 5326 nostri
2194 5268 2459 5326 auditum
2489 5273 2598 5337 est,
2622 5269 2759 5342 quia
2788 5275 3025 5343 propter
3053 5273 3370 5328 adventum
3400 5271 3700 5330 Gallorum
3722 5277 3848 5348 epi-

443 5363 664 5420 obedio.
702 5363 864 5430 Quod
897 5361 1044 5418 facio
1096 5360 1351 5433 primum
1403 5360 1486 5417 tui
1517 5378 1733 5429 amore,
1768 5360 1850 5416 tui
1873 5361 2080 5434 gratia,
2194 5375 2502 5430 scaporum
2523 5359 2780 5432 synodus
2809 5364 3187 5416 convenerat:
3209 5377 3380 5416 nemo
3398 5378 3511 5416 non
3526 5361 3844 5434 ingemuit,

443 5455 556 5506 tute
577 5451 768 5506 studio
797 5450 1204 5507 conservandae
1235 5449 1474 5507 salutis:
1509 5450 1558 5506 si
1588 5449 1647 5506 id
1675 5448 1816 5504 mihi
1849 5449 1934 5504 vel
1969 5468 2082 5506 non
2193 5447 2393 5504 nullus
2423 5447 2793 5503 mediocriter
2821 5446 3063 5520 accepit.
3082 5449 3206 5504 Non
3239 5455 3362 5505 erat
3391 5449 3528 5506 facti
3557 5450 3644 5505 tui
3675 5452 3850 5508 abso-

443 5541 717 5608 creditur,
749 5541 836 5596 vel
871 5539 1255 5607 interdicitur,
1289 5539 1418 5596 dico
1446 5557 1584 5595 sane
1613 5540 1820 5595 divinae
1851 5541 2082 5596 offensae
2193 5537 2336 5594 lutio
2367 5537 2424 5592 in
2458 5535 2750 5592 Ambrosii
2781 5538 3344 5604 communione,imo
3373 5539 3550 5594 etiam
3582 5539 3847 5612 amplius

443 5633 623 5686 metu.
649 5629 794 5684 Nam
826 5630 874 5685 si
907 5646 1104 5686 meum
1138 5629 1460 5702 periculum
1497 5635 1552 5685 te
1582 5635 1834 5696 exueret,
1861 5631 2080 5700 patien-
2193 5627 2491 5684 commissi
2530 5630 2911 5698 exaggeratur
2941 5625 3176 5693 invidia,
3209 5627 3256 5682 si
3290 5644 3462 5683 nemo
3492 5627 3710 5684 diceret
3741 5629 3845 5687 Dei

443 5722 533 5776 ter
561 5735 654 5774 me
683 5734 786 5792 pro
817 5724 872 5774 te
896 5719 1184 5785 offerrem,
1206 5719 1306 5775 sed
1339 5735 1454 5775 non
1481 5717 1905 5774 libenter.Malo
1925 5720 2081 5776 enim
2193 5717 2374 5775 nostri
2405 5714 2934 5773 reconciliationem
2965 5715 3086 5772 fore
3118 5717 3620 5774 necessariam.An
3651 5719 3838 5791 pudet
