  <div class='ocr_page' id='page_1' title='image "/cluster/home/n/w/nwhite01/storage/ocr_20150623/125/umn.31951002477418t/426.png"; bbox 0 0 4204 6496; ppageno 0'>
   <div class='ocr_carea' id='block_1_1' title="bbox 354 463 473 524">
    <p class='ocr_par' dir='ltr' id='par_1_1' title="bbox 354 463 473 524">
     <span class='ocr_line' id='line_1_1' title="bbox 354 463 473 524; baseline 0.017 -2"><span class='ocrx_word' id='word_1_1' title='bbox 354 463 473 524; x_wconf 77' lang='lat'><strong>765</strong></span> 
     </span>
    </p>
   </div>
   <div class='ocr_carea' id='block_1_2' title="bbox 1265 463 2859 531">
    <p class='ocr_par' dir='ltr' id='par_1_2' title="bbox 1265 463 2859 531">
     <span class='ocr_line' id='line_1_2' title="bbox 1265 463 2859 531; baseline 0.001 -2"><span class='ocrx_word' id='word_1_2' title='bbox 1265 467 1369 529; x_wconf 91' lang='lat' dir='ltr'><strong>DE</strong></span> <span class='ocrx_word' id='word_1_3' title='bbox 1411 467 1784 530; x_wconf 81' lang='lat' dir='ltr'><strong>DIVORTIO</strong></span> <span class='ocrx_word' id='word_1_4' title='bbox 1829 463 2204 530; x_wconf 80' lang='lat' dir='ltr'><strong>LOTHARII</strong></span> <span class='ocrx_word' id='word_1_5' title='bbox 2252 469 2349 528; x_wconf 81' lang='lat' dir='ltr'><strong>ET</strong></span> <span class='ocrx_word' id='word_1_6' title='bbox 2393 467 2859 531; x_wconf 70' lang='lat' dir='ltr'><strong>TETBERGJE.</strong></span> 
     </span>
    </p>
   </div>
   <div class='ocr_carea' id='block_1_3' title="bbox 3646 473 3764 538">
    <p class='ocr_par' dir='ltr' id='par_1_3' title="bbox 3646 473 3764 538">
     <span class='ocr_line' id='line_1_3' title="bbox 3646 473 3764 538; baseline 0.017 -2"><span class='ocrx_word' id='word_1_7' title='bbox 3646 473 3764 538; x_wconf 80' lang='grc'><strong>’766</strong></span> 
     </span>
    </p>
   </div>
   <div class='ocr_carea' id='block_1_4' title="bbox 349 597 3764 676">
    <p class='ocr_par' dir='ltr' id='par_1_4' title="bbox 349 597 3764 676">
     <span class='ocr_line' id='line_1_4' title="bbox 349 597 3764 676; baseline 0.004 -23"><span class='ocrx_word' id='word_1_8' title='bbox 349 600 431 669; x_wconf 86' lang='lat' dir='ltr'><strong>te,</strong></span> <span class='ocrx_word' id='word_1_9' title='bbox 463 597 801 670; x_wconf 83' lang='lat' dir='ltr'><strong>imperator.</strong></span> <span class='ocrx_word' id='word_1_10' title='bbox 823 597 933 655; x_wconf 90' lang='lat' dir='ltr'><strong>hac</strong></span> <span class='ocrx_word' id='word_1_11' title='bbox 964 600 1150 657; x_wconf 89' lang='lat' dir='ltr'><strong>facere</strong></span> <span class='ocrx_word' id='word_1_12' title='bbox 1179 601 1334 674; x_wconf 89' lang='lat' dir='ltr'><strong>quod</strong></span> <span class='ocrx_word' id='word_1_13' title='bbox 1357 618 1456 658; x_wconf 91' lang='lat' dir='ltr'><strong>rex</strong></span> <span class='ocrx_word' id='word_1_14' title='bbox 1485 605 1544 658; x_wconf 88' lang='lat' dir='ltr'><strong>et</strong></span> <span class='ocrx_word' id='word_1_15' title='bbox 1563 601 1844 675; x_wconf 84' lang='lat' dir='ltr'><strong>propheta</strong></span> <span class='ocrx_word' id='word_1_16' title='bbox 1875 620 2006 659; x_wconf 89' lang='lat' dir='ltr'><strong>auc—</strong></span> <span class='ocrx_word' id='word_1_17' title='bbox 2035 600 2092 668; x_wconf 82' lang='grc' dir='ltr'><strong>Α</strong></span> <span class='ocrx_word' id='word_1_18' title='bbox 2120 599 2220 656; x_wconf 90' lang='lat' dir='ltr'><strong>illa</strong></span> <span class='ocrx_word' id='word_1_19' title='bbox 2246 599 2625 658; x_wconf 76' lang='lat' dir='ltr'><strong>offensionem</strong></span> <span class='ocrx_word' id='word_1_20' title='bbox 2650 619 2662 658; x_wconf 88' lang='lat'><strong>:</strong></span> <span class='ocrx_word' id='word_1_21' title='bbox 2687 603 2829 676; x_wconf 98' lang='lat' dir='ltr'><strong>quia</strong></span> <span class='ocrx_word' id='word_1_22' title='bbox 2855 601 2978 661; x_wconf 65' lang='lat' dir='ltr'><strong>haec</strong></span> <span class='ocrx_word' id='word_1_23' title='bbox 3005 603 3183 663; x_wconf 83' lang='lat' dir='ltr'><strong>habet</strong></span> <span class='ocrx_word' id='word_1_24' title='bbox 3222 603 3640 676; x_wconf 76' lang='lat' dir='ltr'><strong>humilitatem,</strong></span> <span class='ocrx_word' id='word_1_25' title='bbox 3661 606 3764 666; x_wconf 85' lang='lat' dir='ltr'><strong>illa</strong></span> 
     </span>
    </p>
   </div>
   <div class='ocr_carea' id='block_1_5' title="bbox 349 685 2006 763">
    <p class='ocr_par' dir='ltr' id='par_1_5' title="bbox 349 685 2006 763">
     <span class='ocr_line' id='line_1_5' title="bbox 349 685 2006 763; baseline 0.002 -20"><span class='ocrx_word' id='word_1_26' title='bbox 349 690 444 743; x_wconf 89' lang='lat' dir='ltr'><strong>tor</strong></span> <span class='ocrx_word' id='word_1_27' title='bbox 463 685 676 743; x_wconf 75' lang='lat' dir='ltr'><strong>Christi</strong></span> <span class='ocrx_word' id='word_1_28' title='bbox 704 689 1030 744; x_wconf 89' lang='lat' dir='ltr'><strong>secundum</strong></span> <span class='ocrx_word' id='word_1_29' title='bbox 1056 705 1289 745; x_wconf 80' lang='lat' dir='ltr'><strong>onmem</strong></span> <span class='ocrx_word' id='word_1_30' title='bbox 1324 691 1604 763; x_wconf 79' lang='lat' dir='ltr'><strong>prosapiae</strong></span> <span class='ocrx_word' id='word_1_31' title='bbox 1629 691 1762 747; x_wconf 88' lang='lat' dir='ltr'><strong>fecit</strong></span> <span class='ocrx_word' id='word_1_32' title='bbox 1782 691 1958 747; x_wconf 83' lang='lat' dir='ltr'><strong>David</strong></span> <span class='ocrx_word' id='word_1_33' title='bbox 1976 691 2006 748; x_wconf 84' lang='lat'><strong>?</strong></span> 
     </span>
    </p>
   </div>
   <div class='ocr_carea' id='block_1_6' title="bbox 349 775 2002 854">
    <p class='ocr_par' dir='ltr' id='par_1_6' title="bbox 349 775 2002 854">
     <span class='ocr_line' id='line_1_6' title="bbox 349 775 2002 854; baseline 0.003 -22"><span class='ocrx_word' id='word_1_34' title='bbox 349 775 596 850; x_wconf 85' lang='lat' dir='ltr'><strong>Cognito</strong></span> <span class='ocrx_word' id='word_1_35' title='bbox 619 777 777 848; x_wconf 92' lang='lat' dir='ltr'><strong>quod</strong></span> <span class='ocrx_word' id='word_1_36' title='bbox 799 777 927 848; x_wconf 86' lang='lat' dir='ltr'><strong>ipse</strong></span> <span class='ocrx_word' id='word_1_37' title='bbox 949 777 1007 834; x_wconf 91' lang='lat' dir='ltr'><strong>in</strong></span> <span class='ocrx_word' id='word_1_38' title='bbox 1030 779 1309 852; x_wconf 86' lang='lat' dir='ltr'><strong>parabola</strong></span> <span class='ocrx_word' id='word_1_39' title='bbox 1345 785 1703 854; x_wconf 78' lang='lat' dir='ltr'><strong>argueretur,</strong></span> <span class='ocrx_word' id='word_1_40' title='bbox 1727 781 1845 838; x_wconf 90' lang='lat' dir='ltr'><strong>ait:</strong></span> <span class='ocrx_word' id='word_1_41' title='bbox 1870 788 2002 838; x_wconf 87' lang='lat' dir='ltr'><strong>Pec-</strong></span> 
     </span>
    </p>
   </div>
   <div class='ocr_carea' id='block_1_7' title="bbox 345 865 2006 942">
    <p class='ocr_par' dir='ltr' id='par_1_7' title="bbox 345 865 2006 942">
     <span class='ocr_line' id='line_1_7' title="bbox 345 865 2006 942; baseline 0.003 -22"><span class='ocrx_word' id='word_1_42' title='bbox 345 867 472 920; x_wconf 90' lang='lat' dir='ltr'><strong>cavi</strong></span> <span class='ocrx_word' id='word_1_43' title='bbox 497 865 729 922; x_wconf 87' lang='lat' dir='ltr'><strong>Domino</strong></span> <span class='ocrx_word' id='word_1_44' title='bbox 760 867 833 938; x_wconf 86' lang='grc' dir='ltr'><strong>(ΙΙ</strong></span> <span class='ocrx_word' id='word_1_45' title='bbox 863 867 986 938; x_wconf 84' lang='lat' dir='ltr'><strong>Reg.</strong></span> <span class='ocrx_word' id='word_1_46' title='bbox 1019 869 1267 938; x_wconf 54' lang='lat'><strong>1:11.43).</strong></span> <span class='ocrx_word' id='word_1_47' title='bbox 1292 869 1420 924; x_wconf 89' lang='lat' dir='ltr'><strong>Noli</strong></span> <span class='ocrx_word' id='word_1_48' title='bbox 1467 885 1604 942; x_wconf 86' lang='lat' dir='ltr'><strong>ergo</strong></span> <span class='ocrx_word' id='word_1_49' title='bbox 1633 869 2006 942; x_wconf 83' lang='lat' dir='ltr'><strong>impatienter</strong></span> 
     </span>
    </p>
   </div>
   <div class='ocr_carea' id='block_1_8' title="bbox 346 953 1999 1027">
    <p class='ocr_par' dir='ltr' id='par_1_8' title="bbox 346 953 1999 1027">
     <span class='ocr_line' id='line_1_8' title="bbox 346 953 1999 1027; baseline 0.003 -19"><span class='ocrx_word' id='word_1_50' title='bbox 346 953 522 1017; x_wconf 85' lang='lat' dir='ltr'><strong>ferre,</strong></span> <span class='ocrx_word' id='word_1_51' title='bbox 549 954 900 1027; x_wconf 77' lang='lat' dir='ltr'><strong>imperator,</strong></span> <span class='ocrx_word' id='word_1_52' title='bbox 937 955 985 1010; x_wconf 74' lang='lat' dir='ltr'><strong>si</strong></span> <span class='ocrx_word' id='word_1_53' title='bbox 1017 955 1247 1012; x_wconf 87' lang='lat' dir='ltr'><strong>dicatur</strong></span> <span class='ocrx_word' id='word_1_54' title='bbox 1275 957 1382 1013; x_wconf 93' lang='lat' dir='ltr'><strong>tibi</strong></span> <span class='ocrx_word' id='word_1_55' title='bbox 1419 974 1432 1012; x_wconf 91' lang='lat'><strong>:</strong></span> <span class='ocrx_word' id='word_1_56' title='bbox 1465 959 1553 1014; x_wconf 88' lang='lat' dir='ltr'><strong>&#39;I‘u</strong></span> <span class='ocrx_word' id='word_1_57' title='bbox 1587 958 1772 1014; x_wconf 77' lang='lat' dir='ltr'><strong>fecisti</strong></span> <span class='ocrx_word' id='word_1_58' title='bbox 1818 958 1999 1026; x_wconf 86' lang='lat' dir='ltr'><strong>istud,</strong></span> 
     </span>
    </p>
   </div>
   <div class='ocr_carea' id='block_1_9' title="bbox 349 1043 2004 1118">
    <p class='ocr_par' dir='ltr' id='par_1_9' title="bbox 349 1043 2004 1118">
     <span class='ocr_line' id='line_1_9' title="bbox 349 1043 2004 1118; baseline 0.003 -20"><span class='ocrx_word' id='word_1_59' title='bbox 349 1043 506 1116; x_wconf 91' lang='lat' dir='ltr'><strong>quod</strong></span> <span class='ocrx_word' id='word_1_60' title='bbox 535 1043 711 1100; x_wconf 81' lang='lat' dir='ltr'><strong>David</strong></span> <span class='ocrx_word' id='word_1_61' title='bbox 745 1044 863 1118; x_wconf 84' lang='lat' dir='ltr'><strong>regi</strong></span> <span class='ocrx_word' id='word_1_62' title='bbox 889 1045 1108 1102; x_wconf 87' lang='lat' dir='ltr'><strong>dictum</strong></span> <span class='ocrx_word' id='word_1_63' title='bbox 1135 1049 1224 1101; x_wconf 89' lang='lat' dir='ltr'><strong>est</strong></span> <span class='ocrx_word' id='word_1_64' title='bbox 1244 1063 1279 1101; x_wconf 92' lang='lat' dir='ltr'><strong>a</strong></span> <span class='ocrx_word' id='word_1_65' title='bbox 1306 1045 1608 1118; x_wconf 82' lang='lat' dir='ltr'><strong>propheta.</strong></span> <span class='ocrx_word' id='word_1_66' title='bbox 1632 1046 1690 1104; x_wconf 91' lang='lat' dir='ltr'><strong>Si</strong></span> <span class='ocrx_word' id='word_1_67' title='bbox 1712 1048 1869 1102; x_wconf 91' lang='lat' dir='ltr'><strong>enim</strong></span> <span class='ocrx_word' id='word_1_68' title='bbox 1893 1047 2004 1103; x_wconf 88' lang='lat' dir='ltr'><strong>hoc</strong></span> 
     </span>
    </p>
   </div>
   <div class='ocr_carea' id='block_1_10' title="bbox 347 1130 2002 1202">
    <p class='ocr_par' dir='ltr' id='par_1_10' title="bbox 347 1130 2002 1202">
     <span class='ocr_line' id='line_1_10' title="bbox 347 1130 2002 1202; baseline 0.004 -15"><span class='ocrx_word' id='word_1_69' title='bbox 347 1130 554 1188; x_wconf 88' lang='lat' dir='ltr'><strong>sedulo</strong></span> <span class='ocrx_word' id='word_1_70' title='bbox 588 1131 847 1188; x_wconf 90' lang='lat' dir='ltr'><strong>audieris</strong></span> <span class='ocrx_word' id='word_1_71' title='bbox 877 1137 934 1190; x_wconf 88' lang='lat' dir='ltr'><strong>et</strong></span> <span class='ocrx_word' id='word_1_72' title='bbox 955 1133 1207 1190; x_wconf 85' lang='lat' dir='ltr'><strong>dixeris:</strong></span> <span class='ocrx_word' id='word_1_73' title='bbox 1232 1135 1459 1191; x_wconf 77' lang='lat' dir='ltr'><strong>Peccavi</strong></span> <span class='ocrx_word' id='word_1_74' title='bbox 1477 1137 1734 1202; x_wconf 83' lang='lat' dir='ltr'><strong>Domino;</strong></span> <span class='ocrx_word' id='word_1_75' title='bbox 1765 1136 1813 1191; x_wconf 90' lang='lat' dir='ltr'><strong>si</strong></span> <span class='ocrx_word' id='word_1_76' title='bbox 1843 1135 2002 1193; x_wconf 89' lang='lat' dir='ltr'><strong>dixe-</strong></span> 
     </span>
    </p>
   </div>
   <div class='ocr_carea' id='block_1_11' title="bbox 345 1219 2004 1296">
    <p class='ocr_par' dir='ltr' id='par_1_11' title="bbox 345 1219 2004 1296">
     <span class='ocr_line' id='line_1_11' title="bbox 345 1219 2004 1296; baseline 0.004 -22"><span class='ocrx_word' id='word_1_77' title='bbox 345 1220 432 1275; x_wconf 86' lang='lat' dir='ltr'><strong>ris</strong></span> <span class='ocrx_word' id='word_1_78' title='bbox 460 1222 518 1276; x_wconf 90' lang='lat' dir='ltr'><strong>et</strong></span> <span class='ocrx_word' id='word_1_79' title='bbox 551 1219 698 1276; x_wconf 89' lang='lat' dir='ltr'><strong>illud</strong></span> <span class='ocrx_word' id='word_1_80' title='bbox 731 1221 1138 1294; x_wconf 87' lang='lat' dir='ltr'><strong>propheticum</strong></span> <span class='ocrx_word' id='word_1_81' title='bbox 1165 1241 1177 1277; x_wconf 90' lang='lat'><strong>:</strong></span> <span class='ocrx_word' id='word_1_82' title='bbox 1206 1224 1386 1280; x_wconf 84' lang='lat' dir='ltr'><strong>Venite</strong></span> <span class='ocrx_word' id='word_1_83' title='bbox 1419 1223 1726 1290; x_wconf 75' lang='lat' dir='ltr'><strong>adoremus,</strong></span> <span class='ocrx_word' id='word_1_84' title='bbox 1748 1231 1801 1280; x_wconf 92' lang='lat' dir='ltr'><strong>et</strong></span> <span class='ocrx_word' id='word_1_85' title='bbox 1823 1227 2004 1296; x_wconf 83' lang='lat' dir='ltr'><strong>proci-</strong></span> 
     </span>
    </p>
   </div>
   <div class='ocr_carea' id='block_1_12' title="bbox 2117 691 3764 766">
    <p class='ocr_par' dir='ltr' id='par_1_12' title="bbox 2117 691 3764 766">
     <span class='ocr_line' id='line_1_12' title="bbox 2117 691 3764 766; baseline 0.005 -20"><span class='ocrx_word' id='word_1_86' title='bbox 2117 693 2520 764; x_wconf 87' lang='lat' dir='ltr'><strong>contemptum</strong></span> <span class='ocrx_word' id='word_1_87' title='bbox 2545 708 2558 746; x_wconf 90' lang='lat'>:</span> <span class='ocrx_word' id='word_1_88' title='bbox 2594 691 2692 748; x_wconf 90' lang='lat' dir='ltr'><strong>Dei</strong></span> <span class='ocrx_word' id='word_1_89' title='bbox 2734 691 2890 748; x_wconf 90' lang='lat' dir='ltr'><strong>enim</strong></span> <span class='ocrx_word' id='word_1_90' title='bbox 2919 709 3026 749; x_wconf 84' lang='lat' dir='ltr'><strong>vox</strong></span> <span class='ocrx_word' id='word_1_91' title='bbox 3055 699 3164 762; x_wconf 90' lang='lat' dir='ltr'><strong>est,</strong></span> <span class='ocrx_word' id='word_1_92' title='bbox 3185 696 3338 766; x_wconf 88' lang='lat' dir='ltr'><strong>quod</strong></span> <span class='ocrx_word' id='word_1_93' title='bbox 3370 695 3538 752; x_wconf 83' lang='lat' dir='ltr'><strong>malit</strong></span> <span class='ocrx_word' id='word_1_94' title='bbox 3565 701 3632 752; x_wconf 90' lang='lat' dir='ltr'><strong>ut</strong></span> <span class='ocrx_word' id='word_1_95' title='bbox 3661 697 3764 754; x_wconf 85' lang='lat' dir='ltr'><strong>flat</strong></span> 
     </span>
    </p>
   </div>
   <div class='ocr_carea' id='block_1_13' title="bbox 2113 781 3762 854">
    <p class='ocr_par' dir='ltr' id='par_1_13' title="bbox 2113 781 3762 854">
     <span class='ocr_line' id='line_1_13' title="bbox 2113 781 3762 854; baseline 0.004 -18"><span class='ocrx_word' id='word_1_96' title='bbox 2113 782 2454 838; x_wconf 88' lang='lat' dir='ltr'><strong>mandatum</strong></span> <span class='ocrx_word' id='word_1_97' title='bbox 2489 783 2636 852; x_wconf 87' lang='lat' dir='ltr'><strong>ejus,</strong></span> <span class='ocrx_word' id='word_1_98' title='bbox 2653 798 2832 854; x_wconf 90' lang='lat' dir='ltr'><strong>quam</strong></span> <span class='ocrx_word' id='word_1_99' title='bbox 2855 781 3152 838; x_wconf 88' lang='lat' dir='ltr'><strong>deferatur</strong></span> <span class='ocrx_word' id='word_1_100' title='bbox 3171 783 3762 842; x_wconf 83' lang='lat' dir='ltr'><strong>sacrificium.Clama</strong></span> 
     </span>
    </p>
   </div>
   <div class='ocr_carea' id='block_1_14' title="bbox 2112 869 3760 944">
    <p class='ocr_par' dir='ltr' id='par_1_14' title="bbox 2112 869 3760 944">
     <span class='ocr_line' id='line_1_14' title="bbox 2112 869 3760 944; baseline 0.004 -20"><span class='ocrx_word' id='word_1_101' title='bbox 2112 869 2268 924; x_wconf 86' lang='lat' dir='ltr'><strong>istud</strong></span> <span class='ocrx_word' id='word_1_102' title='bbox 2285 869 2438 925; x_wconf 89' lang='lat' dir='ltr'><strong>Deus</strong></span> <span class='ocrx_word' id='word_1_103' title='bbox 2456 871 2526 925; x_wconf 89' lang='lat' dir='ltr'><strong>ad</strong></span> <span class='ocrx_word' id='word_1_104' title='bbox 2549 870 2850 943; x_wconf 84' lang='lat' dir='ltr'><strong>pOpulum,</strong></span> <span class='ocrx_word' id='word_1_105' title='bbox 2869 871 3096 944; x_wconf 83' lang='lat' dir='ltr'><strong>Moyses</strong></span> <span class='ocrx_word' id='word_1_106' title='bbox 3113 872 3446 938; x_wconf 84' lang='lat' dir='ltr'><strong>annuntiat,</strong></span> <span class='ocrx_word' id='word_1_107' title='bbox 3461 874 3760 944; x_wconf 85' lang='lat' dir='ltr'><strong>apostolus</strong></span> 
     </span>
    </p>
   </div>
   <div class='ocr_carea' id='block_1_15' title="bbox 2115 957 3762 1034">
    <p class='ocr_par' dir='ltr' id='par_1_15' title="bbox 2115 957 3762 1034">
     <span class='ocr_line' id='line_1_15' title="bbox 2115 957 3762 1034; baseline 0.002 -20"><span class='ocrx_word' id='word_1_108' title='bbox 2115 957 2325 1014; x_wconf 86' lang='lat' dir='ltr'><strong>Paulus</strong></span> <span class='ocrx_word' id='word_1_109' title='bbox 2347 958 2640 1030; x_wconf 82' lang='lat' dir='ltr'><strong>praedicat.</strong></span> <span class='ocrx_word' id='word_1_110' title='bbox 2661 959 2721 1014; x_wconf 91' lang='lat' dir='ltr'><strong>Id</strong></span> <span class='ocrx_word' id='word_1_111' title='bbox 2746 959 2919 1015; x_wconf 85' lang='lat' dir='ltr'><strong>facito</strong></span> <span class='ocrx_word' id='word_1_112' title='bbox 2940 959 3096 1032; x_wconf 90' lang='lat' dir='ltr'><strong>quod</strong></span> <span class='ocrx_word' id='word_1_113' title='bbox 3117 959 3397 1033; x_wconf 81' lang='lat' dir='ltr'><strong>intelligis</strong></span> <span class='ocrx_word' id='word_1_114' title='bbox 3419 960 3478 1016; x_wconf 92' lang='lat' dir='ltr'><strong>in</strong></span> <span class='ocrx_word' id='word_1_115' title='bbox 3500 965 3762 1034; x_wconf 89' lang='lat' dir='ltr'><strong>tempore</strong></span> 
     </span>
    </p>
   </div>
   <div class='ocr_carea' id='block_1_16' title="bbox 2113 1046 3763 1122">
    <p class='ocr_par' dir='ltr' id='par_1_16' title="bbox 2113 1046 3763 1122">
     <span class='ocr_line' id='line_1_16' title="bbox 2113 1046 3763 1122; baseline 0.002 -20"><span class='ocrx_word' id='word_1_116' title='bbox 2113 1046 2246 1120; x_wconf 87' lang='lat' dir='ltr'><strong>plus</strong></span> <span class='ocrx_word' id='word_1_117' title='bbox 2267 1047 2512 1119; x_wconf 88' lang='lat' dir='ltr'><strong>placere.</strong></span> <span class='ocrx_word' id='word_1_118' title='bbox 2538 1048 2984 1113; x_wconf 63' lang='lat' dir='ltr'><strong>Misericordiam</strong></span> <span class='ocrx_word' id='word_1_119' title='bbox 3009 1047 3222 1120; x_wconf 88' lang='lat' dir='ltr'><strong>inquit,</strong></span> <span class='ocrx_word' id='word_1_120' title='bbox 3244 1049 3390 1105; x_wconf 85' lang='lat' dir='ltr'><strong>malo</strong></span> <span class='ocrx_word' id='word_1_121' title='bbox 3411 1065 3578 1122; x_wconf 89' lang='lat' dir='ltr'><strong>quam</strong></span> <span class='ocrx_word' id='word_1_122' title='bbox 3595 1052 3763 1106; x_wconf 88' lang='lat' dir='ltr'><strong>sacri-</strong></span> 
     </span>
    </p>
   </div>
   <div class='ocr_carea' id='block_1_17' title="bbox 2109 1135 3816 1210">
    <p class='ocr_par' dir='ltr' id='par_1_17' title="bbox 2109 1135 3816 1210">
     <span class='ocr_line' id='line_1_17' title="bbox 2109 1135 3816 1210; baseline 0.001 -20"><span class='ocrx_word' id='word_1_123' title='bbox 2109 1137 2296 1208; x_wconf 79' lang='lat' dir='ltr'><strong>ﬁcium</strong></span> <span class='ocrx_word' id='word_1_124' title='bbox 2317 1136 2520 1206; x_wconf 79' lang='lat' dir='ltr'><strong>(Matth.</strong></span> <span class='ocrx_word' id='word_1_125' title='bbox 2543 1153 2621 1202; x_wconf 81' lang='lat' dir='ltr'><strong>1x,</strong></span> <span class='ocrx_word' id='word_1_126' title='bbox 2647 1137 2756 1204; x_wconf 89' lang='grc'><strong>13).</strong></span> <span class='ocrx_word' id='word_1_127' title='bbox 2781 1137 2956 1202; x_wconf 86' lang='lat' dir='ltr'><strong>Quasi</strong></span> <span class='ocrx_word' id='word_1_128' title='bbox 2990 1153 3105 1192; x_wconf 91' lang='lat' dir='ltr'><strong>non</strong></span> <span class='ocrx_word' id='word_1_129' title='bbox 3139 1135 3222 1191; x_wconf 90' lang='lat' dir='ltr'><strong>illi</strong></span> <span class='ocrx_word' id='word_1_130' title='bbox 3255 1136 3443 1210; x_wconf 79' lang='lat' dir='ltr'><strong>magis</strong></span> <span class='ocrx_word' id='word_1_131' title='bbox 3463 1137 3584 1192; x_wconf 90' lang='lat' dir='ltr'><strong>sint</strong></span> <span class='ocrx_word' id='word_1_132' title='bbox 3605 1137 3764 1194; x_wconf 86' lang='lat' dir='ltr'><strong>Chri-</strong></span> <span class='ocrx_word' id='word_1_133' title='bbox 3797 1186 3816 1192; x_wconf 87' lang='lat'><strong>-</strong></span> 
     </span>
    </p>
   </div>
   <div class='ocr_carea' id='block_1_18' title="bbox 2113 1224 3762 1298">
    <p class='ocr_par' dir='ltr' id='par_1_18' title="bbox 2113 1224 3762 1298">
     <span class='ocr_line' id='line_1_18' title="bbox 2113 1224 3762 1298; baseline 0.001 -18"><span class='ocrx_word' id='word_1_134' title='bbox 2113 1224 2310 1291; x_wconf 86' lang='lat' dir='ltr'><strong>stiani,</strong></span> <span class='ocrx_word' id='word_1_135' title='bbox 2333 1225 2434 1296; x_wconf 89' lang='lat' dir='ltr'><strong>qui</strong></span> <span class='ocrx_word' id='word_1_136' title='bbox 2469 1228 2768 1296; x_wconf 88' lang='lat' dir='ltr'><strong>peccatum</strong></span> <span class='ocrx_word' id='word_1_137' title='bbox 2802 1225 3198 1280; x_wconf 88' lang='lat' dir='ltr'><strong>condemnant</strong></span> <span class='ocrx_word' id='word_1_138' title='bbox 3227 1241 3424 1291; x_wconf 89' lang='lat' dir='ltr'><strong>suum,</strong></span> <span class='ocrx_word' id='word_1_139' title='bbox 3449 1242 3628 1297; x_wconf 87' lang='lat' dir='ltr'><strong>quam</strong></span> <span class='ocrx_word' id='word_1_140' title='bbox 3659 1226 3762 1298; x_wconf 92' lang='lat' dir='ltr'><strong>qui</strong></span> 
     </span>
    </p>
   </div>
   <div class='ocr_carea' id='block_1_19' title="bbox 341 1309 3764 1386">
    <p class='ocr_par' dir='ltr' id='par_1_19' title="bbox 341 1309 3764 1386">
     <span class='ocr_line' id='line_1_19' title="bbox 341 1309 3764 1386; baseline 0.002 -22"><span class='ocrx_word' id='word_1_141' title='bbox 341 1309 539 1365; x_wconf 85' lang='lat' dir='ltr'><strong>damus</strong></span> <span class='ocrx_word' id='word_1_142' title='bbox 565 1317 694 1366; x_wconf 88' lang='lat' dir='ltr'><strong>ante</strong></span> <span class='ocrx_word' id='word_1_143' title='bbox 725 1327 873 1376; x_wconf 87' lang='lat' dir='ltr'><strong>eum,</strong></span> <span class='ocrx_word' id='word_1_144' title='bbox 901 1319 952 1367; x_wconf 89' lang='lat' dir='ltr'><strong>et</strong></span> <span class='ocrx_word' id='word_1_145' title='bbox 976 1312 1252 1384; x_wconf 85' lang='lat' dir='ltr'><strong>ploremus</strong></span> <span class='ocrx_word' id='word_1_146' title='bbox 1281 1319 1407 1368; x_wconf 86' lang='lat' dir='ltr'><strong>ante</strong></span> <span class='ocrx_word' id='word_1_147' title='bbox 1433 1313 1725 1368; x_wconf 87' lang='lat' dir='ltr'><strong>Dominum</strong></span> <span class='ocrx_word' id='word_1_148' title='bbox 1754 1315 1852 1386; x_wconf 91' lang='lat' dir='ltr'><strong>qui</strong></span> <span class='ocrx_word' id='word_1_149' title='bbox 1878 1315 2008 1385; x_wconf 85' lang='lat' dir='ltr'><strong>fecit</strong></span> <span class='ocrx_word' id='word_1_150' title='bbox 2112 1313 2540 1370; x_wconf 86' lang='lat' dir='ltr'><strong>defendendum</strong></span> <span class='ocrx_word' id='word_1_151' title='bbox 2566 1317 2794 1384; x_wconf 89' lang='lat' dir='ltr'><strong>putant.</strong></span> <span class='ocrx_word' id='word_1_152' title='bbox 2813 1317 3036 1369; x_wconf 83' lang='lat' dir='ltr'><strong>Justum</strong></span> <span class='ocrx_word' id='word_1_153' title='bbox 3055 1313 3211 1368; x_wconf 90' lang='lat' dir='ltr'><strong>enim</strong></span> <span class='ocrx_word' id='word_1_154' title='bbox 3245 1315 3306 1370; x_wconf 88' lang='lat' dir='ltr'><strong>in</strong></span> <span class='ocrx_word' id='word_1_155' title='bbox 3322 1313 3546 1370; x_wconf 64' lang='lat' dir='ltr'><strong>exordio</strong></span> <span class='ocrx_word' id='word_1_156' title='bbox 3565 1331 3764 1371; x_wconf 86' lang='lat' dir='ltr'><strong>sermo-</strong></span> 
     </span>
    </p>
   </div>
   <div class='ocr_carea' id='block_1_20' title="bbox 341 1399 3763 1474">
    <p class='ocr_par' dir='ltr' id='par_1_20' title="bbox 341 1399 3763 1474">
     <span class='ocr_line' id='line_1_20' title="bbox 341 1399 3763 1474; baseline 0.001 -18"><span class='ocrx_word' id='word_1_157' title='bbox 341 1415 439 1456; x_wconf 86' lang='lat' dir='ltr'><strong>nos</strong></span> <span class='ocrx_word' id='word_1_158' title='bbox 469 1399 642 1466; x_wconf 81' lang='lat' dir='ltr'><strong>(Psal.</strong></span> <span class='ocrx_word' id='word_1_159' title='bbox 679 1415 830 1465; x_wconf 78' lang='lat' dir='ltr'><strong>xcrv,</strong></span> <span class='ocrx_word' id='word_1_160' title='bbox 849 1401 929 1470; x_wconf 89' lang='lat'><strong>6),</strong></span> <span class='ocrx_word' id='word_1_161' title='bbox 955 1399 1171 1456; x_wconf 88' lang='lat' dir='ltr'><strong>dicitur</strong></span> <span class='ocrx_word' id='word_1_162' title='bbox 1197 1405 1256 1456; x_wconf 90' lang='lat' dir='ltr'><strong>et</strong></span> <span class='ocrx_word' id='word_1_163' title='bbox 1284 1399 1412 1466; x_wconf 87' lang='lat' dir='ltr'><strong>tibi,</strong></span> <span class='ocrx_word' id='word_1_164' title='bbox 1437 1401 1716 1473; x_wconf 88' lang='lat' dir='ltr'><strong>quoniam</strong></span> <span class='ocrx_word' id='word_1_165' title='bbox 1765 1403 2007 1474; x_wconf 75' lang='lat' dir='ltr'><strong>pmnitet</strong></span> <span class='ocrx_word' id='word_1_166' title='bbox 2113 1403 2200 1457; x_wconf 88' lang='lat' dir='ltr'><strong>nis</strong></span> <span class='ocrx_word' id='word_1_167' title='bbox 2229 1409 2508 1458; x_wconf 80' lang='lat' dir='ltr'><strong>accusator</strong></span> <span class='ocrx_word' id='word_1_168' title='bbox 2537 1409 2617 1458; x_wconf 90' lang='lat' dir='ltr'><strong>est</strong></span> <span class='ocrx_word' id='word_1_169' title='bbox 2641 1404 2736 1458; x_wconf 89' lang='lat' dir='ltr'><strong>sui</strong></span> <span class='ocrx_word' id='word_1_170' title='bbox 2757 1403 2942 1469; x_wconf 87' lang='lat' dir='ltr'><strong>(Prov.</strong></span> <span class='ocrx_word' id='word_1_171' title='bbox 2969 1419 3130 1469; x_wconf 85' lang='lat' dir='ltr'><strong>xvm,</strong></span> <span class='ocrx_word' id='word_1_172' title='bbox 3156 1403 3265 1471; x_wconf 87' lang='grc'><strong>17).</strong></span> <span class='ocrx_word' id='word_1_173' title='bbox 3293 1403 3400 1470; x_wconf 89' lang='lat' dir='ltr'><strong>Qui</strong></span> <span class='ocrx_word' id='word_1_174' title='bbox 3434 1418 3496 1458; x_wconf 88' lang='lat' dir='ltr'><strong>se</strong></span> <span class='ocrx_word' id='word_1_175' title='bbox 3525 1407 3763 1458; x_wconf 84' lang='lat' dir='ltr'><strong>accusat</strong></span> 
     </span>
    </p>
   </div>
   <div class='ocr_carea' id='block_1_21' title="bbox 342 1487 2004 1562">
    <p class='ocr_par' dir='ltr' id='par_1_21' title="bbox 342 1487 2004 1562">
     <span class='ocr_line' id='line_1_21' title="bbox 342 1487 2004 1562; baseline 0.002 -19"><span class='ocrx_word' id='word_1_176' title='bbox 342 1491 426 1556; x_wconf 87' lang='lat' dir='ltr'><strong>te,</strong></span> <span class='ocrx_word' id='word_1_177' title='bbox 459 1487 717 1545; x_wconf 86' lang='lat' dir='ltr'><strong>dimittet</strong></span> <span class='ocrx_word' id='word_1_178' title='bbox 755 1488 861 1545; x_wconf 89' lang='lat' dir='ltr'><strong>tibi</strong></span> <span class='ocrx_word' id='word_1_179' title='bbox 911 1489 1197 1546; x_wconf 86' lang='lat' dir='ltr'><strong>Dominus</strong></span> <span class='ocrx_word' id='word_1_180' title='bbox 1228 1494 1530 1562; x_wconf 88' lang='lat' dir='ltr'><strong>peccatum</strong></span> <span class='ocrx_word' id='word_1_181' title='bbox 1565 1494 1733 1546; x_wconf 89' lang='lat' dir='ltr'><strong>tuum</strong></span> <span class='ocrx_word' id='word_1_182' title='bbox 1783 1496 1841 1547; x_wconf 89' lang='lat' dir='ltr'><strong>et</strong></span> <span class='ocrx_word' id='word_1_183' title='bbox 1888 1509 2004 1548; x_wconf 89' lang='lat' dir='ltr'><strong>non</strong></span> 
     </span>
    </p>
   </div>
   <div class='ocr_carea' id='block_1_22' title="bbox 339 1664 2004 1742">
    <p class='ocr_par' dir='ltr' id='par_1_22' title="bbox 339 1664 2004 1742">
     <span class='ocr_line' id='line_1_22' title="bbox 339 1664 2004 1742; baseline 0.002 -22"><span class='ocrx_word' id='word_1_184' title='bbox 339 1664 590 1731; x_wconf 80' lang='lat' dir='ltr'><strong>minam,</strong></span> <span class='ocrx_word' id='word_1_185' title='bbox 615 1669 674 1722; x_wconf 91' lang='lat' dir='ltr'><strong>et</strong></span> <span class='ocrx_word' id='word_1_186' title='bbox 728 1666 916 1738; x_wconf 86' lang='lat' dir='ltr'><strong>jussit</strong></span> <span class='ocrx_word' id='word_1_187' title='bbox 943 1666 1148 1740; x_wconf 82' lang='lat' dir='ltr'><strong>angelo</strong></span> <span class='ocrx_word' id='word_1_188' title='bbox 1179 1671 1243 1722; x_wconf 91' lang='lat' dir='ltr'><strong>ut</strong></span> <span class='ocrx_word' id='word_1_189' title='bbox 1269 1673 1531 1738; x_wconf 88' lang='lat' dir='ltr'><strong>parceret</strong></span> <span class='ocrx_word' id='word_1_190' title='bbox 1575 1667 1752 1742; x_wconf 79' lang='lat' dir='ltr'><strong>plebi.</strong></span> <span class='ocrx_word' id='word_1_191' title='bbox 1783 1669 2004 1724; x_wconf 78' lang='lat' dir='ltr'><strong>sacriﬁ-</strong></span> 
     </span>
    </p>
   </div>
   <div class='ocr_carea' id='block_1_23' title="bbox 336 1753 2008 1814">
    <p class='ocr_par' dir='ltr' id='par_1_23' title="bbox 336 1753 2008 1814">
     <span class='ocr_line' id='line_1_23' title="bbox 336 1753 2008 1814; baseline 0.001 -4"><span class='ocrx_word' id='word_1_192' title='bbox 336 1753 494 1810; x_wconf 88' lang='lat' dir='ltr'><strong>cium</strong></span> <span class='ocrx_word' id='word_1_193' title='bbox 525 1759 732 1810; x_wconf 87' lang='lat' dir='ltr'><strong>autem</strong></span> <span class='ocrx_word' id='word_1_194' title='bbox 765 1755 998 1811; x_wconf 70' lang='lat' dir='ltr'><strong>offerret</strong></span> <span class='ocrx_word' id='word_1_195' title='bbox 1022 1755 1224 1811; x_wconf 80' lang='lat' dir='ltr'><strong>David.</strong></span> <span class='ocrx_word' id='word_1_196' title='bbox 1250 1756 1430 1812; x_wconf 89' lang='lat' dir='ltr'><strong>Erant</strong></span> <span class='ocrx_word' id='word_1_197' title='bbox 1448 1759 1604 1812; x_wconf 90' lang='lat' dir='ltr'><strong>enim</strong></span> <span class='ocrx_word' id='word_1_198' title='bbox 1627 1761 1767 1814; x_wconf 90' lang='lat' dir='ltr'><strong>tunc</strong></span> <span class='ocrx_word' id='word_1_199' title='bbox 1789 1757 2008 1814; x_wconf 74' lang='lat' dir='ltr'><strong>sacrifi-</strong></span> 
     </span>
    </p>
   </div>
   <div class='ocr_carea' id='block_1_24' title="bbox 353 1842 2001 1918">
    <p class='ocr_par' dir='ltr' id='par_1_24' title="bbox 353 1842 2001 1918">
     <span class='ocr_line' id='line_1_24' title="bbox 353 1842 2001 1918; baseline 0.002 -20"><span class='ocrx_word' id='word_1_200' title='bbox 353 1842 444 1899; x_wconf 89' lang='lat' dir='ltr'><strong>cia</strong></span> <span class='ocrx_word' id='word_1_201' title='bbox 474 1859 580 1915; x_wconf 88' lang='lat' dir='ltr'><strong>pro</strong></span> <span class='ocrx_word' id='word_1_202' title='bbox 610 1842 862 1910; x_wconf 87' lang='lat' dir='ltr'><strong>delictis,</strong></span> <span class='ocrx_word' id='word_1_203' title='bbox 883 1848 940 1900; x_wconf 91' lang='lat' dir='ltr'><strong>et</strong></span> <span class='ocrx_word' id='word_1_204' title='bbox 969 1861 1124 1900; x_wconf 89' lang='lat' dir='ltr'><strong>nunc</strong></span> <span class='ocrx_word' id='word_1_205' title='bbox 1147 1849 1289 1900; x_wconf 89' lang='lat' dir='ltr'><strong>sunt</strong></span> <span class='ocrx_word' id='word_1_206' title='bbox 1313 1844 1600 1901; x_wconf 87' lang='lat' dir='ltr'><strong>sacrificia</strong></span> <span class='ocrx_word' id='word_1_207' title='bbox 1629 1846 2001 1918; x_wconf 66' lang='lat' dir='ltr'><strong>paenitentiae.</strong></span> 
     </span>
    </p>
   </div>
   <div class='ocr_carea' id='block_1_25' title="bbox 2112 1489 3762 1564">
    <p class='ocr_par' dir='ltr' id='par_1_25' title="bbox 2112 1489 3762 1564">
     <span class='ocr_line' id='line_1_25' title="bbox 2112 1489 3762 1564; baseline 0.001 -18"><span class='ocrx_word' id='word_1_208' title='bbox 2112 1507 2247 1546; x_wconf 93' lang='lat' dir='ltr'><strong>cum</strong></span> <span class='ocrx_word' id='word_1_209' title='bbox 2289 1491 2632 1562; x_wconf 82' lang='lat' dir='ltr'><strong>peccaverit,</strong></span> <span class='ocrx_word' id='word_1_210' title='bbox 2657 1491 2862 1561; x_wconf 88' lang='lat' dir='ltr'><strong>justus</strong></span> <span class='ocrx_word' id='word_1_211' title='bbox 2899 1493 3008 1556; x_wconf 88' lang='lat' dir='ltr'><strong>est,</strong></span> <span class='ocrx_word' id='word_1_212' title='bbox 3033 1507 3148 1544; x_wconf 91' lang='lat' dir='ltr'><strong>non</strong></span> <span class='ocrx_word' id='word_1_213' title='bbox 3181 1489 3280 1546; x_wconf 88' lang='lat' dir='ltr'><strong>ille</strong></span> <span class='ocrx_word' id='word_1_214' title='bbox 3308 1491 3409 1564; x_wconf 90' lang='lat' dir='ltr'><strong>qui</strong></span> <span class='ocrx_word' id='word_1_215' title='bbox 3452 1508 3516 1546; x_wconf 87' lang='lat' dir='ltr'><strong>se</strong></span> <span class='ocrx_word' id='word_1_216' title='bbox 3559 1491 3762 1548; x_wconf 89' lang='lat' dir='ltr'><strong>lauda-</strong></span> 
     </span>
    </p>
   </div>
   <div class='ocr_carea' id='block_1_26' title="bbox 231 1575 3758 1652">
    <p class='ocr_par' dir='ltr' id='par_1_26' title="bbox 231 1575 3758 1652">
     <span class='ocr_line' id='line_1_26' title="bbox 231 1575 3758 1652; baseline 0.001 -20"><span class='ocrx_word' id='word_1_217' title='bbox 231 1603 236 1606; x_wconf 89' lang='lat'><strong><em>-</em></strong></span> <span class='ocrx_word' id='word_1_218' title='bbox 339 1575 670 1632; x_wconf 83' lang='lat' dir='ltr'><strong>morieris.»</strong></span> <span class='ocrx_word' id='word_1_219' title='bbox 709 1578 779 1633; x_wconf 91' lang='lat' dir='ltr'><strong>Et</strong></span> <span class='ocrx_word' id='word_1_220' title='bbox 805 1577 945 1634; x_wconf 89' lang='lat' dir='ltr'><strong>item</strong></span> <span class='ocrx_word' id='word_1_221' title='bbox 977 1578 1047 1636; x_wconf 88' lang='lat' dir='ltr'><strong>ad</strong></span> <span class='ocrx_word' id='word_1_222' title='bbox 1080 1577 1273 1634; x_wconf 87' lang='lat' dir='ltr'><strong>locum</strong></span> <span class='ocrx_word' id='word_1_223' title='bbox 1296 1595 1346 1635; x_wconf 72' lang='grc' dir='ltr'><strong>τα</strong></span> <span class='ocrx_word' id='word_1_224' title='bbox 1371 1578 1574 1650; x_wconf 87' lang='lat' dir='ltr'><strong>Itaque</strong></span> <span class='ocrx_word' id='word_1_225' title='bbox 1603 1579 1876 1652; x_wconf 79' lang='lat' dir='ltr'><strong>pmnituit</strong></span> <span class='ocrx_word' id='word_1_226' title='bbox 1899 1581 2008 1636; x_wconf 95' lang='lat' dir='ltr'><strong>Do-</strong></span> <span class='ocrx_word' id='word_1_227' title='bbox 2110 1580 2274 1635; x_wconf 90' lang='lat' dir='ltr'><strong>verit.</strong></span> <span class='ocrx_word' id='word_1_228' title='bbox 2297 1581 2366 1634; x_wconf 90' lang='lat' dir='ltr'><strong>Et</strong></span> <span class='ocrx_word' id='word_1_229' title='bbox 2390 1584 2455 1634; x_wconf 91' lang='lat' dir='ltr'><strong>tu</strong></span> <span class='ocrx_word' id='word_1_230' title='bbox 2482 1583 2808 1652; x_wconf 68' lang='lat' dir='ltr'><strong>praeventus</strong></span> <span class='ocrx_word' id='word_1_231' title='bbox 2836 1595 2919 1645; x_wconf 91' lang='lat' dir='ltr'><strong>es,</strong></span> <span class='ocrx_word' id='word_1_232' title='bbox 2946 1583 3004 1634; x_wconf 92' lang='lat' dir='ltr'><strong>et</strong></span> <span class='ocrx_word' id='word_1_233' title='bbox 3031 1595 3138 1651; x_wconf 77' lang='lat' dir='ltr'><strong>ego</strong></span> <span class='ocrx_word' id='word_1_234' title='bbox 3165 1596 3280 1634; x_wconf 89' lang='lat' dir='ltr'><strong>non</strong></span> <span class='ocrx_word' id='word_1_235' title='bbox 3311 1578 3617 1635; x_wconf 89' lang='lat' dir='ltr'><strong>declinavi.</strong></span> <span class='ocrx_word' id='word_1_236' title='bbox 3643 1597 3758 1636; x_wconf 91' lang='lat' dir='ltr'><strong>non</strong></span> 
     </span>
    </p>
   </div>
   <div class='ocr_carea' id='block_1_27' title="bbox 2113 1667 3762 1742">
    <p class='ocr_par' dir='ltr' id='par_1_27' title="bbox 2113 1667 3762 1742">
     <span class='ocr_line' id='line_1_27' title="bbox 2113 1667 3762 1742; baseline 0 -18"><span class='ocrx_word' id='word_1_237' title='bbox 2113 1669 2268 1742; x_wconf 89' lang='lat' dir='ltr'><strong>quod</strong></span> <span class='ocrx_word' id='word_1_238' title='bbox 2298 1685 2501 1725; x_wconf 87' lang='lat' dir='ltr'><strong>cavere</strong></span> <span class='ocrx_word' id='word_1_239' title='bbox 2539 1668 2875 1724; x_wconf 86' lang='lat' dir='ltr'><strong>debueram.</strong></span> <span class='ocrx_word' id='word_1_240' title='bbox 2911 1669 3024 1724; x_wconf 88' lang='lat' dir='ltr'><strong>Sed</strong></span> <span class='ocrx_word' id='word_1_241' title='bbox 3061 1669 3283 1740; x_wconf 83' lang='lat' dir='ltr'><strong>gratias</strong></span> <span class='ocrx_word' id='word_1_242' title='bbox 3322 1667 3588 1734; x_wconf 90' lang='lat' dir='ltr'><strong>Domino,</strong></span> <span class='ocrx_word' id='word_1_243' title='bbox 3623 1668 3762 1741; x_wconf 84' lang='lat' dir='ltr'><strong>quia</strong></span> 
     </span>
    </p>
   </div>
   <div class='ocr_carea' id='block_1_28' title="bbox 2111 1755 3758 1829">
    <p class='ocr_par' dir='ltr' id='par_1_28' title="bbox 2111 1755 3758 1829">
     <span class='ocr_line' id='line_1_28' title="bbox 2111 1755 3758 1829; baseline 0.001 -17"><span class='ocrx_word' id='word_1_244' title='bbox 2111 1757 2235 1812; x_wconf 92' lang='lat' dir='ltr'><strong>vult</strong></span> <span class='ocrx_word' id='word_1_245' title='bbox 2263 1756 2523 1813; x_wconf 89' lang='lat' dir='ltr'><strong>servulos</strong></span> <span class='ocrx_word' id='word_1_246' title='bbox 2553 1773 2693 1812; x_wconf 90' lang='lat' dir='ltr'><strong>suos</strong></span> <span class='ocrx_word' id='word_1_247' title='bbox 2721 1757 3026 1829; x_wconf 81' lang='lat' dir='ltr'><strong>castigare,</strong></span> <span class='ocrx_word' id='word_1_248' title='bbox 3061 1773 3134 1825; x_wconf 77' lang='lat' dir='ltr'><strong>ne</strong></span> <span class='ocrx_word' id='word_1_249' title='bbox 3162 1757 3386 1828; x_wconf 89' lang='lat' dir='ltr'><strong>perdat.</strong></span> <span class='ocrx_word' id='word_1_250' title='bbox 3415 1755 3578 1813; x_wconf 87' lang='lat' dir='ltr'><strong>Istud</strong></span> <span class='ocrx_word' id='word_1_251' title='bbox 3611 1757 3758 1813; x_wconf 90' lang='lat' dir='ltr'><strong>mihi</strong></span> 
     </span>
    </p>
   </div>
   <div class='ocr_carea' id='block_1_29' title="bbox 2112 1843 3774 1918">
    <p class='ocr_par' dir='ltr' id='par_1_29' title="bbox 2112 1843 3774 1918">
     <span class='ocr_line' id='line_1_29' title="bbox 2112 1843 3774 1918; baseline 0 -16"><span class='ocrx_word' id='word_1_252' title='bbox 2112 1863 2425 1902; x_wconf 90' lang='lat' dir='ltr'><strong>commune</strong></span> <span class='ocrx_word' id='word_1_253' title='bbox 2453 1851 2542 1901; x_wconf 90' lang='lat' dir='ltr'><strong>est</strong></span> <span class='ocrx_word' id='word_1_254' title='bbox 2571 1863 2704 1901; x_wconf 89' lang='lat' dir='ltr'><strong>cum</strong></span> <span class='ocrx_word' id='word_1_255' title='bbox 2739 1845 3060 1918; x_wconf 86' lang='lat' dir='ltr'><strong>prophetis,</strong></span> <span class='ocrx_word' id='word_1_256' title='bbox 3084 1848 3141 1900; x_wconf 90' lang='lat' dir='ltr'><strong>et</strong></span> <span class='ocrx_word' id='word_1_257' title='bbox 3169 1843 3276 1900; x_wconf 86' lang='lat' dir='ltr'><strong>tibi</strong></span> <span class='ocrx_word' id='word_1_258' title='bbox 3308 1843 3420 1901; x_wconf 91' lang='lat' dir='ltr'><strong>erit</strong></span> <span class='ocrx_word' id='word_1_259' title='bbox 3444 1861 3774 1917; x_wconf 29' lang='lat' dir='ltr'><strong>commune,</strong></span> 
     </span>
    </p>
   </div>
   <div class='ocr_carea' id='block_1_30' title="bbox 346 1931 2574 2032">
    <p class='ocr_par' dir='ltr' id='par_1_30' title="bbox 346 1931 2574 2032">
     <span class='ocr_line' id='line_1_30' title="bbox 346 1931 2574 2032; baseline -0 -46"><span class='ocrx_word' id='word_1_260' title='bbox 346 1931 550 2017; x_wconf 80' lang='lat' dir='ltr'><strong>Itaque</strong></span> <span class='ocrx_word' id='word_1_261' title='bbox 581 1945 685 1986; x_wconf 85' lang='lat' dir='ltr'><strong>rex</strong></span> <span class='ocrx_word' id='word_1_262' title='bbox 709 1947 785 1986; x_wconf 80' lang='lat' dir='ltr'><strong>ea</strong></span> <span class='ocrx_word' id='word_1_263' title='bbox 814 1931 1148 1989; x_wconf 86' lang='lat' dir='ltr'><strong>humilitate</strong></span> <span class='ocrx_word' id='word_1_264' title='bbox 1195 1933 1487 2006; x_wconf 85' lang='lat' dir='ltr'><strong>acceptior</strong></span> <span class='ocrx_word' id='word_1_265' title='bbox 1514 1933 1630 1989; x_wconf 90' lang='lat' dir='ltr'><strong>Deo</strong></span> <span class='ocrx_word' id='word_1_266' title='bbox 1661 1935 1848 1989; x_wconf 85' lang='lat' dir='ltr'><strong>factus</strong></span> <span class='ocrx_word' id='word_1_267' title='bbox 1891 1940 2000 1990; x_wconf 89' lang='lat' dir='ltr'><strong>est.</strong></span> <span class='ocrx_word' id='word_1_268' title='bbox 2031 1966 2082 2032; x_wconf 76' lang='grc' dir='ltr'><strong>Β</strong></span> <span class='ocrx_word' id='word_1_269' title='bbox 2113 1952 2248 1990; x_wconf 90' lang='lat' dir='ltr'><strong>cum</strong></span> <span class='ocrx_word' id='word_1_270' title='bbox 2279 1935 2520 1991; x_wconf 86' lang='lat' dir='ltr'><strong>sanctis.</strong></span> <span class='ocrx_word' id='word_1_271' title='bbox 2545 1957 2574 1985; x_wconf 74' lang='grc' dir='ltr'><strong>ι»</strong></span> 
     </span>
    </p>
   </div>
   <div class='ocr_carea' id='block_1_31' title="bbox 339 2009 1995 2094">
    <p class='ocr_par' dir='ltr' id='par_1_31' title="bbox 339 2009 1995 2094">
     <span class='ocr_line' id='line_1_31' title="bbox 339 2009 1995 2094; baseline 0.003 -20"><span class='ocrx_word' id='word_1_272' title='bbox 339 2009 466 2074; x_wconf 77' lang='lat' dir='ltr'><strong>Non</strong></span> <span class='ocrx_word' id='word_1_273' title='bbox 496 2017 655 2074; x_wconf 88' lang='lat' dir='ltr'><strong>enim</strong></span> <span class='ocrx_word' id='word_1_274' title='bbox 704 2019 1045 2077; x_wconf 88' lang='lat' dir='ltr'><strong>mirandum</strong></span> <span class='ocrx_word' id='word_1_275' title='bbox 1080 2037 1319 2094; x_wconf 82' lang='lat' dir='ltr'><strong>peccare</strong></span> <span class='ocrx_word' id='word_1_276' title='bbox 1357 2021 1678 2091; x_wconf 85' lang='lat' dir='ltr'><strong>hominem,</strong></span> <span class='ocrx_word' id='word_1_277' title='bbox 1702 2023 1800 2078; x_wconf 89' lang='lat' dir='ltr'><strong>sed</strong></span> <span class='ocrx_word' id='word_1_278' title='bbox 1852 2022 1995 2079; x_wconf 90' lang='lat' dir='ltr'><strong>illud</strong></span> 
     </span>
    </p>
   </div>
   <div class='ocr_carea' id='block_1_32' title="bbox 341 2107 1996 2184">
    <p class='ocr_par' dir='ltr' id='par_1_32' title="bbox 341 2107 1996 2184">
     <span class='ocr_line' id='line_1_32' title="bbox 341 2107 1996 2184; baseline 0.002 -20"><span class='ocrx_word' id='word_1_279' title='bbox 341 2107 820 2181; x_wconf 86' lang='lat' dir='ltr'><strong>reprehensibile,</strong></span> <span class='ocrx_word' id='word_1_280' title='bbox 855 2109 902 2164; x_wconf 90' lang='lat' dir='ltr'><strong>si</strong></span> <span class='ocrx_word' id='word_1_281' title='bbox 935 2127 1050 2166; x_wconf 90' lang='lat' dir='ltr'><strong>non</strong></span> <span class='ocrx_word' id='word_1_282' title='bbox 1083 2127 1146 2166; x_wconf 86' lang='lat' dir='ltr'><strong>se</strong></span> <span class='ocrx_word' id='word_1_283' title='bbox 1174 2115 1487 2184; x_wconf 82' lang='lat' dir='ltr'><strong>cognoscat</strong></span> <span class='ocrx_word' id='word_1_284' title='bbox 1519 2127 1764 2177; x_wconf 85' lang='lat' dir='ltr'><strong>errasse,</strong></span> <span class='ocrx_word' id='word_1_285' title='bbox 1799 2111 1844 2168; x_wconf 89' lang='lat' dir='ltr'><strong>si</strong></span> <span class='ocrx_word' id='word_1_286' title='bbox 1880 2129 1996 2167; x_wconf 90' lang='lat' dir='ltr'><strong>non</strong></span> 
     </span>
    </p>
   </div>
   <div class='ocr_carea' id='block_1_33' title="bbox 274 2195 1996 2274">
    <p class='ocr_par' dir='ltr' id='par_1_33' title="bbox 274 2195 1996 2274">
     <span class='ocr_line' id='line_1_33' title="bbox 274 2195 1996 2274; baseline 0.002 -21"><span class='ocrx_word' id='word_1_287' title='bbox 274 2258 298 2274; x_wconf 47' lang='grc' dir='ltr'><em>ο</em></span> <span class='ocrx_word' id='word_1_288' title='bbox 341 2213 403 2254; x_wconf 89' lang='lat' dir='ltr'><strong>se</strong></span> <span class='ocrx_word' id='word_1_289' title='bbox 424 2195 695 2252; x_wconf 75' lang='lat' dir='ltr'><strong>humiliet</strong></span> <span class='ocrx_word' id='word_1_290' title='bbox 719 2197 982 2255; x_wconf 84' lang='lat' dir='ltr'><strong>Deo.Job</strong></span> <span class='ocrx_word' id='word_1_291' title='bbox 1003 2203 1244 2254; x_wconf 84' lang='lat' dir='ltr'><strong>sanctus</strong></span> <span class='ocrx_word' id='word_1_292' title='bbox 1261 2203 1319 2254; x_wconf 87' lang='lat' dir='ltr'><strong>et</strong></span> <span class='ocrx_word' id='word_1_293' title='bbox 1339 2199 1464 2272; x_wconf 89' lang='lat' dir='ltr'><strong>ipse</strong></span> <span class='ocrx_word' id='word_1_294' title='bbox 1481 2203 1688 2272; x_wconf 90' lang='lat' dir='ltr'><strong>potens</strong></span> <span class='ocrx_word' id='word_1_295' title='bbox 1710 2200 1767 2254; x_wconf 91' lang='lat' dir='ltr'><strong>in</strong></span> <span class='ocrx_word' id='word_1_296' title='bbox 1785 2200 1996 2256; x_wconf 81' lang='lat' dir='ltr'><strong>saeculo</strong></span> 
     </span>
    </p>
   </div>
   <div class='ocr_carea' id='block_1_34' title="bbox 339 2285 1998 2362">
    <p class='ocr_par' dir='ltr' id='par_1_34' title="bbox 339 2285 1998 2362">
     <span class='ocr_line' id='line_1_34' title="bbox 339 2285 1998 2362; baseline 0.002 -22"><span class='ocrx_word' id='word_1_297' title='bbox 339 2285 458 2341; x_wconf 91' lang='lat' dir='ltr'><strong>ait:</strong></span> <span class='ocrx_word' id='word_1_298' title='bbox 484 2291 771 2342; x_wconf 84' lang='lat' dir='ltr'><strong>Peccatum</strong></span> <span class='ocrx_word' id='word_1_299' title='bbox 807 2304 988 2344; x_wconf 89' lang='lat' dir='ltr'><strong>meum</strong></span> <span class='ocrx_word' id='word_1_300' title='bbox 1025 2305 1135 2343; x_wconf 83' lang='lat' dir='ltr'><strong>non</strong></span> <span class='ocrx_word' id='word_1_301' title='bbox 1185 2289 1458 2356; x_wconf 81' lang='lat' dir='ltr'><strong>abscondi,</strong></span> <span class='ocrx_word' id='word_1_302' title='bbox 1480 2289 1573 2344; x_wconf 88' lang='lat' dir='ltr'><strong>sed</strong></span> <span class='ocrx_word' id='word_1_303' title='bbox 1619 2305 1801 2344; x_wconf 87' lang='lat' dir='ltr'><strong>coram</strong></span> <span class='ocrx_word' id='word_1_304' title='bbox 1843 2290 1998 2362; x_wconf 82' lang='lat' dir='ltr'><strong>plebe</strong></span> 
     </span>
    </p>
   </div>
   <div class='ocr_carea' id='block_1_35' title="bbox 339 2376 1992 2445">
    <p class='ocr_par' dir='ltr' id='par_1_35' title="bbox 339 2376 1992 2445">
     <span class='ocr_line' id='line_1_35' title="bbox 339 2376 1992 2445; baseline 0 -13"><span class='ocrx_word' id='word_1_305' title='bbox 339 2376 494 2432; x_wconf 84' lang='lat' dir='ltr'><strong>omni</strong></span> <span class='ocrx_word' id='word_1_306' title='bbox 522 2377 858 2432; x_wconf 84' lang='lat' dir='ltr'><strong>annuntiuvi</strong></span> <span class='ocrx_word' id='word_1_307' title='bbox 883 2377 1018 2445; x_wconf 79' lang='lat' dir='ltr'><strong>(Job.</strong></span> <span class='ocrx_word' id='word_1_308' title='bbox 1042 2393 1194 2442; x_wconf 69' lang='lat' dir='ltr'><strong>xxxx,</strong></span> <span class='ocrx_word' id='word_1_309' title='bbox 1220 2377 1370 2445; x_wconf 81' lang='lat'><strong>33).»</strong></span> <span class='ocrx_word' id='word_1_310' title='bbox 1393 2377 1463 2432; x_wconf 91' lang='lat' dir='ltr'><strong>Et</strong></span> <span class='ocrx_word' id='word_1_311' title='bbox 1491 2376 1632 2432; x_wconf 88' lang='lat' dir='ltr'><strong>item</strong></span> <span class='ocrx_word' id='word_1_312' title='bbox 1659 2377 1730 2433; x_wconf 86' lang='lat' dir='ltr'><strong>ad</strong></span> <span class='ocrx_word' id='word_1_313' title='bbox 1759 2377 1952 2434; x_wconf 89' lang='lat' dir='ltr'><strong>locum</strong></span> <span class='ocrx_word' id='word_1_314' title='bbox 1978 2394 1992 2432; x_wconf 87' lang='lat'><strong>:</strong></span> 
     </span>
    </p>
   </div>
   <div class='ocr_carea' id='block_1_36' title="bbox 339 2463 1998 2538">
    <p class='ocr_par' dir='ltr' id='par_1_36' title="bbox 339 2463 1998 2538">
     <span class='ocr_line' id='line_1_36' title="bbox 339 2463 1998 2538; baseline 0.004 -22"><span class='ocrx_word' id='word_1_315' title='bbox 339 2486 368 2514; x_wconf 85' lang='lat'><strong><em>«</em></strong></span> <span class='ocrx_word' id='word_1_316' title='bbox 399 2463 530 2519; x_wconf 69' lang='lat' dir='ltr'><strong>Haec</strong></span> <span class='ocrx_word' id='word_1_317' title='bbox 561 2463 693 2520; x_wconf 89' lang='lat' dir='ltr'><strong>ideo</strong></span> <span class='ocrx_word' id='word_1_318' title='bbox 741 2464 970 2538; x_wconf 88' lang='lat' dir='ltr'><strong>scripsi,</strong></span> <span class='ocrx_word' id='word_1_319' title='bbox 1004 2471 1072 2521; x_wconf 93' lang='lat' dir='ltr'><strong>ut</strong></span> <span class='ocrx_word' id='word_1_320' title='bbox 1119 2482 1233 2520; x_wconf 90' lang='lat' dir='ltr'><strong>non</strong></span> <span class='ocrx_word' id='word_1_321' title='bbox 1284 2467 1340 2521; x_wconf 82' lang='lat' dir='ltr'><strong>te</strong></span> <span class='ocrx_word' id='word_1_322' title='bbox 1389 2467 1766 2530; x_wconf 82' lang='lat' dir='ltr'><strong>confundam,</strong></span> <span class='ocrx_word' id='word_1_323' title='bbox 1799 2467 1901 2522; x_wconf 92' lang='lat' dir='ltr'><strong>sed</strong></span> <span class='ocrx_word' id='word_1_324' title='bbox 1933 2471 1998 2522; x_wconf 93' lang='lat' dir='ltr'><strong>ut</strong></span> 
     </span>
    </p>
   </div>
   <div class='ocr_carea' id='block_1_37' title="bbox 338 2553 1992 2629">
    <p class='ocr_par' dir='ltr' id='par_1_37' title="bbox 338 2553 1992 2629">
     <span class='ocr_line' id='line_1_37' title="bbox 338 2553 1992 2629; baseline 0.002 -21"><span class='ocrx_word' id='word_1_325' title='bbox 338 2569 540 2626; x_wconf 78' lang='lat' dir='ltr'><strong>regum</strong></span> <span class='ocrx_word' id='word_1_326' title='bbox 573 2553 839 2627; x_wconf 83' lang='lat' dir='ltr'><strong>exempla</strong></span> <span class='ocrx_word' id='word_1_327' title='bbox 866 2559 1197 2627; x_wconf 83' lang='lat' dir='ltr'><strong>provocent,</strong></span> <span class='ocrx_word' id='word_1_328' title='bbox 1225 2559 1290 2610; x_wconf 88' lang='lat' dir='ltr'><strong>ut</strong></span> <span class='ocrx_word' id='word_1_329' title='bbox 1320 2553 1492 2610; x_wconf 84' lang='lat' dir='ltr'><strong>tollas</strong></span> <span class='ocrx_word' id='word_1_330' title='bbox 1536 2555 1644 2612; x_wconf 92' lang='lat' dir='ltr'><strong>hoc</strong></span> <span class='ocrx_word' id='word_1_331' title='bbox 1689 2559 1992 2629; x_wconf 85' lang='lat' dir='ltr'><strong>peceatum</strong></span> 
     </span>
    </p>
   </div>
   <div class='ocr_carea' id='block_1_38' title="bbox 339 2641 1992 2714">
    <p class='ocr_par' dir='ltr' id='par_1_38' title="bbox 339 2641 1992 2714">
     <span class='ocr_line' id='line_1_38' title="bbox 339 2641 1992 2714; baseline 0.002 -17"><span class='ocrx_word' id='word_1_332' title='bbox 339 2641 412 2697; x_wconf 90' lang='lat' dir='ltr'><strong>de</strong></span> <span class='ocrx_word' id='word_1_333' title='bbox 431 2657 612 2714; x_wconf 84' lang='lat' dir='ltr'><strong>regno</strong></span> <span class='ocrx_word' id='word_1_334' title='bbox 636 2647 754 2698; x_wconf 88' lang='lat' dir='ltr'><strong>luo.</strong></span> <span class='ocrx_word' id='word_1_335' title='bbox 769 2641 964 2698; x_wconf 85' lang='lat' dir='ltr'><strong>Tolles</strong></span> <span class='ocrx_word' id='word_1_336' title='bbox 985 2646 1181 2698; x_wconf 89' lang='lat' dir='ltr'><strong>autem</strong></span> <span class='ocrx_word' id='word_1_337' title='bbox 1203 2643 1576 2699; x_wconf 90' lang='lat' dir='ltr'><strong>humiliando</strong></span> <span class='ocrx_word' id='word_1_338' title='bbox 1597 2644 1712 2700; x_wconf 93' lang='lat' dir='ltr'><strong>Deo</strong></span> <span class='ocrx_word' id='word_1_339' title='bbox 1734 2645 1992 2700; x_wconf 89' lang='lat' dir='ltr'><strong>animam</strong></span> 
     </span>
    </p>
   </div>
   <div class='ocr_carea' id='block_1_39' title="bbox 338 2729 1991 2804">
    <p class='ocr_par' dir='ltr' id='par_1_39' title="bbox 338 2729 1991 2804">
     <span class='ocr_line' id='line_1_39' title="bbox 338 2729 1991 2804; baseline 0.002 -20"><span class='ocrx_word' id='word_1_340' title='bbox 338 2733 524 2785; x_wconf 87' lang='lat' dir='ltr'><strong>tuam.</strong></span> <span class='ocrx_word' id='word_1_341' title='bbox 551 2729 737 2787; x_wconf 78' lang='lat' dir='ltr'><strong>Homo</strong></span> <span class='ocrx_word' id='word_1_342' title='bbox 777 2747 860 2798; x_wconf 89' lang='lat' dir='ltr'><strong>es,</strong></span> <span class='ocrx_word' id='word_1_343' title='bbox 884 2734 942 2788; x_wconf 91' lang='lat' dir='ltr'><strong>et</strong></span> <span class='ocrx_word' id='word_1_344' title='bbox 988 2731 1095 2788; x_wconf 89' lang='lat' dir='ltr'><strong>tibi</strong></span> <span class='ocrx_word' id='word_1_345' title='bbox 1141 2731 1300 2787; x_wconf 90' lang='lat' dir='ltr'><strong>venit</strong></span> <span class='ocrx_word' id='word_1_346' title='bbox 1345 2732 1608 2804; x_wconf 88' lang='lat' dir='ltr'><strong>tentatio,</strong></span> <span class='ocrx_word' id='word_1_347' title='bbox 1630 2733 1794 2788; x_wconf 91' lang='lat' dir='ltr'><strong>vince</strong></span> <span class='ocrx_word' id='word_1_348' title='bbox 1841 2751 1991 2790; x_wconf 87' lang='lat' dir='ltr'><strong>eam.</strong></span> 
     </span>
    </p>
   </div>
   <div class='ocr_carea' id='block_1_40' title="bbox 344 2817 1991 2894">
    <p class='ocr_par' dir='ltr' id='par_1_40' title="bbox 344 2817 1991 2894">
     <span class='ocr_line' id='line_1_40' title="bbox 344 2817 1991 2894; baseline 0.002 -20"><span class='ocrx_word' id='word_1_349' title='bbox 344 2817 656 2874; x_wconf 84' lang='lat' dir='ltr'><strong>Peccatum</strong></span> <span class='ocrx_word' id='word_1_350' title='bbox 687 2837 804 2875; x_wconf 89' lang='lat' dir='ltr'><strong>non</strong></span> <span class='ocrx_word' id='word_1_351' title='bbox 835 2817 1062 2876; x_wconf 89' lang='lat' dir='ltr'><strong>tollitur</strong></span> <span class='ocrx_word' id='word_1_352' title='bbox 1088 2819 1202 2875; x_wconf 89' lang='lat' dir='ltr'><strong>nisi</strong></span> <span class='ocrx_word' id='word_1_353' title='bbox 1231 2818 1507 2894; x_wconf 81' lang='lat' dir='ltr'><strong>lacrymis</strong></span> <span class='ocrx_word' id='word_1_354' title='bbox 1535 2824 1592 2876; x_wconf 92' lang='lat' dir='ltr'><strong>et</strong></span> <span class='ocrx_word' id='word_1_355' title='bbox 1630 2821 1991 2894; x_wconf 77' lang='lat' dir='ltr'><strong>pmnitentia,</strong></span> 
     </span>
    </p>
   </div>
   <div class='ocr_carea' id='block_1_41' title="bbox 344 2907 1992 2982">
    <p class='ocr_par' dir='ltr' id='par_1_41' title="bbox 344 2907 1992 2982">
     <span class='ocr_line' id='line_1_41' title="bbox 344 2907 1992 2982; baseline 0.002 -19"><span class='ocrx_word' id='word_1_356' title='bbox 344 2923 450 2963; x_wconf 87' lang='lat' dir='ltr'><strong>nec</strong></span> <span class='ocrx_word' id='word_1_357' title='bbox 472 2907 716 2982; x_wconf 84' lang='lat' dir='ltr'><strong>angelus</strong></span> <span class='ocrx_word' id='word_1_358' title='bbox 740 2912 952 2980; x_wconf 86' lang='lat' dir='ltr'><strong>potest,</strong></span> <span class='ocrx_word' id='word_1_359' title='bbox 967 2925 1074 2965; x_wconf 89' lang='lat' dir='ltr'><strong>nec</strong></span> <span class='ocrx_word' id='word_1_360' title='bbox 1094 2908 1480 2982; x_wconf 82' lang='lat' dir='ltr'><strong>archangelus</strong></span> <span class='ocrx_word' id='word_1_361' title='bbox 1501 2925 1514 2966; x_wconf 90' lang='lat'><strong>:</strong></span> <span class='ocrx_word' id='word_1_362' title='bbox 1539 2909 1826 2966; x_wconf 89' lang='lat' dir='ltr'><strong>Dominus</strong></span> <span class='ocrx_word' id='word_1_363' title='bbox 1845 2909 1992 2982; x_wconf 90' lang='lat' dir='ltr'><strong>ipse,</strong></span> 
     </span>
    </p>
   </div>
   <div class='ocr_carea' id='block_1_42' title="bbox 346 2995 1994 3071">
    <p class='ocr_par' dir='ltr' id='par_1_42' title="bbox 346 2995 1994 3071">
     <span class='ocr_line' id='line_1_42' title="bbox 346 2995 1994 3071; baseline 0.002 -20"><span class='ocrx_word' id='word_1_364' title='bbox 346 2995 446 3069; x_wconf 84' lang='lat' dir='ltr'><strong>qui</strong></span> <span class='ocrx_word' id='word_1_365' title='bbox 472 2996 633 3052; x_wconf 90' lang='lat' dir='ltr'><strong>solus</strong></span> <span class='ocrx_word' id='word_1_366' title='bbox 664 3000 855 3070; x_wconf 88' lang='lat' dir='ltr'><strong>potest</strong></span> <span class='ocrx_word' id='word_1_367' title='bbox 882 2997 1076 3053; x_wconf 88' lang='lat' dir='ltr'><strong>dicere</strong></span> <span class='ocrx_word' id='word_1_368' title='bbox 1099 3013 1112 3052; x_wconf 89' lang='lat'><strong>:</strong></span> <span class='ocrx_word' id='word_1_369' title='bbox 1137 2999 1248 3067; x_wconf 80' lang='lat' dir='ltr'><strong>Ego</strong></span> <span class='ocrx_word' id='word_1_370' title='bbox 1275 3014 1398 3053; x_wconf 87' lang='lat' dir='ltr'><strong>sum</strong></span> <span class='ocrx_word' id='word_1_371' title='bbox 1427 3000 1524 3070; x_wconf 87' lang='lat' dir='ltr'><strong>qui</strong></span> <span class='ocrx_word' id='word_1_372' title='bbox 1550 2999 1698 3056; x_wconf 86' lang='lat' dir='ltr'><strong>deleo</strong></span> <span class='ocrx_word' id='word_1_373' title='bbox 1727 3001 1994 3071; x_wconf 87' lang='lat' dir='ltr'><strong>iniquita-</strong></span> 
     </span>
    </p>
   </div>
   <div class='ocr_carea' id='block_1_43' title="bbox 345 3085 1992 3160">
    <p class='ocr_par' dir='ltr' id='par_1_43' title="bbox 345 3085 1992 3160">
     <span class='ocr_line' id='line_1_43' title="bbox 345 3085 1992 3160; baseline 0.002 -20"><span class='ocrx_word' id='word_1_374' title='bbox 345 3092 420 3140; x_wconf 88' lang='lat' dir='ltr'><strong>tes</strong></span> <span class='ocrx_word' id='word_1_375' title='bbox 458 3092 578 3142; x_wconf 86' lang='lat' dir='ltr'><strong>tuas</strong></span> <span class='ocrx_word' id='word_1_376' title='bbox 608 3085 732 3158; x_wconf 87' lang='lat' dir='ltr'><strong>(lsa.</strong></span> <span class='ocrx_word' id='word_1_377' title='bbox 755 3103 912 3152; x_wconf 78' lang='lat' dir='ltr'><strong>xmn,</strong></span> <span class='ocrx_word' id='word_1_378' title='bbox 936 3087 1049 3158; x_wconf 84' lang='lat'><strong>25),</strong></span> <span class='ocrx_word' id='word_1_379' title='bbox 1075 3085 1122 3142; x_wconf 92' lang='lat' dir='ltr'><strong>si</strong></span> <span class='ocrx_word' id='word_1_380' title='bbox 1163 3085 1616 3159; x_wconf 84' lang='lat' dir='ltr'><strong>peecaverimus,</strong></span> <span class='ocrx_word' id='word_1_381' title='bbox 1655 3087 1767 3143; x_wconf 88' lang='lat' dir='ltr'><strong>nisi</strong></span> <span class='ocrx_word' id='word_1_382' title='bbox 1811 3088 1992 3160; x_wconf 88' lang='lat' dir='ltr'><strong>poeni-</strong></span> 
     </span>
    </p>
   </div>
   <div class='ocr_carea' id='block_1_44' title="bbox 2181 2021 3813 2096">
    <p class='ocr_par' dir='ltr' id='par_1_44' title="bbox 2181 2021 3813 2096">
     <span class='ocr_line' id='line_1_44' title="bbox 2181 2021 3813 2096; baseline 0.001 -18"><span class='ocrx_word' id='word_1_383' title='bbox 2181 2025 2480 2090; x_wconf 85' lang='lat' dir='ltr'><strong>Quomodo</strong></span> <span class='ocrx_word' id='word_1_384' title='bbox 2502 2027 2698 2079; x_wconf 85' lang='lat' dir='ltr'><strong>autem</strong></span> <span class='ocrx_word' id='word_1_385' title='bbox 2729 2022 2916 2079; x_wconf 88' lang='lat' dir='ltr'><strong>isdem</strong></span> <span class='ocrx_word' id='word_1_386' title='bbox 2947 2023 3153 2078; x_wconf 89' lang='lat' dir='ltr'><strong>beatus</strong></span> <span class='ocrx_word' id='word_1_387' title='bbox 3182 2021 3498 2096; x_wconf 88' lang='lat' dir='ltr'><strong>imperator</strong></span> <span class='ocrx_word' id='word_1_388' title='bbox 3522 2023 3756 2096; x_wconf 90' lang='lat' dir='ltr'><strong>publice</strong></span> <span class='ocrx_word' id='word_1_389' title='bbox 3804 2053 3813 2062; x_wconf 91' lang='lat'><strong>-</strong></span> 
     </span>
    </p>
   </div>
   <div class='ocr_carea' id='block_1_45' title="bbox 2103 2110 3752 2185">
    <p class='ocr_par' dir='ltr' id='par_1_45' title="bbox 2103 2110 3752 2185">
     <span class='ocr_line' id='line_1_45' title="bbox 2103 2110 3752 2185; baseline -0.001 -17"><span class='ocrx_word' id='word_1_390' title='bbox 2103 2111 2391 2185; x_wconf 85' lang='lat' dir='ltr'><strong>paenitens</strong></span> <span class='ocrx_word' id='word_1_391' title='bbox 2413 2112 2536 2168; x_wconf 73' lang='lat' dir='ltr'><strong>haec</strong></span> <span class='ocrx_word' id='word_1_392' title='bbox 2557 2110 2884 2167; x_wconf 88' lang='lat' dir='ltr'><strong>obaudierit</strong></span> <span class='ocrx_word' id='word_1_393' title='bbox 2908 2110 3153 2176; x_wconf 89' lang='lat' dir='ltr'><strong>monita,</strong></span> <span class='ocrx_word' id='word_1_394' title='bbox 3173 2111 3361 2166; x_wconf 89' lang='lat' dir='ltr'><strong>isdem</strong></span> <span class='ocrx_word' id='word_1_395' title='bbox 3382 2111 3589 2168; x_wconf 87' lang='lat' dir='ltr'><strong>beatus</strong></span> <span class='ocrx_word' id='word_1_396' title='bbox 3609 2113 3752 2166; x_wconf 80' lang='lat' dir='ltr'><strong>Am-</strong></span> 
     </span>
    </p>
   </div>
   <div class='ocr_carea' id='block_1_46' title="bbox 2105 2197 3776 2272">
    <p class='ocr_par' dir='ltr' id='par_1_46' title="bbox 2105 2197 3776 2272">
     <span class='ocr_line' id='line_1_46' title="bbox 2105 2197 3776 2272; baseline -0.001 -16"><span class='ocrx_word' id='word_1_397' title='bbox 2105 2201 2336 2258; x_wconf 89' lang='lat' dir='ltr'><strong>brosius</strong></span> <span class='ocrx_word' id='word_1_398' title='bbox 2366 2201 2518 2256; x_wconf 86' lang='lat' dir='ltr'><strong>inter</strong></span> <span class='ocrx_word' id='word_1_399' title='bbox 2554 2200 2670 2256; x_wconf 87' lang='lat' dir='ltr'><strong>alia</strong></span> <span class='ocrx_word' id='word_1_400' title='bbox 2718 2199 2778 2254; x_wconf 90' lang='lat' dir='ltr'><strong>in</strong></span> <span class='ocrx_word' id='word_1_401' title='bbox 2829 2201 3107 2255; x_wconf 80' lang='lat' dir='ltr'><strong>Sermone</strong></span> <span class='ocrx_word' id='word_1_402' title='bbox 3153 2197 3590 2271; x_wconf 76' lang='lat' dir='ltr'><strong>quadragesimi</strong></span> <span class='ocrx_word' id='word_1_403' title='bbox 3637 2198 3776 2272; x_wconf 28' lang='lat' dir='ltr'><strong>diei.</strong></span> 
     </span>
    </p>
   </div>
   <div class='ocr_carea' id='block_1_47' title="bbox 2103 2287 3754 2361">
    <p class='ocr_par' dir='ltr' id='par_1_47' title="bbox 2103 2287 3754 2361">
     <span class='ocr_line' id='line_1_47' title="bbox 2103 2287 3754 2361; baseline -0.002 -15"><span class='ocrx_word' id='word_1_404' title='bbox 2103 2289 2498 2346; x_wconf 88' lang='lat' dir='ltr'><strong>defunctionis</strong></span> <span class='ocrx_word' id='word_1_405' title='bbox 2515 2289 2702 2361; x_wconf 89' lang='lat' dir='ltr'><strong>ipsius</strong></span> <span class='ocrx_word' id='word_1_406' title='bbox 2719 2305 2912 2344; x_wconf 84' lang='lat' dir='ltr'><strong>coram</strong></span> <span class='ocrx_word' id='word_1_407' title='bbox 2940 2287 3186 2342; x_wconf 83' lang='lat' dir='ltr'><strong>Honorio</strong></span> <span class='ocrx_word' id='word_1_408' title='bbox 3205 2289 3469 2360; x_wconf 82' lang='lat' dir='ltr'><strong>Augusto</strong></span> <span class='ocrx_word' id='word_1_409' title='bbox 3488 2287 3606 2342; x_wconf 82' lang='lat' dir='ltr'><strong>tilio</strong></span> <span class='ocrx_word' id='word_1_410' title='bbox 3627 2291 3754 2358; x_wconf 88' lang='lat' dir='ltr'><strong>ejus</strong></span> 
     </span>
    </p>
   </div>
   <div class='ocr_carea' id='block_1_48' title="bbox 2103 2373 3756 2448">
    <p class='ocr_par' dir='ltr' id='par_1_48' title="bbox 2103 2373 3756 2448">
     <span class='ocr_line' id='line_1_48' title="bbox 2103 2373 3756 2448; baseline -0.003 -13"><span class='ocrx_word' id='word_1_411' title='bbox 2103 2380 2487 2435; x_wconf 85' lang='lat' dir='ltr'><strong>demonstrat.</strong></span> <span class='ocrx_word' id='word_1_412' title='bbox 2511 2377 2772 2444; x_wconf 89' lang='lat' dir='ltr'><strong>Qualiter</strong></span> <span class='ocrx_word' id='word_1_413' title='bbox 2799 2377 2973 2432; x_wconf 91' lang='lat' dir='ltr'><strong>etiam</strong></span> <span class='ocrx_word' id='word_1_414' title='bbox 3005 2374 3194 2431; x_wconf 72' lang='lat' dir='ltr'><strong>czeteri</strong></span> <span class='ocrx_word' id='word_1_415' title='bbox 3217 2373 3536 2430; x_wconf 85' lang='lat' dir='ltr'><strong>Christiani</strong></span> <span class='ocrx_word' id='word_1_416' title='bbox 3577 2379 3756 2448; x_wconf 87' lang='lat' dir='ltr'><strong>atque</strong></span> 
     </span>
    </p>
   </div>
   <div class='ocr_carea' id='block_1_49' title="bbox 2103 2464 3752 2536">
    <p class='ocr_par' dir='ltr' id='par_1_49' title="bbox 2103 2464 3752 2536">
     <span class='ocr_line' id='line_1_49' title="bbox 2103 2464 3752 2536; baseline -0.002 -12"><span class='ocrx_word' id='word_1_417' title='bbox 2103 2468 2300 2525; x_wconf 83' lang='lat' dir='ltr'><strong>fideles</strong></span> <span class='ocrx_word' id='word_1_418' title='bbox 2324 2469 2423 2524; x_wconf 91' lang='lat' dir='ltr'><strong>Dei</strong></span> <span class='ocrx_word' id='word_1_419' title='bbox 2467 2469 2538 2524; x_wconf 91' lang='lat' dir='ltr'><strong>de</strong></span> <span class='ocrx_word' id='word_1_420' title='bbox 2575 2465 3105 2523; x_wconf 85' lang='lat' dir='ltr'><strong>communicatione</strong></span> <span class='ocrx_word' id='word_1_421' title='bbox 3143 2464 3485 2535; x_wconf 87' lang='lat' dir='ltr'><strong>hujusmodi</strong></span> <span class='ocrx_word' id='word_1_422' title='bbox 3521 2465 3752 2536; x_wconf 89' lang='lat' dir='ltr'><strong>pericu-</strong></span> 
     </span>
    </p>
   </div>
   <div class='ocr_carea' id='block_1_50' title="bbox 2103 2551 3754 2624">
    <p class='ocr_par' dir='ltr' id='par_1_50' title="bbox 2103 2551 3754 2624">
     <span class='ocr_line' id='line_1_50' title="bbox 2103 2551 3754 2624; baseline -0.002 -11"><span class='ocrx_word' id='word_1_423' title='bbox 2103 2557 2224 2614; x_wconf 89' lang='lat' dir='ltr'><strong>lum</strong></span> <span class='ocrx_word' id='word_1_424' title='bbox 2247 2558 2486 2614; x_wconf 80' lang='lat' dir='ltr'><strong>evadere</strong></span> <span class='ocrx_word' id='word_1_425' title='bbox 2505 2555 2758 2619; x_wconf 89' lang='lat' dir='ltr'><strong>valeant,</strong></span> <span class='ocrx_word' id='word_1_426' title='bbox 2779 2558 2839 2610; x_wconf 87' lang='lat' dir='ltr'><strong>et</strong></span> <span class='ocrx_word' id='word_1_427' title='bbox 2859 2553 3147 2610; x_wconf 91' lang='lat' dir='ltr'><strong>Dominus</strong></span> <span class='ocrx_word' id='word_1_428' title='bbox 3177 2552 3234 2606; x_wconf 93' lang='lat' dir='ltr'><strong>in</strong></span> <span class='ocrx_word' id='word_1_429' title='bbox 3261 2551 3570 2624; x_wconf 84' lang='lat' dir='ltr'><strong>Evangelio</strong></span> <span class='ocrx_word' id='word_1_430' title='bbox 3595 2552 3667 2608; x_wconf 90' lang='lat' dir='ltr'><strong>de</strong></span> <span class='ocrx_word' id='word_1_431' title='bbox 3686 2569 3754 2610; x_wconf 90' lang='lat' dir='ltr'><strong>eo</strong></span> 
     </span>
    </p>
   </div>
   <div class='ocr_carea' id='block_1_51' title="bbox 2103 2639 3753 2720">
    <p class='ocr_par' dir='ltr' id='par_1_51' title="bbox 2103 2639 3753 2720">
     <span class='ocr_line' id='line_1_51' title="bbox 2103 2639 3753 2720; baseline -0.002 -19"><span class='ocrx_word' id='word_1_432' title='bbox 2103 2646 2202 2720; x_wconf 89' lang='lat' dir='ltr'><strong>qui</strong></span> <span class='ocrx_word' id='word_1_433' title='bbox 2245 2663 2348 2720; x_wconf 89' lang='lat' dir='ltr'><strong>pro</strong></span> <span class='ocrx_word' id='word_1_434' title='bbox 2395 2649 2632 2718; x_wconf 87' lang='lat' dir='ltr'><strong>peccato</strong></span> <span class='ocrx_word' id='word_1_435' title='bbox 2660 2646 2963 2714; x_wconf 82' lang='lat' dir='ltr'><strong>correptus</strong></span> <span class='ocrx_word' id='word_1_436' title='bbox 3005 2645 3319 2698; x_wconf 87' lang='lat' dir='ltr'><strong>emendare</strong></span> <span class='ocrx_word' id='word_1_437' title='bbox 3367 2639 3623 2697; x_wconf 86' lang='lat' dir='ltr'><strong>noluerit</strong></span> <span class='ocrx_word' id='word_1_438' title='bbox 3653 2641 3753 2698; x_wconf 87' lang='lat' dir='ltr'><strong>de-</strong></span> 
     </span>
    </p>
   </div>
   <div class='ocr_carea' id='block_1_52' title="bbox 2102 2727 3752 2804">
    <p class='ocr_par' dir='ltr' id='par_1_52' title="bbox 2102 2727 3752 2804">
     <span class='ocr_line' id='line_1_52' title="bbox 2102 2727 3752 2804; baseline -0.003 -14"><span class='ocrx_word' id='word_1_439' title='bbox 2102 2739 2396 2791; x_wconf 88' lang='lat' dir='ltr'><strong>monstrat</strong></span> <span class='ocrx_word' id='word_1_440' title='bbox 2431 2733 2638 2804; x_wconf 79' lang='lat' dir='ltr'><strong>(Matth.</strong></span> <span class='ocrx_word' id='word_1_441' title='bbox 2676 2735 2860 2800; x_wconf 85' lang='lat' dir='ltr'><strong>xvm),</strong></span> <span class='ocrx_word' id='word_1_442' title='bbox 2892 2734 2951 2788; x_wconf 90' lang='lat' dir='ltr'><strong>et</strong></span> <span class='ocrx_word' id='word_1_443' title='bbox 2999 2727 3211 2787; x_wconf 84' lang='lat' dir='ltr'><strong>Paulus</strong></span> <span class='ocrx_word' id='word_1_444' title='bbox 3259 2729 3317 2784; x_wconf 88' lang='lat' dir='ltr'><strong>in</strong></span> <span class='ocrx_word' id='word_1_445' title='bbox 3371 2727 3630 2802; x_wconf 84' lang='lat' dir='ltr'><strong>Epistola</strong></span> <span class='ocrx_word' id='word_1_446' title='bbox 3678 2729 3752 2785; x_wconf 87' lang='lat' dir='ltr'><strong>ad</strong></span> 
     </span>
    </p>
   </div>
   <div class='ocr_carea' id='block_1_53' title="bbox 2101 2819 3749 2890">
    <p class='ocr_par' dir='ltr' id='par_1_53' title="bbox 2101 2819 3749 2890">
     <span class='ocr_line' id='line_1_53' title="bbox 2101 2819 3749 2890; baseline -0.004 -10"><span class='ocrx_word' id='word_1_447' title='bbox 2101 2822 2431 2880; x_wconf 88' lang='lat' dir='ltr'><strong>Corinthios</strong></span> <span class='ocrx_word' id='word_1_448' title='bbox 2477 2821 2664 2878; x_wconf 88' lang='lat' dir='ltr'><strong>dicit:</strong></span> <span class='ocrx_word' id='word_1_449' title='bbox 2699 2821 2875 2878; x_wconf 82' lang='lat' dir='ltr'><strong>Nolite</strong></span> <span class='ocrx_word' id='word_1_450' title='bbox 2927 2835 3152 2878; x_wconf 88' lang='lat' dir='ltr'><strong>errare:</strong></span> <span class='ocrx_word' id='word_1_451' title='bbox 3205 2833 3380 2890; x_wconf 88' lang='lat' dir='ltr'><strong>neque</strong></span> <span class='ocrx_word' id='word_1_452' title='bbox 3430 2819 3749 2890; x_wconf 87' lang='lat' dir='ltr'><strong>fornicarii,</strong></span> 
     </span>
    </p>
   </div>
   <div class='ocr_carea' id='block_1_54' title="bbox 2098 2907 3751 2986">
    <p class='ocr_par' dir='ltr' id='par_1_54' title="bbox 2098 2907 3751 2986">
     <span class='ocr_line' id='line_1_54' title="bbox 2098 2907 3751 2986; baseline -0.004 -17"><span class='ocrx_word' id='word_1_453' title='bbox 2098 2929 2272 2986; x_wconf 87' lang='lat' dir='ltr'><strong>neque</strong></span> <span class='ocrx_word' id='word_1_454' title='bbox 2300 2913 2460 2969; x_wconf 88' lang='lat' dir='ltr'><strong>idolis</strong></span> <span class='ocrx_word' id='word_1_455' title='bbox 2489 2914 2802 2979; x_wconf 73' lang='lat' dir='ltr'><strong>servientes,</strong></span> <span class='ocrx_word' id='word_1_456' title='bbox 2834 2925 3009 2982; x_wconf 87' lang='lat' dir='ltr'><strong>neque</strong></span> <span class='ocrx_word' id='word_1_457' title='bbox 3048 2907 3312 2978; x_wconf 82' lang='lat' dir='ltr'><strong>adulteri,</strong></span> <span class='ocrx_word' id='word_1_458' title='bbox 3341 2923 3515 2979; x_wconf 88' lang='lat' dir='ltr'><strong>neque</strong></span> <span class='ocrx_word' id='word_1_459' title='bbox 3541 2907 3751 2972; x_wconf 80' lang='lat' dir='ltr'><strong>molles,</strong></span> 
     </span>
    </p>
   </div>
   <div class='ocr_carea' id='block_1_55' title="bbox 2097 2997 3755 3074">
    <p class='ocr_par' dir='ltr' id='par_1_55' title="bbox 2097 2997 3755 3074">
     <span class='ocr_line' id='line_1_55' title="bbox 2097 2997 3755 3074; baseline -0.004 -16"><span class='ocrx_word' id='word_1_460' title='bbox 2097 3019 2270 3074; x_wconf 88' lang='lat' dir='ltr'><strong>neque</strong></span> <span class='ocrx_word' id='word_1_461' title='bbox 2314 3002 2682 3058; x_wconf 76' lang='lat' dir='ltr'><strong>masculorum</strong></span> <span class='ocrx_word' id='word_1_462' title='bbox 2727 2999 3116 3065; x_wconf 78' lang='lat' dir='ltr'><strong>concubitores,</strong></span> <span class='ocrx_word' id='word_1_463' title='bbox 3161 3012 3335 3068; x_wconf 88' lang='lat' dir='ltr'><strong>neque</strong></span> <span class='ocrx_word' id='word_1_464' title='bbox 3374 2997 3550 3063; x_wconf 86' lang='lat' dir='ltr'><strong>avari,</strong></span> <span class='ocrx_word' id='word_1_465' title='bbox 3580 3012 3755 3068; x_wconf 86' lang='lat' dir='ltr'><strong>neque</strong></span> 
     </span>
    </p>
   </div>
   <div class='ocr_carea' id='block_1_56' title="bbox 2099 3085 3755 3164">
    <p class='ocr_par' dir='ltr' id='par_1_56' title="bbox 2099 3085 3755 3164">
     <span class='ocr_line' id='line_1_56' title="bbox 2099 3085 3755 3164; baseline -0.005 -17"><span class='ocrx_word' id='word_1_466' title='bbox 2099 3091 2316 3156; x_wconf 76' lang='lat' dir='ltr'><strong>ebriosi,</strong></span> <span class='ocrx_word' id='word_1_467' title='bbox 2349 3107 2523 3164; x_wconf 88' lang='lat' dir='ltr'><strong>neque</strong></span> <span class='ocrx_word' id='word_1_468' title='bbox 2569 3089 2840 3156; x_wconf 84' lang='lat' dir='ltr'><strong>maledici,</strong></span> <span class='ocrx_word' id='word_1_469' title='bbox 2880 3103 3054 3159; x_wconf 85' lang='lat' dir='ltr'><strong>neque</strong></span> <span class='ocrx_word' id='word_1_470' title='bbox 3097 3101 3333 3157; x_wconf 86' lang='lat' dir='ltr'><strong>rapaces</strong></span> <span class='ocrx_word' id='word_1_471' title='bbox 3379 3099 3606 3153; x_wconf 81' lang='lat' dir='ltr'><strong>regnum</strong></span> <span class='ocrx_word' id='word_1_472' title='bbox 3653 3085 3755 3140; x_wconf 88' lang='lat' dir='ltr'><strong>Dei</strong></span> 
     </span>
    </p>
   </div>
   <div class='ocr_carea' id='block_1_57' title="bbox 342 3172 3742 3252">
    <p class='ocr_par' dir='ltr' id='par_1_57' title="bbox 342 3172 3742 3252">
     <span class='ocr_line' id='line_1_57' title="bbox 342 3172 3742 3252; baseline -0.001 -22"><span class='ocrx_word' id='word_1_473' title='bbox 342 3173 592 3230; x_wconf 87' lang='lat' dir='ltr'><strong>tentiam</strong></span> <span class='ocrx_word' id='word_1_474' title='bbox 621 3174 1019 3231; x_wconf 84' lang='lat' dir='ltr'><strong>deferentibus</strong></span> <span class='ocrx_word' id='word_1_475' title='bbox 1057 3193 1171 3231; x_wconf 91' lang='lat' dir='ltr'><strong>non</strong></span> <span class='ocrx_word' id='word_1_476' title='bbox 1205 3174 1443 3231; x_wconf 87' lang='lat' dir='ltr'><strong>relaxat.</strong></span> <span class='ocrx_word' id='word_1_477' title='bbox 1466 3199 1493 3226; x_wconf 73' lang='grc' dir='ltr'><strong>η</strong></span> <span class='ocrx_word' id='word_1_478' title='bbox 1515 3177 1586 3232; x_wconf 91' lang='lat' dir='ltr'><strong>Et</strong></span> <span class='ocrx_word' id='word_1_479' title='bbox 1630 3177 1768 3232; x_wconf 89' lang='lat' dir='ltr'><strong>item</strong></span> <span class='ocrx_word' id='word_1_480' title='bbox 1801 3177 1872 3233; x_wconf 88' lang='lat' dir='ltr'><strong>ad</strong></span> <span class='ocrx_word' id='word_1_481' title='bbox 1903 3177 1993 3234; x_wconf 89' lang='lat' dir='ltr'><strong>lo-</strong></span> <span class='ocrx_word' id='word_1_482' title='bbox 2099 3179 2442 3252; x_wconf 80' lang='lat' dir='ltr'><strong>possidebunt</strong></span> <span class='ocrx_word' id='word_1_483' title='bbox 2472 3180 2520 3246; x_wconf 88' lang='lat' dir='ltr'><strong>(I</strong></span> <span class='ocrx_word' id='word_1_484' title='bbox 2549 3181 2679 3235; x_wconf 63' lang='lat' dir='ltr'><strong>For.</strong></span> <span class='ocrx_word' id='word_1_485' title='bbox 2709 3195 2789 3244; x_wconf 76' lang='lat' dir='ltr'><strong>v1,</strong></span> <span class='ocrx_word' id='word_1_486' title='bbox 2829 3177 2884 3244; x_wconf 89' lang='lat'><strong>9,</strong></span> <span class='ocrx_word' id='word_1_487' title='bbox 2926 3175 3034 3248; x_wconf 90' lang='grc'><strong>10).</strong></span> <span class='ocrx_word' id='word_1_488' title='bbox 3066 3175 3136 3230; x_wconf 90' lang='lat' dir='ltr'><strong>Et</strong></span> <span class='ocrx_word' id='word_1_489' title='bbox 3189 3172 3331 3230; x_wconf 88' lang='lat' dir='ltr'><strong>item</strong></span> <span class='ocrx_word' id='word_1_490' title='bbox 3380 3189 3394 3228; x_wconf 93' lang='lat'>:</span> <span class='ocrx_word' id='word_1_491' title='bbox 3444 3172 3602 3228; x_wconf 87' lang='lat' dir='ltr'><strong>Nunc</strong></span> <span class='ocrx_word' id='word_1_492' title='bbox 3649 3188 3742 3228; x_wconf 85' lang='lat' dir='ltr'><strong>au-</strong></span> 
     </span>
    </p>
   </div>
   <div class='ocr_carea' id='block_1_58' title="bbox 343 3261 3754 3342">
    <p class='ocr_par' dir='ltr' id='par_1_58' title="bbox 343 3261 3754 3342">
     <span class='ocr_line' id='line_1_58' title="bbox 343 3261 3754 3342; baseline -0.001 -23"><span class='ocrx_word' id='word_1_493' title='bbox 343 3279 476 3319; x_wconf 90' lang='lat' dir='ltr'><strong>cum</strong></span> <span class='ocrx_word' id='word_1_494' title='bbox 513 3279 584 3317; x_wconf 86' lang='lat'><strong>:«</strong></span> <span class='ocrx_word' id='word_1_495' title='bbox 614 3261 794 3318; x_wconf 84' lang='lat' dir='ltr'><strong>Vince</strong></span> <span class='ocrx_word' id='word_1_496' title='bbox 842 3263 1164 3332; x_wconf 89' lang='lat' dir='ltr'><strong>diabolum,</strong></span> <span class='ocrx_word' id='word_1_497' title='bbox 1197 3264 1337 3320; x_wconf 90' lang='lat' dir='ltr'><strong>dum</strong></span> <span class='ocrx_word' id='word_1_498' title='bbox 1369 3264 1550 3322; x_wconf 89' lang='lat' dir='ltr'><strong>habes</strong></span> <span class='ocrx_word' id='word_1_499' title='bbox 1595 3264 1786 3322; x_wconf 91' lang='lat' dir='ltr'><strong>adhuc</strong></span> <span class='ocrx_word' id='word_1_500' title='bbox 1835 3267 1990 3322; x_wconf 91' lang='lat' dir='ltr'><strong>unde</strong></span> <span class='ocrx_word' id='word_1_501' title='bbox 2027 3329 2066 3342; x_wconf 78' lang='lat'>_</span> <span class='ocrx_word' id='word_1_502' title='bbox 2102 3277 2208 3326; x_wconf 85' lang='lat' dir='ltr'><strong>tem</strong></span> <span class='ocrx_word' id='word_1_503' title='bbox 2233 3271 2434 3342; x_wconf 87' lang='lat' dir='ltr'><strong>scripsi</strong></span> <span class='ocrx_word' id='word_1_504' title='bbox 2469 3268 2638 3334; x_wconf 81' lang='lat' dir='ltr'><strong>vobis,</strong></span> <span class='ocrx_word' id='word_1_505' title='bbox 2668 3284 2740 3323; x_wconf 87' lang='lat' dir='ltr'><strong>ne</strong></span> <span class='ocrx_word' id='word_1_506' title='bbox 2787 3263 3271 3322; x_wconf 86' lang='lat' dir='ltr'><strong>commisceamini.</strong></span> <span class='ocrx_word' id='word_1_507' title='bbox 3302 3261 3366 3318; x_wconf 89' lang='lat' dir='ltr'><strong>Si</strong></span> <span class='ocrx_word' id='word_1_508' title='bbox 3413 3262 3536 3334; x_wconf 89' lang='lat' dir='ltr'><strong>quis</strong></span> <span class='ocrx_word' id='word_1_509' title='bbox 3579 3262 3754 3332; x_wconf 80' lang='lat' dir='ltr'><strong>frater</strong></span> 
     </span>
    </p>
   </div>
   <div class='ocr_carea' id='block_1_59' title="bbox 347 3329 3750 3429">
    <p class='ocr_par' dir='ltr' id='par_1_59' title="bbox 347 3329 3750 3429">
     <span class='ocr_line' id='line_1_59' title="bbox 347 3329 3750 3429; baseline -0.001 -22"><span class='ocrx_word' id='word_1_510' title='bbox 347 3351 542 3424; x_wconf 86' lang='lat' dir='ltr'><strong>possis</strong></span> <span class='ocrx_word' id='word_1_511' title='bbox 569 3351 818 3408; x_wconf 89' lang='lat' dir='ltr'><strong>vincere.</strong></span> <span class='ocrx_word' id='word_1_512' title='bbox 852 3351 979 3409; x_wconf 90' lang='lat' dir='ltr'><strong>Noli</strong></span> <span class='ocrx_word' id='word_1_513' title='bbox 1029 3329 1334 3426; x_wconf 84' lang='lat' dir='ltr'><strong>peccatum</strong></span> <span class='ocrx_word' id='word_1_514' title='bbox 1365 3353 1598 3422; x_wconf 89' lang='lat' dir='ltr'><strong>addere,</strong></span> <span class='ocrx_word' id='word_1_515' title='bbox 1630 3357 1694 3410; x_wconf 91' lang='lat' dir='ltr'><strong>ut</strong></span> <span class='ocrx_word' id='word_1_516' title='bbox 1744 3371 1992 3427; x_wconf 88' lang='lat' dir='ltr'><strong>usurpes</strong></span> <span class='ocrx_word' id='word_1_517' title='bbox 2021 3329 2068 3400; x_wconf 66' lang='grc' dir='ltr'>α</span> <span class='ocrx_word' id='word_1_518' title='bbox 2102 3329 2420 3416; x_wconf 68' lang='lat' dir='ltr'><strong>nominatur</strong></span> <span class='ocrx_word' id='word_1_519' title='bbox 2455 3365 2507 3414; x_wconf 89' lang='lat' dir='ltr'><strong>et</strong></span> <span class='ocrx_word' id='word_1_520' title='bbox 2549 3329 2635 3413; x_wconf 81' lang='lat' dir='ltr'><strong>est</strong></span> <span class='ocrx_word' id='word_1_521' title='bbox 2678 3356 2996 3429; x_wconf 79' lang='lat' dir='ltr'><strong>fornicator,</strong></span> <span class='ocrx_word' id='word_1_522' title='bbox 3029 3361 3127 3409; x_wconf 91' lang='lat' dir='ltr'><strong>aut</strong></span> <span class='ocrx_word' id='word_1_523' title='bbox 3181 3366 3402 3416; x_wconf 87' lang='lat' dir='ltr'><strong>avarus,</strong></span> <span class='ocrx_word' id='word_1_524' title='bbox 3422 3329 3533 3405; x_wconf 75' lang='lat' dir='ltr'><strong>aut</strong></span> <span class='ocrx_word' id='word_1_525' title='bbox 3580 3329 3750 3406; x_wconf 80' lang='lat' dir='ltr'><strong>idolis</strong></span> 
     </span>
    </p>
   </div>
   <div class='ocr_carea' id='block_1_60' title="bbox 343 3439 3752 3516">
    <p class='ocr_par' dir='ltr' id='par_1_60' title="bbox 343 3439 3752 3516">
     <span class='ocr_line' id='line_1_60' title="bbox 343 3439 3752 3516; baseline -0.001 -20"><span class='ocrx_word' id='word_1_526' title='bbox 343 3439 500 3512; x_wconf 87' lang='lat' dir='ltr'><strong>quod</strong></span> <span class='ocrx_word' id='word_1_527' title='bbox 550 3456 872 3513; x_wconf 83' lang='lat' dir='ltr'><strong>usurpasse</strong></span> <span class='ocrx_word' id='word_1_528' title='bbox 916 3441 1119 3498; x_wconf 89' lang='lat' dir='ltr'><strong>multis</strong></span> <span class='ocrx_word' id='word_1_529' title='bbox 1172 3441 1380 3496; x_wconf 85' lang='lat' dir='ltr'><strong>obfuit.</strong></span> <span class='ocrx_word' id='word_1_530' title='bbox 1409 3463 1436 3490; x_wconf 74' lang='grc' dir='ltr'><strong>ι)</strong></span> <span class='ocrx_word' id='word_1_531' title='bbox 1465 3443 1537 3498; x_wconf 92' lang='lat' dir='ltr'><strong>Et</strong></span> <span class='ocrx_word' id='word_1_532' title='bbox 1583 3446 1714 3514; x_wconf 89' lang='lat' dir='ltr'><strong>post</strong></span> <span class='ocrx_word' id='word_1_533' title='bbox 1759 3460 1946 3516; x_wconf 87' lang='lat' dir='ltr'><strong>pauca</strong></span> <span class='ocrx_word' id='word_1_534' title='bbox 1977 3459 1990 3499; x_wconf 76' lang='grc' dir='ltr'><strong>ε</strong></span> <span class='ocrx_word' id='word_1_535' title='bbox 2100 3451 2359 3516; x_wconf 84' lang='lat' dir='ltr'><strong>serviens,</strong></span> <span class='ocrx_word' id='word_1_536' title='bbox 2382 3453 2480 3502; x_wconf 87' lang='lat' dir='ltr'><strong>aut</strong></span> <span class='ocrx_word' id='word_1_537' title='bbox 2503 3445 2822 3510; x_wconf 87' lang='lat' dir='ltr'><strong>maledicus,</strong></span> <span class='ocrx_word' id='word_1_538' title='bbox 2851 3450 2949 3500; x_wconf 88' lang='lat' dir='ltr'><strong>aut</strong></span> <span class='ocrx_word' id='word_1_539' title='bbox 2985 3441 3248 3507; x_wconf 78' lang='lat' dir='ltr'><strong>ebriosus,</strong></span> <span class='ocrx_word' id='word_1_540' title='bbox 3273 3446 3370 3495; x_wconf 88' lang='lat' dir='ltr'><strong>aut</strong></span> <span class='ocrx_word' id='word_1_541' title='bbox 3397 3455 3593 3510; x_wconf 64' lang='lat' dir='ltr'><strong>rapax,</strong></span> <span class='ocrx_word' id='word_1_542' title='bbox 3627 3455 3752 3495; x_wconf 89' lang='lat' dir='ltr'><strong>cum</strong></span> 
     </span>
    </p>
   </div>
   <div class='ocr_carea' id='block_1_61' title="bbox 341 3527 3750 3609">
    <p class='ocr_par' dir='ltr' id='par_1_61' title="bbox 341 3527 3750 3609">
     <span class='ocr_line' id='line_1_61' title="bbox 341 3527 3750 3609; baseline 0 -25"><span class='ocrx_word' id='word_1_543' title='bbox 341 3551 370 3578; x_wconf 88' lang='grc'><strong>‹‹</strong></span> <span class='ocrx_word' id='word_1_544' title='bbox 403 3529 543 3602; x_wconf 78' lang='lat' dir='ltr'><strong>Ego.</strong></span> <span class='ocrx_word' id='word_1_545' title='bbox 593 3527 859 3601; x_wconf 85' lang='lat' dir='ltr'><strong>inquam,</strong></span> <span class='ocrx_word' id='word_1_546' title='bbox 893 3546 1133 3586; x_wconf 87' lang='lat' dir='ltr'><strong>causam</strong></span> <span class='ocrx_word' id='word_1_547' title='bbox 1191 3529 1251 3585; x_wconf 92' lang='lat' dir='ltr'><strong>in</strong></span> <span class='ocrx_word' id='word_1_548' title='bbox 1308 3533 1364 3585; x_wconf 90' lang='lat' dir='ltr'><strong>te</strong></span> <span class='ocrx_word' id='word_1_549' title='bbox 1422 3531 1802 3587; x_wconf 63' lang='lat' dir='ltr'><strong>contumaciae</strong></span> <span class='ocrx_word' id='word_1_550' title='bbox 1863 3533 1992 3588; x_wconf 87' lang='lat' dir='ltr'><strong>nul-</strong></span> <span class='ocrx_word' id='word_1_551' title='bbox 2102 3535 2416 3609; x_wconf 84' lang='lat' dir='ltr'><strong>hujusmodi</strong></span> <span class='ocrx_word' id='word_1_552' title='bbox 2441 3551 2540 3592; x_wconf 87' lang='lat' dir='ltr'><strong>nec</strong></span> <span class='ocrx_word' id='word_1_553' title='bbox 2567 3534 2749 3590; x_wconf 89' lang='lat' dir='ltr'><strong>cibum</strong></span> <span class='ocrx_word' id='word_1_554' title='bbox 2775 3547 3007 3588; x_wconf 82' lang='lat' dir='ltr'><strong>sumere.</strong></span> <span class='ocrx_word' id='word_1_555' title='bbox 3031 3530 3250 3601; x_wconf 81' lang='lat' dir='ltr'><strong>Auferte</strong></span> <span class='ocrx_word' id='word_1_556' title='bbox 3264 3529 3475 3584; x_wconf 88' lang='lat' dir='ltr'><strong>malum</strong></span> <span class='ocrx_word' id='word_1_557' title='bbox 3501 3543 3571 3584; x_wconf 76' lang='lat' dir='ltr'><strong>ea:</strong></span> <span class='ocrx_word' id='word_1_558' title='bbox 3599 3527 3750 3584; x_wconf 84' lang='lat' dir='ltr'><strong>vobis</strong></span> 
     </span>
    </p>
   </div>
   <div class='ocr_carea' id='block_1_62' title="bbox 339 3615 1993 3686">
    <p class='ocr_par' dir='ltr' id='par_1_62' title="bbox 339 3615 1993 3686">
     <span class='ocr_line' id='line_1_62' title="bbox 339 3615 1993 3686; baseline 0.003 -14"><span class='ocrx_word' id='word_1_559' title='bbox 339 3615 458 3672; x_wconf 89' lang='lat' dir='ltr'><strong>lam</strong></span> <span class='ocrx_word' id='word_1_560' title='bbox 490 3616 701 3684; x_wconf 89' lang='lat' dir='ltr'><strong>habeo,</strong></span> <span class='ocrx_word' id='word_1_561' title='bbox 735 3618 835 3673; x_wconf 89' lang='lat' dir='ltr'><strong>sed</strong></span> <span class='ocrx_word' id='word_1_562' title='bbox 887 3617 1072 3674; x_wconf 89' lang='lat' dir='ltr'><strong>habeo</strong></span> <span class='ocrx_word' id='word_1_563' title='bbox 1102 3617 1334 3686; x_wconf 87' lang='lat' dir='ltr'><strong>timoris</strong></span> <span class='ocrx_word' id='word_1_564' title='bbox 1365 3635 1378 3672; x_wconf 90' lang='lat'><strong>:</strong></span> <span class='ocrx_word' id='word_1_565' title='bbox 1413 3621 1616 3675; x_wconf 73' lang='lat' dir='ltr'><strong>offerre</strong></span> <span class='ocrx_word' id='word_1_566' title='bbox 1661 3638 1775 3676; x_wconf 91' lang='lat' dir='ltr'><strong>non</strong></span> <span class='ocrx_word' id='word_1_567' title='bbox 1807 3622 1993 3678; x_wconf 89' lang='lat' dir='ltr'><strong>audeo</strong></span> 
     </span>
    </p>
   </div>
   <div class='ocr_carea' id='block_1_63' title="bbox 340 3705 1992 3774">
    <p class='ocr_par' dir='ltr' id='par_1_63' title="bbox 340 3705 1992 3774">
     <span class='ocr_line' id='line_1_63' title="bbox 340 3705 1992 3774; baseline 0.004 -14"><span class='ocrx_word' id='word_1_568' title='bbox 340 3705 720 3774; x_wconf 77' lang='lat' dir='ltr'><strong>sacrificium,</strong></span> <span class='ocrx_word' id='word_1_569' title='bbox 754 3705 804 3763; x_wconf 89' lang='lat' dir='ltr'><strong>si</strong></span> <span class='ocrx_word' id='word_1_570' title='bbox 833 3705 1084 3762; x_wconf 89' lang='lat' dir='ltr'><strong>volueris</strong></span> <span class='ocrx_word' id='word_1_571' title='bbox 1129 3707 1752 3766; x_wconf 79' lang='lat' dir='ltr'><strong>assistere.&#39;l‘ostremo</strong></span> <span class='ocrx_word' id='word_1_572' title='bbox 1801 3711 1992 3766; x_wconf 91' lang='lat' dir='ltr'><strong>scribo</strong></span> 
     </span>
    </p>
   </div>
   <div class='ocr_carea' id='block_1_64' title="bbox 341 3795 1992 3870">
    <p class='ocr_par' dir='ltr' id='par_1_64' title="bbox 341 3795 1992 3870">
     <span class='ocr_line' id='line_1_64' title="bbox 341 3795 1992 3870; baseline 0.002 -20"><span class='ocrx_word' id='word_1_573' title='bbox 341 3811 521 3850; x_wconf 89' lang='lat' dir='ltr'><strong>manu</strong></span> <span class='ocrx_word' id='word_1_574' title='bbox 554 3810 686 3850; x_wconf 86' lang='lat' dir='ltr'><strong>mea</strong></span> <span class='ocrx_word' id='word_1_575' title='bbox 715 3795 868 3868; x_wconf 90' lang='lat' dir='ltr'><strong>quod</strong></span> <span class='ocrx_word' id='word_1_576' title='bbox 901 3795 1062 3852; x_wconf 88' lang='lat' dir='ltr'><strong>solus</strong></span> <span class='ocrx_word' id='word_1_577' title='bbox 1114 3795 1294 3870; x_wconf 82' lang='lat' dir='ltr'><strong>legas.</strong></span> <span class='ocrx_word' id='word_1_578' title='bbox 1330 3797 1415 3853; x_wconf 87' lang='lat' dir='ltr'><strong>Ita</strong></span> <span class='ocrx_word' id='word_1_579' title='bbox 1462 3813 1558 3853; x_wconf 90' lang='lat' dir='ltr'><strong>me</strong></span> <span class='ocrx_word' id='word_1_580' title='bbox 1605 3797 1888 3854; x_wconf 90' lang='lat' dir='ltr'><strong>Dominus</strong></span> <span class='ocrx_word' id='word_1_581' title='bbox 1919 3799 1992 3854; x_wconf 89' lang='lat' dir='ltr'><strong>ab</strong></span> 
     </span>
    </p>
   </div>
   <div class='ocr_carea' id='block_1_65' title="bbox 341 3883 1990 3958">
    <p class='ocr_par' dir='ltr' id='par_1_65' title="bbox 341 3883 1990 3958">
     <span class='ocr_line' id='line_1_65' title="bbox 341 3883 1990 3958; baseline 0.002 -20"><span class='ocrx_word' id='word_1_582' title='bbox 341 3883 622 3939; x_wconf 89' lang='lat' dir='ltr'><strong>omnibus</strong></span> <span class='ocrx_word' id='word_1_583' title='bbox 663 3883 1147 3940; x_wconf 86' lang='lat' dir='ltr'><strong>tribulationibus</strong></span> <span class='ocrx_word' id='word_1_584' title='bbox 1194 3883 1419 3954; x_wconf 90' lang='lat' dir='ltr'><strong>liberet,</strong></span> <span class='ocrx_word' id='word_1_585' title='bbox 1453 3885 1594 3958; x_wconf 87' lang='lat' dir='ltr'><strong>quia</strong></span> <span class='ocrx_word' id='word_1_586' title='bbox 1638 3903 1753 3941; x_wconf 90' lang='lat' dir='ltr'><strong>non</strong></span> <span class='ocrx_word' id='word_1_587' title='bbox 1786 3887 1858 3942; x_wconf 91' lang='lat' dir='ltr'><strong>ab</strong></span> <span class='ocrx_word' id='word_1_588' title='bbox 1888 3885 1990 3942; x_wconf 90' lang='lat' dir='ltr'><strong>bo-</strong></span> 
     </span>
    </p>
   </div>
   <div class='ocr_carea' id='block_1_66' title="bbox 340 3973 1990 4048">
    <p class='ocr_par' dir='ltr' id='par_1_66' title="bbox 340 3973 1990 4048">
     <span class='ocr_line' id='line_1_66' title="bbox 340 3973 1990 4048; baseline 0.002 -21"><span class='ocrx_word' id='word_1_589' title='bbox 340 3973 521 4038; x_wconf 90' lang='lat' dir='ltr'><strong>mine,</strong></span> <span class='ocrx_word' id='word_1_590' title='bbox 545 3989 736 4045; x_wconf 88' lang='lat' dir='ltr'><strong>neque</strong></span> <span class='ocrx_word' id='word_1_591' title='bbox 766 3990 870 4046; x_wconf 86' lang='lat' dir='ltr'><strong>per</strong></span> <span class='ocrx_word' id='word_1_592' title='bbox 915 3973 1236 4041; x_wconf 88' lang='lat' dir='ltr'><strong>hominem,</strong></span> <span class='ocrx_word' id='word_1_593' title='bbox 1270 3974 1369 4028; x_wconf 89' lang='lat' dir='ltr'><strong>sed</strong></span> <span class='ocrx_word' id='word_1_594' title='bbox 1402 3977 1598 4048; x_wconf 85' lang='lat' dir='ltr'><strong>aperte</strong></span> <span class='ocrx_word' id='word_1_595' title='bbox 1627 3975 1770 4030; x_wconf 91' lang='lat' dir='ltr'><strong>mihi</strong></span> <span class='ocrx_word' id='word_1_596' title='bbox 1813 3974 1990 4032; x_wconf 88' lang='lat' dir='ltr'><strong>inter-</strong></span> 
     </span>
    </p>
   </div>
   <div class='ocr_carea' id='block_1_67' title="bbox 341 4061 1992 4121">
    <p class='ocr_par' dir='ltr' id='par_1_67' title="bbox 341 4061 1992 4121">
     <span class='ocr_line' id='line_1_67' title="bbox 341 4061 1992 4121; baseline 0.003 -5"><span class='ocrx_word' id='word_1_597' title='bbox 341 4061 564 4116; x_wconf 90' lang='lat' dir='ltr'><strong>dictum</strong></span> <span class='ocrx_word' id='word_1_598' title='bbox 607 4063 758 4118; x_wconf 70' lang='lat'><strong>708</strong></span> <span class='ocrx_word' id='word_1_599' title='bbox 803 4061 1214 4118; x_wconf 86' lang='lat' dir='ltr'><strong>adverti.Cum</strong></span> <span class='ocrx_word' id='word_1_600' title='bbox 1261 4062 1418 4118; x_wconf 88' lang='lat' dir='ltr'><strong>enim</strong></span> <span class='ocrx_word' id='word_1_601' title='bbox 1467 4079 1657 4118; x_wconf 85' lang='lat' dir='ltr'><strong>essem</strong></span> <span class='ocrx_word' id='word_1_602' title='bbox 1706 4063 1992 4121; x_wconf 90' lang='lat' dir='ltr'><strong>sollicitus</strong></span> 
     </span>
    </p>
   </div>
   <div class='ocr_carea' id='block_1_68' title="bbox 338 4149 1989 4226">
    <p class='ocr_par' dir='ltr' id='par_1_68' title="bbox 338 4149 1989 4226">
     <span class='ocr_line' id='line_1_68' title="bbox 338 4149 1989 4226; baseline 0.003 -22"><span class='ocrx_word' id='word_1_603' title='bbox 338 4149 468 4222; x_wconf 84' lang='lat' dir='ltr'><strong>ipsa</strong></span> <span class='ocrx_word' id='word_1_604' title='bbox 492 4153 680 4216; x_wconf 88' lang='lat' dir='ltr'><strong>nocte,</strong></span> <span class='ocrx_word' id='word_1_605' title='bbox 704 4167 822 4223; x_wconf 88' lang='lat' dir='ltr'><strong>qua</strong></span> <span class='ocrx_word' id='word_1_606' title='bbox 842 4152 913 4206; x_wconf 87' lang='lat' dir='ltr'><strong>ad</strong></span> <span class='ocrx_word' id='word_1_607' title='bbox 939 4155 1016 4220; x_wconf 89' lang='lat' dir='ltr'><strong>te,</strong></span> <span class='ocrx_word' id='word_1_608' title='bbox 1043 4151 1196 4207; x_wconf 90' lang='lat' dir='ltr'><strong>sicut</strong></span> <span class='ocrx_word' id='word_1_609' title='bbox 1214 4152 1484 4224; x_wconf 87' lang='lat' dir='ltr'><strong>petieras,</strong></span> <span class='ocrx_word' id='word_1_610' title='bbox 1515 4151 1801 4224; x_wconf 85' lang='lat' dir='ltr'><strong>proficisci</strong></span> <span class='ocrx_word' id='word_1_611' title='bbox 1827 4170 1989 4226; x_wconf 86' lang='lat' dir='ltr'><strong>para-</strong></span> 
     </span>
    </p>
   </div>
   <div class='ocr_carea' id='block_1_69' title="bbox 341 4238 1988 4313">
    <p class='ocr_par' dir='ltr' id='par_1_69' title="bbox 341 4238 1988 4313">
     <span class='ocr_line' id='line_1_69' title="bbox 341 4238 1988 4313; baseline 0.001 -19"><span class='ocrx_word' id='word_1_612' title='bbox 341 4238 496 4306; x_wconf 90' lang='lat' dir='ltr'><strong>bam,</strong></span> <span class='ocrx_word' id='word_1_613' title='bbox 517 4239 747 4296; x_wconf 88' lang='lat' dir='ltr'><strong>venisse</strong></span> <span class='ocrx_word' id='word_1_614' title='bbox 769 4239 1007 4312; x_wconf 88' lang='lat' dir='ltr'><strong>quidem</strong></span> <span class='ocrx_word' id='word_1_615' title='bbox 1025 4239 1186 4296; x_wconf 89' lang='lat' dir='ltr'><strong>visus</strong></span> <span class='ocrx_word' id='word_1_616' title='bbox 1205 4257 1268 4296; x_wconf 90' lang='lat' dir='ltr'><strong>es</strong></span> <span class='ocrx_word' id='word_1_617' title='bbox 1288 4241 1358 4295; x_wconf 91' lang='lat' dir='ltr'><strong>ad</strong></span> <span class='ocrx_word' id='word_1_618' title='bbox 1383 4241 1710 4313; x_wconf 88' lang='lat' dir='ltr'><strong>ecclesiam,</strong></span> <span class='ocrx_word' id='word_1_619' title='bbox 1725 4242 1824 4298; x_wconf 89' lang='lat' dir='ltr'><strong>sed</strong></span> <span class='ocrx_word' id='word_1_620' title='bbox 1843 4240 1988 4298; x_wconf 89' lang='lat' dir='ltr'><strong>mihi</strong></span> 
     </span>
    </p>
   </div>
   <div class='ocr_carea' id='block_1_70' title="bbox 338 4327 1990 4403">
    <p class='ocr_par' dir='ltr' id='par_1_70' title="bbox 338 4327 1990 4403">
     <span class='ocr_line' id='line_1_70' title="bbox 338 4327 1990 4403; baseline 0.001 -19"><span class='ocrx_word' id='word_1_621' title='bbox 338 4327 693 4384; x_wconf 78' lang='lat' dir='ltr'><strong>sacrificium</strong></span> <span class='ocrx_word' id='word_1_622' title='bbox 725 4328 930 4384; x_wconf 70' lang='lat' dir='ltr'><strong>offerre</strong></span> <span class='ocrx_word' id='word_1_623' title='bbox 975 4345 1092 4384; x_wconf 91' lang='lat' dir='ltr'><strong>non</strong></span> <span class='ocrx_word' id='word_1_624' title='bbox 1141 4327 1328 4384; x_wconf 89' lang='lat' dir='ltr'><strong>licuit.</strong></span> <span class='ocrx_word' id='word_1_625' title='bbox 1359 4328 1486 4384; x_wconf 85' lang='lat' dir='ltr'><strong>Alia</strong></span> <span class='ocrx_word' id='word_1_626' title='bbox 1534 4334 1828 4402; x_wconf 72' lang='lat' dir='ltr'><strong>praetereo,</strong></span> <span class='ocrx_word' id='word_1_627' title='bbox 1861 4347 1990 4403; x_wconf 67' lang='lat' dir='ltr'><strong>qua:</strong></span> 
     </span>
    </p>
   </div>
   <div class='ocr_carea' id='block_1_71' title="bbox 337 4417 1985 4490">
    <p class='ocr_par' dir='ltr' id='par_1_71' title="bbox 337 4417 1985 4490">
     <span class='ocr_line' id='line_1_71' title="bbox 337 4417 1985 4490; baseline 0.001 -18"><span class='ocrx_word' id='word_1_628' title='bbox 337 4417 499 4488; x_wconf 88' lang='lat' dir='ltr'><strong>potui</strong></span> <span class='ocrx_word' id='word_1_629' title='bbox 551 4420 764 4484; x_wconf 88' lang='lat' dir='ltr'><strong>tacere,</strong></span> <span class='ocrx_word' id='word_1_630' title='bbox 787 4417 888 4473; x_wconf 88' lang='lat' dir='ltr'><strong>sed</strong></span> <span class='ocrx_word' id='word_1_631' title='bbox 941 4417 1152 4490; x_wconf 88' lang='lat' dir='ltr'><strong>pertuli</strong></span> <span class='ocrx_word' id='word_1_632' title='bbox 1203 4433 1399 4474; x_wconf 88' lang='lat' dir='ltr'><strong>amore</strong></span> <span class='ocrx_word' id='word_1_633' title='bbox 1447 4421 1570 4486; x_wconf 91' lang='lat' dir='ltr'><strong>tuo,</strong></span> <span class='ocrx_word' id='word_1_634' title='bbox 1605 4423 1670 4473; x_wconf 91' lang='lat' dir='ltr'><strong>ut</strong></span> <span class='ocrx_word' id='word_1_635' title='bbox 1717 4418 1985 4474; x_wconf 88' lang='lat' dir='ltr'><strong>arbitror.</strong></span> 
     </span>
    </p>
   </div>
   <div class='ocr_carea' id='block_1_72' title="bbox 337 4503 1985 4578">
    <p class='ocr_par' dir='ltr' id='par_1_72' title="bbox 337 4503 1985 4578">
     <span class='ocr_line' id='line_1_72' title="bbox 337 4503 1985 4578; baseline 0 -16"><span class='ocrx_word' id='word_1_636' title='bbox 337 4504 624 4562; x_wconf 90' lang='lat' dir='ltr'><strong>Dominus</strong></span> <span class='ocrx_word' id='word_1_637' title='bbox 645 4505 822 4561; x_wconf 77' lang='lat' dir='ltr'><strong>faciat</strong></span> <span class='ocrx_word' id='word_1_638' title='bbox 842 4510 907 4562; x_wconf 89' lang='lat' dir='ltr'><strong>ut</strong></span> <span class='ocrx_word' id='word_1_639' title='bbox 926 4505 1126 4562; x_wconf 89' lang='lat' dir='ltr'><strong>omnia</strong></span> <span class='ocrx_word' id='word_1_640' title='bbox 1145 4522 1280 4561; x_wconf 90' lang='lat' dir='ltr'><strong>cum</strong></span> <span class='ocrx_word' id='word_1_641' title='bbox 1303 4503 1726 4578; x_wconf 86' lang='lat' dir='ltr'><strong>tranquillitate</strong></span> <span class='ocrx_word' id='word_1_642' title='bbox 1756 4507 1985 4562; x_wconf 89' lang='lat' dir='ltr'><strong>cedant.</strong></span> 
     </span>
    </p>
   </div>
   <div class='ocr_carea' id='block_1_73' title="bbox 337 4592 1986 4667">
    <p class='ocr_par' dir='ltr' id='par_1_73' title="bbox 337 4592 1986 4667">
     <span class='ocr_line' id='line_1_73' title="bbox 337 4592 1986 4667; baseline 0 -17"><span class='ocrx_word' id='word_1_643' title='bbox 337 4592 654 4650; x_wconf 84' lang='lat' dir='ltr'><strong>Multifarie</strong></span> <span class='ocrx_word' id='word_1_644' title='bbox 682 4594 754 4650; x_wconf 88' lang='lat' dir='ltr'><strong>de</strong></span> <span class='ocrx_word' id='word_1_645' title='bbox 783 4593 877 4650; x_wconf 89' lang='lat' dir='ltr'><strong>bis</strong></span> <span class='ocrx_word' id='word_1_646' title='bbox 927 4611 1034 4650; x_wconf 90' lang='lat' dir='ltr'><strong>nos</strong></span> <span class='ocrx_word' id='word_1_647' title='bbox 1075 4595 1352 4649; x_wconf 88' lang='lat' dir='ltr'><strong>admonet</strong></span> <span class='ocrx_word' id='word_1_648' title='bbox 1395 4594 1583 4667; x_wconf 81' lang='lat' dir='ltr'><strong>signis</strong></span> <span class='ocrx_word' id='word_1_649' title='bbox 1631 4594 1986 4664; x_wconf 89' lang='lat' dir='ltr'><strong>coelestibus,</strong></span> 
     </span>
    </p>
   </div>
   <div class='ocr_carea' id='block_1_74' title="bbox 2101 3609 3750 3696">
    <p class='ocr_par' dir='ltr' id='par_1_74' title="bbox 2101 3609 3750 3696">
     <span class='ocr_line' id='line_1_74' title="bbox 2101 3609 3750 3696; baseline -0.007 -13"><span class='ocrx_word' id='word_1_650' title='bbox 2101 3629 2151 3696; x_wconf 91' lang='grc'><strong>(1</strong></span> <span class='ocrx_word' id='word_1_651' title='bbox 2179 3627 2298 3682; x_wconf 85' lang='lat' dir='ltr'><strong>Cor.</strong></span> <span class='ocrx_word' id='word_1_652' title='bbox 2319 3643 2376 3689; x_wconf 90' lang='lat' dir='ltr'><strong>v,</strong></span> <span class='ocrx_word' id='word_1_653' title='bbox 2399 3625 2458 3680; x_wconf 85' lang='grc'><strong>11</strong></span> <span class='ocrx_word' id='word_1_654' title='bbox 2492 3629 2551 3679; x_wconf 91' lang='lat' dir='ltr'><strong>et</strong></span> <span class='ocrx_word' id='word_1_655' title='bbox 2583 3623 2692 3690; x_wconf 85' lang='grc'><strong>13).</strong></span> <span class='ocrx_word' id='word_1_656' title='bbox 2726 3622 2798 3676; x_wconf 87' lang='lat' dir='ltr'><strong>Et</strong></span> <span class='ocrx_word' id='word_1_657' title='bbox 2823 3623 3064 3676; x_wconf 89' lang='lat' dir='ltr'><strong>sanctus</strong></span> <span class='ocrx_word' id='word_1_658' title='bbox 3093 3609 3345 3674; x_wconf 81' lang='lat' dir='ltr'><strong>Joannes</strong></span> <span class='ocrx_word' id='word_1_659' title='bbox 3387 3615 3750 3689; x_wconf 83' lang='lat' dir='ltr'><strong>evangelista</strong></span> 
     </span>
    </p>
   </div>
   <div class='ocr_carea' id='block_1_75' title="bbox 2101 3704 3745 3785">
    <p class='ocr_par' dir='ltr' id='par_1_75' title="bbox 2101 3704 3745 3785">
     <span class='ocr_line' id='line_1_75' title="bbox 2101 3704 3745 3785; baseline -0.005 -16"><span class='ocrx_word' id='word_1_660' title='bbox 2101 3721 2160 3770; x_wconf 87' lang='lat' dir='ltr'><strong>et</strong></span> <span class='ocrx_word' id='word_1_661' title='bbox 2175 3712 2486 3785; x_wconf 79' lang='lat' dir='ltr'><strong>Apostolus</strong></span> <span class='ocrx_word' id='word_1_662' title='bbox 2507 3729 2520 3767; x_wconf 91' lang='lat'><strong>:</strong></span> <span class='ocrx_word' id='word_1_663' title='bbox 2544 3712 2608 3767; x_wconf 87' lang='lat' dir='ltr'><strong>Et</strong></span> <span class='ocrx_word' id='word_1_664' title='bbox 2626 3726 2775 3766; x_wconf 87' lang='lat' dir='ltr'><strong>nunc</strong></span> <span class='ocrx_word' id='word_1_665' title='bbox 2791 3707 3103 3765; x_wconf 87' lang='lat' dir='ltr'><strong>antichristi</strong></span> <span class='ocrx_word' id='word_1_666' title='bbox 3117 3705 3283 3761; x_wconf 90' lang='lat' dir='ltr'><strong>multi</strong></span> <span class='ocrx_word' id='word_1_667' title='bbox 3299 3712 3430 3761; x_wconf 83' lang='lat' dir='ltr'><strong>sunt</strong></span> <span class='ocrx_word' id='word_1_668' title='bbox 3443 3704 3488 3776; x_wconf 90' lang='grc' dir='ltr'><strong>(ι</strong></span> <span class='ocrx_word' id='word_1_669' title='bbox 3507 3707 3676 3761; x_wconf 83' lang='lat' dir='ltr'><strong>Joan.</strong></span> <span class='ocrx_word' id='word_1_670' title='bbox 3687 3721 3745 3772; x_wconf 83' lang='lat' dir='ltr'><strong>II,</strong></span> 
     </span>
    </p>
   </div>
   <div class='ocr_carea' id='block_1_76' title="bbox 2102 3794 3748 3873">
    <p class='ocr_par' dir='ltr' id='par_1_76' title="bbox 2102 3794 3748 3873">
     <span class='ocr_line' id='line_1_76' title="bbox 2102 3794 3748 3873; baseline -0.007 -16"><span class='ocrx_word' id='word_1_671' title='bbox 2102 3802 2210 3873; x_wconf 90' lang='grc'><strong>18).</strong></span> <span class='ocrx_word' id='word_1_672' title='bbox 2234 3802 2306 3856; x_wconf 91' lang='lat' dir='ltr'><strong>Et</strong></span> <span class='ocrx_word' id='word_1_673' title='bbox 2334 3801 2476 3856; x_wconf 89' lang='lat' dir='ltr'><strong>item</strong></span> <span class='ocrx_word' id='word_1_674' title='bbox 2505 3817 2519 3854; x_wconf 90' lang='lat'><strong>:</strong></span> <span class='ocrx_word' id='word_1_675' title='bbox 2553 3799 2738 3855; x_wconf 88' lang='lat' dir='ltr'><strong>Omnts</strong></span> <span class='ocrx_word' id='word_1_676' title='bbox 2777 3799 2876 3870; x_wconf 86' lang='lat' dir='ltr'><strong>qui</strong></span> <span class='ocrx_word' id='word_1_677' title='bbox 2913 3794 3128 3860; x_wconf 84' lang='lat' dir='ltr'><strong>recedit,</strong></span> <span class='ocrx_word' id='word_1_678' title='bbox 3161 3800 3214 3849; x_wconf 89' lang='lat' dir='ltr'><strong>et</strong></span> <span class='ocrx_word' id='word_1_679' title='bbox 3238 3809 3351 3849; x_wconf 90' lang='lat' dir='ltr'><strong>non</strong></span> <span class='ocrx_word' id='word_1_680' title='bbox 3373 3799 3656 3864; x_wconf 76' lang='lat' dir='ltr'><strong>permanet</strong></span> <span class='ocrx_word' id='word_1_681' title='bbox 3686 3795 3748 3848; x_wconf 87' lang='lat' dir='ltr'><strong>in</strong></span> 
     </span>
    </p>
   </div>
   <div class='ocr_carea' id='block_1_77' title="bbox 2098 3881 3747 3955">
    <p class='ocr_par' dir='ltr' id='par_1_77' title="bbox 2098 3881 3747 3955">
     <span class='ocr_line' id='line_1_77' title="bbox 2098 3881 3747 3955; baseline -0.007 -8"><span class='ocrx_word' id='word_1_682' title='bbox 2098 3891 2344 3948; x_wconf 76' lang='lat' dir='ltr'><strong>doctrina</strong></span> <span class='ocrx_word' id='word_1_683' title='bbox 2367 3889 2594 3955; x_wconf 82' lang='lat' dir='ltr'><strong>Christi,</strong></span> <span class='ocrx_word' id='word_1_684' title='bbox 2630 3889 2802 3943; x_wconf 89' lang='lat' dir='ltr'><strong>Deum</strong></span> <span class='ocrx_word' id='word_1_685' title='bbox 2825 3900 2940 3940; x_wconf 87' lang='lat' dir='ltr'><strong>non</strong></span> <span class='ocrx_word' id='word_1_686' title='bbox 2992 3883 3170 3939; x_wconf 88' lang='lat' dir='ltr'><strong>habet.</strong></span> <span class='ocrx_word' id='word_1_687' title='bbox 3205 3881 3310 3949; x_wconf 86' lang='lat' dir='ltr'><strong>Qui</strong></span> <span class='ocrx_word' id='word_1_688' title='bbox 3359 3887 3644 3952; x_wconf 82' lang='lat' dir='ltr'><strong>permanet</strong></span> <span class='ocrx_word' id='word_1_689' title='bbox 3685 3881 3747 3936; x_wconf 89' lang='lat' dir='ltr'><strong>in</strong></span> 
     </span>
    </p>
   </div>
   <div class='ocr_carea' id='block_1_78' title="bbox 2098 3968 3747 4044">
    <p class='ocr_par' dir='ltr' id='par_1_78' title="bbox 2098 3968 3747 4044">
     <span class='ocr_line' id='line_1_78' title="bbox 2098 3968 3747 4044; baseline -0.007 -8"><span class='ocrx_word' id='word_1_690' title='bbox 2098 3981 2364 4044; x_wconf 84' lang='lat' dir='ltr'><strong>doctrina,</strong></span> <span class='ocrx_word' id='word_1_691' title='bbox 2388 3977 2478 4032; x_wconf 87' lang='lat' dir='ltr'><strong>hic</strong></span> <span class='ocrx_word' id='word_1_692' title='bbox 2495 3977 2699 4032; x_wconf 85' lang='lat' dir='ltr'><strong>Filium</strong></span> <span class='ocrx_word' id='word_1_693' title='bbox 2725 3981 2779 4030; x_wconf 90' lang='lat' dir='ltr'><strong>et</strong></span> <span class='ocrx_word' id='word_1_694' title='bbox 2805 3979 3026 4029; x_wconf 88' lang='lat' dir='ltr'><strong>Patrem</strong></span> <span class='ocrx_word' id='word_1_695' title='bbox 3052 3970 3226 4026; x_wconf 87' lang='lat' dir='ltr'><strong>habet.</strong></span> <span class='ocrx_word' id='word_1_696' title='bbox 3259 3968 3323 4024; x_wconf 89' lang='lat' dir='ltr'><strong>Si</strong></span> <span class='ocrx_word' id='word_1_697' title='bbox 3351 3969 3472 4040; x_wconf 82' lang='lat' dir='ltr'><strong>quis</strong></span> <span class='ocrx_word' id='word_1_698' title='bbox 3500 3971 3650 4024; x_wconf 84' lang='lat' dir='ltr'><strong>venit</strong></span> <span class='ocrx_word' id='word_1_699' title='bbox 3675 3969 3747 4024; x_wconf 88' lang='lat' dir='ltr'><strong>ad</strong></span> 
     </span>
    </p>
   </div>
   <div class='ocr_carea' id='block_1_79' title="bbox 2100 4057 3747 4135">
    <p class='ocr_par' dir='ltr' id='par_1_79' title="bbox 2100 4057 3747 4135">
     <span class='ocr_line' id='line_1_79' title="bbox 2100 4057 3747 4135; baseline -0.009 -10"><span class='ocrx_word' id='word_1_700' title='bbox 2100 4086 2208 4135; x_wconf 89' lang='lat' dir='ltr'><strong>vos,</strong></span> <span class='ocrx_word' id='word_1_701' title='bbox 2232 4075 2283 4124; x_wconf 90' lang='lat' dir='ltr'><strong>et</strong></span> <span class='ocrx_word' id='word_1_702' title='bbox 2308 4068 2450 4121; x_wconf 88' lang='lat' dir='ltr'><strong>hanc</strong></span> <span class='ocrx_word' id='word_1_703' title='bbox 2481 4065 2788 4120; x_wconf 78' lang='lat' dir='ltr'><strong>doctrinam</strong></span> <span class='ocrx_word' id='word_1_704' title='bbox 2814 4077 2928 4118; x_wconf 89' lang='lat' dir='ltr'><strong>non</strong></span> <span class='ocrx_word' id='word_1_705' title='bbox 2962 4060 3140 4132; x_wconf 77' lang='lat' dir='ltr'><strong>affert,</strong></span> <span class='ocrx_word' id='word_1_706' title='bbox 3161 4057 3334 4113; x_wconf 86' lang='lat' dir='ltr'><strong>nolite</strong></span> <span class='ocrx_word' id='word_1_707' title='bbox 3360 4057 3597 4128; x_wconf 87' lang='lat' dir='ltr'><strong>recipere</strong></span> <span class='ocrx_word' id='word_1_708' title='bbox 3621 4073 3747 4112; x_wconf 90' lang='lat' dir='ltr'><strong>eum</strong></span> 
     </span>
    </p>
   </div>
   <div class='ocr_carea' id='block_1_80' title="bbox 2099 4145 3746 4220">
    <p class='ocr_par' dir='ltr' id='par_1_80' title="bbox 2099 4145 3746 4220">
     <span class='ocr_line' id='line_1_80' title="bbox 2099 4145 3746 4220; baseline -0.005 -9"><span class='ocrx_word' id='word_1_709' title='bbox 2099 4159 2160 4212; x_wconf 88' lang='lat' dir='ltr'><strong>in</strong></span> <span class='ocrx_word' id='word_1_710' title='bbox 2186 4156 2426 4220; x_wconf 89' lang='lat' dir='ltr'><strong>domum,</strong></span> <span class='ocrx_word' id='word_1_711' title='bbox 2455 4169 2554 4208; x_wconf 88' lang='lat' dir='ltr'><strong>nec</strong></span> <span class='ocrx_word' id='word_1_712' title='bbox 2583 4152 2686 4207; x_wconf 79' lang='lat' dir='ltr'><strong>Ave</strong></span> <span class='ocrx_word' id='word_1_713' title='bbox 2723 4152 2778 4208; x_wconf 85' lang='lat' dir='ltr'><strong>ei</strong></span> <span class='ocrx_word' id='word_1_714' title='bbox 2821 4150 3079 4206; x_wconf 73' lang='lat' dir='ltr'><strong>dixeritis</strong></span> <span class='ocrx_word' id='word_1_715' title='bbox 3111 4166 3130 4202; x_wconf 92' lang='lat'><strong><em>:</em></strong></span> <span class='ocrx_word' id='word_1_716' title='bbox 3161 4148 3259 4220; x_wconf 87' lang='lat' dir='ltr'><strong>qui</strong></span> <span class='ocrx_word' id='word_1_717' title='bbox 3301 4149 3450 4201; x_wconf 86' lang='lat' dir='ltr'><strong>enim</strong></span> <span class='ocrx_word' id='word_1_718' title='bbox 3493 4145 3628 4201; x_wconf 89' lang='lat' dir='ltr'><strong>dicit</strong></span> <span class='ocrx_word' id='word_1_719' title='bbox 3653 4147 3746 4202; x_wconf 86' lang='lat' dir='ltr'><strong>illi</strong></span> 
     </span>
    </p>
   </div>
   <div class='ocr_carea' id='block_1_81' title="bbox 2097 4235 3740 4313">
    <p class='ocr_par' dir='ltr' id='par_1_81' title="bbox 2097 4235 3740 4313">
     <span class='ocr_line' id='line_1_81' title="bbox 2097 4235 3740 4313; baseline -0.009 -11"><span class='ocrx_word' id='word_1_720' title='bbox 2097 4246 2221 4307; x_wconf 80' lang='lat' dir='ltr'><strong>Ave.</strong></span> <span class='ocrx_word' id='word_1_721' title='bbox 2259 4244 2622 4300; x_wconf 88' lang='lat' dir='ltr'><strong>communicat</strong></span> <span class='ocrx_word' id='word_1_722' title='bbox 2663 4241 2916 4313; x_wconf 81' lang='lat' dir='ltr'><strong>operibus</strong></span> <span class='ocrx_word' id='word_1_723' title='bbox 2954 4238 3112 4294; x_wconf 89' lang='lat' dir='ltr'><strong>illius</strong></span> <span class='ocrx_word' id='word_1_724' title='bbox 3157 4236 3422 4305; x_wconf 80' lang='lat' dir='ltr'><strong>malignis</strong></span> <span class='ocrx_word' id='word_1_725' title='bbox 3451 4235 3525 4307; x_wconf 86' lang='lat' dir='ltr'><strong>(ll</strong></span> <span class='ocrx_word' id='word_1_726' title='bbox 3546 4239 3740 4304; x_wconf 85' lang='lat' dir='ltr'><strong>Joan.,</strong></span> 
     </span>
    </p>
   </div>
   <div class='ocr_carea' id='block_1_82' title="bbox 2094 4323 3745 4404">
    <p class='ocr_par' dir='ltr' id='par_1_82' title="bbox 2094 4323 3745 4404">
     <span class='ocr_line' id='line_1_82' title="bbox 2094 4323 3745 4404; baseline -0.005 -16"><span class='ocrx_word' id='word_1_727' title='bbox 2094 4332 2264 4404; x_wconf 86' lang='grc'><strong>9-11).</strong></span> <span class='ocrx_word' id='word_1_728' title='bbox 2289 4333 2360 4388; x_wconf 82' lang='lat' dir='ltr'><strong>Et</strong></span> <span class='ocrx_word' id='word_1_729' title='bbox 2379 4347 2452 4387; x_wconf 90' lang='lat' dir='ltr'><strong>ne</strong></span> <span class='ocrx_word' id='word_1_730' title='bbox 2473 4329 2608 4402; x_wconf 89' lang='lat' dir='ltr'><strong>quis</strong></span> <span class='ocrx_word' id='word_1_731' title='bbox 2641 4329 2818 4394; x_wconf 87' lang='lat' dir='ltr'><strong>dicat,</strong></span> <span class='ocrx_word' id='word_1_732' title='bbox 2844 4329 2997 4384; x_wconf 72' lang='lat'><strong>104</strong></span> <span class='ocrx_word' id='word_1_733' title='bbox 3021 4326 3141 4382; x_wconf 82' lang='lat' dir='ltr'><strong>Rex</strong></span> <span class='ocrx_word' id='word_1_734' title='bbox 3186 4328 3297 4390; x_wconf 85' lang='lat' dir='ltr'><strong>est,</strong></span> <span class='ocrx_word' id='word_1_735' title='bbox 3311 4323 3606 4396; x_wconf 84' lang='lat' dir='ltr'><strong>quomodo</strong></span> <span class='ocrx_word' id='word_1_736' title='bbox 3650 4341 3745 4380; x_wconf 90' lang='lat' dir='ltr'><strong>me</strong></span> 
     </span>
    </p>
   </div>
   <div class='ocr_carea' id='block_1_83' title="bbox 2097 4411 3746 4492">
    <p class='ocr_par' dir='ltr' id='par_1_83' title="bbox 2097 4411 3746 4492">
     <span class='ocr_line' id='line_1_83' title="bbox 2097 4411 3746 4492; baseline -0.007 -14"><span class='ocrx_word' id='word_1_737' title='bbox 2097 4423 2170 4479; x_wconf 87' lang='lat' dir='ltr'><strong>ab</strong></span> <span class='ocrx_word' id='word_1_738' title='bbox 2199 4420 2360 4476; x_wconf 90' lang='lat' dir='ltr'><strong>illius</strong></span> <span class='ocrx_word' id='word_1_739' title='bbox 2392 4423 2587 4492; x_wconf 90' lang='lat' dir='ltr'><strong>potero</strong></span> <span class='ocrx_word' id='word_1_740' title='bbox 2626 4413 3154 4472; x_wconf 87' lang='lat' dir='ltr'><strong>communicatione</strong></span> <span class='ocrx_word' id='word_1_741' title='bbox 3183 4411 3570 4470; x_wconf 81' lang='lat' dir='ltr'><strong>subtrahere?</strong></span> <span class='ocrx_word' id='word_1_742' title='bbox 3599 4412 3746 4468; x_wconf 87' lang='lat' dir='ltr'><strong>sciat</strong></span> 
     </span>
    </p>
   </div>
   <div class='ocr_carea' id='block_1_84' title="bbox 2097 4498 3744 4576">
    <p class='ocr_par' dir='ltr' id='par_1_84' title="bbox 2097 4498 3744 4576">
     <span class='ocr_line' id='line_1_84' title="bbox 2097 4498 3744 4576; baseline -0.007 -9"><span class='ocrx_word' id='word_1_743' title='bbox 2097 4513 2365 4567; x_wconf 81' lang='lat' dir='ltr'><strong>sanctum</strong></span> <span class='ocrx_word' id='word_1_744' title='bbox 2395 4507 2679 4564; x_wconf 86' lang='lat' dir='ltr'><strong>Joannem</strong></span> <span class='ocrx_word' id='word_1_745' title='bbox 2702 4503 3027 4576; x_wconf 72' lang='lat' dir='ltr'><strong>Bap&#39;tistam</strong></span> <span class='ocrx_word' id='word_1_746' title='bbox 3059 4501 3186 4557; x_wconf 89' lang='lat' dir='ltr'><strong>ideo</strong></span> <span class='ocrx_word' id='word_1_747' title='bbox 3210 4498 3490 4573; x_wconf 76' lang='lat' dir='ltr'><strong>martyrio</strong></span> <span class='ocrx_word' id='word_1_748' title='bbox 3509 4515 3744 4555; x_wconf 90' lang='lat' dir='ltr'><strong>corona-</strong></span> 
     </span>
    </p>
   </div>
   <div class='ocr_carea' id='block_1_85' title="bbox 2097 4589 3744 4670">
    <p class='ocr_par' dir='ltr' id='par_1_85' title="bbox 2097 4589 3744 4670">
     <span class='ocr_line' id='line_1_85' title="bbox 2097 4589 3744 4670; baseline -0.007 -14"><span class='ocrx_word' id='word_1_749' title='bbox 2097 4605 2246 4666; x_wconf 90' lang='lat' dir='ltr'><strong>tum,</strong></span> <span class='ocrx_word' id='word_1_750' title='bbox 2271 4595 2410 4670; x_wconf 90' lang='lat' dir='ltr'><strong>quia</strong></span> <span class='ocrx_word' id='word_1_751' title='bbox 2438 4593 2667 4650; x_wconf 85' lang='lat' dir='ltr'><strong>dicebat</strong></span> <span class='ocrx_word' id='word_1_752' title='bbox 2691 4591 2898 4648; x_wconf 84' lang='lat' dir='ltr'><strong>Herodi</strong></span> <span class='ocrx_word' id='word_1_753' title='bbox 2932 4609 2946 4660; x_wconf 90' lang='lat'><strong>;</strong></span> <span class='ocrx_word' id='word_1_754' title='bbox 2982 4591 3096 4646; x_wconf 88' lang='lat' dir='ltr'><strong>Non</strong></span> <span class='ocrx_word' id='word_1_755' title='bbox 3119 4591 3244 4646; x_wconf 89' lang='lat' dir='ltr'><strong>licet</strong></span> <span class='ocrx_word' id='word_1_756' title='bbox 3271 4589 3372 4644; x_wconf 90' lang='lat' dir='ltr'><strong>tibi</strong></span> <span class='ocrx_word' id='word_1_757' title='bbox 3398 4589 3595 4643; x_wconf 88' lang='lat' dir='ltr'><strong>habere</strong></span> <span class='ocrx_word' id='word_1_758' title='bbox 3621 4604 3744 4644; x_wconf 85' lang='lat' dir='ltr'><strong>eam</strong></span> 
     </span>
    </p>
   </div>
   <div class='ocr_carea' id='block_1_86' title="bbox 335 4675 3738 4764">
    <p class='ocr_par' dir='ltr' id='par_1_86' title="bbox 335 4675 3738 4764">
     <span class='ocr_line' id='line_1_86' title="bbox 335 4675 3738 4764; baseline -0.002 -26"><span class='ocrx_word' id='word_1_759' title='bbox 335 4682 754 4755; x_wconf 88' lang='lat' dir='ltr'><strong>prophetarum</strong></span> <span class='ocrx_word' id='word_1_760' title='bbox 783 4683 1105 4756; x_wconf 61' lang='lat' dir='ltr'><strong>praeceptis,</strong></span> <span class='ocrx_word' id='word_1_761' title='bbox 1120 4682 1445 4739; x_wconf 89' lang='lat' dir='ltr'><strong>visionibus</strong></span> <span class='ocrx_word' id='word_1_762' title='bbox 1465 4682 1638 4738; x_wconf 89' lang='lat' dir='ltr'><strong>etiam</strong></span> <span class='ocrx_word' id='word_1_763' title='bbox 1661 4687 1981 4756; x_wconf 89' lang='lat' dir='ltr'><strong>pectorum.</strong></span> <span class='ocrx_word' id='word_1_764' title='bbox 2011 4695 2063 4764; x_wconf 73' lang='grc' dir='ltr'><strong>Β</strong></span> <span class='ocrx_word' id='word_1_765' title='bbox 2089 4691 2272 4764; x_wconf 78' lang='lat' dir='ltr'><strong>(llarc.</strong></span> <span class='ocrx_word' id='word_1_766' title='bbox 2295 4703 2373 4753; x_wconf 79' lang='grc' dir='ltr'><strong>νῐ,</strong></span> <span class='ocrx_word' id='word_1_767' title='bbox 2403 4683 2513 4756; x_wconf 88' lang='grc'><strong>18),</strong></span> <span class='ocrx_word' id='word_1_768' title='bbox 2531 4681 2672 4754; x_wconf 90' lang='lat' dir='ltr'><strong>quin</strong></span> <span class='ocrx_word' id='word_1_769' title='bbox 2707 4681 3030 4737; x_wconf 88' lang='lat' dir='ltr'><strong>adulteram</strong></span> <span class='ocrx_word' id='word_1_770' title='bbox 3057 4677 3382 4734; x_wconf 88' lang='lat' dir='ltr'><strong>mulierem.</strong></span> <span class='ocrx_word' id='word_1_771' title='bbox 3402 4677 3474 4732; x_wconf 89' lang='lat' dir='ltr'><strong>Et</strong></span> <span class='ocrx_word' id='word_1_772' title='bbox 3503 4675 3738 4742; x_wconf 88' lang='lat' dir='ltr'><strong>Paulus,</strong></span> 
     </span>
    </p>
   </div>
   <div class='ocr_carea' id='block_1_87' title="bbox 334 4769 1983 4844">
    <p class='ocr_par' dir='ltr' id='par_1_87' title="bbox 334 4769 1983 4844">
     <span class='ocr_line' id='line_1_87' title="bbox 334 4769 1983 4844; baseline 0.002 -19"><span class='ocrx_word' id='word_1_773' title='bbox 334 4769 474 4826; x_wconf 86' lang='lat' dir='ltr'><strong>Vult</strong></span> <span class='ocrx_word' id='word_1_774' title='bbox 504 4787 612 4826; x_wconf 87' lang='lat' dir='ltr'><strong>nos</strong></span> <span class='ocrx_word' id='word_1_775' title='bbox 642 4770 988 4844; x_wconf 80' lang='lat' dir='ltr'><strong>intelligere,</strong></span> <span class='ocrx_word' id='word_1_776' title='bbox 1013 4789 1128 4844; x_wconf 92' lang='lat' dir='ltr'><strong>quo</strong></span> <span class='ocrx_word' id='word_1_777' title='bbox 1169 4787 1443 4844; x_wconf 79' lang='lat' dir='ltr'><strong>rogemus</strong></span> <span class='ocrx_word' id='word_1_778' title='bbox 1473 4787 1630 4840; x_wconf 89' lang='lat' dir='ltr'><strong>eum,</strong></span> <span class='ocrx_word' id='word_1_779' title='bbox 1654 4775 1720 4827; x_wconf 92' lang='lat' dir='ltr'><strong>ut</strong></span> <span class='ocrx_word' id='word_1_780' title='bbox 1756 4776 1983 4844; x_wconf 88' lang='lat' dir='ltr'><strong>pertur-</strong></span> 
     </span>
    </p>
   </div>
   <div class='ocr_carea' id='block_1_88' title="bbox 335 4859 1984 4934">
    <p class='ocr_par' dir='ltr' id='par_1_88' title="bbox 335 4859 1984 4934">
     <span class='ocr_line' id='line_1_88' title="bbox 335 4859 1984 4934; baseline 0.001 -18"><span class='ocrx_word' id='word_1_781' title='bbox 335 4859 601 4916; x_wconf 83' lang='lat' dir='ltr'><strong>bationes</strong></span> <span class='ocrx_word' id='word_1_782' title='bbox 631 4860 876 4928; x_wconf 84' lang='lat' dir='ltr'><strong>auferat,</strong></span> <span class='ocrx_word' id='word_1_783' title='bbox 901 4877 1104 4933; x_wconf 87' lang='lat' dir='ltr'><strong>pacem</strong></span> <span class='ocrx_word' id='word_1_784' title='bbox 1134 4859 1298 4916; x_wconf 85' lang='lat' dir='ltr'><strong>vobis</strong></span> <span class='ocrx_word' id='word_1_785' title='bbox 1329 4859 1754 4934; x_wconf 87' lang='lat' dir='ltr'><strong>imperantibus</strong></span> <span class='ocrx_word' id='word_1_786' title='bbox 1775 4866 1984 4932; x_wconf 88' lang='lat' dir='ltr'><strong>servet,</strong></span> 
     </span>
    </p>
   </div>
   <div class='ocr_carea' id='block_1_89' title="bbox 335 4947 1983 5024">
    <p class='ocr_par' dir='ltr' id='par_1_89' title="bbox 335 4947 1983 5024">
     <span class='ocr_line' id='line_1_89' title="bbox 335 4947 1983 5024; baseline 0.003 -21"><span class='ocrx_word' id='word_1_787' title='bbox 335 4947 484 5004; x_wconf 83' lang='lat' dir='ltr'><strong>ﬁdes</strong></span> <span class='ocrx_word' id='word_1_788' title='bbox 511 4947 780 5005; x_wconf 77' lang='lat' dir='ltr'><strong>Ecclesiae</strong></span> <span class='ocrx_word' id='word_1_789' title='bbox 812 4953 870 5006; x_wconf 89' lang='lat' dir='ltr'><strong>et</strong></span> <span class='ocrx_word' id='word_1_790' title='bbox 913 4947 1308 5022; x_wconf 88' lang='lat' dir='ltr'><strong>tranquillitas</strong></span> <span class='ocrx_word' id='word_1_791' title='bbox 1353 4954 1696 5022; x_wconf 85' lang='lat' dir='ltr'><strong>perseveret,</strong></span> <span class='ocrx_word' id='word_1_792' title='bbox 1729 4950 1822 5007; x_wconf 91' lang='lat' dir='ltr'><strong>cui</strong></span> <span class='ocrx_word' id='word_1_793' title='bbox 1853 4968 1983 5024; x_wconf 88' lang='lat' dir='ltr'><strong>pro-</strong></span> 
     </span>
    </p>
   </div>
   <div class='ocr_carea' id='block_1_90' title="bbox 334 5036 1984 5111">
    <p class='ocr_par' dir='ltr' id='par_1_90' title="bbox 334 5036 1984 5111">
     <span class='ocr_line' id='line_1_90' title="bbox 334 5036 1984 5111; baseline 0.003 -18"><span class='ocrx_word' id='word_1_794' title='bbox 334 5037 466 5093; x_wconf 88' lang='lat' dir='ltr'><strong>dest</strong></span> <span class='ocrx_word' id='word_1_795' title='bbox 491 5036 858 5094; x_wconf 84' lang='lat' dir='ltr'><strong>Cbristianos</strong></span> <span class='ocrx_word' id='word_1_796' title='bbox 885 5042 942 5094; x_wconf 89' lang='lat' dir='ltr'><strong>et</strong></span> <span class='ocrx_word' id='word_1_797' title='bbox 969 5037 1096 5111; x_wconf 87' lang='lat' dir='ltr'><strong>pios</strong></span> <span class='ocrx_word' id='word_1_798' title='bbox 1126 5055 1254 5094; x_wconf 88' lang='lat' dir='ltr'><strong>esse</strong></span> <span class='ocrx_word' id='word_1_799' title='bbox 1281 5037 1682 5111; x_wconf 85' lang='lat' dir='ltr'><strong>imperatores.</strong></span> <span class='ocrx_word' id='word_1_800' title='bbox 1707 5039 1870 5097; x_wconf 90' lang='lat' dir='ltr'><strong>Certe</strong></span> <span class='ocrx_word' id='word_1_801' title='bbox 1897 5041 1984 5098; x_wconf 90' lang='lat' dir='ltr'><strong>vis</strong></span> 
     </span>
    </p>
   </div>
   <div class='ocr_carea' id='block_1_91' title="bbox 334 5124 1981 5202">
    <p class='ocr_par' dir='ltr' id='par_1_91' title="bbox 334 5124 1981 5202">
     <span class='ocr_line' id='line_1_91' title="bbox 334 5124 1981 5202; baseline 0.004 -21"><span class='ocrx_word' id='word_1_802' title='bbox 334 5124 571 5198; x_wconf 80' lang='lat' dir='ltr'><strong>probari</strong></span> <span class='ocrx_word' id='word_1_803' title='bbox 602 5125 740 5183; x_wconf 88' lang='lat' dir='ltr'><strong>Deo.</strong></span> <span class='ocrx_word' id='word_1_804' title='bbox 774 5127 946 5183; x_wconf 90' lang='lat' dir='ltr'><strong>Omni</strong></span> <span class='ocrx_word' id='word_1_805' title='bbox 998 5127 1079 5183; x_wconf 91' lang='lat' dir='ltr'><strong>rei</strong></span> <span class='ocrx_word' id='word_1_806' title='bbox 1127 5131 1379 5199; x_wconf 77' lang='lat' dir='ltr'><strong>tempus,</strong></span> <span class='ocrx_word' id='word_1_807' title='bbox 1412 5131 1477 5183; x_wconf 92' lang='lat' dir='ltr'><strong>ut</strong></span> <span class='ocrx_word' id='word_1_808' title='bbox 1515 5129 1801 5202; x_wconf 89' lang='lat' dir='ltr'><strong>scriptum</strong></span> <span class='ocrx_word' id='word_1_809' title='bbox 1847 5133 1937 5186; x_wconf 88' lang='lat' dir='ltr'><strong>est</strong></span> <span class='ocrx_word' id='word_1_810' title='bbox 1967 5149 1981 5188; x_wconf 94' lang='lat'>:</span> 
     </span>
    </p>
   </div>
   <div class='ocr_carea' id='block_1_92' title="bbox 339 5214 1981 5291">
    <p class='ocr_par' dir='ltr' id='par_1_92' title="bbox 339 5214 1981 5291">
     <span class='ocr_line' id='line_1_92' title="bbox 339 5214 1981 5291; baseline 0.001 -19"><span class='ocrx_word' id='word_1_811' title='bbox 339 5216 584 5288; x_wconf 85' lang='lat' dir='ltr'><strong>Tempus,</strong></span> <span class='ocrx_word' id='word_1_812' title='bbox 615 5214 829 5288; x_wconf 88' lang='lat' dir='ltr'><strong>inquit,</strong></span> <span class='ocrx_word' id='word_1_813' title='bbox 860 5217 1124 5288; x_wconf 77' lang='lat' dir='ltr'><strong>faciendi,</strong></span> <span class='ocrx_word' id='word_1_814' title='bbox 1157 5217 1383 5274; x_wconf 87' lang='lat' dir='ltr'><strong>Domine</strong></span> <span class='ocrx_word' id='word_1_815' title='bbox 1419 5218 1614 5285; x_wconf 82' lang='lat' dir='ltr'><strong>(Eccle.</strong></span> <span class='ocrx_word' id='word_1_816' title='bbox 1647 5235 1730 5284; x_wconf 80' lang='grc' dir='ltr'>ιιι,</span> <span class='ocrx_word' id='word_1_817' title='bbox 1766 5219 1848 5291; x_wconf 86' lang='grc'><strong>1);</strong></span> <span class='ocrx_word' id='word_1_818' title='bbox 1879 5223 1937 5275; x_wconf 89' lang='lat' dir='ltr'><strong>et</strong></span> <span class='ocrx_word' id='word_1_819' title='bbox 1967 5237 1981 5274; x_wconf 92' lang='lat'>:</span> 
     </span>
    </p>
   </div>
   <div class='ocr_carea' id='block_1_93' title="bbox 337 5303 1981 5376">
    <p class='ocr_par' dir='ltr' id='par_1_93' title="bbox 337 5303 1981 5376">
     <span class='ocr_line' id='line_1_93' title="bbox 337 5303 1981 5376; baseline 0.002 -16"><span class='ocrx_word' id='word_1_820' title='bbox 337 5303 563 5375; x_wconf 81' lang='lat' dir='ltr'><strong>Tempus</strong></span> <span class='ocrx_word' id='word_1_821' title='bbox 611 5303 955 5376; x_wconf 82' lang='lat' dir='ltr'><strong>beneplaciti,</strong></span> <span class='ocrx_word' id='word_1_822' title='bbox 1001 5305 1142 5361; x_wconf 89' lang='lat' dir='ltr'><strong>Deus</strong></span> <span class='ocrx_word' id='word_1_823' title='bbox 1187 5306 1356 5374; x_wconf 85' lang='lat' dir='ltr'><strong>(Psat.</strong></span> <span class='ocrx_word' id='word_1_824' title='bbox 1397 5321 1591 5372; x_wconf 83' lang='lat' dir='ltr'><strong>cxvm,</strong></span> <span class='ocrx_word' id='word_1_825' title='bbox 1640 5307 1784 5375; x_wconf 79' lang='grc'><strong>126).</strong></span> <span class='ocrx_word' id='word_1_826' title='bbox 1817 5308 1981 5364; x_wconf 90' lang='lat' dir='ltr'><strong>Tunc</strong></span> 
     </span>
    </p>
   </div>
   <div class='ocr_carea' id='block_1_94' title="bbox 331 5390 1978 5465">
    <p class='ocr_par' dir='ltr' id='par_1_94' title="bbox 331 5390 1978 5465">
     <span class='ocr_line' id='line_1_94' title="bbox 331 5390 1978 5465; baseline 0.002 -18"><span class='ocrx_word' id='word_1_827' title='bbox 331 5390 573 5460; x_wconf 77' lang='lat' dir='ltr'><strong>offeres,</strong></span> <span class='ocrx_word' id='word_1_828' title='bbox 633 5407 768 5448; x_wconf 89' lang='lat' dir='ltr'><strong>cum</strong></span> <span class='ocrx_word' id='word_1_829' title='bbox 829 5390 1197 5449; x_wconf 79' lang='lat' dir='ltr'><strong>sacrificandi</strong></span> <span class='ocrx_word' id='word_1_830' title='bbox 1264 5391 1556 5465; x_wconf 89' lang='lat' dir='ltr'><strong>acceperis</strong></span> <span class='ocrx_word' id='word_1_831' title='bbox 1621 5393 1978 5463; x_wconf 84' lang='lat' dir='ltr'><strong>facultatem,</strong></span> 
     </span>
    </p>
   </div>
   <div class='ocr_carea' id='block_1_95' title="bbox 331 5480 1978 5554">
    <p class='ocr_par' dir='ltr' id='par_1_95' title="bbox 331 5480 1978 5554">
     <span class='ocr_line' id='line_1_95' title="bbox 331 5480 1978 5554; baseline 0.002 -19"><span class='ocrx_word' id='word_1_832' title='bbox 331 5480 568 5553; x_wconf 86' lang='lat' dir='ltr'><strong>quando</strong></span> <span class='ocrx_word' id='word_1_833' title='bbox 599 5480 794 5538; x_wconf 86' lang='lat' dir='ltr'><strong>hostia</strong></span> <span class='ocrx_word' id='word_1_834' title='bbox 823 5485 925 5538; x_wconf 81' lang='lat' dir='ltr'><strong>tua</strong></span> <span class='ocrx_word' id='word_1_835' title='bbox 951 5485 1188 5554; x_wconf 87' lang='lat' dir='ltr'><strong>accepta</strong></span> <span class='ocrx_word' id='word_1_836' title='bbox 1216 5481 1292 5536; x_wconf 84' lang='lat' dir='ltr'><strong>sit</strong></span> <span class='ocrx_word' id='word_1_837' title='bbox 1319 5482 1456 5536; x_wconf 90' lang='lat' dir='ltr'><strong>Deo.</strong></span> <span class='ocrx_word' id='word_1_838' title='bbox 1479 5480 1728 5537; x_wconf 90' lang='lat' dir='ltr'><strong>Omnino</strong></span> <span class='ocrx_word' id='word_1_839' title='bbox 1759 5499 1850 5538; x_wconf 89' lang='lat' dir='ltr'><strong>me</strong></span> <span class='ocrx_word' id='word_1_840' title='bbox 1882 5485 1978 5539; x_wconf 89' lang='lat' dir='ltr'><strong>de-</strong></span> 
     </span>
    </p>
   </div>
   <div class='ocr_carea' id='block_1_96' title="bbox 329 5567 1979 5644">
    <p class='ocr_par' dir='ltr' id='par_1_96' title="bbox 329 5567 1979 5644">
     <span class='ocr_line' id='line_1_96' title="bbox 329 5567 1979 5644; baseline 0.002 -20"><span class='ocrx_word' id='word_1_841' title='bbox 329 5567 572 5626; x_wconf 85' lang='lat' dir='ltr'><strong>lectaret</strong></span> <span class='ocrx_word' id='word_1_842' title='bbox 600 5569 816 5627; x_wconf 91' lang='lat' dir='ltr'><strong>habere</strong></span> <span class='ocrx_word' id='word_1_843' title='bbox 851 5571 1102 5644; x_wconf 81' lang='lat' dir='ltr'><strong>gratiam</strong></span> <span class='ocrx_word' id='word_1_844' title='bbox 1140 5569 1532 5643; x_wconf 88' lang='lat' dir='ltr'><strong>imperatoris,</strong></span> <span class='ocrx_word' id='word_1_845' title='bbox 1561 5573 1626 5624; x_wconf 89' lang='lat' dir='ltr'><strong>ut</strong></span> <span class='ocrx_word' id='word_1_846' title='bbox 1653 5573 1979 5628; x_wconf 88' lang='lat' dir='ltr'><strong>secundum</strong></span> 
     </span>
    </p>
   </div>
   <div class='ocr_carea' id='block_1_97' title="bbox 328 5655 1981 5734">
    <p class='ocr_par' dir='ltr' id='par_1_97' title="bbox 328 5655 1981 5734">
     <span class='ocr_line' id='line_1_97' title="bbox 328 5655 1981 5734; baseline 0.004 -22"><span class='ocrx_word' id='word_1_847' title='bbox 328 5655 691 5714; x_wconf 86' lang='lat' dir='ltr'><strong>voluntatem</strong></span> <span class='ocrx_word' id='word_1_848' title='bbox 743 5664 904 5716; x_wconf 84' lang='lat' dir='ltr'><strong>tuam</strong></span> <span class='ocrx_word' id='word_1_849' title='bbox 958 5677 1210 5734; x_wconf 84' lang='lat' dir='ltr'><strong>agerem,</strong></span> <span class='ocrx_word' id='word_1_850' title='bbox 1244 5659 1293 5716; x_wconf 91' lang='lat' dir='ltr'><strong>si</strong></span> <span class='ocrx_word' id='word_1_851' title='bbox 1337 5675 1514 5714; x_wconf 89' lang='lat' dir='ltr'><strong>causa</strong></span> <span class='ocrx_word' id='word_1_852' title='bbox 1565 5663 1878 5730; x_wconf 89' lang='lat' dir='ltr'><strong>pateretur.</strong></span> <span class='ocrx_word' id='word_1_853' title='bbox 1911 5662 1981 5718; x_wconf 90' lang='lat' dir='ltr'><strong>Et</strong></span> 
     </span>
    </p>
   </div>
   <div class='ocr_carea' id='block_1_98' title="bbox 331 5745 1979 5820">
    <p class='ocr_par' dir='ltr' id='par_1_98' title="bbox 331 5745 1979 5820">
     <span class='ocr_line' id='line_1_98' title="bbox 331 5745 1979 5820; baseline 0.002 -16"><span class='ocrx_word' id='word_1_854' title='bbox 331 5745 584 5820; x_wconf 80' lang='lat' dir='ltr'><strong>simplex</strong></span> <span class='ocrx_word' id='word_1_855' title='bbox 620 5748 805 5805; x_wconf 90' lang='lat' dir='ltr'><strong>oratio</strong></span> <span class='ocrx_word' id='word_1_856' title='bbox 846 5749 1200 5806; x_wconf 81' lang='lat' dir='ltr'><strong>sacriﬁcium</strong></span> <span class='ocrx_word' id='word_1_857' title='bbox 1231 5751 1356 5804; x_wconf 86' lang='lat' dir='ltr'><strong>est:</strong></span> <span class='ocrx_word' id='word_1_858' title='bbox 1381 5747 1502 5803; x_wconf 81' lang='lat' dir='ltr'><strong>haec</strong></span> <span class='ocrx_word' id='word_1_859' title='bbox 1527 5747 1755 5804; x_wconf 88' lang='lat' dir='ltr'><strong>veniam</strong></span> <span class='ocrx_word' id='word_1_860' title='bbox 1807 5750 1979 5807; x_wconf 79' lang='lat' dir='ltr'><strong>refert</strong></span> 
     </span>
    </p>
   </div>
   <div class='ocr_carea' id='block_1_99' title="bbox 2093 4765 3742 4852">
    <p class='ocr_par' dir='ltr' id='par_1_99' title="bbox 2093 4765 3742 4852">
     <span class='ocr_line' id='line_1_99' title="bbox 2093 4765 3742 4852; baseline -0.01 -17"><span class='ocrx_word' id='word_1_861' title='bbox 2093 4785 2160 4837; x_wconf 91' lang='lat' dir='ltr'><strong>ut</strong></span> <span class='ocrx_word' id='word_1_862' title='bbox 2185 4773 2599 4852; x_wconf 79' lang='lat' dir='ltr'><strong>praemisimus,</strong></span> <span class='ocrx_word' id='word_1_863' title='bbox 2623 4787 2758 4826; x_wconf 89' lang='lat' dir='ltr'><strong>cum</strong></span> <span class='ocrx_word' id='word_1_864' title='bbox 2790 4767 3131 4840; x_wconf 86' lang='lat' dir='ltr'><strong>hujusmodi</strong></span> <span class='ocrx_word' id='word_1_865' title='bbox 3164 4784 3271 4823; x_wconf 89' lang='lat' dir='ltr'><strong>nec</strong></span> <span class='ocrx_word' id='word_1_866' title='bbox 3291 4765 3487 4821; x_wconf 91' lang='lat' dir='ltr'><strong>cibum</strong></span> <span class='ocrx_word' id='word_1_867' title='bbox 3509 4779 3742 4852; x_wconf 83' lang='lat' dir='ltr'><strong>sumere</strong></span> 
     </span>
    </p>
   </div>
   <div class='ocr_carea' id='block_1_100' title="bbox 2087 4851 3739 4936">
    <p class='ocr_par' dir='ltr' id='par_1_100' title="bbox 2087 4851 3739 4936">
     <span class='ocr_line' id='line_1_100' title="bbox 2087 4851 3739 4936; baseline -0.013 -9"><span class='ocrx_word' id='word_1_868' title='bbox 2087 4851 2294 4933; x_wconf 87' lang='lat' dir='ltr'><strong>vetuit,</strong></span> <span class='ocrx_word' id='word_1_869' title='bbox 2325 4862 2422 4936; x_wconf 92' lang='lat' dir='ltr'><strong>qui</strong></span> <span class='ocrx_word' id='word_1_870' title='bbox 2456 4865 2515 4918; x_wconf 86' lang='lat' dir='ltr'><strong>et</strong></span> <span class='ocrx_word' id='word_1_871' title='bbox 2543 4858 2683 4916; x_wconf 88' lang='lat' dir='ltr'><strong>alibi</strong></span> <span class='ocrx_word' id='word_1_872' title='bbox 2711 4857 2888 4914; x_wconf 87' lang='lat' dir='ltr'><strong>dicit:</strong></span> <span class='ocrx_word' id='word_1_873' title='bbox 2911 4857 2994 4912; x_wconf 76' lang='lat' dir='ltr'><strong>An.</strong></span> <span class='ocrx_word' id='word_1_874' title='bbox 3017 4857 3460 4929; x_wconf 73' lang='lat' dir='ltr'><strong>experimnntum</strong></span> <span class='ocrx_word' id='word_1_875' title='bbox 3487 4851 3739 4924; x_wconf 58' lang='lat' dir='ltr'><strong>queritis</strong></span> 
     </span>
    </p>
   </div>
   <div class='ocr_carea' id='block_1_101' title="bbox 2091 4937 3737 5031">
    <p class='ocr_par' dir='ltr' id='par_1_101' title="bbox 2091 4937 3737 5031">
     <span class='ocr_line' id='line_1_101' title="bbox 2091 4937 3737 5031; baseline -0.013 -18"><span class='ocrx_word' id='word_1_876' title='bbox 2091 4959 2207 5031; x_wconf 88' lang='lat' dir='ltr'><strong>ejus</strong></span> <span class='ocrx_word' id='word_1_877' title='bbox 2261 4953 2358 5027; x_wconf 87' lang='lat' dir='ltr'><strong>qui</strong></span> <span class='ocrx_word' id='word_1_878' title='bbox 2411 4952 2473 5007; x_wconf 88' lang='lat' dir='ltr'><strong>in</strong></span> <span class='ocrx_word' id='word_1_879' title='bbox 2525 4966 2612 5004; x_wconf 89' lang='lat' dir='ltr'><strong>me</strong></span> <span class='ocrx_word' id='word_1_880' title='bbox 2654 4949 2898 5020; x_wconf 87' lang='lat' dir='ltr'><strong>loquitur</strong></span> <span class='ocrx_word' id='word_1_881' title='bbox 2939 4942 3330 5031; x_wconf 81' lang='lat' dir='ltr'><strong>Christus?(ll</strong></span> <span class='ocrx_word' id='word_1_882' title='bbox 3355 4940 3476 5031; x_wconf 75' lang='lat' dir='ltr'><strong>Cor.</strong></span> <span class='ocrx_word' id='word_1_883' title='bbox 3501 4955 3626 5031; x_wconf 78' lang='lat' dir='ltr'><strong>xm,</strong></span> <span class='ocrx_word' id='word_1_884' title='bbox 3657 4937 3737 5010; x_wconf 92' lang='lat'><strong>3.)</strong></span> 
     </span>
    </p>
   </div>
   <div class='ocr_carea' id='block_1_102' title="bbox 2091 5028 3738 5116">
    <p class='ocr_par' dir='ltr' id='par_1_102' title="bbox 2091 5028 3738 5116">
     <span class='ocr_line' id='line_1_102' title="bbox 2091 5028 3738 5116; baseline -0.013 -15"><span class='ocrx_word' id='word_1_885' title='bbox 2091 5028 2164 5102; x_wconf 73' lang='lat' dir='ltr'><strong>Et</strong></span> <span class='ocrx_word' id='word_1_886' title='bbox 2190 5043 2316 5116; x_wconf 89' lang='lat' dir='ltr'><strong>ipse</strong></span> <span class='ocrx_word' id='word_1_887' title='bbox 2349 5038 2627 5096; x_wconf 91' lang='lat' dir='ltr'><strong>Dominus</strong></span> <span class='ocrx_word' id='word_1_888' title='bbox 2673 5035 2735 5090; x_wconf 90' lang='lat' dir='ltr'><strong>in</strong></span> <span class='ocrx_word' id='word_1_889' title='bbox 2782 5031 3090 5106; x_wconf 82' lang='lat' dir='ltr'><strong>Evangelio</strong></span> <span class='ocrx_word' id='word_1_890' title='bbox 3137 5030 3352 5088; x_wconf 88' lang='lat' dir='ltr'><strong>clamat</strong></span> <span class='ocrx_word' id='word_1_891' title='bbox 3383 5044 3398 5083; x_wconf 88' lang='lat'><strong>:</strong></span> <span class='ocrx_word' id='word_1_892' title='bbox 3433 5028 3540 5096; x_wconf 85' lang='lat' dir='ltr'><strong>Qui</strong></span> <span class='ocrx_word' id='word_1_893' title='bbox 3563 5034 3640 5082; x_wconf 88' lang='lat' dir='ltr'><strong>est</strong></span> <span class='ocrx_word' id='word_1_894' title='bbox 3667 5041 3738 5082; x_wconf 76' lang='lat' dir='ltr'><strong>ea:</strong></span> 
     </span>
    </p>
   </div>
   <div class='ocr_carea' id='block_1_103' title="bbox 2092 5115 3736 5205">
    <p class='ocr_par' dir='ltr' id='par_1_103' title="bbox 2092 5115 3736 5205">
     <span class='ocr_line' id='line_1_103' title="bbox 2092 5115 3736 5205; baseline -0.013 -14"><span class='ocrx_word' id='word_1_895' title='bbox 2092 5115 2228 5205; x_wconf 77' lang='lat' dir='ltr'><strong>Deo,</strong></span> <span class='ocrx_word' id='word_1_896' title='bbox 2259 5130 2416 5188; x_wconf 88' lang='lat' dir='ltr'><strong>verba</strong></span> <span class='ocrx_word' id='word_1_897' title='bbox 2451 5129 2553 5184; x_wconf 90' lang='lat' dir='ltr'><strong>Dei</strong></span> <span class='ocrx_word' id='word_1_898' title='bbox 2573 5125 2767 5182; x_wconf 85' lang='lat' dir='ltr'><strong>audit:</strong></span> <span class='ocrx_word' id='word_1_899' title='bbox 2789 5129 3068 5196; x_wconf 81' lang='lat' dir='ltr'><strong>propterea</strong></span> <span class='ocrx_word' id='word_1_900' title='bbox 3090 5137 3181 5176; x_wconf 88' lang='lat' dir='ltr'><strong>vos</strong></span> <span class='ocrx_word' id='word_1_901' title='bbox 3208 5135 3320 5176; x_wconf 87' lang='lat' dir='ltr'><strong>non</strong></span> <span class='ocrx_word' id='word_1_902' title='bbox 3347 5115 3582 5205; x_wconf 70' lang='lat' dir='ltr'><strong>auditis,</strong></span> <span class='ocrx_word' id='word_1_903' title='bbox 3605 5117 3736 5205; x_wconf 89' lang='lat' dir='ltr'><strong>quia</strong></span> 
     </span>
    </p>
   </div>
   <div class='ocr_carea' id='block_1_104' title="bbox 2089 5203 3738 5287">
    <p class='ocr_par' dir='ltr' id='par_1_104' title="bbox 2089 5203 3738 5287">
     <span class='ocr_line' id='line_1_104' title="bbox 2089 5203 3738 5287; baseline -0.014 -7"><span class='ocrx_word' id='word_1_904' title='bbox 2089 5241 2161 5280; x_wconf 79' lang='lat' dir='ltr'><strong>ea:</strong></span> <span class='ocrx_word' id='word_1_905' title='bbox 2189 5203 2292 5278; x_wconf 86' lang='lat' dir='ltr'><strong>Deo</strong></span> <span class='ocrx_word' id='word_1_906' title='bbox 2319 5235 2427 5275; x_wconf 88' lang='lat' dir='ltr'><strong>non</strong></span> <span class='ocrx_word' id='word_1_907' title='bbox 2453 5217 2583 5272; x_wconf 90' lang='lat' dir='ltr'><strong>estis</strong></span> <span class='ocrx_word' id='word_1_908' title='bbox 2627 5213 2805 5287; x_wconf 81' lang='lat' dir='ltr'><strong>(Joan.</strong></span> <span class='ocrx_word' id='word_1_909' title='bbox 2827 5229 2948 5274; x_wconf 85' lang='lat' dir='ltr'><strong>vm,</strong></span> <span class='ocrx_word' id='word_1_910' title='bbox 2973 5209 3082 5282; x_wconf 78' lang='grc'><strong>47).</strong></span> <span class='ocrx_word' id='word_1_911' title='bbox 3107 5209 3178 5264; x_wconf 85' lang='lat' dir='ltr'><strong>Et</strong></span> <span class='ocrx_word' id='word_1_912' title='bbox 3224 5207 3366 5262; x_wconf 87' lang='lat' dir='ltr'><strong>item</strong></span> <span class='ocrx_word' id='word_1_913' title='bbox 3397 5221 3410 5260; x_wconf 89' lang='lat'><strong>:</strong></span> <span class='ocrx_word' id='word_1_914' title='bbox 3441 5203 3505 5259; x_wconf 90' lang='lat' dir='ltr'><strong>Si</strong></span> <span class='ocrx_word' id='word_1_915' title='bbox 3549 5203 3738 5272; x_wconf 82' lang='lat' dir='ltr'><strong>diligi-</strong></span> 
     </span>
    </p>
   </div>
   <div class='ocr_carea' id='block_1_105' title="bbox 2088 5293 3733 5378">
    <p class='ocr_par' dir='ltr' id='par_1_105' title="bbox 2088 5293 3733 5378">
     <span class='ocr_line' id='line_1_105' title="bbox 2088 5293 3733 5378; baseline -0.013 -9"><span class='ocrx_word' id='word_1_916' title='bbox 2088 5315 2158 5368; x_wconf 84' lang='lat' dir='ltr'><strong>tis</strong></span> <span class='ocrx_word' id='word_1_917' title='bbox 2202 5327 2309 5378; x_wconf 90' lang='lat' dir='ltr'><strong>me,</strong></span> <span class='ocrx_word' id='word_1_918' title='bbox 2339 5305 2600 5364; x_wconf 87' lang='lat' dir='ltr'><strong>mandata</strong></span> <span class='ocrx_word' id='word_1_919' title='bbox 2624 5318 2745 5358; x_wconf 85' lang='lat' dir='ltr'><strong>mea</strong></span> <span class='ocrx_word' id='word_1_920' title='bbox 2791 5307 2998 5357; x_wconf 84' lang='lat' dir='ltr'><strong>servate</strong></span> <span class='ocrx_word' id='word_1_921' title='bbox 3027 5318 3046 5354; x_wconf 91' lang='lat'><strong><em>:</em></strong></span> <span class='ocrx_word' id='word_1_922' title='bbox 3076 5299 3172 5369; x_wconf 86' lang='lat' dir='ltr'><strong>qui</strong></span> <span class='ocrx_word' id='word_1_923' title='bbox 3223 5313 3335 5351; x_wconf 84' lang='lat' dir='ltr'><strong>non</strong></span> <span class='ocrx_word' id='word_1_924' title='bbox 3387 5293 3576 5363; x_wconf 85' lang='lat' dir='ltr'><strong>diligit</strong></span> <span class='ocrx_word' id='word_1_925' title='bbox 3627 5308 3733 5360; x_wconf 89' lang='lat' dir='ltr'><strong>me,</strong></span> 
     </span>
    </p>
   </div>
   <div class='ocr_carea' id='block_1_106' title="bbox 2085 5381 3738 5457">
    <p class='ocr_par' dir='ltr' id='par_1_106' title="bbox 2085 5381 3738 5457">
     <span class='ocr_line' id='line_1_106' title="bbox 2085 5381 3738 5457; baseline -0.013 1"><span class='ocrx_word' id='word_1_926' title='bbox 2085 5400 2342 5457; x_wconf 87' lang='lat' dir='ltr'><strong>mandata</strong></span> <span class='ocrx_word' id='word_1_927' title='bbox 2396 5411 2518 5452; x_wconf 86' lang='lat' dir='ltr'><strong>mea</strong></span> <span class='ocrx_word' id='word_1_928' title='bbox 2565 5408 2676 5446; x_wconf 86' lang='lat' dir='ltr'><strong>non</strong></span> <span class='ocrx_word' id='word_1_929' title='bbox 2730 5395 2908 5446; x_wconf 88' lang='lat' dir='ltr'><strong>servat</strong></span> <span class='ocrx_word' id='word_1_930' title='bbox 2958 5388 3138 5457; x_wconf 83' lang='lat' dir='ltr'><strong>(Joan.</strong></span> <span class='ocrx_word' id='word_1_931' title='bbox 3168 5403 3282 5456; x_wconf 71' lang='lat' dir='ltr'><strong>xiv,</strong></span> <span class='ocrx_word' id='word_1_932' title='bbox 3314 5385 3382 5440; x_wconf 88' lang='grc'><strong>15</strong></span> <span class='ocrx_word' id='word_1_933' title='bbox 3426 5385 3484 5438; x_wconf 91' lang='lat' dir='ltr'><strong>et</strong></span> <span class='ocrx_word' id='word_1_934' title='bbox 3521 5381 3634 5455; x_wconf 70' lang='grc'><strong>24).</strong></span> <span class='ocrx_word' id='word_1_935' title='bbox 3666 5381 3738 5436; x_wconf 88' lang='lat' dir='ltr'><strong>Et</strong></span> 
     </span>
    </p>
   </div>
   <div class='ocr_carea' id='block_1_107' title="bbox 2089 5471 3739 5562">
    <p class='ocr_par' dir='ltr' id='par_1_107' title="bbox 2089 5471 3739 5562">
     <span class='ocr_line' id='line_1_107' title="bbox 2089 5471 3739 5562; baseline -0.012 -17"><span class='ocrx_word' id='word_1_936' title='bbox 2089 5485 2401 5562; x_wconf 74' lang='lat' dir='ltr'><strong>apostolus</strong></span> <span class='ocrx_word' id='word_1_937' title='bbox 2418 5483 2673 5538; x_wconf 86' lang='lat' dir='ltr'><strong>Joannes</strong></span> <span class='ocrx_word' id='word_1_938' title='bbox 2706 5495 2720 5533; x_wconf 89' lang='lat'><strong>:</strong></span> <span class='ocrx_word' id='word_1_939' title='bbox 2755 5478 2862 5546; x_wconf 86' lang='lat' dir='ltr'><strong>Qui</strong></span> <span class='ocrx_word' id='word_1_940' title='bbox 2893 5477 3028 5533; x_wconf 85' lang='lat' dir='ltr'><strong>dicit</strong></span> <span class='ocrx_word' id='word_1_941' title='bbox 3071 5476 3202 5548; x_wconf 85' lang='lat' dir='ltr'><strong>quia</strong></span> <span class='ocrx_word' id='word_1_942' title='bbox 3245 5473 3419 5543; x_wconf 86' lang='lat' dir='ltr'><strong>diligo</strong></span> <span class='ocrx_word' id='word_1_943' title='bbox 3466 5471 3656 5562; x_wconf 81' lang='lat' dir='ltr'><strong>Deum,</strong></span> <span class='ocrx_word' id='word_1_944' title='bbox 3685 5475 3739 5526; x_wconf 90' lang='lat' dir='ltr'><strong>et</strong></span> 
     </span>
    </p>
   </div>
   <div class='ocr_carea' id='block_1_108' title="bbox 2085 5560 3732 5644">
    <p class='ocr_par' dir='ltr' id='par_1_108' title="bbox 2085 5560 3732 5644">
     <span class='ocr_line' id='line_1_108' title="bbox 2085 5560 3732 5644; baseline -0.013 -9"><span class='ocrx_word' id='word_1_945' title='bbox 2085 5560 2346 5634; x_wconf 77' lang='lat' dir='ltr'><strong>mandatu.</strong></span> <span class='ocrx_word' id='word_1_946' title='bbox 2391 5572 2508 5644; x_wconf 82' lang='lat' dir='ltr'><strong>ejus</strong></span> <span class='ocrx_word' id='word_1_947' title='bbox 2554 5585 2664 5624; x_wconf 90' lang='lat' dir='ltr'><strong>non</strong></span> <span class='ocrx_word' id='word_1_948' title='bbox 2710 5567 2956 5635; x_wconf 86' lang='lat' dir='ltr'><strong>custodit,</strong></span> <span class='ocrx_word' id='word_1_949' title='bbox 2987 5565 3230 5622; x_wconf 73' lang='lat' dir='ltr'><strong>mendae:</strong></span> <span class='ocrx_word' id='word_1_950' title='bbox 3271 5570 3352 5620; x_wconf 87' lang='lat' dir='ltr'><strong>est</strong></span> <span class='ocrx_word' id='word_1_951' title='bbox 3377 5563 3428 5634; x_wconf 88' lang='lat' dir='ltr'><strong>(I</strong></span> <span class='ocrx_word' id='word_1_952' title='bbox 3451 5560 3608 5617; x_wconf 84' lang='lat' dir='ltr'><strong>Joan.</strong></span> <span class='ocrx_word' id='word_1_953' title='bbox 3654 5575 3732 5626; x_wconf 85' lang='lat' dir='ltr'><strong>1v,</strong></span> 
     </span>
    </p>
   </div>
   <div class='ocr_carea' id='block_1_109' title="bbox 2085 5647 3734 5735">
    <p class='ocr_par' dir='ltr' id='par_1_109' title="bbox 2085 5647 3734 5735">
     <span class='ocr_line' id='line_1_109' title="bbox 2085 5647 3734 5735; baseline -0.013 -12"><span class='ocrx_word' id='word_1_954' title='bbox 2085 5669 2198 5735; x_wconf 88' lang='lat'><strong>20).</strong></span> <span class='ocrx_word' id='word_1_955' title='bbox 2222 5667 2293 5720; x_wconf 90' lang='lat' dir='ltr'><strong>Et</strong></span> <span class='ocrx_word' id='word_1_956' title='bbox 2325 5659 2590 5718; x_wconf 85' lang='lat' dir='ltr'><strong>Psalmus</strong></span> <span class='ocrx_word' id='word_1_957' title='bbox 2635 5656 2707 5712; x_wconf 89' lang='lat' dir='ltr'><strong>de</strong></span> <span class='ocrx_word' id='word_1_958' title='bbox 2756 5653 3022 5710; x_wconf 89' lang='lat' dir='ltr'><strong>Domino.</strong></span> <span class='ocrx_word' id='word_1_959' title='bbox 3056 5653 3251 5710; x_wconf 87' lang='lat' dir='ltr'><strong>Perdes</strong></span> <span class='ocrx_word' id='word_1_960' title='bbox 3281 5666 3465 5708; x_wconf 77' lang='lat' dir='ltr'><strong>omnes</strong></span> <span class='ocrx_word' id='word_1_961' title='bbox 3509 5649 3608 5720; x_wconf 87' lang='lat' dir='ltr'><strong>qui</strong></span> <span class='ocrx_word' id='word_1_962' title='bbox 3653 5647 3734 5703; x_wconf 88' lang='lat' dir='ltr'><strong>lo-</strong></span> 
     </span>
    </p>
   </div>
   <div class='ocr_carea' id='block_1_110' title="bbox 2087 5735 3732 5826">
    <p class='ocr_par' dir='ltr' id='par_1_110' title="bbox 2087 5735 3732 5826">
     <span class='ocr_line' id='line_1_110' title="bbox 2087 5735 3732 5826; baseline -0.012 -16"><span class='ocrx_word' id='word_1_963' title='bbox 2087 5760 2330 5826; x_wconf 89' lang='lat' dir='ltr'><strong>quuntur</strong></span> <span class='ocrx_word' id='word_1_964' title='bbox 2369 5746 2716 5804; x_wconf 84' lang='lat' dir='ltr'><strong>mendacium</strong></span> <span class='ocrx_word' id='word_1_965' title='bbox 2745 5743 2916 5813; x_wconf 88' lang='lat' dir='ltr'><strong>(Psal.</strong></span> <span class='ocrx_word' id='word_1_966' title='bbox 2949 5760 3006 5812; x_wconf 90' lang='lat' dir='ltr'><strong>v,</strong></span> <span class='ocrx_word' id='word_1_967' title='bbox 3032 5745 3111 5812; x_wconf 88' lang='lat'><strong>7).</strong></span> <span class='ocrx_word' id='word_1_968' title='bbox 3143 5743 3215 5798; x_wconf 91' lang='lat' dir='ltr'><strong>Et</strong></span> <span class='ocrx_word' id='word_1_969' title='bbox 3253 5741 3391 5797; x_wconf 91' lang='lat' dir='ltr'><strong>item</strong></span> <span class='ocrx_word' id='word_1_970' title='bbox 3432 5735 3732 5811; x_wconf 83' lang='lat' dir='ltr'><strong>apostolus</strong></span> 
     </span>
    </p>
   </div>
  </div>
