4204 6460
451 418 581 483 πε

1374 419 1765 484 BINCMAII
1810 419 2269 486 HIEME“
2304 421 2926 489 ARCHIEPISCOPI.

3727 425 3861 489 768

449 554 705 614 ,ἤωδε
739 553 800 612 in
841 551 1188 628 Apocalypsi
1220 569 1235 610 :
1266 552 1374 611 Nec
1420 552 1653 612 intrabit
1698 555 1762 612 in
1798 571 1885 623 ea,
1914 552 1973 612 id
2003 559 2094 612 est
2118 557 2405 625 haecum
2432 557 2823 618 incorrectum
2850 558 3179 630 convenire,
3193 562 3263 618 ut
3290 534 3852 621 omnesunoconsi-

449 645 509 703 in
538 643 757 703 scelesti
786 642 1141 713 Jerusalem,
1168 643 1385 716 aliquid
1416 644 1853 717 coinquinatum,
1883 645 2096 716 faciens

448 736 938 804 abominationem,
996 741 1052 790 et
1100 732 1451 789 mendacium
1504 732 1686 804 (Apoc.
1724 749 1840 799 xxi,
1876 734 1992 802 27).
2024 734 2096 789 Et

447 826 588 884 item
619 841 635 881 :
670 824 898 883 Timidis
938 829 1139 888 auum,
1166 829 1221 877 et
1259 820 1578 889 incredulis,
1608 830 1663 877 ct
1694 823 2010 888 exsecratis,
2040 833 2093 880 et

446 915 754 982 homicidis,
776 921 829 970 et
845 909 1292 986 fornicatoribus,
1316 918 1368 966 et
1394 909 1663 981 veneﬁcis,
1683 918 1737 966 et
1758 909 2084 978 idololatris,

447 1015 501 1064 et
526 1004 779 1063 omnibus
814 999 1189 1067 mendacibus,
1214 1015 1346 1071 pars
1392 999 1620 1055 illorum
1645 999 1753 1055 erit
1794 1000 1861 1055 in
1902 1006 2096 1068 stagno

448 1094 669 1153 ardenti
687 1094 817 1162 igne
833 1098 885 1148 et
900 1088 1180 1162 cuipiam,
1203 1088 1343 1161 quod
1369 1094 1449 1145 est
1474 1102 1620 1144 mors
1646 1087 1886 1144 secunda
1905 1086 2090 1156 (ibid,

446 1187 522 1255 8).
544 1182 659 1241 Sed
687 1196 788 1238 eos
816 1176 1096 1236 terribilis
1137 1175 1456 1250 increpatio
1486 1175 1819 1249 evangelica
1854 1175 2096 1243 invehit,

446 1275 546 1348 qui
585 1271 901 1329 dilexerunt
947 1267 1187 1337 gloriam
1239 1266 1525 1322 hominum
1565 1265 1745 1335 magis
1789 1280 1957 1337 quam
1997 1267 2099 1321 Dei

445 1367 631 1432 (Non.
678 1374 782 1428 κη,
816 1356 926 1430 l3),
958 1359 1017 1412 et
1052 1371 1154 1412 eos
1202 1354 1507 1426 increpant
1549 1370 1618 1410 ac
1660 1358 2097 1426 persequuntur

445 1451 547 1526 qui
578 1466 643 1507 se
670 1445 1017 1506 subtrahere
1046 1442 1252 1500 volunt
1269 1441 1342 1498 ab
1360 1441 1519 1498 omni
1548 1441 1726 1498 fratre
1754 1442 2096 1500 ambulante

442 1537 796 1600 inordinate.
821 1534 902 1591 De
929 1532 1149 1607 quibus
1166 1530 1435 1588 videlicet
1452 1530 1924 1604 persecutoribus
1953 1530 2096 1589 dici-

443 1633 543 1688 tur
568 1627 631 1685 in
658 1621 1007 1700 Apocalypsi
1039 1637 1054 1678 :
1082 1621 1261 1678 Habeo
1289 1620 1546 1677 adversus
1571 1628 1643 1687 te,
1664 1623 1798 1694 quia
1819 1623 2095 1694 pennitsis

441 1719 734 1777 mulierem
757 1712 994 1780 Iezabel,
1027 1725 1156 1784 quae
1190 1725 1250 1766 se
1296 1710 1433 1766 dicit
1469 1709 1762 1782 prophetas
1804 1710 2011 1779 docere,
2042 1724 2099 1772 et

442 1808 695 1868 seducere
719 1816 905 1861 servos
938 1815 1105 1869 meos,
1135 1800 1412 1871 fornicari
1434 1807 1488 1856 et
1519 1798 1857 1856 manducare
1880 1800 1948 1857 de
1976 1801 2095 1858 ido-

442 1897 686 1973 lothytis.
717 1894 784 1950 Et
811 1891 941 1949 dedi
973 1890 1064 1947 illi
1110 1897 1318 1961 tempus
1364 1896 1425 1944 ut
1465 1889 1845 1961 paenitentiam
1886 1898 2091 1959 ageret,

436 1994 493 2046 et
514 2001 627 2044 non
648 1983 768 2041 vult
792 1981 1055 2055 patrima
1071 1995 1111 2034 α
1123 1977 1488 2051 fornicatione
1513 1993 1636 2032 sua.
1655 1977 1792 2033 Ecce
1819 1993 1918 2047 ego
1933 1980 2091 2036 mitto

437 2092 561 2135 eam
591 2076 652 2130 in
681 2072 900 2138 lectum,
930 2077 983 2126 et
1024 2069 1122 2142 qui
1165 2065 1506 2123 mcharatur
1529 2082 1657 2121 cum
1679 2082 1746 2122 ea
1774 2067 1837 2122 in
1862 2066 2091 2123 tributa-

439 2166 643 2223 tionem
657 2161 982 2228 mazirnam,
996 2158 1114 2214 nisi
1131 2157 1508 2228 prandentium
1521 2157 1735 2225 egerint
1749 2155 1818 2212 ab
1836 2156 2089 2228 operibus

435 2255 574 2320 suis,
604 2258 659 2308 et
683 2249 828 2322 ﬁlios
863 2248 981 2319 ejus
1028 2245 1367 2316 inter/ictam
1418 2246 1481 2299 in
1532 2252 1780 2312 mortem,
1810 2251 1865 2300 et
1914 2247 2091 2302 scient

437 2356 624 2400 manes
650 2337 924 2403 Ecclesia,
937 2332 1071 2408 quia
1097 2349 1194 2403 ego
1218 2349 1343 2388 sum
1369 2340 1618 2388 scrutans
1641 2348 1797 2389 rencs
1823 2340 1875 2389 et
1897 2333 2079 2402 corda,

435 2438 490 2489 et
540 2429 679 2485 dabo
733 2425 1032 2497 unicuique
1083 2420 1380 2478 secundum
1429 2437 1595 2494 opera
1644 2437 1749 2477 sua
1791 2421 1975 2495 (Apoc.
2015 2437 2078 2490 ιι,

434 2516 642 2590 23-23).
663 2516 778 2572 Eos
807 2516 1003 2570 autem
1024 2509 1125 2584 qui
1156 2510 1519 2583 redarguunt
1544 2509 2085 2584 iniquitatem,quia

435 2602 780 2681 bujusmodi
817 2616 933 2659 non
969 2598 1366 2668 consentiunt,
1388 2597 1600 2655 blande
1626 2598 1965 2656 consolatur
1991 2601 2079 2656 di-

437 2712 576 2755 cens
596 2711 613 2751 :
637 2694 760 2751 Scio
786 2691 1199 2749 tribulationem
1231 2695 1387 2744 tuam
1411 2696 1465 2744 et
1493 2696 1871 2761 paupertatem
1902 2697 2076 2758 utar»,

432 2784 525 2845 sed
558 2783 739 2851 dives;
765 2789 818 2838 et
865 2778 1259 2851 blasphemaris
1285 2778 1355 2833 ab
1383 2777 1469 2833 his
1496 2778 1595 2850 qui
1635 2793 1692 2833 se
1739 2777 1932 2835 dicunt
1974 2782 2077 2836 Ju-

432 2875 577 2932 (ἠως
609 2887 739 2941 esse,
773 2876 827 2927 ct
878 2884 991 2926 non
1035 2873 1183 2935 sunt,
1212 2866 1307 2924 sed
1344 2873 1475 2923 sunt
1513 2882 1796 2940 synagoga
1833 2867 2074 2925 Satanaz.

432 2960 588 3022 Nihil
618 2963 817 3019 hortm:
841 2959 1034 3015 tivam
1063 2970 1190 3030 quae
1218 2971 1486 3028 passurus
1528 2971 1603 3012 es.
1634 2956 1767 3012 Ecce
1807 2959 2080 3014 missurus

431 3061 509 3112 est
535 3050 787 3109 diabolus
829 3048 1045 3120 aliquos
1071 3061 1142 3102 ea:
1191 3045 1344 3102 vobis
1373 3046 1435 3101 in
1478 3061 1770 3115 carcerem,
1802 3052 1866 3104 ut
1909 3054 2079 3104 tente-

432 3143 610 3209 mini;
636 3147 691 3197 et
715 3137 984 3194 habebitis
1027 3135 1441 3191 tribulationem
1484 3133 1675 3190 diebus
1723 3134 1923 3192 decem.
1954 3136 2078 3193 Esto

432 3230 621 3304 fidelis
646 3240 814 3301 usque
839 3224 909 3281 ad
938 3231 1185 3293 mortem,
1217 3231 1273 3279 et
1294 3222 1432 3280 dabo
1474 3224 1582 3279 tibi
1615 3239 1875 3281 coronam
1898 3226 2031 3283 vita
2057 3245 2077 3281 :

2202 645 2283 703 lio
2301 647 2622 720 abjicerent
2639 665 2777 706 eum
2798 647 2848 706 si
2868 653 3108 724 negaret
3130 649 3444 707 emendare
3475 667 3559 709 se.
3604 651 3855 725 Cognito

2203 735 2360 792 enim
2404 752 2575 808 opere
2621 735 3117 811 isto,pellendum
3163 735 3333 793 illum
3378 735 3564 794 fuisse
3594 736 3667 794 de
3692 741 3852 795 cestu

2204 823 2585 882 fraternitatis
2615 825 2759 883 dicit
2790 825 3131 899 Apostolus;
3162 840 3368 883 omnes
3413 824 3572 883 enim
3620 825 3853 883 crimen

2201 914 2330 985 ejus
2360 913 2640 984 sciebant,
2663 918 2723 972 et
2751 931 2869 972 non
2898 915 3263 988 arguebant:
3297 912 3533 988 publice
3560 914 3721 972 enim
3751 932 3857 975 uo-

2201 1019 2432 1060 vercam
2461 1020 2632 1061 suam
2660 1003 2788 1063 loco
2818 1003 3015 1062 uxoris
3044 1004 3317 1063 habebat.
3336 1003 3403 1061 In
3430 1018 3550 1078 qua
3576 1021 3641 1062 re
3659 1020 3859 1079 neque

2202 1091 2453 1150 testibus
2481 1110 2630 1167 opus
2659 1097 2804 1163 erat,
2826 1110 3014 1167 neque
3031 1092 3509 1167 tergiversatione
3526 1092 3729 1168 aliqua
3754 1110 3861 1168 po-

2206 1185 2352 1238 terat
2377 1182 2495 1256 tegi
2524 1182 2768 1240 crimen.
2794 1183 2907 1254 Ego
2932 1183 3153 1257 quidem
3188 1181 3346 1241 sicut
3382 1182 3577 1241 absens
3602 1196 3856 1257 corpore,

2202 1284 2445 1343 premens
2472 1279 2657 1330 autem
2691 1274 2913 1346 spiritu,
2943 1271 3002 1329 id
3030 1276 3121 1329 est
3148 1272 3363 1329 absens
3394 1272 3561 1341 facie,
3592 1289 3857 1346 prosam

2203 1363 2401 1416 autem
2447 1360 2794 1418 auctoritate
2835 1359 3102 1434 spiritus,
3150 1359 3254 1433 qui
3305 1375 3602 1433 nusquam
3658 1359 3857 1429 abest,

2192 1449 2317 1522 jam
2335 1449 2607 1522 judicavi,
2627 1458 2690 1507 ut
2725 1464 2992 1524 presens,
3011 1465 3139 1507 eum
3165 1450 3265 1522 qui
3288 1449 3389 1507 hoc
3414 1447 3644 1507 admisit
3662 1448 3857 1521 (ibid.,

2201 1535 2317 1605 3).»
2338 1536 2444 1594 llic
2472 1537 2892 1595 advertendum
2913 1540 3024 1606 est,
3044 1536 3188 1610 quia
3215 1535 3553 1610 quicunque
3576 1534 3863 1594 criminor

2201 1624 2285 1682 lia
2311 1625 2553 1683 admisit
2581 1630 2837 1700 peccata,
2861 1627 3018 1684 unde
3036 1626 3166 1698 jam
3188 1629 3333 1685 sunt
3358 1623 3676 1683 terminata
3693 1623 3865 1699 judi-

2203 1715 2296 1772 eia
2340 1716 2414 1773 ab
2460 1713 2582 1773 illis
2609 1714 2825 1773 Christi
2870 1715 3131 1790 organis,
3151 1713 3251 1788 qui
3278 1728 3420 1773 cum
3466 1713 3571 1772 illo
3610 1713 3679 1771 in
3705 1713 3859 1771 calo

2203 1808 2470 1879 regnant,
2491 1808 2550 1860 et
2574 1803 2637 1860 in
2663 1803 2837 1862 terris
2857 1803 3160 1863 miraculis
3179 1806 3512 1873 coruscant,
3532 1803 3690 1877 apud
3710 1819 3861 1879 quo-

2204 1906 2335 1949 rum
2357 1896 2621 1950 mortuos
2651 1896 2862 1951 natura
2877 1892 3124 1960 cineres,
3141 1893 3244 1950 sed
3275 1896 3388 1949 Deo
3408 1891 3589 1960 vivos,
3610 1891 3860 1951 marito-

2200 1998 2332 2038 rum
2363 1981 2665 2039 miraculis
2693 1982 3134 2039 demonstratur
3167 1981 3309 2055 quia
3342 1980 3520 2039 etiam
3570 1980 3632 2038 in
3675 1978 3861 2039 dictis

2197 2076 2256 2128 et
2283 2071 2410 2128 suis
2438 2069 3011 2145 promulgationibus
3033 2069 3256 2137 vivunt,
3275 2070 3405 2143 jam
3426 2068 3681 2142 judicati
3712 2074 3861 2127 sunt

2196 2165 2256 2218 et
2282 2160 2396 2218 nisi
2428 2159 2829 2234 paenitentiam
2857 2159 3105 2233 egerint,
3129 2158 3511 2233 praedamnati
3536 2174 3553 2215 :
3575 2158 3859 2232 quamvis

2194 2249 2406 2306 inertia
2430 2255 2650 2319 nostra,
2672 2267 2762 2319 ea,
2785 2249 2858 2306 ad
2883 2264 3015 2322 qua:
3041 2247 3296 2307 ordinati
3326 2252 3385 2307 et
3410 2247 3717 2307 constituti
3750 2264 3855 2305 eu-

2193 2355 2348 2408 mus,
2373 2337 2434 2394 in
2466 2342 2664 2396 nostro
2694 2342 2754 2395 et
2780 2337 2952 2394 nobis
2983 2337 3436 2395 commissorum
3468 2335 3730 2411 periculo
3751 2352 3857 2394 ex-

2191 2427 2357 2502 sequi
2386 2427 2776 2502 negliuamus.
2800 2426 2965 2484 Unde
2985 2443 3240 2500 magnus
3269 2427 3387 2484 Leo
3414 2442 3569 2500 papa
3595 2426 3670 2484 ad
3699 2426 3857 2485 Ana-

2187 2517 2397 2575 tolium
2406 2517 2661 2575 Constan
2668 2515 3119 2591 tinopolitanum
3132 2515 3476 2590 episcopum
3495 2515 3752 2589 loquens
3764 2516 3843 2573 de

2185 2610 2388 2665 sancto
2414 2607 2647 2664 Niceno
2674 2604 2941 2678 concilio,
2969 2604 3127 2678 quod
3155 2608 3216 2662 et
3241 2604 3316 2661 de
3342 2603 3474 2661 aliis
3502 2603 3839 2679 intelligen-

2185 2698 2330 2754 dum
2352 2697 2499 2753 ﬁdes
2516 2698 2676 2752 tenet
2694 2691 3010 2759 Catholica,
3023 2690 3228 2749 scribit
3241 2692 3421 2766 (epist.
3433 2691 3593 2767 56):«
3612 2691 3840 2759 Sancti.

2184 2784 2480 2858 inquiens,
2511 2781 2599 2839 illi
2629 2786 2688 2839 et
2712 2778 3072 2838 venerabiles
3102 2779 3323 2848 Patres,
3344 2778 3447 2853 qui
3476 2779 3538 2836 in
3570 2779 3717 2837 urbe
3746 2779 3844 2836 Ni-

2186 2890 2366 2941 cena,
2396 2870 2682 2945 sacrilego
2706 2869 2844 2927 Ario
2873 2885 3012 2927 cum
3048 2885 3159 2927 sua
3206 2867 3511 2942 impietate
3533 2868 3851 2942 damnato,

2186 2977 2500 3019 mansuras
2522 2976 2712 3034 usque
2738 2959 2802 3016 in
2831 2959 3008 3016 ﬁnem
3050 2957 3261 3017 mundi
3298 2955 3457 3030 leges
3484 2956 3847 3017 ecclesiasti-

2186 3068 2391 3110 carum
2409 3065 2705 3107 canonum
2722 3047 3135 3114 condiderunt,
3147 3051 3205 3104 et
3222 3046 3378 3121 apud
3402 3062 3531 3118 nos,
3555 3050 3615 3104 et
3634 3045 3697 3103 in
3718 3050 3843 3104 ωιο

2186 3141 2327 3198 orbe
2352 3143 2665 3206 terrarum,
2688 3136 2749 3193 in
2779 3135 2907 3194 suis
2927 3134 3450 3193 constitutionibus
3464 3134 3692 3208 vivunt,
3709 3136 3843 3195 etsi

2189 3227 2332 3302 quid
2363 3243 2613 3302 nsquam
2645 3225 2815 3283 aliter
2831 3240 3012 3298 quam
3041 3222 3129 3283 illi
3153 3227 3412 3283 statuam
3438 3223 3842 3297 pruumitur,

435 3295 534 3393 qui
578 3295 790 3384 vicerit,
818 3330 931 3371 non
981 3312 1214 3370 τριάδων
1259 3328 1296 3367 a
1338 3319 1512 3368 morte
1551 3313 1788 3369 secunda
1814 3313 1998 3386 (ibid.,
2020 3313 2076 3383 9,

2198 3295 2318 3376 sine
2364 3295 2737 3374 cunctatione
2780 3295 3070 3381 cessatur,
3112 3317 3178 3371 ut
3220 3328 3351 3386 qua
3401 3295 3475 3371 ad
3522 3312 3845 3373 utilitatem

438 3406 548 3480 ιο).
572 3405 676 3462 llis
703 3420 859 3475 vero,
883 3401 985 3474 qui
1017 3400 1361 3457 auctoritate
1401 3398 1645 3467 ordinis,
1668 3404 1773 3457 aut
1801 3401 2085 3474 dignitate

436 3491 767 3569 potestatis,
796 3489 887 3547 vel
934 3485 1275 3544 fortitudine
1319 3486 1574 3555 virtutis,
1620 3487 1723 3543 tali
1768 3489 1918 3546 facto
1968 3507 2083 3547 non

436 3585 689 3658 possunt
716 3579 1008 3646 resistere,
1029 3575 1287 3633 consulit
1308 3575 1505 3632 divina
1532 3576 1860 3646 clementia,
1883 3579 2084 3637 dicens

438 3677 501 3734 in
529 3671 735 3731 eadem
762 3665 1109 3743 Apocalypsi
1142 3682 1157 3724 :
1192 3667 1347 3723 Vobis
1376 3674 1560 3723 autem
1597 3667 1717 3724 dico
1752 3671 1965 3726 autem
1989 3671 2088 3742 qui

444 3764 728 3839 Thyatira
769 3761 901 3818 estis
928 3777 950 3814 :
987 3757 1308 3829 Quicunque
1358 3772 1473 3813 non
1525 3757 1724 3814 habent
1778 3757 2093 3814 doctrinam

437 3857 600 3923 hanc,
623 3853 722 3926 qui
735 3866 850 3908 non
876 3853 1241 3919 mgnoverunt
1266 3846 1619 3902 altitudinem
1641 3847 1885 3912 Satanaz,
1906 3864 2088 3919 quem-

437 3940 731 4001 admodum
750 3940 964 4005 dicunt,
981 3952 1096 3992 non
1111 3936 1332 3991 mittam
1354 3950 1519 4006 super
1536 3951 1625 3990 vos
1655 3935 1813 3990 aliud
1828 3935 2044 4006 pondus
2066 3953 2085 3990 :

438 4041 622 4090 tamen
651 4029 709 4086 id
737 4027 878 4101 quod
921 4027 1129 4082 habetis
1178 4031 1369 4092 tenete,
1400 4023 1568 4080 donec
1610 4025 1846 4080 veniam.
1876 4024 1943 4079 Et
1990 4026 2089 4096 qui

437 4120 654 4192 vicerit,
683 4125 736 4175 et
769 4117 867 4190 qui
909 4113 1226 4171 custsdierit
1248 4127 1418 4185 usque
1445 4114 1509 4168 in
1533 4113 1711 4183 finem
1753 4128 1919 4183 opera
1942 4128 2084 4181 mea,

437 4208 580 4266 dabo
610 4207 705 4263 illi
726 4211 1047 4278 potestatem
1071 4217 1239 4274 super
1264 4209 1466 4269 gentes,
1490 4208 1541 4256 et
1571 4207 1721 4269 reget
1739 4200 1872 4257 illas
1900 4202 1961 4256 in
1979 4202 2090 4256 vir-

439 4314 511 4370 ga
538 4298 753 4369 ferrea;
782 4301 1047 4366 tanquam
1080 4307 1176 4347 vas
1204 4290 1377 4360 rigidi
1400 4290 1840 4362 conﬁingcntur,
1871 4291 2013 4346 sicut
2037 4298 2092 4347 et

439 4402 539 4457 ego
566 4385 751 4456 arrepi
775 4400 811 4438 α
827 4382 995 4438 Patre
1018 4396 1156 4448 meo,
1188 4387 1240 4436 et
1262 4379 1402 4434 dabo
1422 4378 1515 4434 illi
1529 4378 1745 4434 stellam
1759 4380 2092 4436 matutinum

440 4471 861 4546 (ibid.,2!~28).
882 4470 956 4528 Et
1000 4473 1240 4526 sanctus
1268 4465 1613 4523 Ambrosius
1660 4467 1721 4523 in
1769 4467 2087 4540 Epistolam

443 4562 516 4622 ad
547 4558 880 4618 Corinthios
902 4558 1048 4615 dicit
1073 4575 1123 4614 :«
1148 4556 1207 4614 Si
1239 4555 1373 4629 quis
1392 4558 1738 4628 potestatem
1769 4573 1883 4612 non
1917 4557 2095 4614 habet

2193 3410 2531 3483 perpetuam
2554 3403 2903 3479 generaliter
2925 3403 3194 3461 instituta
3216 3405 3376 3472 sunt,
3398 3400 3564 3461 nulla
3578 3416 3850 3459 commu-

2191 3497 2411 3555 tatione
2437 3495 2755 3561 varientur,
2778 3510 2884 3550 nec
2913 3493 2987 3550 ad
3026 3492 3314 3566 privatam
3344 3491 3654 3549 trahantur
3681 3506 3845 3551 com-

2195 3588 2436 3644 modum
2467 3603 2594 3660 quae
2622 3584 2697 3642 ad
2724 3584 2947 3640 bonum
2984 3587 3125 3640 sunt
3153 3594 3467 3639 commune
3495 3582 3751 3656 prolixa.
3779 3604 3811 3632 »ο

2265 3675 2369 3732 His
2395 3673 2647 3746 denique
2677 3670 3000 3746 perpensis,
3021 3674 3080 3728 et
3108 3670 3261 3739 aliis,
3283 3686 3415 3743 quin
3442 3675 3681 3744 propter
3708 3689 3848 3744 pro-

2193 3764 2478 3821 lixitatem
2507 3761 2821 3820 omisimus
2848 3777 3095 3834 ponere,
3123 3763 3464 3818 sanctarum
3508 3758 3847 3832 Scriptum-

2195 3870 2350 3926 rum,
2371 3856 2429 3909 et
2456 3849 2793 3925 regularum
2812 3848 3341 3907 ecclesiasticarum
3364 3848 3845 3917 auctoritatibus,

2193 3941 2559 3999 considerato
2587 3939 2763 3996 etlam
2795 3937 3054 4011 periculo
3073 3937 3326 4012 quisque
3346 3954 3475 4009 suo,
3494 3937 3600 3994 sed
3620 3940 3681 3995 et
3698 3935 3751 3994 is
3768 3938 3850 3995 de

2195 4047 2312 4104 quo
2327 4028 2540 4102 agitur,
2553 4029 2625 4085 ad
2645 4046 2708 4085 se
2724 4027 2942 4098 redeat,
2956 4031 3015 4083 et
3027 4030 3132 4084 aut
3147 4030 3348 4083 actum
3365 4040 3543 4085 suum
3558 4025 3771 4083 rationi
3786 4030 3851 4083 et

2195 4117 2527 4176 auctoritati
2547 4115 2847 4173 evidenter
2857 4115 3211 4173 concordem
3223 4114 3604 4183 danaustret,
3625 4130 3699 4171 ne
3716 4115 3733 4170 i
3740 4132 3849 4188 pse

2197 4223 2466 4281 peccans,
2485 4204 2640 4263 sicut
2666 4206 2739 4261 de
2766 4205 3077 4262 Jeroboam
3108 4203 3412 4276 Scriptura
3428 4203 3573 4261 dicit
3590 4203 3697 4277 (HI
3714 4204 3846 4274 Reg.

2196 4298 2318 4366 xu),
2332 4295 2488 4351 unde
2507 4293 2744 4368 gravius
2764 4296 2945 4349 Deum
2958 4291 3204 4349 offendit
3216 4291 3366 4349 alios
3384 4306 3626 4366 peccare
3645 4291 3849 4363 iaciat,

2197 4388 2300 4442 aut
2324 4383 2569 4442 salutari
2585 4381 2830 4440 consilio
2847 4385 2906 4439 et
2931 4381 3263 4439 auctoritati
3282 4380 3657 4455 divinar,quia
3676 4380 3857 4439 aliter

2198 4472 2409 4531 salvari
2436 4489 2557 4530 non
2599 4475 2809 4546 potest,
2840 4486 2904 4528 se
2940 4470 3174 4540 subdat,
3204 4474 3265 4528 et
3290 4470 3671 4529 considerans
3697 4486 3848 4543 quo-

2200 4563 2359 4619 niam
2388 4558 2781 4620 adolescentia
2807 4564 2866 4617 et
2892 4558 3160 4632 voluptas
3186 4576 3336 4617 vana
3362 4561 3522 4628 sunt,
3556 4576 3660 4632 pro
3685 4558 3856 4616 breui

442 4664 619 4727 quem
649 4649 765 4706 scit
812 4664 978 4706 reum
1027 4646 1299 4718 abjlcere,
1331 4647 1445 4700 aut
1463 4643 1708 4716 probare
1751 4660 1870 4702 non
1916 4645 2109 4720 valet,.
2121 4662 2179 4732 υ
2198 4656 2259 4709 et
2283 4650 2500 4708 misera
2526 4648 2930 4717 delectatione,
2951 4647 3092 4721 quia
3104 4649 3347 4722 pretimn
3363 4649 3533 4706 scorti
3548 4649 3648 4705 sic
3673 4650 3861 4706 unius

442 4740 729 4799 immunis
775 4741 866 4796 est
896 4753 910 4793 :
943 4741 1004 4795 et
1032 4734 1255 4809 judicia
1286 4749 1399 4789 non
1430 4736 1522 4788 est
1574 4732 1703 4789 sine
1753 4740 2099 4795 accusatore
2197 4750 2281 4799 est
2318 4743 2482 4814 panis
2531 4740 2716 4810 (Prov.
2746 4755 2826 4808 v1,
2852 4738 2968 4812 26),
2998 4755 3116 4794 non
3161 4738 3261 4795 det
3306 4736 3514 4796 allmis
3561 4737 3851 4796 honorem

445 4829 597 4889 ’τοι
627 4829 930 4895 damnare,
964 4824 1105 4898 quia
1141 4825 1200 4879 et
1252 4818 1533 4877 Dominus
1559 4818 1796 4890 Judam,
1828 4838 1966 4878 cum
1998 4823 2094 4879 fur

442 4923 619 4987 esset,
660 4918 801 4992 quia
859 4932 973 4972 non
1033 4916 1124 4969 est
1180 4913 1512 4976 accusatus,
1557 4908 1799 4965 minime
1855 4911 2088 4983 abjccit.

444 5006 605 5064 Hanc
631 5011 830 5064 autem
857 5001 1289 5061 excusationem
1316 5002 1451 5054 ante
1471 4998 1657 5054 Deum
1680 5000 2013 5056 sacerdotes
2034 5006 2097 5059 et

444 5096 742 5170 principes
759 5111 826 5151 ac
851 5091 1137 5166 primores
1156 5094 1323 5146 terra:
1350 5087 1567 5143 habere
1596 5102 1711 5142 non
1742 5092 2035 5160 poterunt.
2060 5112 2092 5141 »

446 5182 611 5242 Unde
637 5189 695 5241 et
735 5183 925 5240 isdem
970 5180 1180 5236 beatus
1214 5174 1560 5232 Ambrosius
1608 5174 1667 5230 in
1714 5176 1920 5232 eodem
1967 5177 2093 5235 loco

444 5272 716 5346 Epistolas
753 5271 899 5329 dicit
921 5286 934 5327 :
956 5270 1021 5326 Et
1050 5284 1140 5324 vos
1168 5266 1350 5338 inﬂati
1374 5266 1525 5330 estis,
1554 5271 1607 5320 et
1644 5280 1758 5321 non
1790 5267 1977 5335 magis
2005 5268 2097 5322 lu-

447 5369 595 5419 ctum
620 5361 907 5429 habuistis,
946 5366 1010 5416 ut
1053 5357 1330 5414 tolleretur
1372 5353 1440 5410 de
1492 5353 1670 5409 medio
1718 5361 1955 5410 vestmm
1999 5359 2098 5429 qui

450 5449 552 5508 hoc
595 5464 728 5523 opus
763 5451 892 5521 fecit
917 5449 967 5519 (1
996 5448 1116 5503 Cor.
1138 5464 1195 5515 ν,
1225 5450 1301 5512 2).
1326 5468 1353 5493 α
1389 5442 1758 5515 Superbiam,
1789 5442 2084 5516 inquiens,

447 5537 683 5599 illorum
714 5539 773 5594 in
804 5543 1033 5596 tantum
1082 5533 1375 5602 humiliat,
1411 5537 1477 5588 ut
1522 5548 1638 5587 non
1668 5532 1945 5604 querulos
1965 5535 2091 5606 jam

448 5626 551 5686 sed
583 5626 772 5701 magis
792 5625 1088 5700 supplices
1109 5625 1300 5681 faciat.
1322 5624 1503 5679 Erant
1518 5620 1675 5677 enim
1696 5625 1756 5676 et
1777 5619 1890 5694 ipsi
1913 5626 2093 5696 parti-

450 5715 630 5793 cipes,
653 5717 795 5775 dum
824 5718 1160 5791 paterentur
1187 5728 1352 5772 mum
1382 5715 1506 5767 tam
1537 5709 1793 5782 ingentis
1821 5711 2097 5775 facinoris

2199 4847 2396 4899 suum,
2416 4832 2478 4886 et
2502 4845 2691 4885 annos
2718 4844 2861 4884 suos
2878 4826 3122 4895 crudeli,
3146 4844 3252 4884 nec
3278 4827 3381 4885 det
3405 4842 3645 4885 carnem
3672 4844 3851 4885 suam

2200 4925 2267 4976 ut
2294 4934 2534 4992 peccare
2580 4917 2757 4974 faciat
2810 4917 3068 4973 animam
3117 4924 3308 4989 suam,
3338 4934 3531 4992 neque
3573 4917 3855 4975 exhibaat

2203 5009 2356 5067 τοι
2384 5006 2651 5063 membra
2675 5022 2785 5063 sua
2826 5022 2993 5064 arma
3035 5005 3366 5080 iniquitatis
3408 5010 3647 5080 peccato
3662 5008 3846 5076 (Rom.

2199 5114 2278 5168 vn,
2308 5096 2418 5167 13),
2438 5099 2498 5152 et
2513 5099 2712 5168 gemat
2730 5095 2792 5152 in
2813 5095 3172 5169 novissimis,
3184 5097 3420 5169 quando
3448 5110 3857 5170 comem

2202 5186 2279 5243 rit
2305 5200 2511 5243 carnes
2535 5189 2594 5242 et
2628 5201 2841 5259 corpus
2884 5198 3081 5256 suum,
3104 5187 3341 5260 quando
3384 5187 3701 5244 emendare
3727 5199 3851 5244 non

2202 5272 2433 5349 poterit,
2464 5290 2600 5331 cum
2647 5273 2847 5331 anima
2870 5290 3003 5348 qua
3049 5292 3153 5349 per
3176 5290 3391 5350 corpus
3416 5274 3603 5349 gessit
3629 5279 3853 5334 cuncta

2203 5364 2443 5422 reddere
2470 5363 2870 5438 compellatur.
2903 5364 3116 5438 Sicque
3154 5365 3419 5440 cogitans
3443 5365 3569 5422 vias
3597 5382 3761 5431 suas,
3788 5369 3863 5422 et

2202 5456 2542 5510 convertens
2572 5452 2749 5526 pedes
2774 5469 2915 5509 suos
2936 5453 2997 5508 in
3019 5454 3357 5512 testimonia
3375 5453 3630 5526 Domini,
3648 5453 3725 5510 de
3752 5453 3863 5525 hi,

2203 5560 2331 5617 qum
2361 5558 2665 5616 perperam
2693 5541 2832 5614 egit,
2865 5558 2970 5614 per
2996 5542 3208 5617 dignos
3237 5543 3588 5618 pauitantia
3618 5544 3859 5601 fructu-

2203 5632 2448 5690 Domino
2469 5637 2526 5689 et
2542 5629 2811 5688 Ecclesiae
2839 5632 3182 5702 satisfaciat,
3204 5638 3263 5690 et
3280 5633 3353 5690 de
3368 5638 3575 5690 cetera
3602 5646 3859 5707 gress-

2203 5739 2343 5780 suos
2363 5720 2579 5795 dirigat
2606 5720 2931 5778 secundum
2952 5722 3186 5796 eloquia
3205 5723 3437 5781 Domini
3469 5738 3572 5796 per
3592 5723 3854 5796 gratiam
