4204 6456
483 405 594 468 τις

1413 400 1796 462 lllNCMAlll
1841 392 2312 460 RHEMENSES
2361 393 2949 496 AltCillEPISCDPI

3763 391 3888 450 772

479 537 673 594 locum
719 535 1008 608 primatus
1056 533 1369 590 habiturus
1417 538 1525 590 est.
1581 533 1798 590 Omnes
1849 545 2124 601 namque,
2155 528 2212 595 Α
2239 527 2338 599 qui
2369 526 2508 582 foris
2538 531 2702 593 sunt,
2733 527 3033 599 proferens
3061 525 3459 585 doctrinarum
3492 523 3725 581 ﬁdelem
3759 539 3888 579 ser-

479 641 861 699 quoscunque
886 626 1216 696 peccatores
1247 623 1358 678 sub
1390 639 1453 678 se
1482 622 1541 678 in
1591 619 1861 694 prmsenti
1901 619 2130 686 habuit,

477 729 659 788 supra
705 729 768 770 se
814 711 988 768 modo
1039 709 1277 784 plagali,
1319 711 1378 766 in
1431 700 1532 767 illa
1580 711 1780 766 futura
1811 709 1998 781 'pcena
2027 709 2131 764 ha-

477 801 663 858 bebit.

545 891 702 963 (Cap.
727 891 841 958 l0.)
859 887 1172 946 «Decimus
1206 887 1510 944 ahusionis
1547 888 1766 960 gradus
1787 890 1876 942 est
1903 886 2128 959 episco-

477 995 590 1051 pus
617 975 1043 1050 negligens,qui
1059 977 1277 1050 gradus
1289 976 1379 1032 sui
1396 975 1672 1032 honorem
1697 974 2128 1031 interhomines

478 1065 745 1138 requirit,
769 1065 868 1120 sed
905 1063 1214 1120 ministerii
1245 1065 1338 1120 sui
1384 1065 1729 1138 dignitatem
1760 1081 1956 1120 coram
1989 1063 2124 1120 Deo:

478 1171 584 1228 pro
613 1170 731 1226 quo
768 1152 1058 1226 legatione
1088 1153 1372 1226 fungitur,
1409 1169 1522 1208 non
1554 1153 1831 1209 custodit.
1867 1152 2127 1208 Primum

479 1255 737 1312 namque
789 1240 862 1296 ab
910 1239 1204 1313 episcopo,
1239 1240 1378 1314 quid
1437 1239 1528 1296 sui
1576 1239 1832 1297 nominis
1869 1240 2130 1312 dignitas

474 1331 653 1396 tenet,
678 1328 1030 1400 inquiratur.
1044 1327 1330 1394 Quoniam
1353 1328 1682 1401 episcopus,
1707 1345 1842 1384 cum
1861 1329 2126 1386 Graecum

473 1433 688 1474 nomen
719 1415 1135 1487 sit,speculator
1169 1416 1812 1489 interpretatur.0uare
1837 1434 1972 1473 vero
2001 1433 2126 1490 spe-

399 1505 408 1516 '
473 1504 701 1561 culator
731 1503 988 1576 ponitur,
1017 1508 1076 1560 et
1105 1503 1246 1576 quid
1296 1521 1332 1560 a
1373 1505 1736 1577 speculatore
1772 1506 2123 1578 requiritur,

474 1593 760 1650 Dominus
783 1592 908 1666 ipse
928 1592 1348 1658 denudat,cum
1369 1593 1482 1649 sub
1495 1593 1811 1650 Ezechielis
1833 1594 2125 1666 prophetae

475 1698 722 1756 persona
741 1681 1014 1754 episeopo
1046 1679 1221 1736 ollicii
1246 1679 1338 1736 sui
1370 1681 1656 1738 rationem
1689 1682 2016 1750 denuntiat,
2045 1681 2127 1737 ita

474 1769 744 1842 inquiens
777 1786 792 1824 :
825 1768 1229 1842 Speculator-em
1277 1769 1404 1824 dedi
1453 1776 1503 1825 te
1555 1769 1746 1826 domui
1802 1771 1989 1826 Israel.
2013 1770 2123 1826 Au-

2239 633 2504 680 monom;
2535 620 2672 671 ante
2699 615 3102 688 episcopatum
3135 631 3247 670 non
3281 613 3479 686 plures
3507 613 3734 669 habens
3755 627 3892 667 uxo-

2241 720 2529 778 rcsqnam
2553 721 2765 773 uuam;
2800 721 2914 760 non
2955 719 3284 775 percussor,
3304 718 3419 758 non
3452 699 3888 773 bilinguis,non

2237 793 2530 860 ebriosus,
2560 810 2675 849 non
2729 792 3078 864 neophytus,
3113 796 3186 847 ut
3225 807 3328 864 per
3370 789 3493 846 haec
3541 789 3666 862 ipse
3721 787 3890 861 prius

2237 883 2510 939 ostendat
2528 883 2588 940 in
2603 898 2798 956 opere,
2821 882 2977 954 quod
3013 880 3162 938 alios
3191 881 3359 936 docet
3387 879 3449 934 in
3480 894 3750 934 sermone
3783 877 3887 934 do-

2237 969 2437 1027 ctrinaa
2468 971 2518 1044 (ι
2565 972 2700 1027 Tim.
2746 986 2834 1040 ιιι,
2862 973 2998 1039 2-7).
3043 968 3296 1024 Caveant
3337 983 3476 1040 ergo
3524 965 3888 1039 negligentes

2235 1059 2517 1132 episcopi,
2548 1059 2703 1130 quod
2737 1057 2796 1114 in
2828 1062 3089 1132 tempore
3135 1056 3404 1114 vindictas
3456 1055 3740 1110 Dominus
3783 1071 3890 1128 per

2238 1148 2582 1220 prophetam
2599 1146 2980 1220 conqueritur
2999 1165 3014 1204 :
3038 1151 3287 1206 Putares
3312 1145 3480 1202 multi
3496 1143 3743 1200 demoliti
3757 1152 3890 1200 sunt

2232 1236 2498 1308 populum
2523 1252 2705 1291 meum
2735 1237 2863 1305 (Jer.
2895 1236 3018 1306 xu),
3046 1239 3105 1291 et
3135 1251 3254 1292 non
3271 1233 3589 1308 pascebant
3619 1238 3886 1304 pastores

2234 1341 2448 1396 gregem
2493 1341 2696 1394 meum,
2754 1323 2847 1381 sed
2907 1323 3202 1396 pascebant
3269 1331 3514 1396 pastores
3575 1323 3888 1393 metipsos

2235 1410 2449 1484 (Exech.
2479 1417 2690 1481 xxxxv).
2725 1413 2835 1468 Sed
2864 1411 3059 1486 potius
3098 1415 3414 1485 procurent
3441 1409 3525 1479 hi,
3551 1425 3704 1484 quos
3742 1425 3884 1466 con-

2235 1501 2430 1558 stituit
2459 1501 2746 1558 Dominus
2765 1518 2946 1574 supra
2966 1500 3250 1556 familiam
3282 1516 3472 1566 snam,
3493 1499 3636 1555 dare
3662 1497 3782 1558 illis
3806 1497 3889 1556 ci-

2235 1593 2376 1648 bum
2427 1591 2486 1646 in
2536 1595 2798 1664 tempore
2845 1607 2952 1646 suo
2998 1604 3334 1646 mensuram
3367 1586 3545 1643 tritici
3576 1587 3727 1659 (Luc.
3758 1586 3884 1659 ιιι),

2235 1697 2436 1753 purrm
2459 1679 2701 1744 scilicet,
2719 1683 2774 1734 et
2797 1679 3101 1752 probatam
3119 1676 3892 1748 doctrinam,quateuus,ve-

2234 1768 2428 1824 nicnte
2448 1767 2716 1834 Domino,
2743 1771 3078 1822 mereantur
3115 1763 3354 1820 audire:
3379 1764 3544 1834 Euge,
3565 1778 3722 1818 serve
3753 1763 3891 1818 bone

471 1858 626 1914 diem
654 1873 782 1926 ergo
801 1872 872 1912 ex
889 1873 984 1912 ore
1018 1871 1137 1912 meo
1173 1857 1795 1925 sermonem,nuutiabis
1814 1859 1894 1912 eis
1919 1874 1988 1912 ea:
2014 1873 2118 1912 me.
2153 1893 2202 1958 Β
2231 1865 2285 1914 et
2309 1857 2506 1930 ﬁdelis,
2521 1859 2653 1929 quia
2673 1872 2843 1927 supra
2867 1871 3038 1927 pauca
3066 1855 3226 1927 fuisti
3243 1853 3440 1924 ﬁdelis,
3452 1868 3618 1924 supra
3636 1851 3813 1907 multa
3837 1860 3892 1906 te

471 1946 536 2002 Si
561 1955 746 2002 autem
775 1945 978 1999 videris
1002 1943 1248 2016 gladium
1275 1946 1596 2008 venientem,
1611 1953 1661 2000 et
1679 1953 1741 2000 tu
1762 1961 1872 2000 non
1905 1961 2121 2000 annun-

472 2037 695 2093 tiaveris
723 2042 786 2091 ut
811 2041 1112 2090 revertatur
1140 2035 1341 2106 impius
1385 2051 1418 2088 a
1467 2036 1556 2089 via
1596 2050 1719 2094 sua.
1753 2035 1867 2106 ipse
1897 2035 2119 2106 quidem

472 2125 674 2196 impius
702 2125 763 2178 in
791 2123 1063 2194 impietate
1101 2139 1202 2178 sua
1246 2124 1531 2188 morietur,
1563 2125 1890 2194 sanguinem
1937 2131 2117 2179 autem

471 2214 589 2284 ejus
635 2211 700 2267 de
743 2227 915 2267 manu
959 2218 1054 2266 tua
1100 2211 1397 2282 requiram.
1428 2211 1492 2266 Si
1517 2220 1697 2266 autem
1725 2221 1784 2266 tu
1813 2214 2116 2267 annuntia-

474 2303 641 2367 veris,
669 2309 721 2357 et
759 2300 856 2356 ille
880 2317 994 2356 non
1018 2301 1190 2370 fuerit
1217 2315 1485 2366 reversus,
1505 2301 1620 2372 ipse
1645 2300 1865 2372 qualem
1903 2303 1964 2355 in
2003 2303 2116 2356 ini-

469 2391 674 2462 quitate
701 2405 805 2444 sua
821 2389 1104 2456 morietur,
1133 2388 1225 2444 sed
1264 2395 1324 2444 tu
1379 2389 1626 2444 animam
1671 2395 1824 2445 tuam
1869 2389 2118 2446 liberasti

468 2477 680 2547 (Ezech.
707 2493 898 2543 XXXIX,
931 2476 1145 2545 17-19).
1177 2475 1348 2532 Decet
1395 2492 1534 2550 ergo
1591 2476 1954 2550 episcopum,
1995 2495 2114 2534 om-

470 2566 636 2623 nium
659 2565 815 2622 enim
837 2564 1170 2638 speculator
1188 2553 1415 2638 positus
1433 2571 1788 2638 est,peccata
1807 2566 2118 2638 diligenter

468 2655 788 2712 intendere.
817 2653 1074 2710 Audiens
1122 2669 1280 2726 ergo,
1312 2657 1370 2708 et
1417 2657 1728 2726 postquam
1779 2655 2111 2723 attenderit,

467 2758 734 2800 sermone
755 2741 804 2798 si
829 2741 1079 2815 potuerit
1101 2747 1158 2796 et
1186 2747 1316 2796 actu
1359 2741 1670 2815 corrigere,
1685 2746 1741 2796 et
1771 2742 1818 2799 si
1857 2760 1969 2798 non
2013 2761 2113 2815 po-

463 2830 664 2903 tuerit,
679 2833 850 2903 juxta
885 2829 1180 2904 Evangelii
1212 2829 1796 2904 regulam,scelerum
1819 2831 2114 2904 operarios

463 2918 778 2976 declinare.
808 2919 872 2976 Si
919 2921 1094 2990 enim,
1117 2919 1306 2992 inquit
1353 2919 1413 2974 in
1457 2919 1785 2991 Evangelia,
1817 2923 2117 2992 peccaverit

462 3010 526 3066 in
553 3016 602 3066 te
627 3012 804 3082 fratef
831 3017 977 3078 tuus,
1011 3010 1226 3081 corripe
1253 3009 1417 3064 illum
1446 3010 1590 3065 inter
1635 3017 1684 3065 te
1730 3018 1781 3065 et
1811 3011 1992 3082 ipsum
2018 3027 2112 3068 so-

463 3098 598 3154 lum.
631 3097 696 3154 Si
721 3105 770 3154 te
799 3097 1056 3164 audierit,
1090 3099 1332 3153 lucratus
1377 3113 1435 3152 es
1480 3099 1712 3169 fratrem
1757 3106 1931 3154 tuum.
1955 3099 2018 3154 Si
2061 3107 2112 3156 te

463 3203 574 3242 non
593 3185 854 3253 audierit,
877 3187 1075 3242 adhibe
1101 3195 1277 3242 tecum
1307 3185 1485 3240 adhuc
1511 3202 1687 3241 unum
1734 3187 1818 3241 vel
1861 3186 2015 3254 duos,
2048 3196 2110 3243 ut

464 3277 526 3329 in
553 3290 647 3329 ore
673 3273 907 3330 duorum
939 3275 1023 3330 vel
1052 3281 1222 3330 trium
1250 3276 1470 3330 testium
1515 3281 1618 3329 stet
1663 3290 1820 3329 omne
1859 3277 2104 3332 verbum.
2137 3259 2180 3324 (Σ

461 3361 526 3416 Si
555 3361 682 3416 illos
708 3379 820 3418 non
850 3361 1113 3426 audierit,
1145 3361 1236 3416 dic
1262 3363 1518 3418 Ecclesiae
1547 3381 1566 3416 :
1593 3364 1646 3418 si
1674 3363 1969 3419 Ecclest
2001 3382 2111 3420 non

460 3448 723 3516 audierit,
742 3451 818 3505 sit
844 3451 948 3506 tibi
979 3451 1122 3505 sicut
1165 3450 1414 3506 ethnicus
1451 3459 1504 3506 et
1544 3451 1872 3522 publicanus
1900 3453 2105 3522 (Matth.

461 3553 624 3609 xvm,
655 3538 864 3606 l5-l7).
899 3537 1023 3593 Tali
1053 3537 1256 3593 ordine
1281 3537 1660 3610 expellendus
1688 3543 1798 3607 est,
1834 3540 1932 3613 qui
1984 3543 2106 3598 cni-

460 3641 693 3698 cunque
723 3623 945 3682 doctori
967 3623 1052 3682 vel
1075 3625 1348 3698 episcopo
1369 3625 1662 3683 adherere
1683 3631 2023 3686 contemnit.
2039 3631 2110 3688 Et

460 3712 562 3786 qui
591 3713 691 3770 tali
723 3715 926 3771 ordine
955 3715 1233 3787 expulsus
1265 3715 1458 3782 fuerit,
1493 3717 1564 3770 ab
1595 3715 1710 3772 alio
1754 3716 1950 3790 aliquo
1978 3721 2111 3776 doc-

457 3806 583 3878 tore
603 3803 722 3859 sive
743 3803 1017 3876 episcopo
1039 3803 1216 3876 recipi
1263 3821 1377 3859 non
1421 3804 1612 3860 debet.
1632 3805 1739 3870 Qui
1771 3823 1908 3878 ergo
1941 3807 2106 3864 illum

455 3891 1026 3948 excommunicatum
1057 3909 1093 3948 a
1121 3891 1424 3959 catholico,
1447 3891 1546 3947 illo
1576 3910 1689 3948 non
1716 3895 2103 3966 permittente,

455 3977 570 4036 sibi
589 3979 809 4052 jungit,
833 3981 974 4052 jura
1002 3979 1312 4036 sacerdotii
1337 3981 1545 4047 sancti,
1567 3982 1724 4053 quod
1753 3983 2108 4043 Christiano—

455 4083 588 4124 rum
618 4084 805 4140 genus
833 4067 1080 4124 electum
1109 4073 1217 4136 est,
1252 4071 1495 4126 excedit.
1529 4071 1644 4131 Hac
1685 4071 1907 4128 ratione
1951 4075 2104 4146 epis-

457 4171 672 4227 copum
703 4156 776 4210 ad
805 4157 1158 4228 eos,quibus
1180 4157 1238 4212 in
1261 4157 1717 4230 speculationem
1741 4161 1970 4232 positus
1993 4169 2102 4234 est,

456 4257 587 4300 esse
605 4247 852 4314 oportet.
867 4243 1152 4300 Ceterum
1173 4262 1327 4311 vero,
1350 4245 1544 4318 qualis
1565 4247 1624 4302 in
1647 4249 1962 4322 semetipso
1977 4267 2106 4309 esse

457 4330 757 4397 debeat,in
789 4329 915 4404 lege
945 4333 1018 4388 de
1047 4333 1346 4390 sacerdote
1368 4335 1646 4391 scribitur
1677 4354 1690 4392 :
1726 4337 1966 4395 Viduam
2010 4349 2107 4399 aut

455 4417 802 4490 repudiatum
837 4435 946 4476 non
995 4424 1232 4494 accipiat
1276 4439 1504 4479 uxorem
1545 4425 1737 4492 (Leuit.
1779 4443 1893 4494 xxi,
1923 4430 2002 4498 7).
2036 4430 2104 4486 Et

457 4505 674 4563 Paulus
701 4507 1004 4578 apostolus
1045 4511 1300 4582 exponit,
1335 4515 1398 4566 ut
1441 4512 1514 4568 ad
1564 4513 1814 4585 gradum
1843 4519 2101 4592 episcopi

454 4595 715 4664 veniens,
743 4596 820 4651 sit
862 4597 1116 4662 sobrius,
1140 4600 1416 4671 prudens,
1449 4607 1649 4658 castus
1689 4605 1945 4678 sapiens,
1976 4625 2100 4665 mo-

455 4685 680 4754 destus,
708 4690 766 4741 et
822 4684 1146 4759 hospitalis,
1175 4686 1328 4744 ﬁlios
1386 4687 1609 4747 habens
1657 4693 1925 4753 subditos
1967 4714 2102 4755 cum

455 4774 616 4833 omni
647 4774 932 4845 castitate,
966 4775 1368 4834 testimonium
1400 4776 1622 4837 habens
1654 4780 1873 4852 bonum
1904 4785 1978 4842 ab
2009 4787 2102 4845 bis

2231 1949 2586 2012 constituam,-
2618 1947 2767 2001 intra
2798 1945 2854 1999 in
2887 1943 3152 2012 gaudium
3175 1942 3397 1997 Domini
3423 1943 3510 1997 tui
3528 1939 3888 2012 (Matth.xxv,

2225 2040 2376 2104 23).»
2409 2037 2537 2092 Haec
2567 2035 2821 2106 denique
2841 2035 2958 2089 duo
2981 2032 3095 2088 alia
3123 2031 3364 2088 abusiva
3387 2034 3884 2102 sequunturque

2227 2127 2300 2181 ab
2332 2127 2576 2180 istorum
2604 2125 2754 2180 που
2776 2121 3213 2195 negligentia,et
3233 2118 3488 2193 periculo
3508 2123 3736 2174 secreta
3753 2133 3884 2173 esse

2228 2233 2342 2270 non
2375 2218 2640 2287 possunt.
2671 2212 2840 2268 Plebs
2866 2210 3133 2266 videlicet
3150 2209 3277 2265 sine
3293 2205 3435 2264 disci
3444 2206 3789 2280 plina,quod
3806 2206 3882 2262 ad

2227 2302 2576 2377 negligentis
2593 2300 2848 2374 episcopi
2871 2305 3092 2356 rcatnm
3113 2317 3126 2367 ;
3154 2296 3405 2371 Pepulus
3419 2297 3544 2352 sine
3565 2295 3879 2366 lege,quod

2226 2393 2298 2449 ad
2323 2392 2477 2466 regis
2494 2391 2680 2462 iniqui
2702 2387 3046 2462 pravitatem
3060 2405 3174 2443 non
3192 2386 3439 2442 dubium
3452 2388 3542 2442 est
3562 2384 3876 2456 pertinere.

2223 2483 2333 2538 Sed
2357 2486 2414 2538 et
2433 2485 2560 2537 octo
2586 2495 2992 2550 numeroque:
3021 2477 3140 2532 haec
3169 2475 3473 2548 capitanea
3511 2473 3629 2529 duo
3654 2487 3874 2545 praece-

2223 2571 2393 2637 dunt,
2426 2569 2482 2624 id
2515 2572 2623 2634 est,
2650 2565 2884 2640 sapiens
2912 2570 2970 2622 et
2999 2565 3340 2638 praedicator
3393 2561 3520 2619 sine
3566 2561 3871 2634 operibus,

2223 2677 2398 2716 senex
2437 2657 2564 2714 sine
2611 2655 2910 2728 religione,
2941 2653 3280 2710 adolescens
3333 2653 3460 2709 sine
3515 2649 3873 2716 obedientia,

2223 2749 2382 2804 dives
2411 2747 2539 2803 sine
2559 2745 2946 2816 eleemosyna,
2971 2743 3188 2798 femina
3215 2740 3340 2797 sine
3367 2737 3877 2813 pudicitia,domi-

2222 2854 2328 2892 nos
2360 2837 2486 2892 sine
2521 2835 2754 2900 virtute,
2787 2831 3159 2888 Christianus
3206 2829 3626 2893 contentiosus,
3649 2843 3880 2900 pauper

2220 2923 2617 2998 superbus,ad
2647 2921 2761 2978 ista
2787 2921 2904 2976 duo
2934 2918 3210 2991 capitula,
3225 2919 3442 2992 quibus
3471 2914 3878 2990 principaliter

2219 3015 2480 3070 mundus
2510 3011 2604 3068 hic
2636 3011 2876 3084 regitur,
2909 3009 3028 3066 sive
3058 3026 3192 3064 cum
3225 3007 3397 3064 laude
3425 3011 3483 3063 et
3508 3005 3718 3080 gloria,
3751 3003 3876 3060 sive

2218 3120 2353 3158 cum
2385 3100 2806 3174 vituperatione
2833 3103 2890 3153 et
2907 3097 3154 3169 judicio,
3194 3095 3478 3169 respicere
3507 3094 3870 3168 dignoscun-

2217 3193 2332 3245 tur.
2351 3185 3000 3260 Quoniaurepiscopalis
3020 3184 3338 3240 auctoritas
3360 3183 3730 3256 praedicando
3749 3181 3874 3236 vita

2218 3283 2276 3333 et
2313 3277 2508 3343 verbo,
2529 3280 2586 3331 et
2617 3275 2775 3348 regia
2803 3274 3062 3347 dignitas
3109 3274 3362 3346 regendo
3391 3276 3450 3330 et
3494 3271 3867 3344 corrigendo,

2218 3381 2465 3438 praeesse
2495 3381 2560 3419 ac
2593 3379 2860 3436 proeesse
2889 3362 3165 3421 omnibus
3195 3362 3429 3428 debent,
3461 3360 3562 3433 qui
3601 3358 3868 3432 discipli-

2219 3472 2378 3521 nam,
2409 3453 2466 3509 id
2495 3458 2584 3509 est
2611 3452 2939 3508 ordinatam
2987 3453 3423 3521 correctionem,
3466 3455 3526 3506 et
3567 3449 3866 3520 majorum

2217 3541 2666 3616 praecedentium
2715 3541 3038 3614 regularem
3086 3540 3549 3596 observationem
3601 3537 3770 3610 sequi
3803 3541 3864 3592 et

2216 3633 2520 3688 abservare
2549 3630 2815 3703 cupiunt.
2849 3629 2958 3686 Eos
3003 3635 3202 3686 autem
3251 3629 3352 3702 qui
3399 3627 3598 3684 divina
3627 3627 3866 3683 dictaet

2217 3720 2413 3793 legum
2447 3719 2595 3776 scita
2613 3723 3016 3789 contemnunt,
3031 3719 3342 3792 episcOpns
3370 3715 3706 3774 medicinali
3739 3733 3867 3772 mu-

2214 3828 2408 3877 crone,
2429 3815 2494 3866 ut
2524 3809 2854 3864 membrum
2887 3808 3189 3881 putridum
3221 3824 3255 3862 a
3279 3806 3441 3863 sanis
3469 3805 3865 3869 abscidere,et

2214 3915 2314 3954 rex
2334 3897 2602 3970 judiciali
2633 3896 2827 3970 gladio
2858 3896 3069 3968 impios
3089 3897 3262 3952 debet
3295 3895 3367 3951 de
3411 3897 3566 3950 terra
3594 3893 3861 3966 perdere,

2213 3991 2504 4059 quatenus
2534 4003 2569 4041 a
2598 3985 3079 4041 summoPastore
3107 3989 3166 4039 et
3195 3985 3348 4057 Rege
3361 4000 3563 4057 regum
3584 3999 3723 4038 cum
3745 3981 3860 4038 sibi

2212 4075 2450 4131 creditis
2479 4074 2685 4131 ovibus
2707 4079 2766 4131 et
2795 4073 3079 4144 subjectis
3107 4072 3167 4128 in
3213 4074 3410 4129 futuro
3456 4089 3522 4128 ac
3552 4071 3860 4128 tremendo

2205 4165 2796 4236 judiciomereantur
2825 4163 3046 4229 audire,
3063 4167 3127 4218 ut
3157 4163 3292 4218 boni
3323 4167 3383 4218 et
3402 4160 3604 4217 ﬁdeles
3626 4160 3776 4216 servi
3797 4159 3859 4215 in

2213 4253 2538 4308 ministerio
2567 4251 2627 4306 in
2651 4268 2767 4324 quo
2787 4252 3017 4307 fuerant
3036 4251 3450 4319 constituti,ab
3474 4249 3601 4322 ipso
3632 4248 3734 4321 qui
3756 4264 3859 4304 eos

2211 4341 2518 4398 constituit
2563 4341 2809 4397 Domino
2858 4338 3058 4396 ﬁdeles
3098 4339 3338 4407 inventi,
3373 4341 3574 4407 Venite,
3589 4338 3862 4394 benedicﬁ

2211 4432 2396 4486 Patris
2422 4433 2553 4496 mei,
2582 4431 2847 4502 percipite
2873 4447 3104 4499 regnum
3133 4429 3278 4502 quod
3306 4430 3456 4486 vobis
3489 4437 3752 4501 paratum
3777 4435 3858 4484 est

2209 4522 2278 4576 ab
2307 4523 2522 4590 origine
2549 4519 2744 4574 mundi
2765 4518 2972 4588 (Matth.
2996 4521 3258 4590 xxv,34),
3276 4518 3431 4592 quod
3462 4516 3733 4591 promisit
3752 4517 3858 4590 qui

2135 4627 2181 4692 ι)
2211 4627 2326 4665 non
2359 4608 2642 4682 mentitur
2665 4607 2819 4663 Deus
2869 4607 3252 4681 diligentibus
3281 4624 3365 4673 se,
3396 4612 3456 4664 et
3499 4605 3638 4664 vivit
3679 4612 3740 4662 et
3766 4624 3856 4662 re-

2211 4707 2352 4772 gnat
2382 4703 2516 4755 ante
2542 4697 2762 4762 omnia,
2788 4701 2846 4753 et
2875 4713 2979 4770 per
3005 4697 3224 4770 omnia,
3239 4703 3298 4754 et
3324 4697 3386 4754 in
3415 4695 3615 4754 omnia
3643 4696 3862 4754 saecula

2211 4787 2578 4847 saeculorum.
2609 4789 2814 4843 Amen.
