4204 6454
323 393 441 452 773

1401 395 1784 456 CAPITULA
1829 385 2361 455 PRESBYTEBIS
2407 396 2636 456 DATA.

3602 400 3720 462 7'14

1578 734 2468 836 HINGMARI

1428 901 2072 960 ARCHlEPISCOPI
2128 903 2613 962 RHEMENSIS

860 1076 1940 1234 CAPITULA

2105 1073 3181 1234 SYNODICA

1079 1531 1244 1591 310'
1287 1528 1670 1590 CAPITULA
1723 1525 2258 1589 l’ltESBYTEItlS
2307 1531 2519 1589 DATA
2562 1531 2782 1592 ANNO
2825 1534 2968 1594 852.

387 1703 553 1756 Anno
583 1698 689 1752 852
733 1691 1009 1750 Kalendis
1037 1687 1379 1746 Novembris
1421 1689 1707 1742 conventu
1757 1684 1956 1740 habito
1985 1685 2041 1751 Α
2069 1684 2348 1742 Similiter
2367 1687 2634 1744 ordinem
2656 1693 2713 1744 et
2734 1706 2935 1762 preces
2957 1692 3014 1746 in
3039 1693 3332 1764 exsequiis
3355 1697 3528 1766 atque
3547 1710 3694 1768 agon

313 1791 792 1865 presbyterorum
841 1782 896 1836 in
949 1777 1254 1850 metropoli
1305 1775 1537 1832 civitate
1585 1775 1962 1865 Rhemor‘um,

312 1861 472 1935 inter
498 1880 708 1931 statera
747 1871 971 1927 monita
1017 1867 1424 1932 saluberrima,
1457 1867 1602 1920 dum
1635 1863 1704 1918 de
1736 1861 1964 1935 legibus

315 1971 498 2040 atque
523 1965 702 2020 rebus
729 1957 1138 2017 ecclesiasticis
1163 1957 1236 2010 ab
1262 1955 1569 2011 llincmaro
1592 1951 1834 2024 praesule
1855 1955 1966 2004 tra-

313 2060 599 2120 ctaretur,
621 2053 743 2107 haec
775 2051 832 2104 in
867 2047 1070 2103 ultimo
1092 2045 1313 2118 prolata
1335 2048 1474 2100 sunt
1495 2042 1790 2098 memoria:
1813 2055 1966 2094 com-

311 2143 676 2206 mendanda,
707 2144 766 2196 et
793 2151 1167 2208 summopere
1197 2133 1576 2188 observanda.

309 2273 452 2328 CAP.
486 2268 530 2324 Ι.
563 2297 632 2308 --
667 2267 731 2323 Ut
755 2261 1060 2337 presbyteri
1102 2259 1316 2337 discant
1360 2257 1751 2337 expositionem
1800 2253 1960 2337 δεθη-

389 2341 501 2398 boli
527 2346 580 2396 et
603 2327 866 2394 orationis
899 2327 1212 2400 ﬂaminicae,
1237 2334 1372 2394 etc.,
1387 2327 1512 2384 cum
1528 2327 1784 2398 Symboto
1807 2328 1961 2382 Atha-

382 2428 554 2469 παειι.

384 2510 461 2566 Ut
473 2505 881 2578 unusquisque
891 2501 1363 2574 presbyterorum
1377 2495 1962 2568 expositionemSym-

303 2599 454 2666 boli,
489 2602 666 2669 atque
694 2591 976 2650 orationis
1005 2588 1341 2651 Dominicis,
1367 2586 1542 2657 juxta
1584 2583 1959 2640 traditionem

302 2687 768 2746 orthodoxorum
800 2681 1035 2736 Patrum
1067 2677 1298 2750 plenius
1335 2675 1541 2742 discat,
1575 2673 1780 2728 exinde
1810 2689 1958 2744 prae-

303 2777 566 2836 dicando
599 2769 881 2846 populum
913 2768 1024 2824 sibi
1055 2765 1438 2822 commissum
1461 2763 1663 2819 sedulo
1686 2763 1956 2816 instruat.

306 2863 722 2924 Praefationem
754 2874 988 2932 quoque
1015 2853 1277 2920 canonis,
1301 2857 1358 2908 et
1377 2852 1648 2908 eumdem
1675 2864 1959 2906 canonem

305 2953 628 3026 intelligat,
661 2953 719 3006 et
749 2946 1084 3004 memoriter
1123 2960 1191 3000 ac
1239 2941 1512 2997 distincte
1561 2940 1816 3012 proferre
1862 2956 1959 2994 va-

306 3045 456 3107 leat,
488 3045 547 3098 et
575 3037 868 3094 orationes
899 3034 1236 3097 missarum,
1266 3029 1593 3102 apostolum
1643 3043 1876 3100 quoque
1904 3031 1961 3082 et

305 3127 698 3203 Evangelium
731 3126 876 3181 bene
906 3123 1094 3196 legere
1124 3119 1350 3193 possit:
1383 3117 1749 3173 Psalmorum
1788 3115 1965 3172 etiam

303 3220 495 3276 verba
524 3221 580 3274 et
611 3213 1016 3271 distinctiones
1043 3207 1408 3282 regulariter,
1429 3211 1489 3262 et
1515 3223 1584 3260 ex
1611 3205 1803 3271 corde,
1830 3219 1964 3258 eum

307 3306 566 3366 canticis
625 3297 1156 3359 consuetudinariis
1214 3294 1590 3368 pronuntiare
1646 3293 1814 3348 sciat.
1850 3293 1966 3346 Nec

308 3414 431 3454 non
465 3400 524 3451 et
551 3406 884 3450 sermonem
911 3385 1214 3444 Athanasii
1246 3385 1317 3440 de
1346 3384 1480 3450 fide,
1513 3383 1685 3454 cujus
1732 3381 1965 3436 initium

307 3490 400 3544 est
428 3501 444 3540 :
481 3483 810 3556 Quicunque
836 3479 956 3535 vult
980 3477 1164 3533 ,ςαιιηιε
1209 3490 1342 3540 esse,
1376 3471 1669 3528 memorias
1718 3471 1967 3544 quisque

308 3573 708 3640 commendet,
737 3573 795 3624 et
840 3582 1082 3623 sensum
1129 3563 1292 3618 illius
1341 3560 1655 3632 intelligat,
1687 3565 1746 3616 et
1775 3559 1965 3615 verbis

307 3660 736 3721 communibus
766 3656 1072 3715 eduntiare
1103 3657 1297 3726 queat.

347 3767 500 3846 71.1
538 3785 675 3842 CAP.
707 3799 768 3839 Il.
803 3811 867 3824 —-
901 3779 976 3836 De
1003 3777 1268 3834 scrutinio
1296 3782 1347 3832 et
1374 3774 1566 3830 ordine
1595 3773 1926 3846 baptizandi.

385 3904 464 3961 Ut
492 3898 867 3965 scrutinium,
901 3900 957 3952 et
1005 3910 1240 3950 omnem
1289 3891 1554 3948 ordinem
1607 3889 1962 3963 baptizandi,

311 3993 464 4051 nulli
493 3989 726 4064 penitus
757 3985 929 4043 liceat
957 3985 1246 4057 ignorare.

311 4119 455 4176 Cap.
490 4116 584 4172 lll.
622 4145 692 4156 —
739 4114 813 4168 De
857 4109 1176 4168 exorcismis
1233 4107 1758 4169 catechumenorum,
1805 4113 1858 4162 et
1903 4104 1968 4161 de

384 4191 653 4260 baptismo
682 4183 1214 4260 inﬁrmorum._ltem
1235 4179 1308 4260 _de
1335 4179 1600 4252 (mitibus,
1630 4193 1694 4232 ac
1721 4178 1868 4232 vasis
1896 4176 1968 4234 ad

383 4251 699 4332 corporalia
727 4251 778 4312 et
803 4256 981 4328 pallas
1011 4251 1333 4310 abluendus.

382 4364 756 4424 Exorcismos
786 4367 844 4418 et
873 4360 1165 4416 orationes
1185 4359 1256 4413 ad
1287 4357 1738 4413 catechumenos
1759 4355 1964 4412 iacien-

309 4417 499 4520 εἰη-[ἔξ
837 4465 1072 4522 quoque
1119 4447 1604 4513 consecrandum,
1637 4449 1694 4500 et
1723 4449 1962 4500 caeteras
1991 4417 2036 4486 α

311 4560 517 4620 preces
544 4557 724 4616 super
750 4538 1046 4596 masculos
1075 4543 1134 4594 et
1163 4535 1432 4601 feminas,
1455 4533 1758 4606 pluraliter
1785 4538 1962 4605 atque

310 4630 714 4706 singulariter,
763 4628 1036 4685 distincte
1087 4631 1146 4682 et
1192 4623 1614 4680 rationabiliter
1668 4622 1961 4678 memoriae

309 4716 995 4778 commendet.Similiter
1013 4719 1070 4772 et
1091 4714 1358 4772 ordinem
1385 4711 1722 4785 baptizandi
1745 4712 1816 4766 ad
1838 4728 1965 4767 suc-

310 4808 677 4866 currendum
709 4805 979 4862 inﬂrmis.
1011 4805 1084 4860 Et
1112 4803 1214 4876 qui
1248 4803 1435 4859 fontes
1465 4801 1730 4874 lapideos
1751 4799 1966 4856 habere

311 4896 663 4971 nequiverit,
684 4911 787 4952 vas
816 4893 1166 4950 conveniens
1196 4892 1268 4948 ad
1301 4890 1412 4946 hoc
1443 4889 1810 4947 solummodo
1832 4889 1968 4961 bap-

311 4986 538 5042 tizandi
567 4983 829 5042 ofﬁcium
857 4982 1088 5050 habeat,
1123 4985 1180 5036 et
1226 4979 1500 5036 similiter
1547 4979 1620 5034 ad
1670 4976 1970 5051 corporale

313 5074 654 5143 lavandum,
683 5077 741 5129 et
765 5073 836 5129 ad
859 5070 1046 5144 pallas
1067 5069 1290 5136 altaris,
1304 5068 1540 5142 propria
1559 5084 1699 5124 vasa
1718 5067 1970 5124 habean-

315 5169 435 5234 tur,
467 5164 528 5220 in
560 5161 778 5236 quibus
809 5160 955 5218 nihil
986 5159 1148 5217 aliud
1178 5160 1298 5215 ﬂat.

314 5279 454 5337 CAP.
487 5278 582 5336 IV.
615 5309 684 5319 -—
715 5277 790 5334 De
819 5276 1010 5334 ordine
1035 5275 1512 5344 reconciliandi,et
1537 5274 1780 5344 ungendi
1807 5275 1966 5346 inﬁr-

385 5367 502 5408 mos
524 5369 543 5406 :
563 5350 734 5424 deque
753 5351 1024 5423 exsequiis
1045 5348 1500 5420 defunctorum,et
1518 5346 1583 5402 de
1603 5346 1968 5403 benedictione

385 5425 524 5480 satis
553 5431 607 5480 et
633 5436 814 5496 aquae.

361 5527 368 5532 '
385 5521 664 5577 Ordinem
687 5517 1295 5590 reconciliandiJuxta
1305 5515 1548 5572 modum
1563 5513 1674 5570 sibi
1687 5513 1967 5570 canonice

315 5613 698 5680 reservatum,
729 5611 905 5681 atque
935 5606 1193 5681 ungendi
1219 5603 1809 5672 inflrmos,orationes
1827 5619 1970 5675 quo-

1995 3053 2042 3119 B

2075 1773 2167 1828 dis
2196 1775 2626 1845 defunctorum,
2649 1796 2756 1834 nec
2787 1779 2985 1836 minus
3015 1771 3368 1837 exorcismos
3399 1787 3455 1837 et
3487 1783 3720 1840 benedi-

2073 1861 2295 1919 ctiones
2323 1882 2488 1937 aquae
2519 1871 2576 1921 et
2607 1867 2772 1924 salis.

2071 1995 2206 2050 CAP.
2233 1997 2298 2052 V.
2333 2031 2400 2038 —
2433 2001 2504 2054 De
2533 2016 2675 2071 aqua
2704 2003 2855 2056 omni
2881 2001 2970 2057 die
2999 2003 3278 2059 Dominico
3323 2011 3448 2060 ante
3492 2008 3720 2061 missam

2701 2072 3080 2128 benedicenda;

2143 2163 2213 2218 Ut
2243 2167 2400 2220 omni
2436 2167 2739 2224 Dominico
2771 2169 2864 2225 die
2895 2169 3146 2242 quisque
3189 2171 3490 2244 presbyter
3519 2173 3580 2228 i'n
3613 2190 3722 2230 sua

2068 2250 2314 2306 ecclesia
2335 2258 2467 2308 ante
2489 2254 2804 2310 missarum
2819 2257 3106 2311 solemnia
3119 2273 3331 2328 aquam
3348 2258 3720 2314 benedictam

2068 2340 2242 2396 faciat
2269 2341 2328 2396 in
2360 2360 2494 2399 vase
2517 2343 2698 2398 nitido
2719 2348 2776 2399 et
2796 2349 2958 2400 tanto
2980 2345 3304 2401 ministerio
3327 2347 3716 2417 convenienti,

2069 2429 2139 2483 de
2161 2447 2276 2502 qua
2293 2431 2546 2504 populus
2565 2432 2793 2488 intrans
2811 2433 3115 2489 ecclesiam
3135 2440 3480 2508 aspergatur
3504 2453 3516 2492 :
3540 2440 3598 2492 et
3617 2451 3724 2513 qui

2066 2519 2314 2574 voluerit
2343 2521 2402 2576 in
2432 2521 2687 2578 vasculis
2717 2522 2842 2578 suis
2875 2521 3078 2578 nitidis
3109 2540 3177 2578 ex
3205 2522 3308 2578 illa
3339 2523 3722 2597 accipiant,et

2067 2625 2170 2680 per
2219 2609 2575 2678 mansiones,
2603 2615 2660 2666 et
2705 2627 2898 2684 agros,
2924 2616 2982 2668 et
3024 2612 3247 2680 vineas,
3280 2629 3460 2686 super
3507 2629 3724 2686 pecora

2064 2713 2299 2768 quoque
2331 2715 2458 2764 sua,
2491 2702 2670 2770 atque
2701 2716 2880 2772 super
2909 2699 3129 2772 pabula
3149 2716 3374 2766 eorum,
3399 2717 3504 2756 nec
3524 2717 3640 2756 non
3661 2705 3722 2757 et

2068 2801 2244 2858 super
2272 2785 2433 2842 cibos
2463 2792 2520 2842 et
2552 2791 2752 2860 potum
2785 2805 2961 2844 suum
2993 2794 3402 2862 conspergant.

2325 2901 2460 2957 Car.
2495 2901 2588 2957 VI.
2622 2933 2690 2944 —-
2720 2904 2794 2958 De
2822 2903 3103 2960 thuribulo
3130 2913 3182 2960 et
3209 2906 3449 2961 incenw.

2142 3017 2216 3072 Ut
2244 3017 2435 3072 omnis
2468 3017 2768 3090 presbyter
2796 3017 3164 3074 thuribulum
3191 3023 3248 3074 et
3275 3019 3580 3076 incensum
3613 3019 3715 3076 ha-

2075 3108 2224 3176 beat,
2257 3110 2323 3161 ut
2351 3111 2610 3178 tempore
2639 3123 2755 3179 quo
2785 3106 3160 3180 Evangelium
3199 3106 3432 3181 legitur,
3466 3113 3525 3164 et
3553 3109 3716 3166 ﬁnito

2075 3195 2382 3263 otl'crtorio,
2417 3213 2592 3266 super
2620 3195 2974 3251 oblationem
3005 3195 3333 3265 incensum,
3361 3201 3422 3252 ut
3443 3197 3501 3252 in
3531 3200 3718 3253 morte

2025 3331 2031 3341 ,
2073 3284 2340 3339 videlicet
2371 3285 2794 3356 Redemptoris,
2829 3289 3032 3356 ponat.

2179 3399 2316 3455 CAP.
2347 3399 2468 3456 VII.
2495 3431 2558 3442 —
2591 3405 2668 3456 De
2691 3416 2834 3472 pane
2862 3399 2932 3456 ad
2960 3401 3204 3471 eulogia:
3235 3401 3607 3458 benedicendo.

2145 3514 2218 3570 Ut
2249 3515 2320 3570 de
2349 3514 2580 3584 oblatis,
2609 3531 2736 3588 qua;
2767 3516 3098 3572 oll'eruntur
3125 3533 3160 3572 a
3185 3515 3422 3590 papulo,
3445 3521 3504 3572 et
3523 3533 3720 3572 conse-

2073 3603 2316 3660 crationi
2351 3609 2687 3677 supersunt,
2723 3605 2873 3661 712
2901 3603 2990 3660 vel
3021 3605 3092 3660 de
3121 3605 3548 3678 panibus,quos
3569 3605 3718 3660 defe-

2075 3710 2139 3748 ru
2150 3696 2210 3748 nt
2239 3693 2439 3748 ﬁdeles
2465 3693 2536 3748 ad
2559 3692 2976 3759 ecclesiam,vel
2999 3697 3152 3749 certe
3172 3693 3245 3748 de
3266 3694 3719 3766 suis,presbyter

2074 3781 2480 3837 convenienter
2507 3785 2702 3854 partes
2733 3781 2949 3838 incisas
2977 3781 3192 3838 habent
3214 3782 3272 3837 in
3291 3799 3427 3837 vase
3456 3781 3638 3837 nitido
3661 3785 3718 3837 et

2073 3870 2458 3938 convenienti,
2493 3875 2558 3925 ut
2585 3873 2719 3942 post
2746 3869 3064 3926 missarum
3094 3869 3400 3936 solemnia,
3425 3868 3525 3942 qui
3556 3885 3714 3924 com-

2075 3959 2374 4015 municare
2411 3976 2526 4014 non
2578 3959 2810 4022 fuerunt
2859 3958 3066 4031 parati,
3101 3956 3363 4030 eulogias
3413 3955 3574 4012 omni
3622 3957 3718 4014 die

2074 4047 2396 4118 Dominico,
2428 4051 2484 4104 et
2515 4047 2572 4102 in
2605 4047 2810 4104 diebus
2843 4047 3026 4114 festis,
3057 4047 3266 4103 exinde
3305 4044 3614 4120 accipiant.
3647 4046 3718 4102 Et

2073 4136 2194 4207 illa,
2227 4138 2380 4192 unde
2411 4137 2670 4210 enlogias
2711 4137 3011 4210 presbyter
3057 4136 3305 4192 daturus
3349 4139 3457 4204 est,
3490 4139 3624 4191 ante
3655 4133 3716 4190 in

2073 4226 2194 4282 haec
2224 4227 2399 4282 verba
2427 4225 2814 4295 benedicat,et
2845 4226 2928 4282 sic
2959 4224 3284 4298 accepturis
3310 4224 3720 4291 distribuat,et

2075 4315 2256 4372 micas
2278 4334 2348 4372 ne
2371 4317 2600 4372 incaute
2621 4317 2880 4372 deﬂuant
2899 4315 3190 4371 custodiat
3211 4331 3226 4370 :
3253 4313 3500 4370 Domine
3519 4317 3718 4371 sancte

2077 4408 2263 4472 Pater,
2295 4404 2665 4479 omnipotens
2684 4411 2896 4462 aeterne
2920 4403 3440 4475 Deus,benedicere
3460 4402 3720 4478 digneris

2073 4496 2228 4552 hunc
2259 4512 2470 4568 panem
2501 4498 2600 4550 tua
2629 4499 2832 4550 sancta
2861 4497 2919 4549 et
2947 4491 3195 4568 spiritali
3225 4491 3721 4560 benedictione,ut

2069 4585 2145 4642 sit
2173 4585 2451 4642 omnibus
2479 4601 2615 4640 cum
2647 4584 2778 4652 fide,
2810 4588 2869 4639 et
2898 4582 3238 4655 reverentia,
3271 4600 3338 4639 ac
3388 4581 3713 4656 gratiarum

2069 4679 2306 4730 tuarum
2324 4673 2548 4730 actione
2564 4672 2934 4728 sumentibus
2953 4671 3114 4728 salus
3133 4671 3346 4728 mentis
3364 4675 3420 4726 et
3435 4669 3717 4744 corporis,

2071 4767 2248 4834 atque
2275 4767 2479 4819 contra
2505 4779 2711 4820 omnes
2758 4762 3014 4831 morbos,
3044 4765 3102 4816 et
3128 4761 3431 4816 universas
3479 4761 3719 4814 cuncto-

2073 4869 2204 4908 rum
2235 4850 2611 4908 inimicorum
2642 4850 2889 4906 insidias
2919 4853 3336 4907 tutamentum.
3369 4846 3475 4903 Per
3521 4843 3718 4901 Domi-

2075 4958 2219 4996 num
2240 4945 2508 4997 nostrum
2529 4941 2732 4998 Jesum
2753 4939 3051 4996 Christum
3079 4936 3288 4994 Filium
3307 4941 3718 5009 tuum,panem

2073 5030 2228 5100 vitae,
2259 5029 2359 5103 qui
2389 5031 2460 5086 de
2491 5029 2632 5086 coelo
2659 5028 2980 5098 descendit,
3012 5032 3071 5084 et
3099 5027 3200 5084 dat
3227 5026 3406 5082 vitam
3452 5041 3519 5080 ac
3559 5021 3717 5081 salu-

2073 5123 2192 5176 tem
2219 5120 2462 5190 mundo,
2493 5123 2550 5176 et
2577 5123 2770 5176 tecum
2799 5117 2956 5186 vivit,
2991 5120 3047 5174 et
3075 5119 3280 5190 regnat
3311 5119 3460 5172 Deus
3495 5113 3557 5170 in
3587 5112 3718 5170 uni-

2073 5212 2192 5266 tate
2221 5209 2475 5283 Spiritus
2505 5207 2713 5278 sancti,
2746 5224 2850 5280 per
2876 5205 3074 5263 omnia
3102 5203 3314 5261 secula
3346 5201 3716 5260 saeculorum.

2073 5301 2279 5356 Amen.

2145 5433 2280 5490 CAP.
2313 5432 2462 5490 VIII.
2485 5399 2555 5472 -ὲ
2581 5432 2657 5487 De
2684 5431 2928 5486 homiliis
2946 5429 3004 5485 s.
3028 5429 3351 5500 Gregorii,et
3367 5426 3434 5484 de
3451 5433 3717 5500 computo,

2562 5510 2828 5574 cantuque
2855 5501 3236 5559 ecclesiastico.

2149 5601 2427 5660 llomilias
2447 5599 2841 5674 quadraginta
2859 5597 3121 5672 Gregorii
3141 5579 3396 5672 quisque
3419 5597 3723 5672 presbyter

319 5714 436 5776 que
448 5697 637 5758 eidem
649 5697 1394 5773 necessitati'competentes
1408 5691 1962 5756 memoriterdiscat.
1991 5681 2043 5754 Ι)
2075 5695 2336 5754 studiose
2365 5691 2542 5766 legat,
2573 5692 2632 5748 et
2660 5685 2985 5765 intelligat;
3017 5691 3075 5747 et
3107 5692 3173 5747 ut
3207 5693 3524 5765 cognoscat
3551 5704 3615 5747 se
3645 5687 3720 5747 ad
