4204 6458
481 382 606 442 ππ,

1419 381 1805 444 HINGMARI
1850 368 2300 443 RHEIIENSIS
2344 382 2962 447 ARCHIEPISCOPI.

3775 385 3906 448 ’ΠΒ

487 517 734 572 formam
760 513 1133 587 septuaginta
1161 515 1414 572 duorum
1445 515 1868 588 discipulorum
1888 515 1948 573 in
1972 514 2140 572 mini-
2165 515 2222 582 Α
2250 519 2384 570 CAP.
2409 515 2558 592 Xlll.
2589 519 2750 592 —_,Ut
2777 519 3085 591 presbyteri
3105 537 3142 575 α
3164 521 3384 592 publice
3402 522 3788 592 peccantibus,
3816 521 3906 590 uel

487 603 662 658 sterio
692 602 1087 660 ecclesiastico
1119 621 1250 660 esse
1281 609 1979 676 promotum,sermoncm
2002 621 2141 675 prai-

483 691 622 747 dicti
655 691 909 748 doctoris
949 693 1022 748 de
1071 691 1444 765 septuaginta
1493 691 1724 748 duobus
1769 691 2076 763 discipulis
2105 708 2140 746 a

483 780 732 837 Domino
763 782 834 837 ad
867 781 1304 854 praedicandum
1341 779 1543 836 missis
1565 780 1906 853 plenissime
1926 780 2135 846 discat,

2318 584 2896 713 aopwpitentibuquuo
2924 584 3004 647 eis
3040 584 3284 663 reticent,
3309 584 3542 648 muhera
3586 609 3696 648 non
3746 584 3904 649 (icci-

2321 674 2454 713 man
2487 701 2499 712 .

2314 674 2499 728 piam.

2315 755 2411 826 (De
2436 757 2696 828 summa,
2729 775 2857 831 cap.
2894 759 2980 826 14,
3015 776 3082 815 ex
3112 759 3435 816 Alexandro
3469 759 3588 832 IlI.)
3621 761 3695 817 Ut
3723 777 3903 817 nemo

483 886 550 924 ac
579 845 1116 926 memoriae-tradat.
1151 872 1438 942 Computo
1466 845 1645 925 etiam
1698 869 2048 936 necessario,
2081 871 2138 924 et
2241 845 2716 942 μθδβϊίθφτυω
2766 847 3056 942 θξθοξυωι
3090 847 3179 942 ῩθῘ
3207 850 3630 942 ,ειυοάοιιωιυς
3669 849 3900 942 ξεηξοίιν

482 963 658 1014 cantu
691 976 794 1032 per
823 957 959 1014 anni
989 957 1296 1025 circulum,
1331 956 1671 1030 plenissime
1711 957 2057 1012 instruatur.

481 1074 621 1130 CAP.
657 1074 746 1130 1X.
781 1105 846 1116 --
874 1075 948 1129 De
975 1075 1306 1146 mentienti
1327 1074 1606 1146 ofﬁcimet
1631 1073 1784 1128 horis
1802 1073 2096 1146 implendis
2114 1091 2134 1127 :

551 1155 604 1201 et
625 1153 746 1217 post
788 1147 1014 1200 missam
1059 1145 1193 1217 quid
1239 1145 1408 1216 agere
1450 1145 1732 1216 presbyter
1775 1145 1964 1200 debeat
2011 1153 2136 1201 ante

547 1217 872 1288 prandium.

551 1325 690 1392 (lvo,
725 1339 781 1395 p.
815 1340 890 1393 vi,
925 1323 1046 1390 181,
1081 1338 1150 1378 ex
1187 1321 1248 1377 C.
1279 1323 1515 1394 Namn.,
1546 1321 1612 1378 de
1653 1311 1886 1378 celebrat
1929 1323 2132 1378 missa-

479 1428 627 1483 rum,
658 1429 708 1468 c.
745 1414 796 1480 1,
829 1429 899 1467 ex
947 1411 1304 1484 Agathensi.)
1348 1411 1516 1466 Mane
1564 1410 1894 1466 matutinali
1941 1411 2133 1467 otticio

479 1500 730 1574 expleto,
764 1517 1014 1573 pensum
1047 1499 1349 1556 servitutis
1381 1517 1499 1557 suae
1545 1501 1809 1556 canendo
1857 1499 2134 1572 primum,

479 1590 735 1658 tertiam,
769 1594 1014 1655 sextam,
1048 1605 1380 1660 nonamque
1428 1587 1716 1662 persolvat
1750 1605 1764 1642 :
1794 1588 1876 1643 ita
1911 1593 2129 1657 tamen,

480 1684 545 1736 ut
567 1682 768 1750 postea
790 1676 949 1732 horis
971 1677 1438 1749 competentibus
1463 1677 1637 1748 juxta
1656 1676 2128 1749 possibilitatem,

471 1773 580 1822 aut
608 1784 642 1822 a
668 1783 752 1834 se,
781 1771 885 1821 aut
933 1766 1006 1820 ab
1051 1765 1420 1822 scholasticis
1467 1765 1702 1838 publice
1749 1765 2128 1838 compleatur.

483 1855 705 1912 Deinde
736 1854 990 1928 peractis
1022 1854 1341 1910 missarum
1373 1853 1758 1923 solemniis,et
1777 1854 1950 1910 fessis
1969 1851 2130 1909 infir-
2161 1882 2209 1948 Β

480 1943 593 2000 mis
624 1943 974 2011 visitatis,ad
999 1959 1148 2015 opus
1181 1941 1458 2010 rurale,et
1488 1943 1643 2015 quod
1675 1942 1787 2000 sibi
1829 1943 2126 2014 competit,

479 2037 643 2090 exeat
664 2033 912 2105 jejunus
943 2049 956 2087 :
987 2037 1068 2094 ut,
1081 2031 1294 2088 iterum
1326 2030 1776 2088 necessitatibus
1805 2031 2132 2104 peregrino-

479 2140 608 2178 rum
643 2122 965 2195 hospitum,
999 2121 1120 2178 sive
1149 2120 1510 2178 diversorum
1541 2121 2016 2191 commeantium,
2037 2119 2128 2175 in-

478 2211 783 2268 ﬁrmorum
823 2224 1058 2284 quoque
1107 2214 1282 2282 atque
1331 2209 1760 2277 defunctorum,
1791 2225 2129 2265 succurrere

481 2301 688 2374 possit,
741 2316 926 2372 usque
979 2300 1052 2354 ad
1103 2302 1387 2354 statutam
1440 2297 1644 2354 horam
1693 2315 1796 2370 pro
1847 2297 2128 2370 qualitate

475 2387 761 2460 temporis
790 2392 846 2442 ct
875 2384 1332 2458 opportunitate.

585 2505 723 2560 Car.
755 2503 822 2559 X.
845 2533 914 2542 —
947 2507 1026 2560 De
1052 2517 1187 2558 cura
1212 2502 1486 2574 hospitum
1507 2509 1566 2558 et
1585 2503 2018 2573 peregrinorum.

455 2633 478 2652 ⁶
543 2619 686 2690 (Ivo,
721 2635 779 2691 p.
814 2633 865 2687 ν,
885 2618 1014 2685 257,
1036 2633 1105 2672 ex
1135 2614 1352 2671 Concil.
1387 2615 1811 2686 Namnetensi.)
1833 2616 1904 2672 Ut
1925 2633 2126 2672 curam

473 2705 1062 2784 hospitum,maxime
1085 2704 2130 2778 pauperumatquedebilium,orpha-

477 2813 688 2854 norum
723 2811 956 2868 quoque
987 2798 1164 2866 atque
1192 2792 1632 2866 peregrinorum
1664 2792 2126 2868 babent,bosque

478 2888 552 2944 ad
585 2885 898 2960 prandium
932 2899 1112 2943 suum
1162 2881 1422 2954 quotidie
1459 2882 1632 2953 juxta
1677 2881 2124 2954 possibilitatem

477 2980 772 3045 convocet,
803 2973 1002 3045 eisque
1033 2971 1355 3046 hospitium
1383 2974 1782 3044 competenter
1810 2972 2049 3032 tribuat.

474 3096 517 3149 ,τ
530 3094 630 3150 1³
661 3091 797 3148 CAP.
829 3090 920 3146 ΧΙ.
953 3089 1030 3146 De
1053 3089 1228 3214 sacris
1253 3089 1581 3214 materiis
1603 3087 1680 3142 ad
1719 3087 1970 3146 wadium
2013 3104 2125 3145 non

1220 3176 1314 3214 um
1389 3201 1403 3214 .

1220 3176 1403 3214 amris.

2245 939 2510 988 mentum
2540 935 2882 1008 temporale,
2911 935 3028 992 imo
3073 937 3493 994 detrimentum
3543 937 3828 1011 spiritale,
3863 957 3901 996 a

2244 1037 2595 1094 quocunque
2617 1023 2848 1100 publice
2865 1029 3144 1099 peccante
3164 1026 3252 1084 vel
3275 1026 3604 1083 incestuoso
3621 1027 3896 1101 accipiat,

2244 1114 2310 1165 ut
2337 1111 2508 1168 nobis
2537 1111 2622 1167 vel
2657 1113 2946 1170 ministris
2979 1116 3196 1174 nostris
3218 1121 3524 1190 peccatum
3562 1115 3728 1172 illius
3759 1117 3897 1174 reti-

2243 1203 2370 1255 ceat
2394 1216 2406 1254 :
2433 1218 2537 1256 nec
2570 1218 2672 1273 pro
2706 1208 2969 1276 respectu
3001 1204 3290 1277 cujusque
3320 1222 3602 1279 personae,
3630 1210 3732 1262 aut
3761 1224 3900 1264 con-

2241 1289 2769 1361 sanguinitatis,ch
2791 1291 3444 1358 thmiliaritatis.alienis
3465 1295 3720 1369 peccatis
3741 1313 3899 1353 com-

2241 1375 2572 1445 municans,
2606 1376 2714 1432 hoc
2747 1377 2915 1434 nobis
2943 1378 3030 1436 vel
3063 1380 3352 1437 ministris
3383 1381 3746 1439 innotescere
3785 1384 3894 1441 de-

2239 1468 2448 1520 tractet
2483 1483 2495 1520 :
2530 1482 2634 1522 nec
2667 1483 2702 1523 a
2729 1483 3081 1543 quocunque
3103 1469 3422 1543 poenitente
3465 1475 3568 1527 aut
3613 1471 3896 1545 gratiam,

2241 1557 2344 1608 aut
2371 1553 2646 1622 favorem,
2681 1561 2780 1610 aut
2801 1573 3019 1612 munus
3040 1558 3334 1631 suscipere
3357 1565 3768 1632 przesumatmt
3788 1561 3899 1616 mi-

2239 1658 2354 1698 nus
2374 1641 2547 1714 digne
2570 1643 2948 1717 pmnitentem
2965 1645 3036 1702 ad
3054 1647 3590 1712 reconciliationem
3611 1649 3892 1716 adducat,

2240 1733 2296 1786 et
2325 1729 2376 1784 ei
2409 1730 2812 1791 testimonium
2839 1733 3336 1792 reconciliationis
3368 1736 3598 1804 ferat,et
3623 1753 3894 1810 quocun-

2239 1834 2354 1890 que
2383 1817 2560 1874 livore
2591 1819 2770 1878 alium
2803 1821 3123 1895 quemlibet
3161 1822 3400 1898 dignius
3447 1820 3830 1896 pwnitentem
3859 1843 3898 1883 a

2241 1907 2708 1966 reconciliatione
2736 1917 3030 1968 removeat
3063 1929 3076 1968 :
3111 1913 3251 1984 quia
3280 1912 3390 1972 hoc
3420 1913 3811 1980 simoniacam
3837 1922 3896 1976 et

2239 1994 2354 2051 Deo
2385 1999 2444 2051 et
2473 1993 2814 2054 hominibus
2843 1998 3233 2058 abominabile
3259 2005 3365 2058 est.

2237 2112 2370 2167 Car.
2403 2110 2544 2167 XIV.
2577 2143 2647 2153 -η
2675 2113 2954 2184 Quomodo
2975 2116 3036 2170 in
3049 2117 3316 2172 conviviis
3330 2116 3718 2185 defunctorum
3739 2120 3886 2185 alb-

2459 2199 2674 2258 .rymve
2699 2185 3050 2242 collectarum
3089 2203 3276 2256 gerere
3301 2205 3358 2244 se
3385 2185 3636 2246 debeant.

2303 2292 2394 2360 (D.
2445 2291 2534 2359 44,
2585 2291 2782 2347 Nullus
2833 2294 3290 2366 presbyterorum,
3342 2313 3412 2352 ex
3454 2295 3892 2366 Namnetensi.)

2237 2379 2310 2435 Ut
2352 2378 2550 2435 nullus
2600 2381 3011 2453 presbyterum
3061 2383 3132 2438 ad
3185 2383 3647 2448 anniversariam
3704 2385 3890 2454 diem,

2233 2467 2322 2523 vel
2353 2467 2710 2524 tricesimum
2741 2468 2996 2537 tertiam,
3027 2469 3115 2526 vel
3147 2458 3458 2545 septimam
3498 2473 3758 2547 alicujus
3787 2476 3890 2541 de-

2234 2556 2442 2625 functi,
2474 2561 2577 2614 aut
2605 2574 2956 2630 quacunque
2983 2561 3284 2618 vocatione
3309 2564 3462 2622 114
3481 2563 3557 2620 ad
3579 2563 3887 2622 ωιιεοιω

2234 2645 2555 2719 presbyteri
2584 2647 2978 2720 convenerint,
2997 2665 3063 2704 se
3093 2649 3381 2708 inebriare
3410 2657 3752 2725 praesumat,
3773 2671 3890 2729 nec

2233 2735 2456 2806 precari
2488 2735 2546 2790 in
2579 2752 2777 2794 amore
2805 2741 3142 2794 sanctorum
3175 2737 3264 2795 vel
3297 2739 3485 2812 ipsius
3531 2740 3747 2800 anima:
3793 2743 3886 2802 bi-

2233 2822 2390 2891 bere,
2423 2829 2526 2880 aut
2547 2822 2696 2880 alios
2724 2825 2798 2882 ad
2830 2825 3148 2885 bibendum
3191 2844 3414 2902 cogere,
3444 2829 3533 2886 vel
3582 2847 3646 2886 se
3694 2830 3888 2898 alitina

2233 2912 2564 2985 precatione
2593 2912 2948 2986 ingurgitare
2979 2931 2993 2970 :
3027 2932 3135 2976 nec
3164 2915 3410 2988 plausus
3423 2917 3666 2981 etrisus
3689 2919 3888 2986 incon-

2234 3001 2408 3069 ditos,
2439 3005 2497 3058 et
2526 3001 2754 3059 fabulas
2781 3002 2986 3059 inanes
3017 3003 3098 3060 ibi
3117 3006 3331 3065 referre
3355 3012 3458 3062 aut
3473 3013 3716 3066 cantare
3736 3027 3887 3084 pre-

2232 3095 2452 3159 sumat,
2485 3106 2592 3146 nec
2617 3089 2814 3164 turpia
2833 3091 2969 3163 joca
2995 3109 3130 3148 cum
3161 3110 3300 3150 urso
3329 3094 3415 3152 vel
3463 3097 3888 3157 temeti-icilius

2231 3184 2369 3234 ante
2415 3195 2479 3236 se
2527 3179 2715 3236 facere
2761 3179 3080 3252 permittat,
3123 3199 3228 3238 nec
3273 3181 3464 3250 larvas
3521 3185 3884 3256 daemonum,

479 3275 576 3342 (De
601 3269 922 3344 pignoribus
959 3274 1009 3322 et
1055 3266 1185 3322 aliis
1230 3273 1398 3334 eaut,
1432 3283 1483 3320 c.
1517 3267 1568 3334 1,
1599 3282 1668 3322 ex
1697 3281 1860 3322 conc.
1893 3265 2124 3338 Rhem.)
2153 3249 2198 3318 Ο
2231 3285 2383 3340 quas
2409 3267 2583 3341 vulgo
2615 3249 2965 3329 talamascas
2993 3249 3302 3341 dicungibi
3325 3249 3610 3334 αηωτερτο
3625 3249 3883 3334 ml

476 3361 551 3417 Ut
581 3358 785 3414 nullus
828 3356 1131 3430 presbyter
1177 3359 1496 3428 prcsumat
1539 3353 1799 3422 calicem,
1825 3354 1914 3410 vel
1962 3360 2122 3428 pate-

475 3466 634 3515 nam,
669 3453 772 3503 aut
802 3445 1017 3518 pallam
1049 3443 1270 3512 altaris,
1291 3443 1378 3498 vel
1407 3443 1821 3498 vestimentum
1854 3445 2120 3500 sacerdo-

475 3537 611 3606 tale,
671 3542 773 3592 aut
828 3534 1044 3589 librum
1101 3531 1586 3598 ecclesiasticum,
1643 3532 1975 3587 tabernario
2033 3533 2119 3588 vel

476 3624 844 3700 negotiatori,
877 3625 978 3678 aut
1025 3621 1265 3677 cuilibet
1309 3619 1478 3686 laico,
1507 3620 1602 3675 vel
1648 3620 1897 3689 feminae,
1931 3621 1989 3675 in
2021 3637 2118 3678 va-

474 3715 801 3773 dimonium
852 3713 991 3768 dare
1024 3728 1038 3766 :
1071 3709 1210 3784 quia
1256 3714 1421 3765 tanta
1460 3715 1549 3766 est
1596 3710 1924 3766 sanctitatis
1969 3711 2119 3767 sacri

474 3804 808 3872 ministerii,
842 3809 906 3858 ut
935 3799 1096 3858 salva
1133 3799 1356 3855 altioris
1405 3798 1664 3872 mysterii
1713 3799 2116 3872 intelligentia,

471 3895 647 3952 etiam
680 3910 782 3966 per
812 3890 1152 3964 prophetam
1187 3887 1473 3944 Dominus
1502 3887 1962 3960 prohibuerit,ne
1983 3905 2118 3944 cum

471 3984 692 4042 sanctis
722 3979 1088 4038 vestimentis
1116 3978 1389 4034 sacerdos
1419 3977 1694 4049 procedat
1717 3977 1787 4032 ad
1811 3976 2116 4050 pepulum,

471 4073 574 4130 sed
602 4071 758 4126 intra
787 4073 990 4124 sancta
1030 4067 1132 4122 illa
1179 4066 1438 4122 dimittat
1483 4065 1556 4120 ad
1603 4081 1737 4121 eum
1770 4082 1805 4121 a
1831 4065 2120 4138 colloquio

473 4159 669 4217 divino
722 4157 953 4214 rediens
1004 4156 1216 4230 (Ezech.
1265 4158 1436 4224 κων).
1485 4155 1556 4210 Et
1600 4154 1695 4210 cui
1742 4153 1802 4210 in
1846 4155 2121 4213 tabernas

473 4249 546 4306 ad
578 4247 900 4304 bibendum
932 4261 966 4301 a
997 4244 1180 4301 sacris
1209 4243 1538 4300 canonibus
1579 4243 1806 4316 ingredi
1849 4243 2120 4316 prohibe-

473 4344 592 4411 tur,
629 4336 996 4395 sanctiﬁcata
1038 4353 1204 4392 sacro
1245 4334 1571 4391 ministerio
1618 4353 1722 4393 nec
1772 4337 1844 4392 ad
1896 4336 2121 4394 contin-

473 4427 732 4503 gendam
761 4425 1114 4491 immundis,
1140 4429 1360 4496 quanto
1380 4423 1578 4480 minus
1607 4425 1667 4480 in
1698 4425 2119 4499 vadimonium,

471 4516 743 4574 exhibere
773 4515 988 4570 debet?
1018 4513 1173 4570 sicut
1214 4511 1550 4586 Stephanus
1599 4519 1838 4572 sanctus
1885 4533 2038 4589 papa
2063 4519 2122 4572 et

2228 3358 2337 3415 tiat
2359 3375 2372 3412 :
2398 3357 2538 3430 quia
2565 3358 2676 3414 hoc
2706 3357 3062 3418 diabolicum
3090 3365 3265 3430 est,et
3285 3378 3320 3418 a
3337 3362 3524 3422 sacris
3551 3366 3885 3434 canonibus

2227 3446 2611 3524 prohibitum.
2645 3447 2758 3502 Sed
2789 3463 2926 3504 cum
2952 3447 3261 3513 honestate
3286 3455 3347 3508 et
3374 3450 3656 3524 religione
3698 3471 3882 3526 pran-

2226 3536 2382 3602 deat,
2404 3540 2464 3591 et
2483 3536 2555 3592 ad
2578 3541 2812 3608 tempus
2836 3537 2909 3592 ad
2941 3553 3112 3594 suam
3141 3537 3447 3596 ecclesiam
3478 3541 3879 3601 redeatSum-

2229 3641 2462 3696 mopere
2491 3625 2670 3680 etiam
2701 3625 2954 3698 quisque
2979 3643 3215 3693 cavens,
3247 3627 3402 3684 sicut
3439 3629 3512 3688 de
3555 3635 3719 3690 statu
3767 3649 3876 3700 suo

2226 3712 2352 3768 vult
2408 3713 2680 3786 gaudere,
2715 3717 2782 3770 ut
2837 3731 2952 3770 non
3008 3732 3358 3789 quacunque
3411 3718 3740 3787 occasione,
3775 3725 3882 3778 aut

2228 3819 2427 3874 parem
2457 3806 2764 3872 suum,aut
2783 3801 2964 3858 alium
2995 3793 3333 3876 quemlibet,
3348 3807 3420 3862 ad
3443 3805 3592 3863 iram
3613 3813 3671 3864 et
3690 3809 3880 3866 rixam

2225 3891 2316 3948 vel
2343 3891 2798 3960 contentionem,
2829 3898 3050 3964 quanto
3080 3893 3270 3966 magis
3299 3895 3370 3950 ad
3398 3911 3658 3968 pugnam
3689 3894 3780 3954 vel
3804 3899 3879 3954 ad

2228 3981 2445 4037 caedem
2475 3979 2670 4053 aliquo
2697 3981 2872 4037 verbo
2904 3980 3111 4051 irritet,
3141 3999 3248 4039 seu
3276 3989 3568 4056 provocet,
3604 4001 3711 4042 nec
3741 4003 3878 4059 pro-

2227 4074 2468 4126 vocatus
2497 4069 2570 4126 ad
2601 4068 2712 4126 hoc
2741 4067 2990 4143 quisque
3017 4070 3287 4144 prosiliat
3317 4088 3332 4130 :
3365 4071 3504 4146 quia
3541 4073 3602 4129 in
3653 4074 3878 4134 talibus

2227 4157 2759 4216 commotionibus
2799 4163 2859 4216 et
2903 4159 3320 4232 potationibus,
3354 4161 3508 4220 sicut
3562 4163 3876 4238 irreligiosi

2227 4245 2468 4315 faciunt,
2497 4263 2730 4319 semper
2756 4263 2820 4304 se
2839 4247 3133 4304 immiscet
3149 4249 3422 4310 diabolus
3439 4251 3530 4323 (ι).
3554 4252 3881 4321 “ﬂuendo

2223 4337 2529 4410 presbyteri
2555 4353 2626 4393 ex
2651 4337 3073 4408 Namnetensi.)
3095 4340 3336 4406 Quando
3366 4344 3564 4398 autem
3593 4355 3882 4406 convene-

2229 4426 2350 4484 rint
2379 4426 2701 4500 presbyteri
2732 4427 2805 4482 ad
2834 4426 3071 4500 aliquod
3103 4427 3452 4500 convivium,
3476 4429 3758 4498 decentis,
3775 4437 3883 4492 aut

2227 4514 2443 4588 aliquis
2465 4514 2626 4587 prior
2647 4513 3146 4584 illorum,versum
3165 4521 3304 4578 ante
3323 4533 3591 4579 mensam
3609 4517 3878 4592 incipiat,

473 4609 700 4678 martyr
727 4603 800 4659 ad
834 4607 1102 4660 sanctum
1135 4602 1419 4658 Hilarium
1449 4603 1510 4658 in
1557 4603 1682 4660 suis
1731 4604 2120 4663 decretalibus
2149 4622 2198 4688 ι)
2227 4609 2286 4662 et
2313 4604 2511 4660 cibum
2539 4603 2846 4664 benedicat
2876 4621 2891 4660 :
2920 4609 2982 4662 et
3010 4610 3153 4666 tunc
3181 4605 3506 4670 secundum
3527 4622 3706 4670 suum
3723 4608 3880 4675 ordi-

471 4693 669 4751 tlocuit
699 4693 878 4766 (epist.
905 4693 978 4761 1).

469 4810 605 4868 CAP.
630 4809 758 4882 7X11.
789 4840 860 4850 -—-
904 4810 969 4866 Ut
1013 4809 1073 4864 in
1121 4809 1350 4866 ecclesia
1397 4811 1518 4865 sine
1571 4811 1824 4867 consultu
1875 4812 2118 4882 episcopi

538 4881 726 4938 nullus
751 4882 1069 4953 sepeliatur,
1099 4889 1152 4937 et
1179 4889 1238 4936 ut
1264 4897 1364 4954 pro
1391 4882 1713 4953 sepeliendis
1743 4883 1888 4937 nihil
1910 4881 2117 4951 exigu-

540 4963 650 5010 tur.

541 5050 614 5107 Ut
645 5067 815 5107 nemo
846 5051 1318 5124 presbyterorum
1365 5067 1722 5124 quemquam
1765 5050 1826 5106 in
1873 5049 2117 5106 ecclesia

471 5140 713 5214 sepeliat
741 5140 868 5223 sine
897 5139 1167 5196 consultu
1199 5139 1478 5212 episcopi,
1500 5140 1752 5212 exceptis
1772 5139 2116 5212 hujusmodi

471 5227 753 5284 duntaxat
784 5229 1074 5301 personis,
1107 5245 1258 5300 quas
1289 5227 1628 5301 singillatim
1657 5235 1714 5284 et
1753 5227 2024 5302 privatim
2055 5227 2116 5284 in

471 5318 687 5390 synodo
725 5318 1090 5390 signavimus
1124 5335 1136 5373 :
1170 5334 1276 5372 nec
1309 5334 1411 5389 pro
1442 5317 1791 5390 sepeliendis
1832 5317 2116 5390 quiddam

471 5406 658 5463 exenii
687 5406 881 5480 exigat
903 5405 990 5464 vel
1019 5411 1378 5478 extorqueat.
1412 5406 1472 5462 Si
1503 5407 1645 5479 quid
1693 5411 1889 5462 autem
1922 5404 2112 5475 altari,

469 5491 558 5548 vel
587 5493 865 5564 ecclesiae,
887 5501 990 5551 aut
1009 5495 1120 5551 sibi
1151 5495 1334 5569 gratis
1359 5495 1622 5554 oblatum
1646 5495 1821 5550 fuerit
1842 5512 1876 5550 a
1895 5494 2116 5552 devotis

469 5581 851 5656 quibuslibet,
886 5601 1022 5644 cum
1053 5584 1412 5661 benignitate
1441 5585 1698 5662 recipere
1726 5599 1844 5642 non
1872 5583 2112 5644 interdi-

469 5685 683 5734 cimus.

2227 4711 2362 4768 nem
2395 4693 2770 4761 consedeant,
2791 4693 2941 4752 alter
2968 4693 3213 4752 alterius
3241 4694 3523 4758 hominem
3549 4700 3876 4768 portatum.

2224 4789 2282 4839 et
2313 4763 2416 4854 per
2439 4782 2876 4841 vicissitudines
2905 4783 3102 4843 cibum
3132 4788 3190 4842 et
3209 4789 3414 4857 ponam
3443 4763 3879 4854 benbdicantwt

2224 4871 2440 4944 aliquis
2469 4871 2542 4928 de
2561 4869 2798 4929 illorum
2815 4871 3047 4931 clericis
3067 4871 3289 4946 aliquid
3307 4874 3382 4937 de
3402 4879 3610 4936 sancta
3627 4873 3879 4938 lactioue

2221 4959 2414 5032 legat;
2447 4965 2506 5016 et
2535 4965 2666 5031 post
2697 4961 3068 5020 refectionem
3099 4961 3371 5022 similiter
3401 4966 3673 5028 senem
3703 4964 3877 5038 hym-

2231 5065 2376 5106 num
2407 5048 2624 5116 dicant,
2657 5050 2730 5108 ad
2761 5049 3092 5123 exemplum
3123 5050 3356 5114 Domini
3385 5056 3444 5112 et
3472 5051 3790 5116 Salvatoris
3811 5069 3879 5118 ac

2226 5135 2650 5209 discipulorum
2680 5139 2829 5210 ejus,
2862 5139 3015 5198 sicut
3045 5139 3211 5202 illum
3239 5139 3305 5199 in
3325 5157 3492 5198 omne
3507 5141 3718 5205 fecisse
3739 5141 3880 5217 twi-

2228 5242 2366 5281 mus
2395 5227 2613 5298 (Matth.
2645 5231 2819 5297 κείνα).
2843 5228 2915 5288 Et
2936 5229 3020 5286 sic
3049 5246 3112 5288 se
3141 5229 3478 5295 contineant
3506 5247 3713 5290 omnes
3744 5248 3881 5306 pre-

2225 5315 2446 5388 sbyteri
2474 5315 2534 5371 in
2559 5316 2728 5376 omni
2758 5313 2904 5386 loco,
2930 5316 3186 5379 maxime
3236 5319 3298 5382 in
3343 5317 3584 5391 talibus,
3611 5337 3692 5378 ne
3715 5320 3880 5381 sicut

2226 5405 2370 5460 dicit
2397 5405 2734 5480 Apostolus,
2768 5407 3130 5482 vituperetur
3157 5407 3555 5473 ministerium
3606 5415 3881 5470 nostrum

2223 5495 2299 5568 (ll
2327 5494 2448 5554 Cor.
2475 5500 2572 5568 vi).
