4204 6508
314 453 439 512 ΊἸἸ

1397 458 1784 522 CAPITULA
1824 458 2361 521 PRESBYTERIS
2407 458 2640 520 DATA.

3599 460 3718 519 778

312 585 458 643 Car.
486 585 603 641 XV.
635 615 705 627 --
913 586 1212 665 cavendum
1258 592 1332 644 sit
1370 593 1720 664 presbyteris,
1754 592 1966 665 quando
1994 591 2047 659 Α
2079 607 2257 646 unam
2288 591 2696 646 tantummodo
2725 590 3002 659 oblatam,
3037 594 3093 646 et
3125 590 3481 648 offer-torium
3517 608 3629 665 pro
3660 609 3722 648 se

627 674 728 730 per
754 657 1023 714 Kalendas
1052 661 1195 716 inter
1219 677 1276 716 se
1305 657 1652 718 conveniunt.

392 756 483 823 (D.
517 756 605 811 44.
647 757 881 828 Quando
931 758 1255 830 presbyteri,
1307 775 1376 814 ex
1424 760 1845 833 Namnetensi.)
1897 761 1971 816 Ut

316 845 556 917 quando
587 845 907 918 presbyteri
931 863 1033 918 per
1052 846 1343 903 Kalendas
1366 848 1543 903 simul
1571 849 1965 917 convenerint,

318 935 456 1005 post
485 936 786 1005 peractum
819 933 1081 990 divinum
1114 936 1479 1007 mysterium,
1504 941 1561 993 et
1582 940 1967 995 necessariam

319 1020 848 1091 collationemmon
870 1024 1040 1096 quasi
1071 1024 1145 1079 ad
1176 1026 1489 1097 prandium
1513 1026 1589 1082 ibi
1614 1028 1684 1082 ad
1706 1028 1969 1083 tabulam

327 1110 643 1181 resideant,
676 1114 734 1167 et
761 1127 865 1184 per
894 1111 1039 1169 tales
1081 1113 1554 1170 inconvenientcs
1603 1115 1879 1189 pastellos
1909 1134 1972 1173 se

314 1198 572 1257 invicem
607 1203 866 1272 gravent,
894 1201 1035 1273 quia
1058 1201 1436 1258 inhonestum
1459 1208 1617 1260 estet
1634 1221 1967 1262 onerosum.

320 1289 487 1362 Saepe
515 1287 672 1345 enim
701 1289 866 1346 tarde
896 1291 968 1346 ad
989 1288 1265 1347 ecclesias
1287 1309 1425 1347 suas
1447 1293 1755 1349 redeuntes
1775 1295 1971 1367 majus

314 1377 609 1437 damnum
641 1377 713 1433 de
742 1378 1190 1452 reprehensione
1217 1380 1659 1452 conquirunt,ct
1679 1385 1749 1439 de
1771 1400 1970 1456 grave-

314 1465 461 1522 dine
492 1470 701 1522 mutua
728 1467 1103 1534 contrahunt,
1137 1486 1314 1541 quam
1341 1467 1571 1526 lucrum
1602 1472 1702 1526 ubi
1734 1472 1967 1528 faciant.

318 1555 471 1615 Nam
501 1555 573 1610 de
604 1555 944 1627 bujusmodi
964 1562 1274 1625 conventu,
1298 1559 1398 1630 qui
1421 1560 1531 1614 sub
1552 1560 1848 1632 religionis
1869 1562 1969 1616 ob-

312 1647 490 1705 tentu
521 1644 824 1717 agebatur,
857 1644 1072 1701 Paulus
1101 1647 1401 1719 apostolus
1448 1648 1856 1705 convenienter
1883 1667 1969 1706 re-

314 1731 639 1806 prehendit
667 1732 1000 1789 Corinthios
1030 1736 1079 1805 (Ι
1107 1736 1228 1791 Cor.
1252 1736 1351 1807 x1),
1376 1737 1477 1809 qui
1502 1738 1974 1794 inconvenienter

322 1838 549 1880 omnem
581 1821 945 1879 Dominicam
969 1824 1326 1881 manduCare
1346 1828 1784 1883 conveniebant.
1801 1829 1896 1884 Sic
1916 1833 1973 1884 et

2078 680 2319 752 suisque
2349 679 2624 735 omnibus
2656 679 2986 751 conjunctis
3016 683 3072 735 et
3094 680 3477 737 familiaribus
3497 681 3718 738 offerat.

2078 769 2136 824 Si
2171 768 2303 841 plus
2331 769 2404 823 de
2432 768 2563 824 vino
2588 768 2831 824 voluerit
2860 768 2917 823 in
2952 768 3239 823 butticula
3260 768 3345 824 vel
3378 786 3584 837 canna,
3621 773 3725 825 aut

2076 857 2276 930 plures
2306 857 2551 923 oblatas,
2585 860 2687 912 aut
2717 862 2849 912 ante
2881 856 3124 912 missam
3155 861 3257 912 aut
3303 862 3435 928 post
3478 844 3723 914 missam

2079 947 2413 1019 presbytero
2442 946 2530 1002 vel
2562 946 2832 1001 ministro
2854 945 3016 1001 illius
3036 946 3450 1015 tribuat,unde
3472 946 3724 1018 populus

2076 1035 2139 1090 in
2169 1036 2538 1108 cleemosyna
2567 1038 2624 1092 et
2653 1035 3055 1092 benedictione
3083 1033 3243 1091 illius
3273 1033 3534 1107 eulogias
3574 1034 3723 1090 acci-

2079 1125 2220 1197 piat,
2251 1124 2338 1181 vel
2370 1127 2673 1198 presbyter
2702 1124 3177 1198 supplementum
3210 1123 3447 1197 aliquod
3491 1123 3723 1179 habeat.

2079 1213 2282 1270 Pastos
2312 1217 2507 1269 autem
2538 1217 2595 1270 et
2623 1213 3096 1282 comessationes,
3123 1229 3270 1285 quas
3300 1211 3499 1268 divina
3528 1216 3726 1268 aucto-

2080 1303 2224 1359 ritas
2253 1307 2424 1372 vetat,
2459 1302 2559 1359 ubi
2591 1307 2648 1357 et
2677 1301 3040 1375 gravedines,
3071 1306 3129 1357 et
3166 1301 3440 1357 indebita
3477 1300 3724 1357 exactio-

2080 1408 2205 1460 nes,
2229 1396 2287 1447 et
2317 1396 2517 1463 turpes
2549 1409 2615 1447 ac
2646 1391 2852 1447 inanes
2882 1390 3091 1446 laetitiae
3115 1395 3172 1447 et
3194 1390 3506 1463 rixae,saape
3526 1388 3722 1457 etiam,

2081 1480 2232 1534 sicut
2261 1480 2477 1551 experti
2510 1497 2736 1548 sumus,
2764 1496 2947 1555 usque
2977 1481 3046 1534 ad
3081 1478 3399 1534 homicidia
3425 1480 3483 1534 et
3510 1477 3645 1533 odia
3672 1480 3728 1531 et

2079 1570 2471 1625 dissentiones
2502 1569 2764 1624 accidere
2789 1567 2998 1636 solent,
3034 1568 3176 1623 adeo
3209 1567 3444 1641 penitus
3485 1565 3727 1622 interdi-

2080 1658 2271 1714 cimus
2301 1662 2365 1713 ut
2396 1658 2495 1730 qui
2528 1659 2600 1714 de
2626 1662 2829 1713 cmtero
2859 1657 2968 1713 hoc
2998 1672 3168 1729 agere
3197 1655 3656 1730 praesumpserit,
3677 1655 3726 1710 si

2079 1748 2380 1819 presbyter
2417 1747 2610 1815 fuerit,
2643 1746 2730 1802 vel
2780 1745 3027 1819 quilibet
3076 1745 3344 1817 clericus,
3377 1745 3562 1819 gradu
3608 1742 3727 1818 pri-

2076 1839 2263 1901 vetur,
2289 1836 2338 1891 si
2370 1835 2574 1904 laicus,
2601 1835 2689 1892 vel
2712 1835 2931 1891 femina
2953 1851 3140 1907 usque
3169 1836 3242 1890 ad
3266 1832 3726 1890 satisfactionem

318 1910 533 2027 quikad
562 1926 790 2027 c‘mnam
822 1911 1208 1978 Dominicam,
1238 1914 1298 1969 id
1349 1918 1440 1970 est
1489 1917 1560 1971 ad
1601 1916 1969 1973 collationem
2003 1962 2052 2027 B
2083 1928 2403 1997 separetur.
2435 1922 2766 1980 Conventus
2796 1926 2991 1979 autem
3022 1922 3231 1979 talium
3261 1923 3642 1992 confratrum,
3676 1921 3725 1978 si

320 2012 427 2027 ηρ...
468 1998 484 2027 :
518 2016 593 2027 -..,
658 2000 963 2027 Δηηηηελ..-
1000 2002 1345 2027 -.._--.._.:--_1.
1404 2006 1452 2027 ,ι
1486 2021 1547 2027 -..
1578 2004 1812 2027 ---μ2ι-ι-
1847 2023 1943 2027 ---Δ
2346 2014 2369 2027 ι.
2476 2013 2508 2027 ..
2585 2017 2594 2027 .
2658 2013 2670 2024 .
2781 2013 2796 2027 1
3048 2012 3060 2024 ι
3148 2017 3158 2027 .
3251 2016 3260 2027 .
3317 2012 3379 2027 οη
3445 2014 3485 2027 ._
3548 2010 3587 2027 ιι
3680 2010 3691 2022 ι

320 1998 488 2057 verbi
518 1999 630 2057 sub
656 2000 966 2057 occasione
996 2002 1371 2071 conveniunt,
1400 2006 1457 2059 et
1482 2021 1549 2059 ex
1578 2004 1818 2062 veritate
1847 2023 1979 2062 ven-

314 2087 439 2148 tris
468 2105 648 2147 causa
683 2090 1140 2163 oonjunguntur,
1173 2093 1657 2164 reprcbensibiles
1696 2099 1755 2151 et
1781 2111 1976 2151 coram

314 2177 447 2237 Deo
477 2180 537 2234 et
566 2194 765 2234 coram
796 2178 1135 2235 hominibus
1164 2180 1475 2236 habentur.
1490 2182 1561 2236 Et
1580 2182 1709 2238 ideo
1730 2184 1977 2255 peractis

326 2265 628 2336 omnibus,
660 2266 760 2339 qui
807 2267 1113 2337 voluerint,
1154 2285 1365 2341 panem
1412 2286 1547 2325 cum
1595 2271 1877 2327 cbaritate
1922 2276 1979 2328 et

316 2356 657 2429 gratiarum
676 2356 901 2412 actione
919 2355 979 2411 in
1003 2357 1176 2413 domo
1198 2358 1506 2414 confratris
1527 2359 1618 2415 sui
1645 2361 1823 2415 simul
1843 2377 1976 2416 cum

325 2444 611 2501 fratribus
629 2442 755 2501 suis
771 2445 1062 2519 frangant,
1077 2450 1133 2502 et
1153 2440 1418 2520 singulos
1439 2447 1669 2503 biberes
1690 2449 1979 2521 accipiant

316 2534 586 2606 maxime
606 2536 804 2591 autem
827 2534 982 2591 ultra
1002 2533 1235 2592 tertiam
1252 2536 1437 2591 vicem
1461 2537 1734 2608 poculum
1756 2538 1837 2593 ibi
1862 2555 1976 2594 non

314 2623 698 2696 contingant,
718 2626 789 2680 'ct
818 2624 891 2684 ad
922 2622 1199 2680 ecclesias
1227 2640 1365 2679 suas
1396 2625 1655 2681 redeant.

324 2734 372 2788 τ
383 2729 484 2788 1-5
514 2733 645 2787 CAP.
676 2730 819 2805 XVI.
850 2761 921 2771 -—
952 2731 1025 2786 De
1052 2732 1387 2805 eonﬁatriis,
1420 2748 1713 2805 eorumque
1750 2752 1978 2792 conven-

644 2802 810 2873 tibus,
840 2802 1100 2875 quomodo
1128 2803 1398 2858 celebrari
1419 2802 1666 2859 debeant.

405 2900 479 2957 Ut
518 2900 598 2957 de
643 2898 923 2969 collectis,
958 2914 1106 2973 quas
1154 2900 1455 2974 geldonias
1498 2901 1587 2957 vel
1634 2901 1979 2958 confratrias

317 2987 505 3064 vulgo
534 2994 764 3059 vocant,
796 2990 949 3047 sicut
970 2990 1096 3062 jam
1125 2989 1316 3046 verbis
1347 2989 1705 3059 monuimus,
1737 2994 1795 3046 et
1824 3009 1979 3047 nunc

321 3079 572 3153 scriptis
596 3094 869 3153 expresse
889 3078 1281 3152 praecipimus,
1297 3083 1526 3134 tantum
1555 3080 1673 3148 flat,
1690 3083 1978 3152 quantum

322 3169 407 3225 ad
438 3167 847 3225 auctoritatem
877 3172 934 3225 et
963 3165 1271 3224 utilitatem
1302 3172 1475 3240 atque
1495 3168 1779 3224 rationem
1804 3169 1978 3242 perti-

323 3261 434 3314 net
457 3273 470 3313 :
492 3256 648 3312 ultra
663 3260 861 3313 autem
882 3272 1052 3312 nemo
1075 3273 1262 3330 neque
1284 3258 1769 3330 sacerdos,neque
1793 3257 1980 3314 ﬁdelis

2086 2030 2323 2069 necesse
2343 2013 2517 2069 fuerit
2538 2017 2604 2068 ut
2623 2013 2799 2069 simul
2823 2012 3186 2082 conveniant,
3202 2016 3270 2067 ut
3285 2012 3335 2068 si
3351 2012 3498 2068 forte
3513 2010 3728 2087 aliquis

2086 2105 2288 2159 contra
2317 2118 2513 2174 parem
2546 2118 2722 2158 suum
2753 2100 3120 2157 discordiam.
3135 2100 3423 2169 habuerit,
3441 2116 3616 2172 quem
3639 2115 3726 2154 re-

2085 2188 2383 2247 conciliari
2413 2206 2650 2246 necesse
2682 2191 2851 2259 sit,et
2871 2190 2998 2245 sine
3018 2193 3305 2246 conventu
3325 2188 3648 2261 presbyteri
3671 2190 3730 2243 et

2086 2282 2424 2334 caeterorum
2456 2295 2584 2334 esse
2614 2295 2730 2333 non
2763 2278 2967 2350 possit,
2998 2280 3130 2349 post
3177 2282 3412 2350 peracta
3457 2274 3560 2332 illa
3602 2292 3729 2348 quae

2087 2368 2187 2423 Dci
2212 2371 2371 2434 sunt,
2393 2372 2449 2423 et
2470 2366 2809 2421 Christianas
2841 2365 3105 2438 religioni
3139 2364 3582 2434 conveniunt,et
3601 2368 3734 2439 post

2086 2454 2314 2511 debitas
2346 2454 2792 2524 admonitiones,
2808 2456 2908 2525 qui
2929 2453 3219 2511 voluerint
3239 2453 3498 2527 eulogias
3518 2470 3553 2509 a
3572 2468 3732 2527 pres-

2087 2546 2287 2617 bytero
2319 2544 2630 2616 accipiant,
2663 2547 2719 2599 et
2748 2560 2961 2616 panem
2992 2547 3225 2599 tantum
3256 2542 3735 2616 frangentes,sin-

2082 2633 2211 2706 guli
2248 2632 2515 2705 singulos
2563 2632 2789 2689 biberes
2838 2631 3148 2705 accipiant,
3183 2636 3241 2687 et
3288 2631 3435 2688 nihil
3481 2630 3737 2705 amplius

2087 2721 2423 2795 contingere
2451 2725 2830 2793 praesumant,
2864 2725 2921 2776 et
2950 2721 3035 2776 sic
3066 2721 3474 2793 unusquisque
3505 2720 3577 2775 ad
3626 2736 3737 2776 sua

2088 2827 2223 2866 cum
2256 2808 2654 2865 benedictione
2684 2809 2915 2864 Domini
2943 2810 3162 2865 redeat.

2088 2927 2220 2983 CAP.
2253 2924 2422 2980 XVII.
2452 2956 2518 2965 —
2553 2925 2633 2989 Ut,
2682 2924 2935 2996 defuncto
2986 2925 3317 2997 presbytero,
3368 2924 3560 2997 nullus
3611 2923 3730 2979 sine

2157 2998 2403 3123 οοέτὲἷὲιιιιι
2431 2997 2668 3068 episcopi
2694 2992 2973 3053 ecclesiam
2986 2992 3166 3051 'illius'
3189 3003 3285 3051 aut
3331 2992 3597 3068 capellam
3627 3009 3728 3066 ap-

2158 3085 2222 3123 ne
2305 3110 2317 3122 .

2193 3085 2317 3123 erat.

2155 3085 2234 3230 ξπ
2263 3174 2311 3230 si
2360 3173 2606 3246 quilibet
2654 3172 3124 3247 presbyterorum
3175 3174 3485 3230 defunctus
3534 3172 3729 3241 fuerit,

2087 3263 2314 3319 vicinus
2345 3262 2644 3335 presbyter
2672 3264 2826 3335 apud
2857 3262 3146 3319 seniorem
3186 3260 3522 3319 saacularem
3571 3259 3734 3317 nulla

322 3346 671 3420 quisquam,
703 3363 763 3419 in
797 3345 1073 3417 parochia
1102 3350 1303 3401 nostra
1333 3345 1602 3419 progredi
1647 3347 1879 3401 audeat.
1914 3346 1976 3401 ld
2010 3332 2052 3399 Β
2092 3332 2440 3424 precatione,
2472 3332 2560 3406 vel
2592 3332 2787 3422 aliquo
2818 3351 3039 3420 exenio,
3063 3350 3370 3408 ecclesiam
3400 3350 3563 3406 illam
3593 3347 3736 3413 obti-

234 3478 247 3488 .
324 3436 428 3490 est
455 3431 515 3488 in
547 3431 709 3488 omni
739 3431 1018 3504 obsequio
1051 3431 1351 3505 religionis
1381 3434 1818 3506 conjungantur
1849 3451 1862 3488 :
1899 3435 1980 3489 vi-

322 3520 545 3581 delicet
569 3520 631 3578 in
663 3519 979 3592 oblatione,
998 3521 1060 3576 in
1086 3520 1568 3590 luminaribusﬁn
1588 3522 1982 3579 oblationibus

326 3611 583 3679 mutuis,
615 3610 675 3666 in
706 3610 998 3685 exsequiis
1029 3612 1459 3681 defunctorum,
1486 3612 1547 3667 in
1577 3612 1979 3687 eleemosynis,

325 3705 395 3758 et
421 3699 645 3757 caeteris
672 3699 908 3774 pietatis
938 3700 1147 3757 ofﬁciis
1179 3717 1193 3757 :
1226 3700 1309 3756 ita
1336 3706 1404 3757 ut
1434 3701 1534 3774 qui
1567 3701 1870 3757 candelam
1893 3703 1980 3758 of-

327 3792 487 3848 ferre
512 3789 824 3861 voluerint,
860 3789 978 3846 sive
1007 3790 1354 3863 specialiter,
1370 3790 1490 3847 sive
1508 3790 1985 3864 generaliter,aut

329 3885 474 3938 ante
503 3880 770 3951 missam,
801 3883 904 3936 aut
931 3880 1083 3936 inter
1111 3879 1355 3936 missam
1387 3885 1703 3953 antequam
1734 3881 1986 3954 Evange-

329 3964 485 4026 lium
514 3967 839 4042 legatur,ad
871 3966 1051 4024 altare
1081 3968 1739 4025 deferant.0blationem
1763 3973 1981 4039 autem,

2092 3444 2246 3507 neat,
2281 3456 2408 3512 quae
2435 3437 2646 3495 titulus
2677 3456 2780 3512 per
2809 3457 2870 3496 se
2897 3445 3173 3497 constans
3195 3444 3365 3496 antea
3385 3437 3735 3507 exstitit,sed

2091 3544 2278 3600 neque
2308 3527 2613 3601 capellam,
2647 3528 2774 3585 sine
2804 3529 3076 3585 consultu
3119 3534 3337 3586 nostro.
3372 3529 3533 3596 Quod
3575 3527 3625 3583 si
3655 3527 3734 3583 fe-

2090 3617 2252 3686 cerit,
2276 3617 2589 3672 difﬁnitam
2612 3617 2959 3673 sententiam
2984 3616 3093 3674 sibi
3118 3618 3406 3691 prolatam
3432 3615 3733 3691 suscipiat,

2093 3705 2265 3762 sicuti
2295 3706 2367 3761 de
2398 3705 2668 3778 episcopo
2700 3706 2981 3762 canonica
3009 3705 3260 3762 decrevit
3307 3704 3643 3775 auctoritas,
3673 3708 3739 3760 ut

2093 3794 2193 3865 qui
2226 3811 2329 3866 per
2357 3794 2737 3849 ambitionem
2770 3795 3053 3864 majorem
3084 3793 3376 3850 civitatem
3407 3791 3736 3865 appetierit,

2091 3886 2150 3939 et
2176 3881 2337 3938 illam
2371 3883 2577 3954 perdat
2607 3899 2783 3954 quam
2813 3883 3019 3950 tenuit,
3053 3886 3110 3938 et
3148 3881 3311 3938 illam
3362 3896 3736 3954 nequaquam

2093 3970 2371 4039 obtineat,
2404 3987 2581 4043 quam
2615 3987 2898 4043 usurpare
2926 3971 3188 4027 tentavit.

335 4311 495 4369 πω
514 4309 882 4367 CAPITULA
911 4306 1172 4376 QUIBUS
1200 4308 1292 4365 DE
1324 4308 1554 4365 REBUS
1588 4309 1937 4365 MAGISTRI
1964 4309 2058 4381 ET
2083 4310 2344 4367 DECANI
2370 4312 2507 4367 PER
2528 4311 2879 4369 SINGULAS
2908 4312 3291 4369 ECCLESIAS
3324 4311 3740 4381 INQUIRERE,

652 4393 657 4397 ‘
1371 4382 1463 4436 ET
1492 4381 1830 4439 EPISCOPO
1857 4380 2321 4439 RENUNTIARE
2354 4383 2710 4440 DEBEANT.

1834 4511 2256 4528 ..σῇ-α.

330 4594 498 4661 Ilaec
527 4591 714 4659 omni
746 4609 924 4656 anno
953 4590 1422 4673 investiganda
1453 4593 1610 4653 sunt
1640 4609 1677 4654 a
1706 4592 2050 4672 magistris
2071 4598 2134 4657 et
2180 4592 2448 4657 decanis
2477 4592 2896 4676 presbyteris
2931 4612 3052 4676 per
3084 4594 3393 4674 singulas
3432 4595 3745 4659 matrices

348 4710 353 4711 ί
432 4683 770 4762 ecclesias,
813 4686 880 4747 et
917 4699 1037 4765 per
1076 4680 1363 4764 capellas
1402 4680 1736 4764 parochias
1779 4687 2047 4763 nostrae,
2082 4687 2147 4746 et
2182 4681 2374 4746 nobis
2415 4680 2725 4746 Kalendis
2765 4682 2956 4747 Juliis
2992 4684 3467 4748 renuntianda.
3496 4681 3748 4747 Simili-

338 4797 347 4802 ·
428 4778 535 4838 ter
563 4773 771 4837 etiam
809 4770 1361 4852 investigandum
1389 4775 1455 4834 ot
1489 4770 2016 4835 renuntiandum
2053 4777 2153 4835 est
2182 4772 2379 4836 nobis
2409 4772 2694 4854 qualiter
2724 4772 3159 4840 observentur
3187 4778 3252 4837 et
3281 4773 3746 4841 custodiantur

370 4876 375 4883 ‘
434 4863 552 4927 illa
592 4880 745 4948 qua;
784 4860 1202 4947 capitulatim
1240 4859 1655 4925 observanda
1685 4860 2099 4945 presbyteris
2137 4862 2466 4926 dedimus.

416 5029 463 5085 Ι.
495 5028 919 5101 Inquirendum
950 5027 1010 5083 in
1037 5043 1157 5101 qua
1176 5026 1332 5095 villa,
1349 5030 1451 5083 aut
1470 5026 1785 5099 cujuslibet
1806 5026 1991 5083 sancti
2022 5030 2070 5094 D
2114 5053 2121 5057 -
2174 5026 2266 5083 1V.
2302 5027 2506 5094 Qualia
2535 5027 2654 5084 sint
2683 5028 3029 5084 indumenta
3072 5026 3296 5098 altaris,
3326 5028 3470 5098 quot
3514 5041 3661 5082 nova
3690 5028 3749 5082 et

332 5119 585 5187 honore,
618 5116 1011 5191 praetitulatus
1042 5115 1119 5172 sit
1143 5115 1461 5189 presbyter,
1488 5114 1576 5171 vel
1609 5132 1642 5171 a
1672 5131 1786 5188 quo
1819 5115 1995 5172 fuerit

334 5206 680 5266 ordinatus.

354 5316 361 5345 ῑ
421 5296 491 5353 II.
523 5296 585 5353 Si
618 5295 832 5353 habeat
854 5311 1130 5353 mansum
1156 5294 1470 5351 habentem
1501 5294 1836 5350 bunnuaria
1856 5295 1995 5350 duo-

334 5384 558 5459 decim,
591 5389 803 5459 preter
829 5383 1250 5451 ccemeterium,
1282 5387 1339 5440 et
1367 5388 1607 5452 cortem,
1631 5383 1730 5438 ubi
1752 5382 1999 5439 ecclesia

334 5479 406 5533 et
436 5475 650 5533 domus
679 5474 868 5549 ipsius
896 5474 1248 5546 continetur,
1272 5478 1371 5549 aut
1391 5474 1440 5529 si
1464 5472 1674 5528 habeat
1704 5471 2000 5544 mancipia

338 5569 626 5639 quatuor.

424 5655 519 5711 ΙΙΙ.
544 5657 698 5724 Quot
718 5669 959 5712 mansos
988 5653 1201 5711 habeat
1218 5652 1278 5710 in
1301 5670 1410 5710 sua
1430 5651 1707 5724 parocbia
1730 5650 1998 5723 ingenui—

336 5745 439 5803 les
468 5749 524 5803 et
552 5744 811 5811 serviles,
843 5747 946 5800 aut
975 5743 1393 5813 accolas,unde
1413 5740 1699 5797 decimam
1727 5740 1994 5814 accipiat.

673 5873 939 5949 Parant.
986 5870 1212 5935 CXXV.

2102 5121 2245 5190 quot
2265 5118 2773 5190 vetusta,qualiter
2792 5116 3002 5173 nitida:
3021 5133 3137 5189 quo
3162 5116 3397 5173 metallo
3419 5116 3538 5172 sint
3559 5126 3747 5189 capsas

2103 5210 2159 5262 et
2185 5223 2388 5263 cruces
2415 5210 2718 5280 coopertos,
2746 5210 2847 5263 aut
2867 5206 2917 5263 si
2947 5205 3255 5279 diligenter
3277 5204 3587 5262 reconditae
3610 5206 3751 5261 sunt

2104 5295 2360 5368 reliquiae
2392 5295 2452 5351 in
2474 5296 2642 5351 altari
2672 5313 2685 5351 :
2710 5297 2761 5351 si
2786 5297 2923 5368 ipsae
2946 5312 3132 5368 capsae
3156 5294 3302 5351 seris
3325 5292 3565 5351 munita
3587 5296 3746 5351 sunt.

2174 5385 2242 5439 V.
2274 5387 2429 5452 Quos
2460 5388 2517 5439 et
2556 5390 2699 5456 quot
2742 5385 2924 5442 libros
2974 5384 3206 5452 habeat,
3241 5386 3343 5440 aut
3372 5382 3422 5440 si
3454 5383 3602 5459 bene
3633 5382 3754 5441 sint

2105 5473 2349 5530 recitati.
3308 5494 3315 5501 -

2174 5563 2267 5619 VI.
2301 5560 2507 5629 Qualia
2535 5565 2637 5618 aut
2667 5564 2809 5635 quot
2838 5562 3225 5619 sacerdotalia
3270 5564 3622 5620 vestimenta
3648 5562 3754 5619 ba-

2107 5654 2258 5721 beat,
2286 5655 2343 5709 et
2370 5651 2621 5726 qualiter
2650 5651 2769 5708 sint
2793 5651 2998 5723 nitida,
3033 5655 3135 5709 aut
3165 5652 3223 5710 in
3256 5652 3441 5712 nitido
3480 5652 3607 5711 loco
3637 5650 3755 5711 col-

2109 5742 2392 5800 locantur.

3355 5873 3433 5935 25
