4204 6466
522 423 640 480 779

1438 417 1824 478 IIINCMA‘RI
1871 415 2318 478 RHEMENSIS
2362 416 2957 479 AllCHIEPISCOPI

3798 414 3924 476 780

589 551 710 607 VII.
745 550 806 607 Si
852 550 1066 606 habeat
1114 550 1305 606 locum
1350 554 1762 622 praeparatum,
1796 549 1895 605 ubi
1944 549 2163 605 effundi
2192 551 2246 617 Α
2276 548 2601 606 manserit:
2637 548 2917 620 quoniam
2943 550 3146 604 contra
3188 548 3420 605 decreta
3466 563 3761 605 canonum
3808 547 3920 604 hoc

521 640 708 712 possit
736 656 891 713 aqua
918 640 1151 712 quando
1184 638 1506 694 abluuntur
1531 655 1670 695 vasa
1708 637 1931 706 altaris,
1965 641 2069 694 aut
2099 655 2165 694 os

518 728 605 785 vel
636 745 849 785 manus
880 732 1011 801 post
1040 727 1471 800 perceptionem
1503 744 1678 782 sacra:
1709 726 2161 782 communionis.

516 819 631 873 Aut
660 817 711 873 si
742 817 867 890 ipse
898 818 1200 889 presbyter
1226 816 1479 888 propriis
1504 816 1797 883 manibus,
1831 820 1933 871 aut
1969 816 2163 871 diaco-

518 922 652 975 nus,
684 910 789 961 aut
817 904 1214 961 subdiaconus
1243 906 1393 976 ejus,
1424 904 1577 960 lavet
1605 905 1794 976 primo
1842 902 2161 976 corporale.

586 994 739 1051 VIII.
771 995 894 1062 Quo
925 992 1160 1049 metallo
1183 993 1261 1049 sit
1287 991 1437 1048 calix
1455 997 1512 1048 et
1532 997 1761 1064 patena,
1779 996 1881 1048 aut
1902 1010 2019 1064 qua
2038 992 2166 1048 dili-

517 1082 715 1156 gentia
759 1081 1187 1148 custodiantur,
1227 1085 1330 1137 aut
1377 1081 1425 1136 si
1473 1080 1687 1136 habeat
1739 1079 2028 1153 pyxidem,
2062 1079 2163 1135 ubi

516 1186 771 1244 congrue
801 1170 987 1243 possit
1015 1170 1249 1225 recondi
1278 1186 1444 1226 sacra
1481 1169 1696 1225 oblatio
1743 1170 2059 1225 reserunda
2089 1169 2160 1224 ad

515 1259 797 1318 viaticum
827 1259 1098 1314 inﬁrmis.

590 1347 681 1404 IX.
714 1347 789 1405 Ut
815 1346 1073 1403 chrisma
1100 1350 1157 1402 et
1186 1346 1379 1402 oleum
1422 1351 1827 1403 consecratum
1876 1346 1987 1401 sub
2033 1363 2165 1403 sera

516 1437 934 1493 reconduntur.

587 1525 654 1581 X.
687 1525 747 1582 Si
776 1525 901 1597 ipse
932 1524 1232 1597 presbyter
1271 1522 1468 1580 visitet
1514 1523 1802 1592 inﬁrmos,
1829 1527 1887 1579 et
1918 1524 2163 1598 inungat

516 1615 642 1672 oleo
673 1618 898 1683 sancto,
920 1618 978 1670 et
996 1612 1389 1669 communicet
1410 1629 1511 1685 per
1530 1630 1614 1679 se,
1628 1617 1686 1668 et
1704 1630 1817 1668 non
1841 1629 1944 1685 per
1963 1630 2164 1686 quem-

515 1703 676 1773 libet,
708 1708 766 1760 et
795 1702 894 1758 ille
923 1703 1047 1775 ipse
1076 1701 1472 1758 communicet
1500 1701 1807 1775 populum,
1831 1718 1936 1757 nec
1969 1704 2162 1759 tradat

513 1791 986 1848 communionem
1017 1790 1292 1863 cuiquam
1316 1789 1464 1847 laico
1486 1792 1557 1846 ad
1579 1791 1959 1847 deferendum
1983 1791 2040 1847 in
2066 1792 2163 1848 do-

515 1897 680 1937 mum
711 1896 882 1937 suam
914 1896 1093 1936 causa
1120 1878 1437 1951 cujuslibet
1463 1879 1704 1935 inﬁrmi.

584 1969 677 2025 XI.
699 1968 759 2024 Si
788 1968 1002 2024 habeat
1021 1966 1301 2024 clericum
1325 1967 1426 2040 qui
1447 1967 1634 2041 possit
1652 1972 1849 2025 tenere
1872 1968 2157 2038 scholam,

514 2060 619 2114 aut
648 2057 838 2130 legere
867 2056 1200 2129 epistolam,
1233 2061 1335 2112 aut
1363 2073 1569 2113 canere
1615 2056 1824 2127 valeat,
1857 2061 2031 2131 prout
2060 2075 2161 2114 ne-

515 2145 838 2203 cessarium
869 2145 982 2201 sibi
1014 2145 1263 2201 videtur.

585 2235 707 2291 XII.
741 2234 1211 2307 Investigandum
1243 2234 1626 2292 nihilominus
1656 2236 1727 2291 de
1765 2236 2161 2293 lumiuaribus

515 2322 794 2393 ecclesias,
826 2327 927 2379 aut
955 2328 1096 2396 quot
1125 2323 1376 2380 cerarios
1403 2324 1616 2380 habeat
1646 2324 1769 2396 ipse
1802 2324 2031 2381 titulus.

591 2414 734 2471 717
771 2412 918 2469 XIII.
948 2411 1207 2479 Qualiter
1233 2412 1311 2467 sit
1356 2418 1631 2484 cooperta
1676 2412 1942 2482 ecclesia,
1977 2418 2080 2470 aut
2109 2415 2159 2471 si

516 2503 594 2559 sit
617 2505 929 2570 camerata,
960 2506 1019 2557 et
1049 2504 1113 2557 ut
1140 2501 1220 2556 ibi
1250 2500 1533 2557 columbae
1562 2501 1652 2556 vel
1683 2502 1809 2557 alim
1858 2520 1992 2559 aves
2042 2521 2159 2560 non

516 2590 837 2659 nidificent,
860 2594 1093 2663 propter
1111 2590 1545 2647 immunditiam
1574 2591 1663 2646 vel
1694 2590 2160 2665 importunitatis

514 2678 1003 2752 inquietudinem.

582 2768 728 2823 XIV.
761 2769 883 2835 Quo
913 2768 1147 2824 metallo
1179 2768 1434 2825 habeant
1460 2769 1679 2826 ibidem
1711 2770 1897 2843 signa.

581 2856 699 2913 XV.
731 2857 791 2913 Si
821 2856 1039 2913 atrium
1089 2856 1301 2912 habeat
1348 2857 1668 2927 munitum,
1699 2863 1801 2915 aut
1848 2858 1898 2915 si
1951 2858 2157 2916 cellam

510 2945 808 3019 propriam
839 2944 1050 3001 habeat
1071 2946 1239 3017 juxta
1267 2945 1596 3015 ecclesiam,
1619 2950 1722 3002 aut
1750 2947 1800 3003 si
1832 2948 2160 3020 suspiciosa

510 3036 570 3091 in
600 3035 848 3092 circuitu
877 3034 1089 3091 ostiola
1117 3035 1255 3091 sint.

580 3125 723 3181 XVI.
755 3124 830 3181 Ut
858 3141 929 3181 ex
956 3122 1200 3179 decimis
1227 3126 1482 3196 quatuor
1510 3124 1806 3197 portiones
1831 3126 1975 3182 ﬁant
1985 3127 2156 3198 juxta

509 3212 941 3270 institutionem
972 3211 1336 3281 canonicam,
1368 3216 1425 3268 et
1471 3213 1611 3284 ipsa:
1660 3216 1769 3271 sub
1817 3216 2154 3273 testimonio

2273 636 2494 693 malum
2523 638 2717 711 agitur
2745 655 2780 693 a
2799 637 3016 709 quibus
3046 641 3444 709 perpetratur;
3479 636 3618 710 quia
3637 636 3793 693 sicut
3814 653 3921 693 nec

2273 743 2399 794 suo,
2435 726 2518 781 ita
2547 743 2650 781 nec
2681 726 2870 781 alieno
2901 725 3136 781 nomine
3180 727 3501 799 presbyter,
3531 726 3619 782 vel
3670 724 3923 800 quilibet

2271 816 2381 871 sub
2432 814 2652 888 regula,
2704 817 2895 871 frenus
2942 830 3205 871 exercere
3253 815 3445 882 debet,
3478 815 3666 871 multo
3715 815 3919 872 minus

2271 907 2466 959 autem
2481 904 2744 959 fraudem
2760 905 2947 960 facere
2965 905 3036 959 de
3059 902 3437 960 facultatibus
3458 902 3874 961 ecclesiasticis
3898 921 3914 961 :

2270 991 2549 1065 quoniam
2580 992 2689 1048 hoc
2719 1009 2889 1066 agere
2920 992 3270 1066 sacrilegum
3308 997 3417 1061 est,
3451 996 3508 1048 et
3538 1009 3645 1065 par
3691 994 3917 1050 crimen

2269 1080 2505 1136 Ananiae
2535 1085 2593 1136 et
2629 1081 2909 1154 Saphiraa,
2941 1086 3114 1154 atque
3159 1082 3324 1137 Judas
3371 1081 3538 1149 furis,
3572 1082 3673 1155 qui
3716 1098 3921 1140 sacras

2271 1168 2619 1240 oblationes,
2645 1187 2771 1243 qum
2793 1171 2864 1226 ad
2894 1187 3039 1226 usus
3066 1170 3326 1226 fidelium
3348 1187 3414 1227 ac
3436 1186 3763 1244 pauperum
3785 1171 3924 1227 mit-

2272 1259 2569 1328 tebantur,
2602 1260 2943 1332 asportabat
2970 1264 3028 1315 et
3066 1260 3388 1316 furabatur.
3423 1260 3569 1316 Nam
3621 1260 3780 1316 aliud
3829 1266 3925 1318 est

2270 1346 2397 1403 sine
2426 1347 2732 1420 dispendio
2761 1347 3016 1404 ecclesia:
3048 1348 3252 1404 amicis
3283 1348 3370 1405 vel
3402 1349 3744 1421 parentibus
3774 1366 3923 1423 pau-

2270 1438 2527 1510 peribus,
2552 1440 2654 1493 aut
2691 1436 3055 1509 quibuslibet
3101 1437 3483 1504 necestuosis,
3514 1454 3585 1493 ex
3631 1437 3925 1495 charitate

2268 1542 2402 1581 cum
2435 1543 2713 1582 mensura
2741 1530 2800 1581 et
2831 1525 3054 1581 ratione
3082 1525 3412 1594 subvenire,
3434 1525 3521 1583 vel
3554 1527 3924 1600 adjutorium

2270 1615 2437 1682 ferre,
2470 1619 2529 1671 et
2558 1614 2718 1671 aliud
2747 1631 2883 1670 cum
2916 1615 3310 1671 destructione
3339 1614 3722 1684 ecclesiae,vel
3748 1616 3926 1674 dissi-

2269 1703 2502 1777 patione
2533 1704 2875 1760 facultatum
2906 1703 3456 1774 ecclesiasticarum,
3489 1704 3661 1777 quasi
3692 1705 3923 1775 furtim,

2268 1792 2387 1848 imo
2418 1793 2642 1860 furtim,
2666 1809 2795 1865 quae
2825 1791 3086 1848 ecclesiae
3107 1808 3236 1849 esse
3255 1793 3662 1860 debuerant,et
3685 1794 3921 1865 usibus,

2268 1879 2428 1937 illius
2445 1897 2510 1937 ac
2526 1897 2851 1953 pauperum
2868 1897 2969 1937 seu
2988 1880 3285 1953 hospitum
3303 1879 3922 1953 impendi,carnalium

2269 1967 2584 2025 carnaliter
2612 1970 2821 2026 usibus
2852 1969 2981 2026 sine
3010 1968 3205 2026 divino
3235 1973 3501 2043 respectu
3523 1969 3827 2028 inservire.
3850 1972 3923 2029 Et

2269 2057 2340 2113 de
2371 2057 2517 2113 nihil
2538 2057 2897 2115 habentibus
2917 2063 3221 2131 promotus
3242 2059 3546 2132 presbyter
3566 2076 3684 2117 non
3706 2077 3918 2133 presu-

2270 2151 2393 2201 mat
2420 2163 2547 2219 quae
2579 2147 2651 2202 de
2672 2146 3047 2204 facultatibus
3067 2146 3321 2204 ecclesia:
3345 2149 3771 2221 comparaverit
3785 2164 3918 2206 ven-

2269 2234 2426 2303 dere,
2455 2234 2545 2290 vel
2576 2234 2745 2307 quasi
2781 2236 2930 2292 118
2961 2237 3031 2292 ad
3065 2253 3262 2293 casam
3300 2236 3393 2292 Dei
3426 2237 3679 2304 tradere,
3697 2236 3812 2294 nisi
3844 2238 3923 2294 ad

2268 2322 2575 2380 ecclesiam
2607 2325 2778 2397 cujus
2807 2324 3052 2397 proprie
3081 2342 3210 2382 esse
3240 2325 3471 2394 debent,
3496 2326 3624 2383 sine
3642 2325 3923 2383 consultu

2267 2412 2546 2486 episcopi.
2845 2405 2859 2419 ’
3160 2454 3183 2477 ρ

2337 2501 2450 2557 XX.
2484 2502 2928 2575 lnquirendum,
2958 2504 3010 2579 si
3040 2505 3113 2560 de
3142 2502 3402 2560 tabernis
3433 2508 3489 2561 et
3517 2504 3591 2561 de
3620 2520 3921 2569 comessa-

2269 2589 2547 2657 tionibus,
2580 2595 2637 2646 et
2666 2590 2737 2647 de
2768 2591 3162 2648 familiaritate
3198 2592 3460 2649 indebita
3507 2593 3826 2651 mulierum
3857 2610 3923 2651 se

2267 2679 2601 2736 custodiant
2620 2680 2965 2754 presbyteri,
2979 2680 3132 2737 sicut
3156 2680 3481 2754 saepissime
3498 2681 3918 2740 interdiximus

2267 2772 2322 2824 et
2344 2768 2778 2825 interdicimus:
2794 2769 2934 2842 quia
2951 2770 3024 2826 ad
3048 2769 3463 2826 contumeliam
3484 2775 3752 2828 nostram
3779 2771 3914 2828 laici

2266 2872 2361 2913 me
2391 2860 2615 2929 petunt,
2639 2860 2704 2912 ut
2734 2857 2784 2913 si
2816 2856 3113 2915 evidenter
3138 2875 3275 2915 cum
3294 2858 3689 2932 testibus,quo
3711 2860 3915 2934 negari

2265 2962 2381 3001 non
2415 2945 2600 3017 possit
2630 2963 2665 3001 a
2692 2946 3423 3019 quoquam,preshyterum
3457 2948 3518 3003 in
3539 2948 3803 3006 tabernis
3824 2948 3917 3005 in-

2261 3033 2544 3102 venerint,
2560 3034 2852 3091 caballum
2873 3039 2929 3091 et
2949 3051 3194 3108 cappam
3216 3035 3352 3092 inde
3372 3036 3458 3092 eis
3477 3037 3696 3094 habere
3716 3037 3913 3094 liceat.

2263 3124 2625 3195 Quapropter
2653 3123 2701 3179 si
2732 3124 2945 3180 abhinc
2974 3124 3296 3198 presbyteri
3324 3141 3390 3181 se
3419 3125 3491 3181 de
3528 3125 3751 3183 talibus
3795 3144 3915 3183 non

2263 3211 2686 3285 caverint,quia
2715 3213 2978 3269 divinum
3001 3230 3114 3271 non
3137 3214 3347 3270 timent
3360 3214 3914 3289 judicium,tempo-

510 3303 762 3357 duorum
788 3305 892 3356 aut
927 3299 1105 3355 trium
1156 3299 1419 3356 ﬁdelium
1466 3303 1726 3359 studiose
1756 3308 1813 3359 et
1843 3304 2153 3377 diligenter
2180 3288 2226 3353 Ο
2265 3296 2445 3355 ralem
2481 3298 2599 3356 illis
2648 3300 3012 3358 inveniemus
3059 3302 3495 3370 contumeliam,
3529 3309 3587 3359 et
3632 3288 3917 3362 osculare

512 3389 847 3445 dividantur
879 3404 893 3444 :
922 3391 980 3443 et
1008 3393 1075 3444 ut
1102 3388 1174 3443 de
1204 3389 1434 3444 duabus
1480 3390 1868 3463 portionibus,
1899 3393 2153 3450 ecclesiis

511 3481 569 3533 et
596 3476 874 3550 episcopi,
907 3478 1053 3533 ratio
1083 3478 1362 3534 reddatur
1389 3495 1493 3553 per
1521 3479 1785 3555 singulos
1806 3499 1991 3539 annos
2010 3483 2152 3556 quid

509 3566 646 3622 inde
676 3566 983 3639 profecerit
1013 3566 1073 3622 in
1105 3566 1371 3624 ecclesia.

579 3655 747 3712 XVII.
780 3655 854 3712 Ut
882 3656 1312 3717 matricularios
1340 3657 1554 3714 habeat
1591 3660 1764 3731 juxta
1809 3660 2150 3734 qualitatem

508 3744 641 3817 loci,
660 3761 776 3801 non
810 3744 1094 3801 bubulcos
1115 3749 1217 3800 aut
1236 3746 1550 3818 porcarios,
1566 3749 1668 3803 sed
1688 3749 1910 3806 debiles
1930 3754 1987 3805 et
2007 3768 2149 3824 pau-

507 3850 695 3910 peres,
725 3835 876 3892 etde
903 3836 1108 3892 eodem
1141 3834 1420 3890 dominio.
1444 3836 1567 3892 Nisi
1592 3837 1735 3893 forte
1753 3837 1878 3910 ipse
1908 3840 2150 3914 presby-

505 3929 595 3982 ter
623 3925 837 3983 baheat
861 3927 1120 3994 fratrem,
1147 3928 1251 3980 aut
1280 3924 1534 3997 aliquem
1566 3926 1963 4000 propinquum
1995 3929 2153 3985 debi-

504 4014 753 4083 lem,aut
772 4012 1340 4087 pauperrimum,qui
1361 4014 1432 4069 de
1453 4015 1655 4070 eadem
1680 4016 1906 4083 decima
1926 4022 2151 4074 susten-

506 4107 693 4160 tetur:
715 4102 971 4175 reliquos
992 4105 1190 4158 autem
1212 4102 1648 4175 propinquos,si
1662 4104 1833 4175 juxta
1852 4121 1913 4161 se
1936 4105 2149 4164 habere

503 4190 772 4258 voluerit,
803 4192 875 4248 de
904 4208 1013 4248 sua
1039 4190 1303 4263 portione
1330 4191 1541 4247 vestiat
1568 4196 1744 4264 atque
1784 4197 2004 4266 pascat.

576 4280 772 4338 XVIII.
804 4281 900 4351 (De
922 4280 1137 4352 peculio
1163 4280 1640 4353 clericorum,cap.
1668 4283 1718 4351 1,
1747 4284 1861 4355 lvo,
1884 4288 2035 4355 part.
2059 4301 2143 4354 ιιι,

504 4388 633 4444 cap.
664 4369 778 4443 94.)
811 4368 1285 4441 Investigandum
1315 4368 1605 4439 similiter,
1631 4371 1677 4426 si
1704 4371 1850 4427 nihil
1873 4372 2148 4445 patrimo-

2262 3386 2499 3465 illorum
2512 3388 3454 3463 incorrigibilitatiadinveniemus
3465 3391 3913 3450 detrimentum.

2261 3494 2336 3550 De
2363 3495 2559 3572 illicito
2605 3496 2929 3572 clerich
2976 3514 3194 3572 accessu
3224 3498 3309 3572 _ad
3335 3500 3648 3572 feminas,”
3676 3517 3788 3572 qua
3817 3518 3915 3557 ra-

2473 3569 2619 3624 tione
2645 3568 2710 3623 de
2738 3569 2836 3625 illo
2865 3568 3135 3639 arguendi
3152 3570 3236 3625 vel
3252 3568 3533 3642 purgandi
3558 3568 3695 3628 sint;

2330 3654 2471 3711 XXI.
2502 3656 2686 3726 (Cone.
2725 3658 3115 3727 Trosleianum,
3148 3674 3274 3731 cap.
3307 3658 3389 3727 9.)
3418 3659 3500 3716 De
3526 3675 3767 3717 accessu
3800 3677 3916 3718 au-

2259 3747 2400 3812 tem,
2431 3748 2490 3800 et
2547 3744 3027 3817 frequentatione,
3078 3760 3145 3803 ac
3190 3746 3624 3805 cohabitatione
3666 3748 3912 3806 clerico-

2258 3849 2391 3889 rum
2421 3850 2556 3889 cum
2591 3833 2850 3905 feminis,
2879 3836 3034 3891 unde
3065 3836 3394 3893 secundum
3420 3855 3619 3895 sacros
3649 3854 3909 3896 canones

2258 3922 2318 3977 in
2350 3923 2625 3979 omnibus
2673 3924 2912 3997 synodis
2959 3923 3289 3997 specialiter
3333 3925 3768 3997 interdiximus,
3802 3930 3911 3984 fir-

2259 4011 2430 4067 miter
2457 4015 2514 4068 et
2537 4028 2804 4085 expresse
2842 4016 3016 4086 atque
3062 4012 3306 4071 sollicite
3334 4031 3370 4072 a
3400 4014 3569 4073 nobis
3599 4020 3658 4072 et
3681 4034 3717 4073 a
3744 4033 3909 4073 com-

2257 4098 2543 4156 ministris
2572 4100 2789 4157 nostris
2819 4104 2909 4157 est
2936 4101 3375 4174 inquirendum.
3412 4103 3574 4160 Sicut
3620 4103 3787 4160 enim‘
3812 4104 3909 4163 bis

2257 4188 2355 4261 qui
2407 4187 2638 4244 Domini
2686 4189 2745 4245 in
2795 4207 2968 4247 carne
3017 4190 3331 4248 adventum
3370 4198 3818 4264 praecesserunt,
3847 4199 3911 4252 et

2255 4276 2349 4332 his
2378 4277 2478 4350 qui
2509 4278 2961 4351 subsequentur,
2996 4296 3099 4352 pro
3128 4282 3463 4353 temporum
3508 4280 3734 4338 ratione
3761 4287 3910 4340 sunt

2255 4372 2622 4424 sacramenta
2651 4368 2929 4441 disparia,
2962 4369 3034 4425 ad
3084 4367 3425 4442 religionem
3476 4374 3675 4427 tamen
3723 4371 3908 4429 unius

505 4458 588 4516 nii
613 4458 856 4528 habens,
887 4458 1122 4531 quando
1156 4462 1458 4531 provectus
1487 4463 1578 4516 est
1597 4460 1669 4515 ad
1693 4460 1954 4517 ordinem
1972 4462 2149 4520 eccle—
2252 4456 2635 4529 ejusdemque
2689 4457 2823 4513 ﬁdei
2878 4462 2935 4514 et
2991 4456 3200 4514 salutis
3258 4458 3636 4529 recurrentia,
3698 4464 3775 4528 et,
3836 4465 3908 4517 ut

503 4548 827 4615 siasticum,
859 4552 1062 4620 postea
1091 4547 1297 4603 emerit
1327 4548 1560 4620 praedia,
1594 4550 1765 4621 cujus
1783 4550 1938 4622 juris
1977 4552 2097 4608 sint
2127 4569 2141 4608 :

2251 4543 2536 4617 scriptum
2593 4550 2701 4614 est,
2746 4546 3165 4603 I’ertramibunt
3215 4547 3474 4618 plurimi,
3503 4556 3556 4605 et
3606 4550 3907 4621 multith

502 4636 779 4712 quoniam
817 4635 1093 4703 ecclesiae,
1126 4636 1198 4690 ad
1246 4652 1422 4707 quam
1472 4637 1544 4692 de
1593 4636 1737 4693 nihil
1788 4638 2142 4698 habentibus
2176 4656 2220 4721 ι)
2249 4636 2356 4690 erit
2398 4636 2628 4690 δείϐηιία
2672 4637 2832 4705 (Dan.
2866 4652 2966 4704 XII,
2999 4635 3074 4708 4),
3107 4652 3211 4709 per
3258 4636 3621 4695 incrementa
3670 4643 3903 4712 tempo-

500 4728 804 4799 promotus
833 4727 942 4792 est,
970 4740 1098 4779 esse
1128 4723 1341 4779 debent
1361 4724 1531 4794 juxta
1559 4724 1849 4782 canonica;
1890 4730 2140 4785 auctori-

498 4811 637 4871 tatis
669 4815 986 4871 decretum.

567 4903 708 4959 XIV.
734 4904 827 4975 (De
853 4903 1063 4974 peculio
1090 4903 1432 4972 clericorum,
1457 4904 1671 4975 caput.)
1694 4905 2140 4978 lnquirendum,

497 4994 545 5051 si
576 4992 878 5050 occasione
909 4991 1086 5061 hujus
1117 4991 1462 5062 praecedenti
1483 4993 1723 5065 capituli
1748 4994 1958 5066 aliquis
1980 5011 2138 5066 pres-

2251 4740 2403 4793 rum,
2436 4728 2556 4779 tam
2585 4740 2690 4796 per
2713 4724 2996 4796 seipsum,
3029 4741 3208 4797 quam
3239 4731 3297 4782 et
3320 4743 3425 4798 per
3453 4726 3691 4801 angelos
3712 4727 3773 4783 in
3798 4728 3903 4784 Ve-

2251 4814 2357 4867 teri
2390 4814 2782 4881 Testamento,
2816 4813 2875 4868 in
2901 4814 3057 4870 Novo
3107 4820 3303 4871 autem
3352 4815 3631 4873 similiter
3677 4833 3780 4889 per
3810 4832 3900 4888 se,

2249 4906 2305 4956 et
2336 4919 2439 4974 per
2456 4903 2724 4958 doctores
2744 4903 3062 4960 catholicos
3083 4909 3141 4960 et
3161 4903 3475 4977 magistros
3498 4905 3899 4979 Ecclesim,qui

2248 4996 2307 5045 et
2330 4995 2642 5047 attestante
2673 4992 2955 5065 propheta
2983 4993 3173 5067 angeli
3205 4994 3786 5062 nominantur,aucta
3805 4998 3899 5051 est

495 5083 828 5156 byterorum
860 5080 1073 5136 abhinc
1103 5081 1173 5135 de
1204 5081 1491 5137 reditibus
1511 5082 1882 5150 ecclesize,vel
1902 5082 2141 5138 oblatio-
2247 5078 2547 5135 subtilitas
2575 5084 2632 5135 et
2660 5080 3070 5153 multiplicatio
3100 5083 3669 5155 praeceptorum.Per
3687 5099 3751 5139 se
3769 5083 3899 5155 qui-

494 5171 670 5227 nibus
699 5187 766 5226 ac
790 5169 938 5225 votis
965 5168 1442 5235 ﬁdelium,alieno
1474 5170 1709 5226 nomine
1731 5187 1822 5225 res
1844 5187 2140 5243 compara-
2244 5168 2377 5223 dem
2411 5167 2693 5225 Dominus
2723 5168 2783 5224 in
2817 5170 3087 5242 paradiso
3130 5172 3288 5240 Adae,
3318 5176 3376 5228 et
3423 5177 3554 5244 post
3600 5171 3893 5230 diluvium

492 5258 655 5327 verit,
688 5263 745 5315 et
768 5258 849 5313 ibi
882 5261 1208 5314 structuras
1239 5257 1548 5313 fecerit.vel
1571 5276 1697 5331 quae
1728 5258 1801 5314 ad
1831 5257 2136 5315 ecclesiam
2246 5255 2365 5311 Noe
2393 5261 2451 5312 et
2477 5257 2718 5313 Abrahae
2749 5258 2820 5313 de
2855 5257 3299 5316 circumcisione
3346 5260 3507 5316 dedit
3555 5264 3843 5333 praecepta
3874 5277 3890 5316 :

492 5347 786 5421 pertinent
814 5346 894 5403 ibi
925 5345 1374 5414 collocaverit,et
1392 5346 1706 5403 mulierum
1729 5347 2138 5419 frequentatio—
2243 5344 2430 5417 legem
2461 5351 2657 5403 autem
2690 5363 2793 5420 per
2819 5348 3059 5422 angelos
3091 5349 3273 5423 Moysi
3324 5350 3630 5407 mediatori
3679 5356 3739 5407 et
3786 5367 3892 5424 po-

491 5453 627 5492 nem
660 5437 803 5493 inibi
830 5436 953 5492 ﬁeri
984 5437 1334 5509 permiserit,
1358 5435 1466 5505 vel,
1490 5438 1645 5509 quod
1680 5438 1910 5509 turpius
1941 5441 2138 5503 est,ta-
2242 5435 2468 5509 pulum,
2502 5441 2568 5492 ut
2596 5436 2850 5492 ostendit
2894 5438 3228 5511 Apostolus.
3262 5439 3327 5495 In
3377 5456 3522 5495 novo
3570 5446 3771 5496 autem
3800 5440 3890 5496 in.

488 5523 576 5581 les
596 5525 870 5583 mulieres
892 5526 972 5583 ibi
992 5525 1417 5599 habuerit,qua2
1440 5525 1760 5581 lanificium
1783 5542 1957 5581 suum
1981 5542 2135 5583 exer-
2239 5530 2329 5581 ter
2356 5543 2418 5582 se
2448 5527 2819 5583 Testamento
2849 5526 3188 5584 incarnatus
3219 5545 3322 5601 per
3349 5546 3411 5585 se
3442 5528 3663 5599 dicens,
3698 5529 3895 5586 Audi:-

489 5618 677 5682 ceant,
710 5620 766 5671 et
795 5632 997 5672 curam
1037 5616 1248 5672 domus
1297 5622 1495 5688 agant,
1527 5619 1584 5669 et
1631 5614 1701 5669 ad
1752 5615 1957 5671 eadem
2007 5615 2133 5673 loca
2239 5618 2307 5671 tis
2334 5618 2467 5688 quia
2493 5616 2697 5672 dictum
2725 5623 2807 5673 est
2832 5634 2850 5671 :
2879 5616 3084 5689 Diliges
3108 5620 3425 5691 proximum
3474 5627 3649 5685 tuum,
3681 5627 3736 5675 et
3763 5618 3888 5676 odio

486 5702 787 5783 presbyter
815 5705 1135 5782 incongrue
1173 5704 1502 5775 recurrerit,
1538 5705 2007 5779 frequentaverit,
2041 5707 2127 5767 vel
2236 5707 2458 5765 habebis
2522 5707 2814 5763 inimicum
2876 5715 3051 5766 tuum.
3119 5710 3236 5784 Ego
3303 5717 3485 5767 autem
3544 5707 3666 5768 dico
3730 5710 3891 5769 vobis
