4204 6502
480 477 600 540 787

1349 478 1728 542 HINGMARI
1772 476 2218 542 RHEMENSIS
2260 476 2872 540 ARCHIEPISCOPL

3771 469 3900 540 788'

484 627 588 684 per
607 614 794 668 totum
815 613 1106 669 mundum
1129 597 1376 682 intonat,
1396 615 1714 670 decernens
1735 617 1800 670 ut
1817 611 2072 686 episcopi
2094 628 2129 667 a
2155 613 2212 679 Α
2241 609 2508 666 adulterii
2538 627 2908 684 nequaquam
2939 610 3233 684 discrepat
3261 608 3433 684 culpa
3462 609 3888 678 fornicationis,

490 701 836 772 praestitutis
857 701 1182 758 canonibus
1204 701 1369 759 nulla
1387 707 1488 758 aut
1508 701 1862 777 negligentia
1879 706 1982 758 aut
2002 717 2140 772 prae-

486 789 824 862 sumptione
851 789 1174 858 discedant,
1199 795 1255 846 et
1292 791 1341 847 si
1372 792 1507 864 quis
1538 793 1906 848 sacerdotum
1939 795 2140 846 contra

485 878 809 935 constituta
820 879 1017 936 venire
1033 879 1360 946 tentaverit,
1379 885 1436 936 et
1457 881 1751 952 prohibita
1769 880 1942 936 t'uerit
1957 895 2138 934 ausus

485 967 818 1036 admittere,
840 985 876 1024 a
904 985 1010 1024 suo
1053 986 1116 1024 se
1161 969 1383 1024 noverit
1412 969 1602 1025 ofﬁcio
1643 970 2132 1025 submovendum.

486 1057 558 1112 Et
579 1055 834 1112 Hilarius
865 1056 1021 1129 Papa
1051 1057 1194 1112 dicit
1213 1061 1387 1125 (Decr.
1412 1075 1462 1113 c.
1487 1060 1597 1126 18),
1621 1057 1762 1130 quia
1793 1075 1910 1113 non
1940 1059 2138 1114 minus

449 1145 550 1201 'in
579 1149 917 1201 sanctarum
956 1145 1337 1202 traditionum
1383 1146 1714 1203 sanctiones
1754 1146 2134 1218 delinquitur,

489 1250 668 1306 quam
701 1233 758 1288 in
791 1233 976 1305 ipsius
998 1235 1230 1290 Domini
1253 1235 1529 1306 injuriam
1557 1235 1914 1308 prosilitur.»
1936 1237 2006 1290 Et
2035 1237 2136 1291 Ge-

488 1322 674 1379 lasius
697 1339 749 1376 :«
771 1323 1199 1395 Comperimus,
1221 1323 1432 1396 inquit,
1457 1324 1770 1380 nonnullos
1797 1325 1856 1379 in
1888 1325 2032 1397 ipsis
2053 1343 2138 1380 or-

489 1411 730 1468 dinibus
746 1412 1096 1468 constitutos
1111 1413 1386 1484 gravibus
1407 1413 1762 1469 facinoribus
1777 1430 1892 1468 non
1916 1413 2132 1486 repelli,

489 1517 625 1556 cum
655 1504 714 1556 et
739 1500 1054 1573 Apostolus
1082 1501 1294 1557 clamet
1323 1501 1543 1557 nemini
1570 1503 1686 1558 cito
1717 1519 1928 1558 manus
1958 1502 2140 1574 impo-

491 1590 736 1657 nendas,
754 1606 942 1662 neque
961 1590 1519 1646 communicandum
1546 1591 1798 1664 peccatis
1819 1591 2059 1648 alienis:
2081 1595 2140 1646 et

490 1678 782 1750 majorum
811 1678 1139 1734 veneranda
1166 1679 1483 1734 constituta
1523 1679 1900 1751 pronuntient
1928 1679 2136 1750 hujus-

492 1766 670 1834 modi,
695 1766 923 1822 etiamsi
948 1767 1095 1822 forte
1115 1768 1537 1839 subrepserint,
1559 1773 1681 1823 tam
1713 1768 1812 1840 qui
1839 1773 1971 1824 ante
2000 1785 2132 1840 pec-

489 1859 766 1912 caverunt
809 1855 1069 1911 detectos
1129 1860 1392 1928 oportere
1449 1857 1678 1929 depelli,
1729 1874 1906 1930 quam
1956 1874 2133 1913 sacrae

2247 717 2380 756 cum
2411 699 2639 756 Veritas
2669 698 2824 755 dicat
2856 716 2869 754 :
2904 702 3021 773 Qui
3059 700 3256 756 viderit
3282 702 3570 758 mulierem
3598 701 3669 757 ad
3690 717 3890 757 mucu-

2244 789 2562 860 piscemlum
2589 806 2728 856 eam,
2753 790 2874 860 jam
2915 791 3209 846 mwchatas
3237 798 3315 846 est
3347 806 3469 846 eam
3500 793 3560 846 in
3603 791 3762 847 corde
3790 806 3893 846 suo

2247 877 2452 948 (Matth.
2491 895 2546 944 ν,
2590 877 2702 949 28).
2732 877 2878 944 Quia
2930 878 3086 934 enim
3143 879 3338 935 Graeco
3393 880 3566 936 verbo
3622 880 3892 936 moechus

2247 965 2477 1021 adulter
2499 967 2732 1033 dicitur,
2757 984 2892 1022 cum
2923 985 3037 1023 non
3070 967 3260 1024 aliena
3287 970 3518 1041 conjux,
3541 970 3642 1025 sed
3675 969 3894 1026 mulier

2246 1055 2425 1110 videri
2485 1055 2852 1126 prohibetur,
2904 1061 3102 1128 aperte
3156 1057 3382 1113 Veritas
3439 1057 3694 1114 ostendit
3749 1057 3896 1130 quia

2245 1147 2303 1198 et
2345 1143 2467 1198 solo
2496 1145 2647 1213 visu,
2680 1162 2812 1200 cum
2861 1145 3112 1218 turpiter
3156 1145 3243 1201 vel
3299 1145 3550 1220 innupta
3607 1147 3895 1219 concupi-

2245 1231 2450 1298 scitur,
2493 1232 2844 1288 adulterium
2896 1238 3278 1306 perpctratur.
3312 1235 3474 1301 Quod
3519 1240 3716 1291 tamen
3770 1235 3896 1308 ple-

2247 1337 2496 1392 rumque
2525 1339 2594 1377 ex
2645 1321 2768 1377 loco
2798 1322 2886 1376 vel
2926 1322 3128 1378 ordine
3173 1323 3643 1396 concupiscentia
3671 1325 3897 1381 discer-

2246 1408 2448 1463 nitur:
2483 1409 2622 1481 quia
2651 1411 2804 1466 sicut
2848 1410 3004 1466 hunc
3053 1410 3114 1466 in
3163 1428 3328 1466 sacro
3377 1411 3580 1467 ordine
3626 1413 3900 1468 studiosa

2245 1499 2736 1570 concupiscentia,
2770 1499 2854 1556 sic
2886 1498 3052 1554 illum
3087 1499 3355 1556 adulterii
3397 1499 3666 1572 inquinat
3694 1501 3894 1574 culpa.

2246 1586 2308 1640 In
2340 1586 2604 1658 personis
2645 1591 2839 1644 tamen
2891 1604 3006 1643 non
3054 1587 3444 1644 dissimilibus
3499 1589 3656 1644 idem
3715 1589 3898 1645 luxu-

2244 1675 2343 1730 riae
2392 1675 2778 1749 distinguitur
2831 1681 3046 1743 reatus,
3103 1677 3164 1732 in
3223 1677 3441 1750 quibus
3488 1677 3896 1734 fornicationis

2243 1764 2438 1836 culpa,
2471 1782 2587 1836 qua
2625 1765 2698 1820 ab
2747 1765 3015 1820 adulterii
3066 1771 3230 1821 reatu
3277 1765 3647 1836 discernitur,
3682 1767 3896 1839 pradi-

2243 1852 2456 1908 catoris
2509 1852 2713 1926 lingua
2756 1858 3026 1919 testatur,
3059 1871 3186 1926 quae
3233 1853 3386 1910 inter
3430 1860 3635 1912 cratera
3679 1854 3900 1912 asserit

490 1943 868 2018 professionis
897 1943 1109 2000 oblitos
1151 1945 1737 2018 przevaricatoresque
1767 1946 1950 2002 sancti
2003 1963 2132 2018 pro-
2167 1980 2215 2045 Β
2246 1940 2466 2009 dicens,
2499 1943 2678 2014 Neque
2706 1944 3022 2013 fomicarii,
3052 1959 3226 2014 neque
3255 1943 3416 1999 idolis
3454 1945 3768 2012 servientes,
3795 1960 3897 2002 ne-

491 2032 664 2106 positi
695 2031 1080 2106 proculdubio
1110 2034 1562 2091 submovendos.
1585 2057 1614 2084 »
1637 2037 1708 2091 Et
1737 2041 1976 2091 sanctus
2006 2036 2139 2091 Gre-

490 2121 689 2195 gorius
717 2123 791 2178 ad
835 2122 1214 2178 Anthemium
1261 2124 1689 2180 subdiaconum
1723 2125 1840 2196 (lib.
1873 2143 1950 2195 1x,
1977 2127 2133 2195 epist.

489 2211 582 2282 66)
607 2227 656 2267 :«
681 2209 828 2277 Quia
856 2216 1030 2267 tantae
1070 2212 1343 2284 nequitiae
1374 2213 1596 2270 malum
1629 2212 1806 2286 digna
1837 2231 1950 2269 non
1985 2214 2134 2270 725

434 2338 454 2344 -
491 2299 665 2356 debet
701 2298 830 2356 sine
879 2299 1098 2356 ultione
1144 2301 1412 2370 transire,
1447 2303 1848 2374 supradictum
1897 2303 2135 2357 fratrem

494 2391 763 2444 nostrum
795 2389 1132 2445 Pascasium
1179 2391 1494 2447 admonere
1524 2395 1578 2446 te
1617 2390 1909 2459 volumus,
1947 2396 2010 2446 ut
2039 2391 2136 2446 lii-

493 2475 708 2532 larium
748 2476 912 2549 prius
953 2478 1317 2548 subdiaconi,
1350 2497 1466 2551 quo
1523 2479 1802 2551 indignus
1851 2479 2134 2552 fungitur,

495 2565 681 2635 privet
707 2567 920 2635 ofﬁcio,
955 2572 1130 2640 atque
1154 2568 1490 2624 verberibus
1523 2569 1752 2641 publice
1781 2570 2135 2642 castigatum

494 2654 669 2711 faciat
695 2654 756 2711 in
787 2655 1056 2712 exsilium
1088 2657 1481 2729 deportari,ut
1509 2659 1686 2714 unius
1719 2676 1888 2730 poena
1917 2659 2134 2714 mullo-

493 2759 627 2798 rum
656 2744 844 2816 possit
871 2761 1000 2802 esse
1029 2746 1330 2801 correctio.
1358 2769 1386 2795 ››
1408 2747 1477 2801 Et
1505 2748 1577 2802 ad
1609 2746 1957 2802 Columbum
1989 2748 2136 2819 cpis-

491 2847 704 2904 copum
733 2833 854 2902 (lib.
885 2851 940 2902 x,
971 2836 1129 2906 epist.
1155 2837 1212 2903 8)
1233 2852 1284 2890 :«
1311 2835 1573 2891 Pervenit
1600 2837 1671 2891 ad
1705 2854 1830 2904 nos,
1847 2837 2000 2908 quod
2032 2837 2136 2892 Do-

493 2921 715 2978 nadeus
735 2921 1017 2978 diaconus
1049 2940 1151 2994 pro
1173 2923 1456 2996 corporali
1478 2924 1682 2980 fuisset
1711 2930 1946 2998 peccato
1968 2927 2137 2997 depo-

492 3009 662 3065 situs.
699 3009 938 3066 Dilectio
969 3015 1160 3067 vestra
1207 3012 1409 3067 subtili
1440 3012 1548 3068 hoc
1590 3013 1968 3085 inquisitione
2014 3031 2138 3085 per—

489 3098 731 3170 quirat:
764 3102 822 3154 et
869 3099 919 3154 si
969 3099 1051 3155 ita
1099 3106 1208 3168 est,
1239 3101 1298 3155 in
1351 3101 1689 3172 pcenitentia
1745 3103 2136 3168 retrudendus

489 3189 600 3258 est,
625 3189 690 3243 ut
723 3187 1023 3244 commissi
1054 3189 1260 3262 ﬂagitii
1287 3188 1583 3246 vinculum
1627 3191 1902 3264 lacrymis
1951 3193 2137 3263 possit

490 3275 806 3332 absolvere.
825 3298 853 3325 ››
875 3277 946 3332 Et
971 3277 1044 3332 ad
1088 3277 1470 3334 Sabinianum
1519 3279 1856 3352 episcopum
1886 3282 2008 3348 (lib.
2033 3298 2132 3347 vn,

2245 2047 2347 2102 que
2393 2031 2632 2086 adulteri
2677 2048 2908 2101 regnum
2954 2033 3052 2088 Dei
3093 2031 3442 2104 possidebunt
3469 2033 3518 2105 (Ι
3543 2033 3664 2089 Cor.
3696 2050 3778 2100 v1,
3811 2033 3898 2104 9).

2245 2120 2408 2184 Quod
2455 2119 2611 2175 enim
2664 2120 2968 2191 disjunctze
3017 2121 3203 2178 reatui
3255 2122 3555 2177 sententiae
3605 2121 3895 2192 subdidit,

2244 2207 2523 2280 quoniam
2552 2208 2720 2264 valde
2759 2227 2794 2264 a
2835 2227 2898 2265 se
2945 2209 3230 2266 dissideat
3274 2211 3548 2267 ostendit.
3574 2232 3604 2260 »
3635 2211 3706 2266 Et
3751 2210 3898 2266 item

2245 2297 2402 2353 idem
2432 2297 2611 2354 dicit:
2643 2299 2924 2354 «Scimus
2953 2299 3093 2370 quia
3121 2297 3436 2371 aliquando
3485 2299 3686 2355 minus
3711 2304 3804 2356 est
3833 2300 3898 2356 in

2205 2386 2504 2458 ‘corporis
2561 2387 2994 2460 corruptionem
3042 2389 3269 2455 cadere,
3315 2406 3492 2462 quam
3540 2389 3896 2462 cogitatione

2244 2475 2421 2530 tacita
2476 2493 2546 2531 ex
2601 2475 2917 2532 deliberata
2969 2476 3219 2533 elatione
3275 2494 3532 2550 peccaui.
3581 2479 3692 2535 Sed
3755 2496 3891 2536 cum

2245 2563 2444 2619 minus
2488 2566 2678 2636 turpis
2726 2566 3001 2638 superbia
3046 2565 3322 2635 creditur,
3373 2565 3572 2622 minus
3620 2567 3884 2624 vitatur:

2243 2652 2533 2708 luxuriam
2575 2670 2706 2709 vero
2749 2671 2816 2710 eo
2863 2653 3052 2728 magis
3104 2656 3256 2712 720
3297 2657 3656 2712 erubescunt
3704 2657 3892 2713 homi-

2244 2759 2370 2812 nes,
2402 2759 2517 2814 quo
2556 2742 2731 2798 simul
2761 2759 2966 2799 omnes
3009 2747 3242 2816 turpem
3292 2748 3597 2800 noverunt.
3631 2745 3790 2801 Unde
3819 2745 3889 2800 fit

2245 2829 2607 2903 plerumque,
2632 2836 2698 2886 ut
2720 2831 2986 2888 nonnulli
3016 2849 3118 2905 per
3137 2833 3473 2906 superbiam
3506 2833 3566 2889 in
3596 2832 3891 2889 IUXuriam

2244 2924 2578 2975 corruentes
2631 2925 2862 2993 experto
2919 2938 3060 2977 casu
3117 2921 3339 2978 malum
3398 2922 3582 2996 culpae
3637 2922 3894 2979 labentis

2243 3008 2590 3064 erubescant
2621 3027 2635 3064 :
2669 3014 2728 3064 et
2753 3015 2896 3065 tunc
2939 3009 3112 3065 etiam
3153 3011 3377 3082 majora
3407 3011 3720 3084 corrigunt,
3752 3027 3893 3068 cum

2245 3097 2518 3168 prostrati
2547 3098 2607 3152 in
2649 3087 2909 3155 minimis
2957 3099 3406 3156 confundentur.
3443 3100 3591 3156 Reos
3637 3099 3797 3156 enim
3829 3117 3895 3157 se

2242 3185 2394 3241 inter
2421 3187 2652 3243 minora
2679 3187 3068 3261 conspiciunt,
3093 3188 3192 3260 qui
3232 3205 3294 3245 se
3335 3188 3549 3244 liberos
3579 3189 3731 3245 inter
3758 3205 3893 3262 gra-

2243 3274 2401 3330 viora
2431 3276 2822 3332 crediderunt.
2847 3277 2948 3333 Pia
2994 3293 3130 3350 ergo
3176 3277 3408 3334 Domini
3453 3277 3894 3349 dispensatione

487 3365 647 3436 epist.
675 3365 763 3433 12)
787 3381 840 3421 τα
864 3365 1293 3446 Presbyterum,
1328 3367 1539 3440 inquit,
1556 3349 1634 3424 de
1655 3349 1771 3441 quo
1803 3387 1908 3425 nos
1937 3370 2134 3424 frater-
2165 3349 2208 3416 Ο
2244 3361 2467 3420 laxatos
2497 3381 2919 3437 nonnunquam
2949 3349 3242 3438 malignus
3266 3365 3510 3438 spiritus
3530 3366 3602 3421 de
3622 3365 3798 3438 culpa
3817 3367 3892 3423 ad

489 3451 644 3508 nitas
673 3457 776 3508 tua
815 3452 1018 3510 latoris
1066 3457 1440 3527 praesentium
1493 3457 1768 3514 relatione
1816 3457 2130 3526 consuluit,

488 3540 652 3597 nulla
683 3541 904 3598 ratione
935 3543 994 3598 in
1018 3562 1182 3600 sacro
1203 3546 1407 3602 ordine
1438 3551 1570 3618 post
1599 3545 1852 3618 lapsum,
1879 3552 1982 3602 aut
2013 3565 2134 3619 per-

488 3644 744 3697 manere,
772 3634 877 3685 ant
906 3632 1158 3686 revocari
1190 3649 1360 3704 posse
1399 3651 1736 3706 cognoscas.
1763 3634 1922 3689 Circa
1955 3653 2130 3706 quem

485 3722 681 3773 tamen
713 3718 916 3774 mitius
945 3721 1239 3792 agendum
1271 3727 1380 3788 est,
1411 3726 1647 3794 propter
1677 3723 1832 3794 quod
1863 3725 2132 3780 commis-

485 3822 620 3862 sum
651 3805 879 3885 facinus
919 3808 1074 3864 facili
1109 3809 1327 3866 dicitur
1363 3811 1721 3882 professione
1751 3813 2074 3868 confessus.
2101 3835 2130 3862 »

484 3895 560 3951 Et
613 3896 683 3952 ad
741 3898 1028 3954 Joannem
1085 3897 1590 3972 archiepiscopum
1641 3900 1758 3966 (lib.
1792 3919 1890 3968 vn,
1925 3901 2039 3956 ind.
2077 3904 2126 3971 1,

481 3986 635 4056 epist.
657 3986 770 4054 62).
794 4009 821 4036 «
846 3989 980 4052 Quae
1020 3987 1301 4043 adversus
1355 3988 1642 4044 Lucillum
1675 3989 1962 4045 Melitanze
1992 3990 2128 4044 civi-

481 4073 622 4129 tatis
651 4075 990 4146 episcopum
1021 4077 1257 4148 querela
1285 4083 1575 4134 commota
1604 4078 1700 4144 sit,
1736 4079 1791 4134 in
1830 4084 2128 4152 gestorum

483 4178 610 4232 quae
643 4163 715 4216 ad
768 4179 874 4218 nos
923 4163 1214 4221 direxistis
1259 4167 1472 4238 pagina
1519 4167 1876 4223 declaratum
1919 4173 2027 4224 est.
2061 4171 2131 4224 Et

482 4249 612 4305 ideo
642 4249 783 4321 quia
809 4252 956 4307 tanti
989 4252 1264 4310 facinoris
1295 4254 1438 4310 ultio
1464 4255 1626 4311 nulla
1654 4256 1824 4312 debet
1851 4257 2128 4313 dilatione

479 4335 723 4404 diﬁ‘erri,
747 4338 1081 4396 fraternitas
1101 4347 1292 4398 vestra
1311 4347 1426 4397 tres
1454 4347 1556 4398 aut
1577 4347 1830 4414 quatuor
1847 4345 1919 4400 de
1941 4345 2127 4400 fratri-

481 4425 594 4482 bus
635 4442 703 4482 ac
750 4429 1265 4486 consacerdotibus
1309 4429 1420 4486 sibi
1471 4431 1685 4487 nostris
1733 4433 2026 4501 adhibeat,
2063 4437 2128 4490 ut

481 4513 629 4585 ipsis
666 4531 898 4587 quoque
947 4517 1330 4588 praesentibus
1377 4521 1664 4590 patefacta
1711 4539 1776 4576 ac
1825 4522 2126 4579 satisfacta

480 4601 740 4668 veritate,
760 4604 1100 4675 praedictum
1120 4607 1407 4662 Lucillum
1425 4609 1496 4662 de
1511 4608 1881 4682 episcopatus
1898 4613 2121 4680 ordine,

2241 3453 2476 3526 culpam
2535 3453 2736 3520 trahit,
2770 3459 2828 3509 et
2869 3455 3011 3508 dum
3065 3452 3198 3526 plus
3257 3454 3526 3526 percutit,
3561 3455 3699 3510 inde
3753 3470 3890 3511 eum

2240 3560 2416 3615 quem
2459 3547 2691 3614 ceperat
2739 3541 2972 3610 amittit,
3006 3547 3180 3614 atque
3237 3543 3392 3600 unde
3439 3543 3647 3600 vicisse
3693 3545 3888 3600 cemi-

2239 3636 2354 3699 tur,
2391 3632 2524 3688 inde
2579 3636 2909 3704 superatur.
2940 3632 3026 3688 Ad
3085 3631 3196 3688 hoc
3252 3631 3408 3688 enim
3467 3632 3527 3687 in
3585 3633 3890 3706 Scriptura

2239 3738 2406 3776 sacra
2434 3720 2688 3776 virorum
2737 3721 2966 3790 talium,
3001 3721 3058 3776 id
3091 3725 3182 3777 est
3208 3720 3389 3776 David
3435 3726 3495 3778 et
3543 3721 3719 3790 Petri,
3753 3738 3885 3794 pec-

2239 3814 2367 3865 cata
2414 3813 2554 3865 sunt
2598 3809 2806 3880 indita,
2838 3815 2904 3865 ut
2941 3809 3170 3866 cautela
3228 3809 3524 3865 minorum
3581 3808 3658 3866 sit
3715 3810 3888 3866 ruina

2239 3900 2550 3969 majorum.
2581 3899 2665 3954 Ad
2715 3899 2822 3954 hoc
2853 3916 2984 3955 vero
3015 3903 3401 3970 utrorumque
3430 3898 3548 3955 illic
3598 3903 3656 3954 et
3699 3899 3885 3972 poeni-

2237 3988 2421 4042 tentia
2477 3986 2830 4052 insinuatur,
2871 3993 2930 4042 et
2980 3987 3166 4053 venia,
3197 3993 3262 4042 ut
3321 4005 3454 4059 spes
3513 3989 3884 4059 pereuntium

2238 4075 2314 4131 sit
2369 4076 2729 4147 recuptratio
2787 4076 3168 4148 perditorum.
3223 4076 3304 4132 De
3370 4080 3527 4132 statu
3583 4093 3722 4150 ergo
3779 4093 3885 4133 suo

2237 4164 2416 4220 David
2459 4165 2700 4220 cadente
2745 4182 2916 4220 nemo
2967 4165 3314 4237 superbiat:
3348 4165 3420 4220 de
3477 4165 3648 4237 lapsu
3706 4166 3884 4221 etiam

2236 4270 2342 4308 suo
2387 4253 2563 4308 David
2613 4260 2888 4325 surgente
2937 4271 3106 4310 nemo
3154 4254 3442 4326 desperet.
3469 4275 3497 4303 »
3530 4255 3600 4309 Et
3643 4261 3885 4312 sanctus

2234 4341 2597 4414 Augustinus
2646 4347 2823 4414 (εριει.
2854 4344 2946 4410 50)
2979 4360 3046 4399 :u
3097 4341 3170 4398 Ut
3217 4343 3374 4399 enim
3424 4329 3884 4400 constitueretui'

2235 4431 2294 4486 in
2343 4431 2606 4500 ecclesia,
2640 4449 2713 4487 ne
2743 4431 3058 4504 quisquam
3116 4437 3250 4503 post
3305 4431 3556 4502 alicujus
3615 4431 3882 4489 criminis

2233 4521 2633 4592 pmnitentiam
2663 4520 3000 4576 clericatum
3030 4520 3296 4593 accipiat,
3315 4519 3404 4576 vel
3433 4521 3506 4577 ad
3539 4521 3880 4578 clericatum

2233 4611 2452 4674 redeat,
2482 4609 2573 4665 vel
2611 4609 2668 4664 in
2701 4609 2975 4666 clericatu
3023 4615 3275 4678 maneat,
3310 4627 3424 4666 non
3475 4611 3880 4682 desperatione

480 4707 656 4784 quem
679 4691 858 4764 hujus
874 4692 1109 4748 sceleris
1125 4695 1393 4768 contagio
1411 4697 1982 4767 maculavit,studeat
1999 4701 2124 4756 sine
2153 4721 2199 4784 Β
2232 4698 2627 4771 indulgentiae,
2652 4700 2753 4754 sed
2787 4699 2976 4769 rigore
3005 4700 3223 4754 factum
3244 4704 3336 4755 est
3363 4698 3711 4771 disciplina.
3732 4699 3880 4756 Alio-

477 4779 862 4853 ambiguitate
881 4782 1220 4854 deponere»
1247 4784 1394 4850 Quia
1413 4786 1606 4857 agitur
1625 4786 1684 4842 in
1711 4789 1912 4859 regula
1937 4795 2122 4860 pasto-

479 4867 587 4924 rali
617 4873 857 4927 sanctus
883 4871 1218 4944 Gregorius,
1248 4872 1394 4946 legis
1422 4891 1718 4946 exponens
1748 4879 2121 4950 sententiam,

476 4963 767 5014 monstrat
785 4982 814 5009 «
848 4976 962 5015 non
995 4961 1204 5016 debere
1233 4979 1369 5018 eum
1419 4965 1686 5020 accedere
1734 4966 1805 5020 ad
1857 4965 2120 5022 ministe-

474 5045 628 5101 rium
660 5046 782 5115 Dei,
816 5065 922 5104 nec
959 5049 1166 5105 olferre
1211 5051 1328 5106 Deo
1379 5069 1485 5108 suo
1534 5069 1734 5124 panes,
1767 5055 1867 5125 qui
1923 5072 2116 5126 parvo,

473 5133 560 5190 vel
591 5136 820 5206 grandi,
843 5143 946 5192 aut
974 5141 1125 5194 torto
1155 5143 1245 5194 est
1275 5157 1440 5207 naso,
1461 5141 1514 5194 id
1561 5141 1784 5213 est,qui
1817 5143 1886 5197 ad
1917 5149 2109 5199 tenen-

473 5223 612 5278 dam
643 5242 978 5283 mensuram
1010 5227 1382 5284 discretionis
1430 5229 1675 5286 idoneus
1724 5249 1836 5286 non
1887 5239 1994 5298 est,
2029 5233 2113 5288 vel

472 5312 570 5382 qui
604 5313 927 5370 subtilitate
959 5315 1343 5372 immoderata
1362 5317 1768 5374 rectitudinem
1793 5337 1910 5373 suae
1933 5321 2115 5374 actiu-

475 5397 566 5452 nis
585 5402 912 5468 confundit,
935 5403 994 5458 in
1026 5405 1367 5475 poenitentia
1389 5406 1473 5461 vel
1495 5408 1908 5479 degradatione
1933 5408 2117 5480 lapso-

473 5503 602 5540 rum
633 5506 700 5542 ex
727 5492 1008 5560 gradibus
1037 5493 1464 5562 ecclesiasticis,
1499 5497 1820 5551 secundum
1851 5497 2111 5552 traditio-

474 5592 607 5629 nem
651 5579 997 5636 catholicam
1047 5591 1104 5638 et
1153 5585 1406 5640 ecclesia:
1458 5585 1893 5656 nmgistrorum,
1946 5587 2112 5643 nobis

469 5669 558 5720 est
601 5668 852 5724 tenenda
899 5670 1189 5728 discretio.
1221 5697 1248 5721 ››
1270 5675 1364 5729 Ait
1419 5673 1575 5728 enim
1635 5674 1840 5728 beatus
1897 5677 2109 5747 Grego~

2230 4787 2370 4858 quin
2403 4792 2604 4842 contra
2633 4788 2822 4843 claves
2852 4788 3021 4842 datas
3057 4786 3324 4843 Ecclesiae
3354 4787 3773 4860 disputabitur,
3806 4789 3878 4843 de

2233 4876 2452 4946 quibus
2499 4876 2721 4930 dictum
2768 4880 2903 4931 est:
2941 4876 3071 4944 Quae
3091 4876 3365 4932 solventi:
3412 4878 3473 4931 in
3519 4884 3686 4944 terra,
3718 4884 3880 4932 erant

2227 4965 2408 5019 soluta
2448 4973 2500 5020 et
2541 4966 2602 5018 in
2645 4966 2776 5020 male
2819 4964 3030 5037 (Matth.
3063 4982 3177 5032 xw,
3212 4966 3320 5033 10).
3352 4966 3463 5020 Sed
3511 4982 3583 5020 ne
3632 4965 3876 5021 forsitan

2228 5052 2404 5107 etiam
2435 5053 2679 5108 detectis
2705 5054 3052 5111 criminibus
3083 5071 3186 5126 spe
3227 5054 3467 5112 honoris
3495 5055 3872 5111 ecclesiastici

2226 5141 2460 5196 animus
2491 5143 2886 5198 intumescens
2931 5143 3182 5216 superbe
3213 5148 3409 5215 ageret
3447 5142 3867 5214 paenitentiam,

2223 5229 2589 5285 severissime
2621 5231 2858 5302 placuit,
2883 5237 2950 5287 ut
2978 5237 3111 5304 post
3129 5236 3319 5288 actam
3340 5233 3413 5288 de
3441 5231 3685 5288 crimine
3709 5233 3869 5288 dam-

2224 5318 2400 5372 nabili
2437 5321 2834 5390 paenitentiam
2869 5339 3040 5376 nemo
3083 5322 3164 5376 sit
3209 5321 3476 5387 clericus,
3500 5326 3568 5376 ut
3595 5322 3864 5393 despera-

2223 5407 2376 5462 tione
2400 5409 2739 5481 temporalia
2755 5409 3084 5466 altitudinis
3103 5411 3389 5466 medicina
3407 5411 3596 5482 major
3608 5416 3668 5466 et
3683 5411 3868 5466 verior

2220 5504 2374 5552 esset
2393 5499 2764 5555 humilitatis.
2789 5500 2930 5556 Nam
2953 5505 3010 5555 et
3039 5506 3278 5556 sanctus
3301 5500 3476 5556 David
3501 5501 3572 5554 de
3602 5500 3864 5556 crimini-

2221 5589 2330 5644 bus
2357 5589 2672 5644 mortiferis
2690 5589 2806 5660 egit
2827 5589 3249 5660 pmnitentiam,
3272 5595 3328 5644 et
3347 5594 3541 5644 tamen
3567 5591 3623 5644 in
3648 5589 3865 5646 honore

2220 5695 2327 5732 suo
2349 5679 2605 5748 perstitit
2625 5696 2637 5732 :
2657 5682 2715 5733 et
2731 5680 2964 5733 beatum
2987 5679 3479 5750 Petrum,quando
3495 5678 3862 5734 amarissime

469 5752 591 5810 rius
620 5753 831 5822 (Morel.
879 5775 994 5826 xxx,
1044 5776 1161 5831 cap.
1195 5764 1252 5828 9)
1282 5779 1294 5816 :
1322 5783 1350 5811 ‹‹
1383 5763 1815 5832 Nonnunquam
1867 5781 1900 5818 a
1948 5770 2107 5820 reatu
2217 5765 2504 5836 laerymas
2535 5767 2706 5832 fudit,
2724 5767 2927 5838 utique
2946 5767 3258 5824 Dominum
3291 5784 3538 5840 negasse
3567 5768 3857 5841 paenituit,
