4204 6466
335 446 459 508 ’193

1416 456 1799 519 CAPITULA
1845 456 2046 519 ALIIS
2093 454 2669 519 SUPERADDITA.

1939 745 2112 814 ΙΙΙ.

1129 855 1487 913 CAPITULA
1521 858 1720 914 ANNO
1757 858 1857 915 XII
1893 856 2376 915 EPISCOPATUS
2415 857 2933 915 SUPERADDITA.

336 1061 493 1162 Haec
526 1066 818 1162 capitula
849 1090 1040 1162 anno
1059 1090 1154 1162 xu
1186 1073 1608 1157 episcopatus
1637 1076 1873 1154 nostri,
1907 1095 1974 1141 IV
2003 1075 2159 1140 Idus
2189 1076 2443 1151 Iunias,
2479 1078 2627 1140 aliis
2654 1077 2964 1159 capitulis
3008 1097 3160 1160 quae
3196 1080 3338 1162 jam
3388 1072 3731 1143 consacer-

429 1154 702 1219 dotibns
732 1160 977 1223 nostris
1007 1154 1436 1242 dedcramus;
1462 1166 1930 1228 auctoritatem
1961 1163 2236 1228 Patrum
2267 1171 2653 1249 sequentes,
2679 1154 3283 1249 superaddi'dimus,
3320 1172 3387 1231 et
3416 1168 3733 1232 fratribus

432 1262 510 1307 ac
544 1248 1129 1314 consacerdotibus
1162 1252 1405 1315 nostris
1436 1254 1858 1318 observanda
1887 1254 2307 1318 tradidimus.
2366 1248 2375 1249 ί
2768 1248 2783 1249 ί
2980 1272 2983 1273 ⁷

327 1397 465 1455 ειη».
501 1399 545 1455 Ι.
567 1431 648 1486 _--
680 1401 831 1471 Qtwd
854 1404 1161 1486 presbyteri
1187 1422 1384 1486 curare
1409 1408 1654 1486 debeant,
1686 1418 1747 1465 ut
1774 1410 1986 1486 publici
2012 1409 2066 1476 Α
2093 1414 2315 1477 veatur,
2334 1414 2403 1466 ut
2418 1428 2588 1473 nemo
2611 1411 2919 1483 pumileas,
2936 1415 2995 1467 et
3018 1428 3152 1467 cum
3174 1412 3476 1468 devotione
3506 1416 3730 1486 petens,

391 1479 716 1552 peccatores
726 1476 1417 1552 penitentiam‘accipiam,
1432 1488 1483 1536 et
1510 1482 1758 1552 episcopo
1774 1476 1981 1552 referre

396 1490 1106 1600 Maioresvptmuenuam
1125 1490 1417 1550 accipiant,
1432 1490 1483 1536 et
1510 1490 1758 1552 episcopo
1778 1490 1980 1552 re/crre

396 1542 660 1629 quomodo
694 1562 713 1600 ι
741 1545 853 1629 la_m
884 1555 1070 1629 agant.
1103 1548 1177 1604 De
1201 1567 1361 1629 poma
1385 1555 1687 1629 eorumqui
1716 1552 1786 1608 ad
1814 1555 1980 1629 parm}:

396 1621 625 1669 tentiam
675 1621 861 1672 venire
900 1626 1264 1689 contemnunt,
1299 1629 1349 1677 et

388 1692 697 1765 peccatores
715 1703 829 1765 non
860 1688 1141 1765 iudicant;
1170 1700 1222 1748 et
1262 1706 1333 1765 qu

387 1757 543 1813 nulli
566 1758 828 1829 neganda
853 1762 946 1817 sit.

1432 1623 1848 1696 rcsbyterorum,
1883 1626 1981 1696 qui

1433 1694 1630 1751 ultima
1657 1711 1778 1768 pam
1786 1694 1980 1752 itcn‘tia

404 1916 483 1974 Ut
494 1919 903 1994 unusquisque
925 1925 1197 1982 sacerdos
1226 1927 1539 1984 maximam
1556 1930 1977 2001 providentiam
2031 1956 2037 1963 -

326 2004 955 2080 habeat,quatenus,si
984 2012 1139 2070 forte
1161 2014 1219 2069 in
1251 2016 1525 2088 parocbia
1540 2036 1648 2074 sua
1678 2019 1977 2090 publicum

328 2093 741 2165 homicidium,
762 2102 866 2155 aut
908 2101 1284 2173 adulterium,
1334 2105 1454 2163 sive
1514 2108 1860 2180 perjurium,
1889 2108 1977 2166 vel

328 2184 729 2258 quodcunque
757 2187 1061 2246 criminale
1089 2198 1392 2264 peccatum
1423 2197 1654 2268 publice
1683 2204 1977 2270 perpetra-

328 2275 461 2331 tum
493 2273 991 2345 fuerit-,statim,si
1022 2285 1321 2339 auctorem
1350 2284 1486 2340 facti
1504 2286 1592 2342 vel
1618 2288 1979 2345 consentien-

330 2363 453 2418 tem
474 2363 635 2421 adire
654 2365 927 2437 potuerit,
942 2366 1211 2427 hortetur
1229 2388 1365 2428 eum
1386 2378 1678 2445 quatenus
1698 2377 1770 2433 ad
1795 2378 1977 2449 pumi-

328 2453 582 2510 tentiam
637 2453 837 2510 veniat
877 2472 1075 2514 coram
1118 2459 1339 2516 decano
1382 2466 1441 2517 et
1488 2466 1977 2538 compresbyteris

329 2538 487 2606 auis,
510 2541 877 2615 etquidquid
910 2544 1021 2618 ipsi
1054 2546 1190 2603 inde
1219 2548 1548 2607 invenerint
1591 2553 1679 2609 vel
1728 2554 1976 2625 egerint,

328 2628 445 2685 hoc
470 2631 896 2689 comministris
926 2636 1163 2705 nostris,
1188 2640 1487 2711 magistris
1517 2642 1777 2715 suis,qui
1812 2645 1871 2699 in
1902 2646 1982 2701 ci-

327 2716 509 2773 vitate
537 2720 889 2791 consistunt,
924 2723 1252 2783 innotescat
1282 2744 1294 2783 :
1330 2732 1395 2784 ut
1440 2729 1593 2787 infra
1639 2731 1974 2803 quindecim

332 2804 460 2863 dies
488 2808 573 2864 ad»
594 2814 858 2867 nostram
887 2814 1258 2884 praesentiam
1307 2816 1577 2888 publicus
1607 2825 1892 2891 peccator,
1927 2822 1977 2878 si

335 2894 497 2953 intra
522 2899 860 2971 parochiam
891 2907 1153 2959 nostram
1182 2905 1494 2976 fuerimus,
1513 2907 1790 2976 veniat,et
1807 2911 1979 2981 juxta

326 2985 702 3045 traditionem
724 2990 1073 3047 canonicam
1101 2992 1398 3064 publicam
1421 2995 1818 3067 pmnitentiam
1840 3015 1975 3054 cum

326 3076 948 3149 manusimpositione
995 3080 1244 3152 accipiat
1286 3085 1345 3139 et
1374 3084 1423 3139 si
1464 3083 1698 3157 longius
1726 3104 1761 3142 a
1807 3104 1976 3159 paro-

325 3161 464 3219 ohia
490 3169 694 3221 nostra
723 3165 1029 3237 fuerimus,
1062 3186 1254 3226 annus
1304 3175 1367 3228 et
1409 3172 1539 3229 dies
1584 3172 1987 3232 Kalendarum

323 3250 635 3311 subtiliter
658 3255 1044 3326 describatur,
1078 3263 1301 3330 quanto
1330 3266 1632 3333 peccatum
1672 3264 1973 3337 publicum

323 3340 582 3414 quisque
611 3342 870 3413 admisit,
903 3349 966 3401 et
987 3347 1222 3418 quando
1272 3350 1346 3405 ad
1390 3350 1792 3422 paenitentiam
1825 3356 1968 3411 781

321 3445 531 3487 comm.
556 3430 848 3490 ministris
864 3433 1041 3503 venit,
1057 3436 1143 3492 vel
1174 3438 1410 3510 quando
1437 3440 1511 3496 ad
1540 3440 1974 3514 impositionem

322 3532 543 3577 manus
573 3525 789 3578 nostris
819 3523 1100 3594 pervenit.
1125 3526 1199 3581 Et
1238 3544 1474 3600 semper
1510 3530 1582 3585 de
1613 3529 1885 3588 Kalendis
1913 3531 1974 3589 in

324 3607 608 3667 Kalendis
639 3610 958 3684 mensium,
989 3615 1223 3685 quando
1262 3617 1583 3690 presbyteri
1616 3620 1687 3675 de
1718 3620 1975 3678 deeaniis

322 3696 505 3753 simul
556 3699 932 3768 conveniunt,
987 3702 1361 3761 collationem
1419 3707 1491 3762 de
1558 3709 1974 3780 pmnitentibus

321 3785 459 3842 suis
482 3786 757 3857 habeant,
770 3789 1023 3862 qualiter
1049 3793 1458 3867 unusquisque
1489 3814 1671 3853 suam
1691 3798 1972 3869 pmniten.

319 3873 468 3931 tiam
496 3875 701 3947 faciat,
724 3880 783 3934 et
824 3879 994 3935 nobis
1040 3896 1145 3952 per
1188 3883 1663 3941 comministrum
1704 3890 1971 3944 nostrum

318 3965 713 4035 renuntietur,
729 3971 796 4023 ut
823 3966 883 4023 in
914 3968 1141 4025 actione
1157 3970 1507 4042 pmnitentizs
1528 3990 1772 4045 pensare
1791 3974 1974 4031 valea-

318 4068 479 4123 mus,
493 4050 730 4127 quando
760 4055 1014 4129 quisque
1042 4057 1327 4130 pcenitens
1359 4061 1719 4119 reconciliari
1740 4064 1967 4119 debeat.

315 4142 394 4198 Et
422 4140 477 4198 si
492 4141 640 4199 forte
662 4143 800 4216 quis
816 4145 889 4201 ad
914 4145 1317 4218 paenitentiam
1339 4149 1534 4206 venire
1554 4150 1972 4208 nolueritinfra
1998 4146 2044 4216 α

317 4229 665 4303 quindecim
718 4230 846 4288 dies
903 4236 1038 4305 post
1094 4236 1584 4307 perpetrationem
1634 4239 1873 4311 peccati,
1913 4244 1973 4297 et

316 4316 1141 4395 exhortationempresbyteri
1168 4323 1227 4380 in
1259 4325 1431 4397 cuius
1460 4327 1737 4398 parocbia
1773 4332 1969 4385 actum

314 4408 599 4479 meum;
622 4408 1001 4466 sedulitatem
1031 4411 1239 4469 decani
1274 4429 1342 4469 ac
1368 4416 1969 4489 compresbyterorum

315 4501 785 4570 ammatque
809 4497 1153 4557 instantiam
1180 4501 1717 4561 comministroram
1750 4510 1973 4562 nostro-

316 4602 478 4653 rum,
494 4586 847 4643 decernatur
863 4586 1117 4660 qualiter
1136 4587 1237 4661 qui
1274 4594 1576 4662 peccatum
1600 4593 1967 4665 perpetravit,

311 4675 484 4732 atad;
496 4674 900 4747 panitentiam
922 4676 1110 4733 redire
1121 4679 1499 4746 contemnit,a
1513 4685 1667 4737 ccetu
1678 4680 1966 4750 Ecclesiae,

315 4764 506 4821 donec
532 4764 620 4840 ad
640 4765 1047 4837 paenitentiam
1075 4767 1295 4834 redeat,
1329 4772 1684 4841 segregatur.
1715 4771 1785 4827 Et
1823 4771 1971 4827 sciat

313 4852 910 4927 quisqueprosbyten,
926 4854 1063 4927 quia
1082 4856 1131 4912 si
1155 4874 1258 4929 per
1276 4855 1457 4913 alium
1480 4858 1650 4914 nobis
1669 4860 1968 4932 cognitum

313 4941 680 5015 fueritquod
712 4943 773 4999 in
801 4960 913 5000 sua
950 4943 1622 5016 parochiaadmittatnr,
1654 4951 1712 5003 et
1742 4948 1969 5005 tardius

314 5031 394 5093 ad
420 5035 686 5090 nostram
714 5031 989 5089 notitiam
1010 5032 1307 5107 perlatum
1333 5035 1529 5105 fuerit,
1560 5039 1756 5094 tantos
1785 5037 1911 5094 dies
1934 5054 1970 5096 a

312 5118 655 5181 Materia
664 5136 1003 5194 suspensus
1019 5121 1083 5179 in
1095 5139 1247 5195 pane
1263 5127 1327 5180 et
1339 5139 1494 5196 aqua
1509 5125 1973 5183 excommunica-

308 5213 423 5271 ωε
443 5210 1074 5284 mmbitur,.quantes
1098 5212 1229 5269 dies
1256 5216 1527 5270 nostram.
1550 5213 1641 5271 vel
1668 5215 1971 5272 commini-

306 5300 578 5359 σίνηαι-ω
608 5301 953 5358 nostrorum
976 5297 1255 5367 notitiam,
1274 5299 1411 5373 ipsa
1431 5300 1603 5370 actio,
1637 5301 1764 5359 sine
1808 5302 1968 5360 illius

309 5384 724 5460 suggestione,
744 5391 819 5445 et
833 5387 1031 5445 debita
1055 5405 1124 5445 ac
1145 5390 1322 5461 jussa
1354 5390 1827 5461 commonitione,
1859 5410 1958 5449 su-

310 5475 723 5550 perbansierit
744 5494 757 5533 :
781 5481 843 5533 et
857 5476 919 5579 in
940 5479 1110 5550 cujus
1121 5477 1481 5584 negligentia
1492 5484 1761 5579 peccator
1781 5482 1969 5553 publi-
1997 5516 2045 5584 Β

309 5581 423 5622 cus
451 5582 573 5623 non
601 5567 996 5624 commonitus
1024 5571 1159 5640 post
1177 5571 1370 5625 tantos
1391 5567 1516 5624 dies
1545 5566 1701 5625 sicut
1726 5570 1968 5641 praeﬁxi-

310 5670 452 5710 mus
501 5653 729 5722 abierit,
761 5656 911 5713 sciat
957 5674 1019 5714 se
1067 5657 1319 5730 quisque
1366 5656 1669 5730 presbyter
1714 5659 1963 5731 gradum

310 5741 702 5800 amissurum.
735 5744 854 5802 Hoc
882 5749 1080 5803 tamen
1106 5745 1463 5803 omnimodis
1481 5746 1553 5803 ab
1575 5746 1848 5804 omnibus
1869 5764 1962 5806 ca-

2088 1499 2299 1554 ultima
2337 1500 2679 1571 poenitentia
2706 1499 2795 1555 vel
2826 1498 3034 1555 ultimo
3063 1500 3273 1557 viatico
3303 1500 3683 1557 det'raudetur
3714 1517 3728 1557 :

2087 1605 2156 1644 ea
2183 1588 2601 1656 convenientia,
2636 1592 2702 1643 ut
2731 1588 2783 1645 si
2811 1588 3188 1657 convaluerit,
3212 1589 3536 1645 secundum
3559 1589 3735 1646 eccle-

2086 1677 2356 1734 siasticas
2388 1677 2622 1750 regulas
2650 1677 3052 1750 paenitentiam
3102 1681 3257 1751 agat,
3287 1681 3346 1734 et
3390 1678 3732 1735 reconcilies

2083 1766 2327 1835 tionem,
2360 1769 2646 1839 quantum
2675 1766 2830 1823 Deus
2861 1765 2973 1823 sibi
3023 1766 3394 1836 concesserit,
3424 1766 3487 1822 in
3527 1766 3732 1824 ordine

2085 1854 2496 1928 pcnnitentium
2525 1849 2758 1928 expetat
2786 1859 2843 1910 et
2871 1858 3181 1927 exspectet.

2085 1985 2218 2054 Cap.
2252 1981 2322 2037 II.
2355 2013 2423 2054 -τ
2458 1983 2519 2038 Ut
2544 1997 2643 2054 pro
2683 1982 2806 2054 loco,
2839 1981 3138 2053 sepultura:
3182 1981 3332 2054 nihil
3375 1983 3646 2054 exigatur,
3677 1990 3732 2039 et

2158 2052 2336 2109 locum
2384 2051 2740 2109 haereditario
2777 2051 2909 2123 jure
2942 2069 3099 2108 nemo
3143 2052 3254 2108 sibi
3297 2051 3530 2121 arroget,
3560 2053 3652 2109 sed
3694 2062 3732 2110 α

2152 2126 2465 2197 presbytero
2492 2125 2754 2196 accipiat,-
2781 2131 2834 2179 et
2860 2123 2926 2179 de
2950 2125 3212 2195 sepulcri:
3238 2140 3350 2180 non
3366 2125 3655 2181 violandis.

2156 2239 2230 2297 Ut
2260 2257 2363 2314 pro
2393 2239 2518 2295 loco
2562 2237 2898 2311 sepultura,
2932 2237 3083 2294 sicut
3134 2255 3300 2294 sacra
3347 2241 3409 2294 et‘
3450 2238 3733 2296 canonica

2086 2328 2277 2386 sanxit
2306 2328 2830 2395 auctoritas,nemo
2860 2345 2893 2382 a
2924 2342 3274 2400 quocunque
3294 2326 3577 2399 quiddam
3600 2340 3730 2382 exe-

2086 2417 2166 2474 nii
2198 2417 2407 2490 exigat.
2432 2417 2490 2473 Si
2515 2419 2710 2472 autem
2742 2415 2960 2488 aliquid
2986 2416 3299 2488 quisquam
3324 2415 3505 2488 gratis
3526 2415 3731 2472 oﬂ’erre

2084 2506 2349 2573 voluerit,
2366 2509 2497 2578 post
2520 2504 2817 2578 sepultum
2838 2504 3005 2561 chari'
3022 2501 3111 2561 sui
3131 2503 3217 2561 vel
3240 2504 3427 2560 charm
3448 2520 3569 2561 sua:
3603 2520 3728 2561 cor-

2084 2612 2216 2669 pus,
2239 2595 2349 2651 hoc
2373 2594 2592 2666 suscipi
2624 2611 2739 2650 non
2766 2597 3045 2650 veternus.
3073 2593 3145 2649 Et
3173 2608 3343 2649 nemo
3371 2591 3729 2651 Christiano-

2084 2701 2215 2741 rum
2248 2688 2584 2758 praesumat,
2598 2683 2766 2756 quasi
2788 2681 3149 2739 haereditario
3164 2682 3317 2754 jure,
3338 2682 3408 2737 de
3429 2681 3732 2755 sepultura

2005 2777 2053 2844 Β
2083 2774 2430 2829 contendere
2464 2789 2477 2825 :
2511 2772 2621 2827 sed'
2645 2771 2705 2827 in
2756 2768 3072 2827 sacerdotis
3120 2769 3484 2845 providentia
3531 2770 3628 2839 sit,
3663 2770 3731 2827 ut

2085 2860 2422 2936 parochiani
2453 2860 2566 2928 sui,
2586 2859 2909 2916 secundum
2930 2856 3321 2914 Christianam
3339 2857 3725 2928 devotionem,

2084 2950 2145 3007 in
2166 2950 2310 3007 locis
2327 2950 2542 3022 quibus
2560 2948 2770 3005 viderit
2789 2947 3298 3021 sepeliantur.lpse
3313 2950 3508 3004 tamen
3531 2963 3727 3005 sacer-

2084 3040 2211 3107 dos,
2228 3056 2452 3095 memor
2480 3036 2703 3094 ordinis
2725 3035 2838 3104 sui,
2861 3037 3159 3111 provideat
3177 3040 3235 3093 et
3257 3053 3573 3109 congruam
3598 3037 3726 3116 cuis-

2084 3144 2197 3202 que
2219 3127 2601 3201 sepulturam,
2635 3131 2695 3182 et
2724 3143 2795 3183 ne
2834 3125 3199 3194 scandalum,
3224 3129 3509 3199 quantum
3556 3122 3727 3182 vitari

2083 3221 2296 3291 potest,
2332 3218 2432 3273 fiat
2461 3215 2585 3273 suis
2611 3214 2999 3289 parochianis.
3034 3215 3104 3271 Et
3140 3214 3628 3289 provideat,sicut
3654 3216 3727 3273 de

2084 3304 2410 3363 ministerio
2441 3323 2546 3362 suo
2577 3309 2636 3362 et
2664 3320 2859 3360 coram
2892 3304 3008 3361 Deo
3048 3308 3107 3361 et
3135 3318 3332 3361 coram
3361 3301 3573 3361 saacul‘o
3602 3304 3729 3361 vult

2082 3395 2358 3468 gaudere,
2390 3398 2455 3450 ut
2483 3393 2704 3451 nullius
2734 3391 3057 3449 Christiani
3097 3408 3306 3465 corpus
3350 3393 3421 3448 de
3459 3391 3726 3466 sepulcro

2083 3502 2190 3541 suo
2214 3484 2502 3557 ejiciatur,
2517 3486 2576 3539 et
2607 3499 2711 3547 nec
2741 3481 3011 3555 sepulcra
3039 3480 3605 3557 conti-iugantur,ve_l
3632 3498 3726 3538 ca-

2082 3572 2315 3629 minata:
2347 3572 2499 3628 sicut
2528 3571 2718 3628 solent
2743 3571 2877 3627 inde
2907 3572 3052 3627 fiant
3080 3587 3095 3626 :
3128 3571 3270 3644 quia
3298 3570 3452 3627 sicut
3494 3570 3728 3627 crudele

2081 3667 2170 3719 est
2201 3678 2557 3735 quemquam
2580 3663 2650 3717 de
2679 3661 2852 3716 domo
2873 3677 2982 3716 sua
3010 3659 3387 3733 expellere,et
3403 3658 3729 3716 misericor-

2082 3751 2188 3806 dize
2219 3768 2367 3822 opus
2397 3754 2506 3817 est,
2540 3765 2790 3822 egenum
2821 3753 2879 3804 et
2903 3765 3117 3822 vagum
3142 3748 3313 3819 juxta
3355 3745 3725 3806 Dominicum

2080 3839 2302 3895 dictum
2351 3838 2411 3893 in
2459 3840 2700 3893 domum
2749 3835 3003 3909 recipere
3034 3853 3048 3891 :
3086 3836 3236 3893 τη
3266 3834 3348 3891 ita
3374 3833 3725 3908 sacrilegum

2079 3932 2417 4000 est,corpus
2440 3926 2705 3983 indevote
2722 3941 2789 3981 ac
2820 3923 3139 3998 irreligiose
3167 3927 3403 3997 propter
3430 3921 3725 3995 cupidita-

2077 4021 2195 4073 tem
2227 4034 2261 4073 a
2287 4014 2554 4088 sepulcro
2582 4013 2923 4087 ejicere,ubi
2953 4013 3204 4086 quisque
3236 4010 3596 4068 Dominicam
3624 4029 3723 4069 vo-

2080 4105 2390 4173 cationem,
2422 4108 2489 4160 ut
2520 4104 2579 4159 in
2608 4104 2860 4160 adventu
2903 4101 3053 4175 justi
3086 4101 3310 4175 judicis
3344 4104 3631 4175 resurgat,
3662 4100 3722 4156 in

2081 4212 2222 4269 pace
2251 4194 2557 4268 quiescens
2587 4192 2867 4251 debuerat
2889 4195 3242 4266 exspectare.

2079 4324 2213 4376 ΟΑΡ.
2247 4319 2346 4375 lII.
2374 4349 2443 4360 —
2477 4319 2542 4376 Ut
2565 4316 2755 4374 nudus
2796 4317 3026 4374 missam
3048 4317 3280 4374 celebret
3326 4317 3393 4372 in
3416 4315 3588 4373 altari
3612 4331 3725 4372 non

2149 4390 2575 4457 consecrato,vel
2603 4390 2724 4446 sine
2752 4388 2943 4445 tabula
2959 4389 3027 4444 ab
3055 4389 3301 4461 episcopo
3318 4392 3651 4445 consecrata.

2152 4507 2226 4563 Ut
2252 4506 2392 4577 quia
2421 4502 2662 4577 quidam
2694 4501 3049 4577 presbyteri,
3072 4505 3281 4575 preter
3307 4501 3622 4559 ecclesiam
3661 4502 3722 4558 in

2077 4612 2201 4667 qua
2216 4593 2434 4651 titulati
2465 4597 2624 4661 sunt,
2649 4592 2829 4648 etiam
2859 4590 3114 4664 capellas
3142 4591 3380 4659 habent,
3397 4596 3457 4648 et
3481 4590 3722 4664 quidam

2077 4683 2254 4741 etiam
2282 4687 2504 4740 veteres
2528 4680 2805 4739 ecclesias
2834 4684 3188 4748 restauraut,
3212 4685 3319 4736 aut
3342 4678 3550 4737 altaria
3578 4696 3726 4736 nova

2078 4776 2432 4830 constrth
2461 4775 2697 4844 propter
2724 4769 2839 4825 loci
2868 4768 3354 4835 convenientiam,
3383 4767 3479 4824 vel
3499 4767 3723 4823 immu-

2079 4866 2235 4930 tant;
2266 4876 2439 4916 nemo
2466 4860 2943 4933 presbyterorum
2986 4858 3045 4914 in
3093 4857 3300 4914 altario
3344 4857 3429 4912 ab
3446 4857 3721 4928 episcopo

2078 4968 2195 5007 non
2216 4953 2553 5006 consecrato
2573 4952 2707 5005 ante
2734 4946 3227 5004 consecrationem
3248 4948 3481 5001 cantare
3503 4961 3720 5017 presur

2079 5040 2221 5094 mat.
2246 5039 2628 5108 Quapropter,
2678 5035 2728 5091 si
2776 5033 3097 5091 necessitas
3140 5031 3486 5105 poposcerit,
3536 5032 3719 5089 donec

2077 5125 2324 5182 ecclesia
2341 5123 2433 5180 vet
2444 5124 2653 5180 altaria
2670 5126 3103 5187 consecrantur,
3120 5125 3183 5178 et
3199 5121 3263 5177 in
3285 5119 3719 5193 capellisetiam

2078 5233 2206 5288 quis
2224 5213 2721 5271 consecrationem
2735 5228 2849 5268 non
2870 5209 3719 5282 merentumtabulamquisque

2077 5305 2396 5377 presbyter,
2430 5302 2523 5359 cui
2554 5299 2955 5358 necessarium
2978 5298 3175 5367 fuerit,
3207 5299 3281 5355 de
3310 5313 3602 5355 marmore
3630 5297 3719 5356 vel

2078 5392 2247 5466 nigra
2270 5396 2454 5465 petra,
2475 5394 2578 5446 aut
2605 5389 2731 5445 litio
2750 5388 3525 5454 bonestissimo,secnndum
3546 5404 3717 5445 suam

2076 5480 2544 5554 possibilitatem,
2576 5477 2821 5534 honeste
2849 5478 3176 5534 aiteotatam
3208 5477 3439 5545 habeat,
3461 5480 3525 5533 et
3548 5477 3718 5534 nobis

2073 5570 2147 5626 ad
2165 5568 2625 5625 consecrandam
2651 5566 2873 5635 atterat,
2892 5583 2967 5638 qu
2975 5582 3069 5622 am
3084 5582 3293 5623 secum
3304 5583 3438 5622 cum
3454 5565 3720 5639 expedie-

2074 5660 2151 5716 rit
2179 5660 2418 5724 deferat,
2446 5657 2506 5711 in
2536 5672 2654 5727 qua
2682 5672 2853 5711 sacra
2876 5655 3163 5728 mysteria
3180 5656 3504 5715 secundum
3536 5655 3719 5730 ritum

2072 5745 2533 5808 ecclesiasticum
2558 5760 2728 5817 agere
2756 5743 2962 5802 valeat.
