4204 6466
328 447 450 509 797

1293 448 1684 511 CAPITULA
1727 448 1806 508 IN
1853 447 2164 510 SYNODO
2210 444 2507 508 RHEMIS
2551 444 2780 508 DATA.

3615 441 3740 531 τρε

328 581 467 639 CAP.
503 581 574 639 ll.
606 613 676 624 —
707 580 857 652 Quod
872 582 1109 668 prolloco
1137 583 1451 668 maniculae
1470 582 1617 668 nihil
1639 600 1674 638 a
1701 598 1975 655 quoquam
2001 581 2057 649 Α
2085 581 2464 638 interdictum
2493 581 2665 639 toties
2694 584 3032 654 usurpatur.
3064 581 3134 635 Et
3175 578 3373 635 sciatis
3412 594 3517 650 pro
3545 580 3723 668 certo,

776 658 990 728 requiri
1016 657 1099 713 vel
1128 657 1305 729 accipi
1332 655 1535 712 debeat.

400 762 563 834 Sapo
592 778 693 818 vos
713 762 991 820 admonui
1013 756 1765 836 de'matriculariis,quales
1789 764 1973 819 susci-

326 868 464 924 pere
477 851 818 921 debeatis,et
829 852 1079 923 qualiter
1089 853 1173 909 eis
1186 857 1408 924 partem
1426 852 1664 909 decima;
1677 852 1976 925 dispensa-

326 957 389 996 re
412 940 674 997 debeatis
702 958 716 997 :
743 942 846 998 sed
858 941 1317 999 admonitionem
1332 943 1737 1008 nostram,imo
1751 941 1849 997 Dei
1874 959 1975 1013 per

325 1033 589 1085 nostram
619 1031 1016 1104 exiguitatem,
1045 1032 1333 1103 quosdam
1372 1031 1785 1104 parvipendere
1813 1047 1970 1087 com-

324 1119 469 1190 peri.
504 1119 668 1176 Unde
697 1136 935 1176 necesse
965 1120 1110 1176 mihi
1139 1125 1229 1176 est
1257 1121 1485 1187 iterare,
1506 1122 1659 1192 quod
1685 1122 1970 1193 quosdam

321 1224 611 1281 cognosco
634 1208 1226 1281 negligerelnterdixi
1245 1208 1403 1264 enim
1424 1209 1587 1266 vobis
1600 1211 1699 1265 Dei
1722 1210 1971 1265 auctori-

320 1300 461 1363 tate,
486 1300 553 1352 ut
582 1314 752 1353 nemo
786 1298 1085 1371 presbyter
1114 1316 1217 1370 pro
1262 1297 1388 1353 loco
1433 1298 1753 1354 matriculaa
1787 1299 1970 1370 quod-

319 1401 553 1459 cunque
579 1387 841 1456 xenium,
861 1386 952 1443 vel
982 1387 1282 1444 servitium
1312 1387 1373 1443 in
1401 1387 1713 1455 messe,vel
1746 1387 1803 1442 in
1836 1405 1974 1460 qno-

319 1492 554 1548 cunque
584 1493 690 1533 suo
711 1476 965 1545 servitio,
983 1481 1297 1549 praesumat
1315 1477 1611 1548 requirere
1629 1477 1719 1532 val
1742 1472 1970 1549 accipe-

318 1581 383 1620 re
407 1581 421 1619 :
446 1568 505 1620 et
532 1565 950 1622 matriculariis
976 1567 1234 1623 debitam
1266 1571 1492 1639 partem
1521 1565 1969 1639 decimae,quam

316 1652 527 1711 fideles
541 1671 645 1726 pro
664 1656 917 1727 peccatis
932 1656 1057 1713 suis
1068 1656 1425 1713 redimendis
1437 1655 1682 1712 Domino
1692 1657 1966 1723 offerunt,

317 1759 495 1799 nemo
528 1748 846 1816 praesumat
872 1747 1140 1802 vendere.
1173 1747 1337 1812 Quod
1366 1750 1425 1801 et
1453 1762 1611 1802 nunc
1639 1744 1854 1801 iterum
1887 1746 1971 1801 in-

316 1831 563 1899 terdico,
595 1834 913 1890 ostendens
942 1834 1107 1890 vobis
1138 1833 1394 1890 divinam
1432 1835 1860 1891 auctoritatem.
1897 1834 1970 1890 Ut

314 1920 478 1976 enim
506 1920 765 2015 plurima
793 1923 867 1978 de
893 1922 1115 1983 sanctis
1145 1922 1464 1995 Scripturis
1502 1922 1963 1995 praetermittam,
1998 1950 2044 2015 Β

312 2013 375 2066 et
402 2026 592 2083 pauca
616 2010 779 2067 vobis
810 2012 912 2068 sed
944 2011 1254 2068 notissima
1284 2011 1343 2067 in
1376 2011 1633 2068 medium
1666 2013 1959 2078 devocem,

312 2103 560 2155 sanctus
586 2100 843 2172 Spiritus
883 2118 987 2173 per
1015 2102 1255 2159 beatnm
1286 2101 1461 2157 David
1511 2102 1665 2174 quod
1712 2100 1964 2158 cantatis

310 2188 571 2245 cantavit
600 2203 615 2243 :
642 2194 785 2246 Deus
839 2206 1010 2256 meus,
1039 2190 1416 2248 misericordia
1462 2198 1559 2247 tua
1594 2192 1766 2260 (Psat.
1800 2208 1960 2258 xvm,

313 2276 404 2349 18)
435 2293 450 2333 :
483 2280 542 2333 et
570 2275 798 2334 decima
827 2295 863 2334 a
890 2276 1165 2334 ﬁdelibus
1194 2277 1756 2345 data,misericordia
1784 2283 1893 2349 est,
1907 2282 1963 2334 et

312 2364 728 2423 misericordia
747 2384 877 2440 quis
901 2366 1056 2424 Deus
1074 2367 1374 2424 estdatur:
1395 2384 1522 2439 quae
1564 2367 1964 2423 misericordia

310 2452 469 2510 dicet
495 2454 556 2511 in
569 2456 797 2527 judicio
820 2456 1298 2513 misericordibus
1322 2474 1335 2512 :
1363 2456 1624 2525 Quandiu
1640 2457 1844 2526 fecistis
1862 2458 1965 2512 uni

310 2559 386 2599 ατ
410 2545 666 2601 minimis
697 2547 836 2611 istis,
866 2547 1009 2601 mihi
1034 2547 1243 2617 fecistis
1269 2545 1472 2618 (Matth.
1504 2563 1637 2612 xxv,
1668 2547 1779 2615 40).
1802 2545 1962 2601 Elec-

311 2648 562 2705 mosyna
588 2632 748 2689 enim
780 2634 992 2702 Graece,
1027 2634 1425 2691 misericordia
1453 2634 1671 2690 dicitur
1709 2635 1911 2690 Latine
1943 2652 1957 2689 :

311 2726 375 2777 et
395 2721 498 2794 qui
544 2720 974 2796 eleemosynam
1024 2724 1237 2790 vendit,
1270 2724 1475 2792 Deum,
1506 2724 1565 2778 id
1613 2727 1703 2779 est
1741 2724 1965 2778 miseri-

314 2810 578 2866 cordiam
609 2815 891 2880 nostram,
920 2811 1121 2868 vendit
1151 2828 1165 2869 :
1202 2817 1260 2868 et
1286 2811 1497 2869 similis
1544 2816 1634 2869 est
1668 2813 1855 2881 Judae,
1890 2812 1960 2867 de

312 2915 432 2971 quo
462 2900 524 2955 in
553 2900 862 2973 Evangelio
894 2902 1177 2974 scriptum
1208 2906 1318 2971 est,
1343 2903 1485 2974 quia
1528 2901 1752 2959 loculos
1781 2903 1957 2959 habe-

310 2989 415 3044 bat
469 2989 657 3046 Judas
704 2992 882 3059 (Joan.
914 3009 1033 3059 xm,
1082 2993 1196 3060 29).
1236 2992 1318 3047 Ea
1370 3009 1499 3064 qua:
1556 2992 1956 3059 mittebantur,

307 3077 371 3133 id
418 3083 510 3135 est
554 3097 684 3152 quis
731 3080 935 3137 ﬁdeles
980 3080 1228 3137 Domino
1282 3082 1518 3149 dabant,
1551 3082 1706 3138 unde
1745 3081 1869 3152 ipse
1899 3085 1959 3137 et

305 3165 403 3222 sui
450 3166 723 3241 discipuli
780 3170 1106 3225 secundum
1153 3188 1390 3226 carnem
1449 3170 1855 3239 subsisterent,
1898 3174 1957 3226 et

307 3256 464 3314 ’185
483 3256 885 3331 eleemosynas
913 3258 1197 3316 Dominus
1245 3260 1717 3326 faciebat,Judas
1757 3265 1951 3332 porta-

2084 672 2225 743 quia
2244 688 2358 727 non
2391 672 2450 728 in
2481 689 2835 745 quocunque
2860 672 3154 746 requiram
3175 676 3247 731 de
3267 677 3390 734 viso
3413 678 3727 736 concubitu

2082 765 2275 816 vestro
2306 778 2443 817 cum
2474 761 2707 817 feminis
2738 763 2840 818 sed
2886 763 2958 818 de
3003 762 3314 820 interdicto
3356 767 3634 824 canonico
3667 768 3731 824 in

2083 867 2323 906 accessu
2355 852 2429 906 ad
2463 850 2731 918 feminas,
2766 851 3006 924 quia,ut
3064 851 3294 909 Hilarus
3341 871 3492 927 papa
3537 854 3681 913 dicit
3711 874 3726 913 :

2084 939 2258 1011 (epist.
2293 940 2363 995 ad
2394 941 2681 1009 Veronam,
2706 942 2886 997 Lcont.
2918 949 2970 997 et
3002 943 3227 1009 tiatur.)
3256 958 3268 996 :
3302 943 3428 998 Non
3450 944 3647 1002 minus
3667 944 3728 1001 in

2081 1034 2415 1085 sanctarum
2429 1030 2699 1085 tradition
2709 1047 2807 1085 um
2821 1031 3154 1087 sanctiones
3166 1031 3489 1105 delinquitu
3498 1050 3727 1105 r,quam

2082 1118 2141 1173 in
2162 1118 2347 1190 ipsius
2373 1119 2598 1175 Domini
2621 1118 2897 1191 injuriam
2921 1119 3241 1192 prosilitur.
3257 1121 3327 1176 Et
3350 1121 3446 1179 cui
3467 1125 3727 1179 vestrum

2081 1207 2335 1279 amplius
2359 1208 2640 1280 placuerit
2658 1206 2917 1265 indebita
2944 1210 3295 1265 feminarum
3334 1209 3726 1278 familiaritas,

2081 1314 2257 1369 quam
2279 1297 2429 1354 sacri
2452 1296 2757 1353 ministerii
2784 1297 3248 1369 puritas,habeat
3270 1299 3424 1371 quod
3447 1298 3686 1374 elegerit
3709 1317 3722 1355 :

2081 1387 2219 1458 quia
2246 1385 2486 1442 insimul
2516 1390 2574 1442 et
2602 1385 2751 1442 sacri
2800 1386 3111 1442 ministerii
3142 1387 3480 1458 puritatem,
3511 1392 3570 1443 et
3614 1388 3726 1445 im-

2080 1476 2284 1531 mundi
2307 1476 2672 1532 contubernii
2697 1477 2909 1533 habere
2931 1494 3045 1533 non
3068 1476 3282 1550 poterit
3303 1476 3721 1549 impuritatem.

2079 1564 2394 1635 Dejicietur
2419 1583 2555 1638 ergo
2587 1584 2623 1621 a
2652 1582 2817 1622 sacro
2858 1566 3311 1634 ministerio,cui
3366 1584 3480 1623 non
3510 1566 3726 1640 poterit

2078 1656 2355 1726 prodesse
2384 1654 2691 1726 correptio.
2713 1654 2877 1711 Sicut
2906 1659 3147 1711 sanctus
3169 1656 3280 1712 Leo
3313 1674 3465 1730 papa
3483 1658 3556 1713 ad
3568 1660 3727 1719 Ana-A

2076 1742 2284 1799 tolium
2332 1743 3042 1816 Constantin0politanum
3092 1744 3432 1817 episcopum
3469 1745 3723 1803 decrevit

2078 1831 2275 1889 dicens
2306 1833 2481 1906 (epist.
2505 1833 2594 1905 82)
2630 1850 2642 1888 :
2678 1857 2705 1883 «
2739 1833 2920 1889 Debet
2949 1833 3254 1907 diligentia
3293 1841 3394 1891 tua
3413 1835 3721 1909 vigilanter

2076 1922 2366 1989 insistere,
2399 1921 2479 1978 ita
2509 1926 2576 1978 ut
2621 1922 2735 1989 his,
2768 1922 2986 1995 quibus
3033 1923 3309 1995 prodesse
3351 1942 3466 1981 non
3509 1925 3721 1997 poterit

2074 2012 2380 2084 correptio,
2416 2029 2531 2066 non
2559 2016 2761 2083 parcat
2812 2012 3083 2068 abscisio.
3118 2011 3358 2085 Oportet
3402 2012 3560 2069 enim
3609 2031 3725 2075 nos.

2072 2100 2398 2173 Evangelici
2431 2099 2771 2156 meminisse
2801 2101 3082 2166 mandati,
3107 2102 3263 2173 quod
3295 2101 3369 2157 ab
3400 2101 3531 2174 ipsa
3566 2102 3717 2159 veri-

2072 2195 2189 2247 tate
2218 2189 2573 2262 praecipitur,
2606 2194 2671 2244 ut
2699 2189 2749 2245 si
2781 2206 2889 2245 nos
2919 2189 3146 2260 oculus,
3178 2196 3282 2247 aut
3299 2207 3424 2263 pes,
3457 2195 3559 2247 aut
3586 2192 3718 2248 dex-

2071 2285 2193 2337 tera
2223 2279 2698 2337 scandalizaverit
2726 2296 2957 2346 manus,
2981 2297 3016 2335 a
3034 2297 3313 2353 compage
3334 2281 3594 2353 corporis
3619 2298 3718 2339 au-

2070 2370 2337 2426 feratur:
2371 2370 2511 2441 quia
2565 2368 2778 2425 melius
2834 2372 2925 2425 est
2971 2368 3065 2424 his
3116 2368 3176 2425 in
3221 2369 3480 2426 Ecclesia
3520 2387 3716 2429 carere

2073 2458 2567 2530 membris,quam
2597 2475 2729 2514 cum
2762 2458 2906 2530 ipsis
2955 2457 3016 2513 in
3047 2462 3260 2514 (eterna
3288 2457 3372 2515 ire
3402 2458 3717 2533 supplicia;

2067 2548 2411 2618 Abjicienda
2452 2565 2693 2620 prorsus
2742 2548 3015 2619 pestifera
3044 2547 3166 2603 haec
3193 2566 3229 2604 a
3256 2548 3600 2606 sacerdotali
3629 2549 3713 2607 vi-

2070 2655 2208 2709 gore
2254 2637 2532 2708 patientia
2585 2643 2694 2707 est,
2727 2655 2853 2709 quae
2901 2637 3136 2693 sibimet
3180 2638 3433 2709 peccatis
3462 2638 3713 2696 aliorum

2070 2728 2360 2800 parcendo
2395 2745 2506 2783 non
2541 2727 2727 2799 parcit
2748 2744 2762 2782 :
2782 2727 2938 2783 sicut
2957 2725 3081 2781 Heli
3098 2727 3396 2799 quondam
3417 2729 3709 2797 sacerdos,

2069 2816 2320 2872 filiorum
2341 2834 2583 2872 suorum
2605 2815 2820 2871 delicta
2839 2814 3158 2882 tolerando,
3180 2832 3315 2870 cum
3338 2814 3482 2887 ipsis
3503 2815 3711 2872 divina;

2060 2906 2308 2977 justitia:
2329 2905 2680 2961 sententiam
2698 2904 2914 2959 meruit
2928 2902 3197 2975 experiri,
3211 2903 3350 2975 quia
3369 2902 3532 2977 segni
3558 2905 3709 2961 186

2066 2993 2432 3067 indulgentia
2450 2993 2843 3049 dissimulavit
2872 2992 3119 3064 plectere
3154 2996 3482 3064 peccatores
3502 2993 3552 3061 (ι
3578 2994 3703 3065 Reg.

2066 3085 2163 3149 IV).
2195 3106 2223 3135 ››
2256 3115 2324 3123 -
2345 3107 2372 3133 ‹‹
2400 3083 2569 3148 Cum,
2589 3082 2783 3155 inquit
2814 3080 3295 3150 Ambrosius,uni
3319 3082 3592 3138 sacerdos
3622 3080 3709 3139 in-_

2063 3172 2263 3245 dulget
2291 3173 2553 3246 indigno,
2589 3171 2872 3244 plurimos
2904 3170 3041 3226 facit
3070 3169 3459 3242 prolapsionis
3506 3173 3704 3226 conta-

2062 3263 2225 3335 gium
2266 3262 2592 3335 provocari;
2626 3260 2872 3317 facilitas
2919 3259 3079 3315 enim
3123 3258 3304 3316 venite
3341 3258 3702 3315 incentivum

305 3347 430 3415 bat,
447 3345 508 3403 id
533 3352 624 3404 est
652 3315 991 3421 asportabat
1035 3354 1092 3405 et
1139 3315 1464 3406 furabatur.
1504 3315 1585 3405 ,Et
1628 3315 1951 3422 presbyter,
1985 3315 2028 3381 Ο
2060 3315 2707 3423 ῗέὶνῦίι-ἰιΐίίέὶγίξιξιᾟθίιὰίξ
2730 3373 2756 3400 ››
2888 3353 3130 3405 sanctus
3161 3346 3474 3421 Gregorius
3506 3364 3519 3403 :
3556 3351 3703 3404 Dum

302 3435 408 3507 qui
441 3436 514 3491 de
536 3437 932 3510 redemptione
962 3443 1353 3511 peccatorum,
1387 3439 1445 3494 id
1477 3443 1567 3494 est
1607 3440 1680 3495 de
1726 3440 1955 3495 decima

304 3524 593 3594 ﬁdelium,
612 3527 1004 3599 quodcunque
1025 3527 1293 3583 exenium
1326 3527 1570 3600 requirit
1598 3532 1701 3583 aut
1720 3528 1948 3600 accipit,

302 3630 423 3669 non
457 3617 548 3671 est
567 3614 783 3689 dignus
805 3616 959 3671 inter
989 3617 1356 3689 presbyteros
1373 3617 1826 3688 nuncupari,sed
1859 3618 1953 3673 de-

292 3701 403 3774 jici
437 3719 451 3758 :
486 3703 641 3759 sicut
668 3704 854 3761 Judas
876 3705 1328 3776 nuncupabatur
1352 3704 1504 3760 inter
1521 3705 1948 3777 apostolos,sed

297 3791 377 3848 de
407 3792 805 3865 apostolorum
837 3810 1080 3850 numero
1109 3794 1390 3865 dejectus,
1411 3798 1470 3850 et
1496 3793 1557 3849 in
1588 3793 1947 3850 consortium

297 3880 521 3937 diaboli
541 3886 631 3938 est
650 3882 710 3937 in
732 3886 1013 3939 reternum
1034 3882 1318 3954 abjectus.
1332 3883 1402 3938 Et
1421 3883 1641 3947 sciatis,
1656 3882 1795 3955 quia
1813 3882 1948 3955 qui-

295 3986 535 4041 cunque
553 3971 854 4044 presbyter
882 3988 951 4027 ex
982 3972 1093 4027 hoc
1119 3972 1283 4028 Judae
1323 3971 1624 4033 latrocinio
1656 3971 1829 4027 fuerit
1857 3988 1943 4027 re-

293 4058 509 4127 victus,
543 4076 659 4115 non
681 4059 874 4117 solum
906 4078 939 4116 a
969 4060 1347 4133 presbyterali
1378 4060 1579 4116 ordine
1617 4060 1940 4133 dejicietur,

294 4148 402 4203 sed
436 4165 543 4204 nec
571 4147 748 4205 etiam
780 4154 1004 4222 partem
1034 4152 1106 4206 de
1134 4149 1237 4205 illa
1265 4149 1513 4218 decima,
1545 4167 1723 4222 quam
1747 4149 1943 4206 matri-

292 4234 504 4292 cularii
518 4236 1100 4310 aceipiunt,accipere
1115 4238 1541 4310 promerebitur
1567 4255 1579 4294 :
1604 4239 1705 4294 sed
1718 4242 1941 4310 partem

292 4339 433 4381 eum
463 4323 564 4382 illo
593 4325 852 4395 habebit,
877 4327 1049 4398 cujus
1079 4327 1203 4383 fieri
1232 4344 1471 4384 consors
1503 4327 1796 4382 maluerit.
1822 4351 1850 4377 ‹‹
1877 4328 1940 4383 In

291 4430 383 4478 se,
401 4411 596 4486 inquit
622 4419 867 4471 sanctus
896 4415 1129 4472 Hilarus
1159 4433 1329 4488 papa,
1362 4415 1647 4487 quidquid
1676 4414 1733 4470 in
1758 4414 1939 4471 alium

291 4502 430 4574 quis
463 4520 576 4559 non
628 4504 924 4570 resecarit,
957 4503 1239 4572 inveniet;
1274 4526 1302 4553 »
1332 4508 1391 4559 et
1433 4508 1673 4559 sanctus
1720 4504 1938 4577 Grego-

291 4590 421 4647 rius
452 4608 467 4647 :
502 4614 533 4645 α
563 4592 671 4659 Qui
703 4609 819 4649 non
851 4593 1091 4665 corrigit
1119 4592 1454 4660 resecanda,
1473 4593 1807 4649 committit.
1839 4616 1866 4642 »

2059 3440 2217 3496 enim
2238 3458 2394 3495 unus
2412 3437 2984 3511 corripitur,plurimi
3001 3434 3703 3499 emendantur,etmelius

2060 3535 2167 3596 est,
2189 3533 2254 3585 ut
2285 3546 2385 3601 pro
2408 3529 2726 3585 multorum
2748 3524 3066 3584 salvatione
3087 3543 3242 3583 unus
3258 3525 3699 3594 condemnetur,

2059 3636 2236 3690 quam
2271 3636 2371 3690 per
2394 3618 2567 3674 unius
2606 3617 2901 3673 licentiam
2931 3614 3101 3671 multi
3130 3614 3552 3688 periclitentur.
3586 3613 3701 3670 Nec

2059 3706 2274 3762 mirum
2307 3707 2356 3761 si
2388 3707 2539 3761 inter
2567 3706 2835 3762 homines
2865 3705 2985 3760 haec
3015 3702 3160 3759 ratio
3191 3702 3542 3772 custoditur,
3564 3718 3699 3757 cum

2058 3796 2209 3851 inter
2229 3797 2505 3866 jumenta
2534 3794 2654 3849 tunc
2680 3794 2802 3850 fieri
2835 3809 3090 3866 persaepe
3119 3791 3520 3864 cognovimus,
3539 3792 3604 3843 ut
3630 3805 3700 3845 ea

2054 3902 2183 3956 qum
2214 3884 2470 3940 scabiem
2502 3887 2603 3939 aut
2630 3880 3029 3955 impetiginem
3061 3880 3275 3936 habere
3295 3879 3586 3945 videntur,
3606 3894 3695 3933 se-

2054 3978 2333 4044 parentur
2362 3991 2396 4028 a
2441 3972 2622 4038 sanis,
2655 3989 2726 4027 ne
2774 3970 3008 4027 illorum
3056 3969 3259 4025 morbo
3298 3971 3502 4023 caetera
3530 3966 3693 4021 dam-
3726 3968 3735 3977 ‘

2055 4067 2284 4130 nentur,
2319 4061 2405 4117 vel
2439 4065 2694 4134 pereant.
2727 4059 2922 4115 Satius
2960 4062 3049 4114 est
3076 4056 3254 4123 enim,
3274 4060 3341 4111 ut
3387 4053 3695 4111 manifeste

2050 4152 2619 4223 corrigantur,quam
2642 4166 2745 4221 pro
2768 4147 2884 4204 illis
2906 4146 3074 4203 bonis
3091 4144 3694 4218 pereant,sicutverus

2051 4239 2305 4313 agricola
2325 4244 2521 4295 noster
2534 4237 2799 4294 Christus
2811 4234 3096 4292 Dominus
3117 4234 3176 4290 in
3196 4231 3505 4307 Evangelia
3526 4248 3693 4288 mon-

2049 4329 2423 4394 strat,dicens
2442 4345 2456 4385 :
2482 4329 2702 4385 Omnem
2719 4328 3002 4399 palmitem
3021 4341 3127 4381 non
3149 4326 3412 4395 fer-ciuem
3428 4325 3692 4395 fructum,

2048 4417 2274 4475 scilicet
2302 4420 2465 4474 bona:
2495 4416 2868 4490 operationis,
2901 4416 3089 4471 tollam
3133 4429 3260 4469 eum
3291 4413 3466 4491 (Joan.
3487 4429 3580 4479 xv,
3610 4410 3689 4483 2).

2048 4508 2117 4563 Et
2148 4507 2255 4563 hoc
2283 4512 2374 4563 est
2403 4507 2554 4579 quod
2589 4524 2623 4562 a
2651 4504 2897 4562 Domino
2944 4521 3047 4576 per
3086 4502 3320 4576 Moysen
3354 4500 3414 4555 in
3439 4500 3690 4557 Levitico

2047 4598 2293 4668 ﬁgurate
2325 4596 2658 4669 praecipitur
2680 4595 2873 4667 (Leuit.
2896 4593 3034 4666 xxv),
3060 4596 3125 4649 ut
3142 4590 3295 4663 lapis
3328 4591 3387 4647 in
3407 4591 3581 4647 domo
3607 4589 3688 4645 le-

286 4698 428 4753 CAP.
464 4699 562 4754 III.
596 4726 666 4740 -—-
697 4700 772 4755 De
819 4699 1057 4755 indebita
1114 4716 1329 4755 accessu,
1377 4698 1449 4753 ad
1500 4700 1755 4769 feminas,
1798 4709 1849 4755 ει
1906 4717 1942 4755 α
1971 4687 2014 4750 D
2046 4702 2256 4756 prosus
2286 4704 2321 4741 a
2350 4686 2647 4741 sacerdote
2667 4683 3034 4756 inspiciatur,
3062 4686 3122 4737 et
3146 4681 3195 4737 si
3244 4680 3540 4754 purificari
3588 4695 3686 4769 ne-

359 4773 668 4828 ministerio
1047 4773 1117 4828 iis
1146 4773 1244 4843 qui
1269 4788 1326 4827 se
1352 4787 1469 4825 non
1494 4773 1851 4827 correxerint.

361 4860 493 4917 Jam
522 4860 689 4917 vobis
731 4860 1054 4932 capitulum
1094 4877 1164 4915 ex
1210 4860 1431 4917 sanctis
1474 4860 1789 4932 Scripturis
1817 4863 1875 4916 et
1902 4878 1936 4916 a

281 4949 711 5006 catholicorum
724 4949 895 5007 dictis
906 4951 1115 5007 donavi
1132 4951 1203 5005 de
1223 4938 1651 5007 inccnvenienti
1672 4967 1906 5006 accessu
1917 4991 1932 5017 ,

278 5043 344 5096 et
389 5038 653 5095 indebita
706 5038 1102 5096 familiaritate
1159 5040 1233 5095 ad
1288 5039 1557 5096 feminas.
1599 5039 1710 5095 Sed
1767 5038 1933 5094 video

279 5128 577 5200 quosdam
605 5131 865 5185 vestrum
895 5128 1041 5184 illud
1072 5128 1507 5200 parvipendere.
1527 5128 1689 5184 Unde
1719 5128 1930 5184 iterum

278 5214 432 5271 illud
452 5214 514 5271 in
535 5221 822 5273 conventu
847 5221 1038 5273 vestro
1060 5216 1188 5272 volo
1212 5216 1462 5286 recitari,
1487 5234 1620 5273 cum
1643 5216 1932 5273 sententia

275 5304 497 5361 Zozimi
537 5322 700 5378 papae
744 5305 991 5362 dicentis
1021 5308 1105 5376 (in
1133 5305 1326 5363 decret.
1362 5325 1413 5363 c.
1443 5309 1534 5373 2);
1568 5305 1726 5362 Sciat
1769 5307 1928 5379 quis-

277 5394 417 5466 quis
450 5394 560 5451 hoc
591 5395 917 5468 postposita
946 5395 1183 5451 Patrum
1215 5400 1272 5451 et
1293 5395 1620 5468 apostolicae
1652 5394 1810 5450 sedis
1834 5413 1931 5450 au-

275 5483 551 5539 ctoritate
566 5483 941 5556 neglexerit,a
960 5484 1129 5539 nobis
1150 5483 1473 5541 districtius
1489 5482 1900 5539 vindicandum
1912 5526 1925 5549 ,

276 5575 349 5628 ut
377 5571 489 5627 loci
520 5574 610 5628 sui
642 5573 885 5630 minime
914 5574 1142 5629 dubitet
1170 5573 1282 5631 sibi
1313 5592 1427 5629 non
1458 5576 1722 5628 constare
1753 5573 1927 5628 ratio-

275 5677 438 5729 nem,
470 5661 521 5718 si
551 5662 660 5719 hoc
691 5667 861 5736 putat
909 5666 1042 5736 post
1088 5668 1174 5720 tot
1215 5662 1637 5736 prohibitiones
1685 5661 1926 5733 impune

274 5767 451 5823 posse
479 5751 712 5809 tentari.
740 5752 1117 5809 Contumelias
1148 5753 1306 5809 enim
1323 5752 1515 5809 studio
1536 5752 1620 5824 fit,
1639 5750 1924 5823 quidquid

2043 4772 2310 4845 quiverit,
2336 4775 2463 4846 jam
2512 4774 2663 4830 inter
2701 4773 3041 4828 immundos
3082 4773 3470 4842 computetur,
3504 4783 3571 4822 ac
3618 4766 3691 4821 de

2042 4863 2244 4918 ordine
2269 4865 2623 4919 mundorum
2653 4861 2933 4935 lapidum,
2962 4861 3018 4916 id
3041 4864 3130 4916 est
3158 4856 3684 4914 ecclesiasticorum

2040 4952 2333 5008 consortio
2351 4956 2789 5024 eruatur,atque
2801 4949 2951 5006 alius
2968 4948 3068 5021 qui
3081 4947 3297 5019 dignus
3313 4949 3401 5001 est
3411 4943 3534 5000 loco
3554 4942 3684 5017 ejus

2040 5040 2457 5098 substituatur.
2490 5041 2772 5096 Videlicet
2809 5040 3033 5111 abjecto
3075 5036 3147 5092 de
3192 5033 3431 5102 caelesti,
3485 5032 3543 5087 id
3594 5033 3686 5087 est

2039 5128 2431 5187 ecclesiastico
2463 5129 2726 5195 aediﬁcio,
2748 5134 3028 5199 tanquam
3058 5127 3287 5180 mortuo
3309 5121 3520 5194 lapide,
3537 5136 3681 5190 quo-

2041 5218 2183 5275 libet
2208 5220 2399 5287 noxio,
2427 5219 2526 5292 qui
2558 5218 2748 5275 noluit
2778 5233 3023 5273 seavare-
3053 5214 3209 5287 quod
3256 5211 3508 5267 dicitur:
3548 5211 3681 5266 Tene

2037 5308 2177 5380 quod
2202 5309 2380 5376 habes,
2412 5327 2481 5364 ne
2507 5310 2654 5364 alius
2685 5309 2917 5379 accipiat
2937 5320 3190 5362 coronam
3219 5309 3370 5358 tuam
3390 5300 3567 5373 (Apoc.
3598 5314 3676 5368 ιιι,

2037 5398 2145 5465 ei),
2181 5398 2344 5469 juxta
2374 5399 2606 5453 Petrum
2635 5396 2985 5468 apostolum,
3006 5398 3286 5465 tanquam
3312 5390 3462 5463 lapis
3492 5389 3677 5460 vivus,

2035 5485 2095 5540 in
2127 5487 2300 5542 domo
2323 5485 2589 5557 spiritali,
2617 5487 2673 5540 in
2708 5484 2948 5540 aediﬁcio
2980 5482 3201 5538 scilicet
3243 5485 3456 5539 sanctae
3478 5480 3675 5537 Eccle-

2036 5574 2134 5629 siae
2165 5575 2489 5631 Jerusalem
2521 5574 2783 5641 cmleztis,
2807 5590 2936 5644 quae
2986 5575 3215 5627 constat
3261 5588 3332 5627 ex
3368 5569 3591 5644 angelis
3619 5575 3679 5627 et

2035 5662 2464 5729 hominibus,et
2491 5663 2811 5718 aediﬁcatur
2840 5664 2906 5717 ut
2932 5660 3155 5730 civitas,
3170 5660 3332 5718 utilis
3363 5660 3675 5733 supersedi-

2034 5753 2258 5809 licetur.
