  <div class='ocr_page' id='page_1' title='image "/cluster/home/n/w/nwhite01/storage/ocr_20150623/125/umn.31951002477418t/444.png"; bbox 0 0 4204 6470; ppageno 0'>
   <div class='ocr_carea' id='block_1_1' title="bbox 326 423 452 501">
    <p class='ocr_par' dir='ltr' id='par_1_1' title="bbox 326 423 452 501">
     <span class='ocr_line' id='line_1_1' title="bbox 326 423 452 501; baseline 0.016 -13"><span class='ocrx_word' id='word_1_1' title='bbox 326 423 452 501; x_wconf 67' lang='lat' dir='ltr'>est</span> 
     </span>
    </p>
   </div>
   <div class='ocr_carea' id='block_1_2' title="bbox 1043 431 3046 513">
    <p class='ocr_par' dir='ltr' id='par_1_2' title="bbox 1043 431 3046 513">
     <span class='ocr_line' id='line_1_2' title="bbox 1043 431 3046 513; baseline 0.008 -21"><span class='ocrx_word' id='word_1_2' title='bbox 1043 431 1428 499; x_wconf 76' lang='lat' dir='ltr'>CAPITULA</span> <span class='ocrx_word' id='word_1_3' title='bbox 1471 434 2187 507; x_wconf 59' lang='lat' dir='ltr'>dRCHIDIACONIBUS</span> <span class='ocrx_word' id='word_1_4' title='bbox 2228 439 2772 513; x_wconf 73' lang='lat' dir='ltr'>PRESBYTERIS</span> <span class='ocrx_word' id='word_1_5' title='bbox 2815 447 3046 511; x_wconf 80' lang='lat' dir='ltr'><strong>DATA.</strong></span> 
     </span>
    </p>
   </div>
   <div class='ocr_carea' id='block_1_3' title="bbox 3608 457 3740 535">
    <p class='ocr_par' dir='ltr' id='par_1_3' title="bbox 3608 457 3740 535">
     <span class='ocr_line' id='line_1_3' title="bbox 3608 457 3740 535; baseline 0.015 -11"><span class='ocrx_word' id='word_1_6' title='bbox 3608 457 3740 535; x_wconf 62' lang='lat'>4802</span> 
     </span>
    </p>
   </div>
   <div class='ocr_carea' id='block_1_4' title="bbox 331 557 3735 667">
    <p class='ocr_par' dir='ltr' id='par_1_4' title="bbox 331 557 3735 667">
     <span class='ocr_line' id='line_1_4' title="bbox 331 557 3735 667; baseline 0.011 -53"><span class='ocrx_word' id='word_1_7' title='bbox 331 557 429 615; x_wconf 69' lang='lat' dir='ltr'>uel</span> <span class='ocrx_word' id='word_1_8' title='bbox 456 562 682 667; x_wconf 54' lang='lat' dir='ltr'>vestros</span> <span class='ocrx_word' id='word_1_9' title='bbox 722 562 1018 635; x_wconf 70' lang='lat' dir='ltr'>pmprios,</span> <span class='ocrx_word' id='word_1_10' title='bbox 1049 563 1139 620; x_wconf 89' lang='lat' dir='ltr'>vel</span> <span class='ocrx_word' id='word_1_11' title='bbox 1186 565 1546 639; x_wconf 81' lang='lat' dir='ltr'>propinques</span> <span class='ocrx_word' id='word_1_12' title='bbox 1592 572 1836 642; x_wconf 58' lang='lat' dir='ltr'>vosuos,</span> <span class='ocrx_word' id='word_1_13' title='bbox 1883 587 1990 643; x_wconf 86' lang='lat' dir='ltr'>per</span> <span class='ocrx_word' id='word_1_14' title='bbox 2012 574 2068 649; x_wconf 68' lang='grc' dir='ltr'>Α</span> <span class='ocrx_word' id='word_1_15' title='bbox 2092 571 2419 667; x_wconf 66' lang='lat' dir='ltr'>dicit_:Non</span> <span class='ocrx_word' id='word_1_16' title='bbox 2444 574 2720 667; x_wconf 76' lang='lat' dir='ltr'>obtumbis</span> <span class='ocrx_word' id='word_1_17' title='bbox 2759 595 2817 636; x_wconf 74' lang='lat' dir='ltr'>os</span> <span class='ocrx_word' id='word_1_18' title='bbox 2853 580 2977 639; x_wconf 84' lang='lat' dir='ltr'>bovi</span> <span class='ocrx_word' id='word_1_19' title='bbox 3013 585 3297 645; x_wconf 68' lang='lat' dir='ltr'>trituranti</span> <span class='ocrx_word' id='word_1_20' title='bbox 3324 590 3373 657; x_wconf 76' lang='grc' dir='ltr'>(Ι</span> <span class='ocrx_word' id='word_1_21' title='bbox 3403 591 3537 647; x_wconf 80' lang='lat' dir='ltr'>Tim.</span> <span class='ocrx_word' id='word_1_22' title='bbox 3564 609 3625 661; x_wconf 70' lang='grc' dir='ltr'><strong>ν,</strong></span> <span class='ocrx_word' id='word_1_23' title='bbox 3657 592 3735 667; x_wconf 83' lang='grc'>8),</span> 
     </span>
    </p>
   </div>
   <div class='ocr_carea' id='block_1_5' title="bbox 326 647 1986 727">
    <p class='ocr_par' dir='ltr' id='par_1_5' title="bbox 326 647 1986 727">
     <span class='ocr_line' id='line_1_5' title="bbox 326 647 1986 727; baseline 0.008 -24"><span class='ocrx_word' id='word_1_24' title='bbox 326 665 490 721; x_wconf 68' lang='lat' dir='ltr'>quos</span> <span class='ocrx_word' id='word_1_25' title='bbox 518 647 652 705; x_wconf 67' lang='lat' dir='ltr'>illos</span> <span class='ocrx_word' id='word_1_26' title='bbox 681 652 936 723; x_wconf 81' lang='lat' dir='ltr'>gravatis</span> <span class='ocrx_word' id='word_1_27' title='bbox 964 652 1023 709; x_wconf 87' lang='lat' dir='ltr'>in</span> <span class='ocrx_word' id='word_1_28' title='bbox 1055 653 1185 711; x_wconf 82' lang='lat' dir='ltr'>cibo</span> <span class='ocrx_word' id='word_1_29' title='bbox 1229 659 1288 711; x_wconf 91' lang='lat' dir='ltr'>et</span> <span class='ocrx_word' id='word_1_30' title='bbox 1324 659 1482 727; x_wconf 83' lang='lat' dir='ltr'>potu,</span> <span class='ocrx_word' id='word_1_31' title='bbox 1503 661 1563 714; x_wconf 88' lang='lat' dir='ltr'>et</span> <span class='ocrx_word' id='word_1_32' title='bbox 1586 657 1755 717; x_wconf 74' lang='lat' dir='ltr'>l‘odro</span> <span class='ocrx_word' id='word_1_33' title='bbox 1788 661 1860 717; x_wconf 88' lang='lat' dir='ltr'>ad</span> <span class='ocrx_word' id='word_1_34' title='bbox 1891 677 1986 717; x_wconf 85' lang='lat' dir='ltr'>ca-</span> 
     </span>
    </p>
   </div>
   <div class='ocr_carea' id='block_1_6' title="bbox 338 736 1986 820">
    <p class='ocr_par' dir='ltr' id='par_1_6' title="bbox 338 736 1986 820">
     <span class='ocr_line' id='line_1_6' title="bbox 338 736 1986 820; baseline 0.008 -28"><span class='ocrx_word' id='word_1_35' title='bbox 338 736 550 793; x_wconf 89' lang='lat' dir='ltr'>ballos.</span> <span class='ocrx_word' id='word_1_36' title='bbox 573 739 646 795; x_wconf 90' lang='lat' dir='ltr'>Et</span> <span class='ocrx_word' id='word_1_37' title='bbox 690 740 983 812; x_wconf 88' lang='lat' dir='ltr'>providete</span> <span class='ocrx_word' id='word_1_38' title='bbox 1031 759 1102 799; x_wconf 91' lang='lat' dir='ltr'>ne</span> <span class='ocrx_word' id='word_1_39' title='bbox 1146 743 1416 803; x_wconf 76' lang='lat' dir='ltr'>homines</span> <span class='ocrx_word' id='word_1_40' title='bbox 1442 746 1641 813; x_wconf 84' lang='lat' dir='ltr'>vestri,</span> <span class='ocrx_word' id='word_1_41' title='bbox 1663 748 1765 820; x_wconf 78' lang='lat' dir='ltr'>qui</span> <span class='ocrx_word' id='word_1_42' title='bbox 1792 749 1986 811; x_wconf 81' lang='lat' dir='ltr'>vobis-</span> 
     </span>
    </p>
   </div>
   <div class='ocr_carea' id='block_1_7' title="bbox 338 826 1986 900">
    <p class='ocr_par' dir='ltr' id='par_1_7' title="bbox 338 826 1986 900">
     <span class='ocr_line' id='line_1_7' title="bbox 338 826 1986 900; baseline 0.008 -20"><span class='ocrx_word' id='word_1_43' title='bbox 338 842 475 881; x_wconf 88' lang='lat' dir='ltr'>cum</span> <span class='ocrx_word' id='word_1_44' title='bbox 509 826 696 896; x_wconf 88' lang='lat' dir='ltr'>ibunt,</span> <span class='ocrx_word' id='word_1_45' title='bbox 719 826 852 884; x_wconf 90' lang='lat' dir='ltr'>illos</span> <span class='ocrx_word' id='word_1_46' title='bbox 873 829 1251 900; x_wconf 89' lang='lat' dir='ltr'>debonorent,</span> <span class='ocrx_word' id='word_1_47' title='bbox 1273 832 1362 887; x_wconf 88' lang='lat' dir='ltr'>vel</span> <span class='ocrx_word' id='word_1_48' title='bbox 1394 833 1732 892; x_wconf 90' lang='lat' dir='ltr'>hominibus</span> <span class='ocrx_word' id='word_1_49' title='bbox 1753 836 1986 893; x_wconf 90' lang='lat' dir='ltr'>illorum</span> 
     </span>
    </p>
   </div>
   <div class='ocr_carea' id='block_1_8' title="bbox 338 915 1986 998">
    <p class='ocr_par' dir='ltr' id='par_1_8' title="bbox 338 915 1986 998">
     <span class='ocr_line' id='line_1_8' title="bbox 338 915 1986 998; baseline 0.009 -31"><span class='ocrx_word' id='word_1_50' title='bbox 338 930 544 987; x_wconf 82' lang='lat' dir='ltr'>graves</span> <span class='ocrx_word' id='word_1_51' title='bbox 573 915 714 971; x_wconf 92' lang='lat' dir='ltr'>sint.</span> <span class='ocrx_word' id='word_1_52' title='bbox 741 917 856 973; x_wconf 86' lang='lat' dir='ltr'>Nec</span> <span class='ocrx_word' id='word_1_53' title='bbox 887 918 986 973; x_wconf 90' lang='lat' dir='ltr'>diu</span> <span class='ocrx_word' id='word_1_54' title='bbox 1018 919 1079 975; x_wconf 90' lang='lat' dir='ltr'>in</span> <span class='ocrx_word' id='word_1_55' title='bbox 1121 920 1528 978; x_wconf 82' lang='lat' dir='ltr'>mansionibus</span> <span class='ocrx_word' id='word_1_56' title='bbox 1564 923 1826 995; x_wconf 90' lang='lat' dir='ltr'>ipsorum</span> <span class='ocrx_word' id='word_1_57' title='bbox 1858 943 1986 998; x_wconf 91' lang='lat' dir='ltr'>pre-</span> 
     </span>
    </p>
   </div>
   <div class='ocr_carea' id='block_1_9' title="bbox 335 1001 1983 1082">
    <p class='ocr_par' dir='ltr' id='par_1_9' title="bbox 335 1001 1983 1082">
     <span class='ocr_line' id='line_1_9' title="bbox 335 1001 1983 1082; baseline 0.008 -25"><span class='ocrx_word' id='word_1_58' title='bbox 335 1001 644 1075; x_wconf 83' lang='lat' dir='ltr'>sbyterum</span> <span class='ocrx_word' id='word_1_59' title='bbox 687 1003 1083 1063; x_wconf 90' lang='lat' dir='ltr'>immoremini</span> <span class='ocrx_word' id='word_1_60' title='bbox 1118 1025 1130 1064; x_wconf 91' lang='lat'><strong>:</strong></span> <span class='ocrx_word' id='word_1_61' title='bbox 1162 1012 1221 1064; x_wconf 91' lang='lat' dir='ltr'>et</span> <span class='ocrx_word' id='word_1_62' title='bbox 1268 1009 1318 1063; x_wconf 88' lang='lat' dir='ltr'>si</span> <span class='ocrx_word' id='word_1_63' title='bbox 1366 1010 1683 1069; x_wconf 84' lang='lat' dir='ltr'>necessitas</span> <span class='ocrx_word' id='word_1_64' title='bbox 1711 1013 1983 1082; x_wconf 81' lang='lat' dir='ltr'>evenerit,</span> 
     </span>
    </p>
   </div>
   <div class='ocr_carea' id='block_1_10' title="bbox 335 1090 1985 1176">
    <p class='ocr_par' dir='ltr' id='par_1_10' title="bbox 335 1090 1985 1176">
     <span class='ocr_line' id='line_1_10' title="bbox 335 1090 1985 1176; baseline 0.007 -31"><span class='ocrx_word' id='word_1_65' title='bbox 335 1094 403 1146; x_wconf 92' lang='lat' dir='ltr'>ut</span> <span class='ocrx_word' id='word_1_66' title='bbox 442 1090 503 1146; x_wconf 88' lang='lat' dir='ltr'>in</span> <span class='ocrx_word' id='word_1_67' title='bbox 551 1091 748 1165; x_wconf 90' lang='lat' dir='ltr'>aliquo</span> <span class='ocrx_word' id='word_1_68' title='bbox 800 1091 926 1150; x_wconf 91' lang='lat' dir='ltr'>loco</span> <span class='ocrx_word' id='word_1_69' title='bbox 973 1095 1273 1152; x_wconf 85' lang='lat' dir='ltr'>immorari</span> <span class='ocrx_word' id='word_1_70' title='bbox 1323 1099 1603 1169; x_wconf 77' lang='lat' dir='ltr'>debeatis,</span> <span class='ocrx_word' id='word_1_71' title='bbox 1650 1100 1740 1158; x_wconf 66' lang='lat' dir='ltr'>de</span> <span class='ocrx_word' id='word_1_72' title='bbox 1778 1102 1985 1176; x_wconf 80' lang='lat' dir='ltr'>dispo-</span> 
     </span>
    </p>
   </div>
   <div class='ocr_carea' id='block_1_11' title="bbox 333 1178 1985 1275">
    <p class='ocr_par' dir='ltr' id='par_1_11' title="bbox 333 1178 1985 1275">
     <span class='ocr_line' id='line_1_11' title="bbox 333 1178 1985 1275; baseline 0.008 -41"><span class='ocrx_word' id='word_1_73' title='bbox 333 1178 457 1235; x_wconf 89' lang='lat' dir='ltr'>nite</span> <span class='ocrx_word' id='word_1_74' title='bbox 485 1179 764 1237; x_wconf 86' lang='lat' dir='ltr'>victualia</span> <span class='ocrx_word' id='word_1_75' title='bbox 792 1187 987 1238; x_wconf 89' lang='lat' dir='ltr'>vestra</span> <span class='ocrx_word' id='word_1_76' title='bbox 1023 1201 1126 1257; x_wconf 90' lang='lat' dir='ltr'>per</span> <span class='ocrx_word' id='word_1_77' title='bbox 1171 1184 1700 1263; x_wconf 87' lang='lat' dir='ltr'>circummanentes</span> <span class='ocrx_word' id='word_1_78' title='bbox 1743 1191 1985 1275; x_wconf 84' lang='lat' dir='ltr'>presby-</span> 
     </span>
    </p>
   </div>
   <div class='ocr_carea' id='block_1_12' title="bbox 333 1270 1984 1344">
    <p class='ocr_par' dir='ltr' id='par_1_12' title="bbox 333 1270 1984 1344">
     <span class='ocr_line' id='line_1_12' title="bbox 333 1270 1984 1344; baseline 0.008 -21"><span class='ocrx_word' id='word_1_79' title='bbox 333 1272 512 1336; x_wconf 89' lang='lat' dir='ltr'>teros,</span> <span class='ocrx_word' id='word_1_80' title='bbox 546 1272 613 1324; x_wconf 92' lang='lat' dir='ltr'>ut</span> <span class='ocrx_word' id='word_1_81' title='bbox 662 1270 885 1326; x_wconf 86' lang='lat' dir='ltr'>nemini</span> <span class='ocrx_word' id='word_1_82' title='bbox 935 1288 1138 1344; x_wconf 81' lang='lat' dir='ltr'>graves</span> <span class='ocrx_word' id='word_1_83' title='bbox 1169 1272 1320 1341; x_wconf 89' lang='lat' dir='ltr'>sitis,</span> <span class='ocrx_word' id='word_1_84' title='bbox 1352 1279 1409 1331; x_wconf 91' lang='lat' dir='ltr'>et</span> <span class='ocrx_word' id='word_1_85' title='bbox 1452 1292 1567 1332; x_wconf 89' lang='lat' dir='ltr'>non</span> <span class='ocrx_word' id='word_1_86' title='bbox 1607 1279 1777 1335; x_wconf 80' lang='lat' dir='ltr'>otiosi</span> <span class='ocrx_word' id='word_1_87' title='bbox 1807 1286 1865 1336; x_wconf 85' lang='lat' dir='ltr'>et</span> <span class='ocrx_word' id='word_1_88' title='bbox 1894 1270 1984 1336; x_wconf 87' lang='lat' dir='ltr'>in-</span> 
     </span>
    </p>
   </div>
   <div class='ocr_carea' id='block_1_13' title="bbox 333 1357 1987 1445">
    <p class='ocr_par' dir='ltr' id='par_1_13' title="bbox 333 1357 1987 1445">
     <span class='ocr_line' id='line_1_13' title="bbox 333 1357 1987 1445; baseline 0.008 -34"><span class='ocrx_word' id='word_1_89' title='bbox 333 1357 620 1421; x_wconf 82' lang='lat' dir='ltr'>t‘ructuosi</span> <span class='ocrx_word' id='word_1_90' title='bbox 660 1358 960 1443; x_wconf 63' lang='lat' dir='ltr'>stipendia</span> <span class='ocrx_word' id='word_1_91' title='bbox 1006 1360 1400 1419; x_wconf 88' lang='lat' dir='ltr'>ecclesiastica</span> <span class='ocrx_word' id='word_1_92' title='bbox 1445 1364 1780 1445; x_wconf 88' lang='lat' dir='ltr'>insumatis,</span> <span class='ocrx_word' id='word_1_93' title='bbox 1832 1369 1987 1424; x_wconf 89' lang='lat' dir='ltr'>sicut</span> 
     </span>
    </p>
   </div>
   <div class='ocr_carea' id='block_1_14' title="bbox 333 1444 1984 1533">
    <p class='ocr_par' dir='ltr' id='par_1_14' title="bbox 333 1444 1984 1533">
     <span class='ocr_line' id='line_1_14' title="bbox 333 1444 1984 1533; baseline 0.008 -32"><span class='ocrx_word' id='word_1_94' title='bbox 333 1462 441 1501; x_wconf 90' lang='lat' dir='ltr'>nec</span> <span class='ocrx_word' id='word_1_95' title='bbox 473 1462 580 1519; x_wconf 85' lang='lat' dir='ltr'>ego</span> <span class='ocrx_word' id='word_1_96' title='bbox 601 1446 795 1519; x_wconf 67' lang='lat' dir='ltr'>gruis</span> <span class='ocrx_word' id='word_1_97' title='bbox 815 1464 946 1509; x_wconf 78' lang='lat' dir='ltr'>sum</span> <span class='ocrx_word' id='word_1_98' title='bbox 979 1444 1351 1533; x_wconf 57' lang='lat' dir='ltr'>pabyteris,</span> <span class='ocrx_word' id='word_1_99' title='bbox 1368 1469 1477 1526; x_wconf 84' lang='lat' dir='ltr'>per</span> <span class='ocrx_word' id='word_1_100' title='bbox 1502 1471 1649 1533; x_wconf 83' lang='lat' dir='ltr'>quos</span> <span class='ocrx_word' id='word_1_101' title='bbox 1678 1458 1984 1529; x_wconf 80' lang='lat' dir='ltr'>parochias</span> 
     </span>
    </p>
   </div>
   <div class='ocr_carea' id='block_1_15' title="bbox 333 1551 650 1591">
    <p class='ocr_par' dir='ltr' id='par_1_15' title="bbox 333 1551 650 1591">
     <span class='ocr_line' id='line_1_15' title="bbox 333 1551 650 1591; baseline 0 -1"><span class='ocrx_word' id='word_1_102' title='bbox 333 1551 650 1591; x_wconf 71' lang='lat' dir='ltr'>czrcumeo.</span> 
     </span>
    </p>
   </div>
   <div class='ocr_carea' id='block_1_16' title="bbox 375 1659 1944 1740">
    <p class='ocr_par' dir='ltr' id='par_1_16' title="bbox 375 1659 1944 1740">
     <span class='ocr_line' id='line_1_16' title="bbox 375 1659 1944 1740; baseline 0.006 -24"><span class='ocrx_word' id='word_1_103' title='bbox 375 1660 526 1717; x_wconf 71' lang='lat'>180</span> <span class='ocrx_word' id='word_1_104' title='bbox 556 1659 789 1740; x_wconf 67' lang='lat' dir='ltr'>CAP._ll.</span> <span class='ocrx_word' id='word_1_105' title='bbox 811 1692 881 1702; x_wconf 96' lang='lat'>—</span> <span class='ocrx_word' id='word_1_106' title='bbox 905 1662 969 1719; x_wconf 92' lang='lat' dir='ltr'>Ut</span> <span class='ocrx_word' id='word_1_107' title='bbox 985 1663 1281 1740; x_wconf 76' lang='lat' dir='ltr'>parochias</span> <span class='ocrx_word' id='word_1_108' title='bbox 1309 1682 1421 1740; x_wconf 84' lang='lat' dir='ltr'>non</span> <span class='ocrx_word' id='word_1_109' title='bbox 1448 1670 1727 1725; x_wconf 78' lang='lat' dir='ltr'>occasione</span> <span class='ocrx_word' id='word_1_110' title='bbox 1750 1672 1944 1740; x_wconf 83' lang='lat' dir='ltr'>victus,</span> 
     </span>
    </p>
   </div>
   <div class='ocr_carea' id='block_1_17' title="bbox 617 1731 1694 1796">
    <p class='ocr_par' dir='ltr' id='par_1_17' title="bbox 617 1731 1694 1796">
     <span class='ocr_line' id='line_1_17' title="bbox 617 1731 1694 1796; baseline 0.009 -9"><span class='ocrx_word' id='word_1_111' title='bbox 617 1731 710 1788; x_wconf 80' lang='lat' dir='ltr'>sed</span> <span class='ocrx_word' id='word_1_112' title='bbox 739 1731 1115 1790; x_wconf 83' lang='lat' dir='ltr'>instructionis</span> <span class='ocrx_word' id='word_1_113' title='bbox 1142 1752 1311 1791; x_wconf 88' lang='lat' dir='ltr'>causa</span> <span class='ocrx_word' id='word_1_114' title='bbox 1341 1739 1694 1796; x_wconf 76' lang='lat' dir='ltr'>circumeant.</span> 
     </span>
    </p>
   </div>
   <div class='ocr_carea' id='block_1_18' title="bbox 406 1837 1978 1918">
    <p class='ocr_par' dir='ltr' id='par_1_18' title="bbox 406 1837 1978 1918">
     <span class='ocr_line' id='line_1_18' title="bbox 406 1837 1978 1918; baseline 0.006 -24"><span class='ocrx_word' id='word_1_115' title='bbox 406 1837 481 1895; x_wconf 91' lang='lat' dir='ltr'>Ut</span> <span class='ocrx_word' id='word_1_116' title='bbox 505 1854 622 1895; x_wconf 90' lang='lat' dir='ltr'>non</span> <span class='ocrx_word' id='word_1_117' title='bbox 666 1838 971 1896; x_wconf 81' lang='lat' dir='ltr'>occasione</span> <span class='ocrx_word' id='word_1_118' title='bbox 999 1839 1188 1897; x_wconf 89' lang='lat' dir='ltr'>victus</span> <span class='ocrx_word' id='word_1_119' title='bbox 1234 1842 1541 1914; x_wconf 85' lang='lat' dir='ltr'>parochias</span> <span class='ocrx_word' id='word_1_120' title='bbox 1587 1846 1978 1918; x_wconf 89' lang='lat' dir='ltr'>circumeatis,</span> 
     </span>
    </p>
   </div>
   <div class='ocr_carea' id='block_1_19' title="bbox 333 1916 2062 2015">
    <p class='ocr_par' dir='ltr' id='par_1_19' title="bbox 333 1916 2062 2015">
     <span class='ocr_line' id='line_1_19' title="bbox 333 1916 2062 2015; baseline 0.006 -32"><span class='ocrx_word' id='word_1_121' title='bbox 333 1916 627 1999; x_wconf 83' lang='lat' dir='ltr'>quatenus</span> <span class='ocrx_word' id='word_1_122' title='bbox 656 1928 728 1984; x_wconf 88' lang='lat' dir='ltr'>de</span> <span class='ocrx_word' id='word_1_123' title='bbox 757 1926 1006 1985; x_wconf 89' lang='lat' dir='ltr'>aliorum</span> <span class='ocrx_word' id='word_1_124' title='bbox 1038 1928 1348 2002; x_wconf 77' lang='lat' dir='ltr'>stipendiis</span> <span class='ocrx_word' id='word_1_125' title='bbox 1376 1933 1634 1995; x_wconf 87' lang='lat' dir='ltr'>viventes</span> <span class='ocrx_word' id='word_1_126' title='bbox 1663 1941 1855 1993; x_wconf 90' lang='lat' dir='ltr'>vestra</span> <span class='ocrx_word' id='word_1_127' title='bbox 1888 1916 1987 1993; x_wconf 83' lang='lat' dir='ltr'>sti-</span> <span class='ocrx_word' id='word_1_128' title='bbox 2019 1942 2062 2015; x_wconf 74' lang='grc' dir='ltr'><strong>Β</strong></span> 
     </span>
    </p>
   </div>
   <div class='ocr_carea' id='block_1_20' title="bbox 331 2014 1981 2096">
    <p class='ocr_par' dir='ltr' id='par_1_20' title="bbox 331 2014 1981 2096">
     <span class='ocr_line' id='line_1_20' title="bbox 331 2014 1981 2096; baseline 0.008 -27"><span class='ocrx_word' id='word_1_129' title='bbox 331 2014 549 2087; x_wconf 89' lang='lat' dir='ltr'>pendia</span> <span class='ocrx_word' id='word_1_130' title='bbox 574 2016 928 2073; x_wconf 89' lang='lat' dir='ltr'>conservetis</span> <span class='ocrx_word' id='word_1_131' title='bbox 953 2033 968 2072; x_wconf 90' lang='lat'><strong>:</strong></span> <span class='ocrx_word' id='word_1_132' title='bbox 992 2018 1094 2074; x_wconf 85' lang='lat' dir='ltr'>sed</span> <span class='ocrx_word' id='word_1_133' title='bbox 1124 2019 1301 2076; x_wconf 80' lang='lat' dir='ltr'>verbo</span> <span class='ocrx_word' id='word_1_134' title='bbox 1320 2024 1391 2077; x_wconf 87' lang='lat' dir='ltr'>et</span> <span class='ocrx_word' id='word_1_135' title='bbox 1429 2022 1852 2096; x_wconf 81' lang='lat' dir='ltr'>exemplo,-non</span> <span class='ocrx_word' id='word_1_136' title='bbox 1870 2043 1981 2083; x_wconf 32' lang='lat' dir='ltr'>iso-</span> 
     </span>
    </p>
   </div>
   <div class='ocr_carea' id='block_1_21' title="bbox 330 2102 1983 2179">
    <p class='ocr_par' dir='ltr' id='par_1_21' title="bbox 330 2102 1983 2179">
     <span class='ocr_line' id='line_1_21' title="bbox 330 2102 1983 2179; baseline 0.007 -21"><span class='ocrx_word' id='word_1_137' title='bbox 330 2102 457 2159; x_wconf 90' lang='lat' dir='ltr'>lum</span> <span class='ocrx_word' id='word_1_138' title='bbox 482 2103 873 2179; x_wconf 82' lang='lat' dir='ltr'>presbyteros,</span> <span class='ocrx_word' id='word_1_139' title='bbox 897 2105 999 2162; x_wconf 91' lang='lat' dir='ltr'>sed</span> <span class='ocrx_word' id='word_1_140' title='bbox 1031 2109 1090 2163; x_wconf 90' lang='lat' dir='ltr'>et</span> <span class='ocrx_word' id='word_1_141' title='bbox 1119 2105 1319 2175; x_wconf 90' lang='lat' dir='ltr'>laicos,</span> <span class='ocrx_word' id='word_1_142' title='bbox 1340 2109 1411 2165; x_wconf 90' lang='lat' dir='ltr'>de</span> <span class='ocrx_word' id='word_1_143' title='bbox 1439 2115 1632 2168; x_wconf 89' lang='lat' dir='ltr'>vestra</span> <span class='ocrx_word' id='word_1_144' title='bbox 1661 2113 1815 2169; x_wconf 88' lang='lat' dir='ltr'>bona</span> <span class='ocrx_word' id='word_1_145' title='bbox 1839 2130 1983 2170; x_wconf 91' lang='lat' dir='ltr'>con-</span> 
     </span>
    </p>
   </div>
   <div class='ocr_carea' id='block_1_22' title="bbox 330 2191 1980 2267">
    <p class='ocr_par' dir='ltr' id='par_1_22' title="bbox 330 2191 1980 2267">
     <span class='ocr_line' id='line_1_22' title="bbox 330 2191 1980 2267; baseline 0.007 -19"><span class='ocrx_word' id='word_1_146' title='bbox 330 2191 658 2251; x_wconf 86' lang='lat' dir='ltr'>versatione</span> <span class='ocrx_word' id='word_1_147' title='bbox 687 2197 746 2249; x_wconf 89' lang='lat' dir='ltr'>et</span> <span class='ocrx_word' id='word_1_148' title='bbox 782 2192 1165 2267; x_wconf 84' lang='lat' dir='ltr'>inquisitione</span> <span class='ocrx_word' id='word_1_149' title='bbox 1208 2199 1535 2254; x_wconf 89' lang='lat' dir='ltr'>secundum</span> <span class='ocrx_word' id='word_1_150' title='bbox 1589 2199 1980 2258; x_wconf 67' lang='lat' dir='ltr'>ministerium</span> 
     </span>
    </p>
   </div>
   <div class='ocr_carea' id='block_1_23' title="bbox 331 2279 1270 2340">
    <p class='ocr_par' dir='ltr' id='par_1_23' title="bbox 331 2279 1270 2340">
     <span class='ocr_line' id='line_1_23' title="bbox 331 2279 1270 2340; baseline 0.005 -5"><span class='ocrx_word' id='word_1_151' title='bbox 331 2279 496 2336; x_wconf 87' lang='lat' dir='ltr'>vobis</span> <span class='ocrx_word' id='word_1_152' title='bbox 526 2282 912 2338; x_wconf 89' lang='lat' dir='ltr'>commissum</span> <span class='ocrx_word' id='word_1_153' title='bbox 942 2281 1270 2340; x_wconf 88' lang='lat' dir='ltr'>instruatis.</span> 
     </span>
    </p>
   </div>
   <div class='ocr_carea' id='block_1_24' title="bbox 387 2403 1930 2487">
    <p class='ocr_par' dir='ltr' id='par_1_24' title="bbox 387 2403 1930 2487">
     <span class='ocr_line' id='line_1_24' title="bbox 387 2403 1930 2487; baseline 0.008 -27"><span class='ocrx_word' id='word_1_154' title='bbox 387 2403 525 2461; x_wconf 80' lang='lat' dir='ltr'>CAP.</span> <span class='ocrx_word' id='word_1_155' title='bbox 558 2406 658 2467; x_wconf 89' lang='lat' dir='ltr'>IlI.</span> <span class='ocrx_word' id='word_1_156' title='bbox 681 2438 752 2448; x_wconf 90' lang='lat'>—</span> <span class='ocrx_word' id='word_1_157' title='bbox 769 2407 851 2465; x_wconf 88' lang='lat' dir='ltr'>Ne</span> <span class='ocrx_word' id='word_1_158' title='bbox 861 2424 1107 2487; x_wconf 75' lang='lat' dir='ltr'>.munera</span> <span class='ocrx_word' id='word_1_159' title='bbox 1134 2426 1167 2466; x_wconf 90' lang='lat' dir='ltr'>a</span> <span class='ocrx_word' id='word_1_160' title='bbox 1188 2411 1520 2487; x_wconf 75' lang='lat' dir='ltr'>presbyteris</span> <span class='ocrx_word' id='word_1_161' title='bbox 1544 2416 1838 2487; x_wconf 79' lang='lat' dir='ltr'>accipiant,</span> <span class='ocrx_word' id='word_1_162' title='bbox 1869 2425 1930 2472; x_wconf 89' lang='lat' dir='ltr'>ut</span> 
     </span>
    </p>
   </div>
   <div class='ocr_carea' id='block_1_25' title="bbox 781 2482 1531 2541">
    <p class='ocr_par' dir='ltr' id='par_1_25' title="bbox 781 2482 1531 2541">
     <span class='ocr_line' id='line_1_25' title="bbox 781 2482 1531 2541; baseline 0.007 -7"><span class='ocrx_word' id='word_1_163' title='bbox 781 2494 975 2536; x_wconf 69' lang='lat' dir='ltr'>eorum</span> <span class='ocrx_word' id='word_1_164' title='bbox 1001 2482 1140 2536; x_wconf 82' lang='lat' dir='ltr'>vitia</span> <span class='ocrx_word' id='word_1_165' title='bbox 1164 2482 1531 2541; x_wconf 66' lang='lat' dir='ltr'>dissitaulent.</span> 
     </span>
    </p>
   </div>
   <div class='ocr_carea' id='block_1_26' title="bbox 407 2580 1983 2665">
    <p class='ocr_par' dir='ltr' id='par_1_26' title="bbox 407 2580 1983 2665">
     <span class='ocr_line' id='line_1_26' title="bbox 407 2580 1983 2665; baseline 0.009 -28"><span class='ocrx_word' id='word_1_166' title='bbox 407 2580 481 2638; x_wconf 76' lang='lat' dir='ltr'>Ut</span> <span class='ocrx_word' id='word_1_167' title='bbox 509 2599 545 2638; x_wconf 88' lang='lat' dir='ltr'>a</span> <span class='ocrx_word' id='word_1_168' title='bbox 573 2583 929 2657; x_wconf 76' lang='lat' dir='ltr'>presbyteris</span> <span class='ocrx_word' id='word_1_169' title='bbox 963 2587 1167 2643; x_wconf 87' lang='lat' dir='ltr'>exenia</span> <span class='ocrx_word' id='word_1_170' title='bbox 1204 2602 1320 2651; x_wconf 85' lang='lat' dir='ltr'>non</span> <span class='ocrx_word' id='word_1_171' title='bbox 1347 2589 1667 2664; x_wconf 88' lang='lat' dir='ltr'>accipiatis,</span> <span class='ocrx_word' id='word_1_172' title='bbox 1692 2597 1983 2665; x_wconf 84' lang='lat' dir='ltr'>quatenus</span> 
     </span>
    </p>
   </div>
   <div class='ocr_carea' id='block_1_27' title="bbox 332 2666 1982 2748">
    <p class='ocr_par' dir='ltr' id='par_1_27' title="bbox 332 2666 1982 2748">
     <span class='ocr_line' id='line_1_27' title="bbox 332 2666 1982 2748; baseline 0.008 -23"><span class='ocrx_word' id='word_1_173' title='bbox 332 2669 571 2727; x_wconf 86' lang='lat' dir='ltr'>illorum</span> <span class='ocrx_word' id='word_1_174' title='bbox 604 2666 761 2737; x_wconf 85' lang='lat' dir='ltr'>mala</span> <span class='ocrx_word' id='word_1_175' title='bbox 790 2673 945 2730; x_wconf 80' lang='lat' dir='ltr'>fama</span> <span class='ocrx_word' id='word_1_176' title='bbox 973 2675 1370 2748; x_wconf 84' lang='lat' dir='ltr'>cooperiatur;</span> <span class='ocrx_word' id='word_1_177' title='bbox 1390 2679 1493 2734; x_wconf 89' lang='lat' dir='ltr'>sed</span> <span class='ocrx_word' id='word_1_178' title='bbox 1513 2675 1789 2737; x_wconf 85' lang='lat' dir='ltr'>omnibus</span> <span class='ocrx_word' id='word_1_179' title='bbox 1808 2683 1982 2739; x_wconf 79' lang='lat' dir='ltr'>verbo</span> 
     </span>
    </p>
   </div>
   <div class='ocr_carea' id='block_1_28' title="bbox 330 2758 1982 2842">
    <p class='ocr_par' dir='ltr' id='par_1_28' title="bbox 330 2758 1982 2842">
     <span class='ocr_line' id='line_1_28' title="bbox 330 2758 1982 2842; baseline 0.008 -28"><span class='ocrx_word' id='word_1_180' title='bbox 330 2764 391 2815; x_wconf 89' lang='lat' dir='ltr'>et</span> <span class='ocrx_word' id='word_1_181' title='bbox 420 2758 683 2833; x_wconf 81' lang='lat' dir='ltr'>exemplo</span> <span class='ocrx_word' id='word_1_182' title='bbox 714 2766 918 2818; x_wconf 88' lang='lat' dir='ltr'>notum</span> <span class='ocrx_word' id='word_1_183' title='bbox 948 2763 1139 2832; x_wconf 81' lang='lat' dir='ltr'>facite,</span> <span class='ocrx_word' id='word_1_184' title='bbox 1172 2766 1311 2838; x_wconf 88' lang='lat' dir='ltr'>quia</span> <span class='ocrx_word' id='word_1_185' title='bbox 1344 2765 1485 2839; x_wconf 87' lang='lat' dir='ltr'>plus</span> <span class='ocrx_word' id='word_1_186' title='bbox 1514 2769 1666 2825; x_wconf 87' lang='lat' dir='ltr'>valet</span> <span class='ocrx_word' id='word_1_187' title='bbox 1695 2772 1848 2842; x_wconf 91' lang='lat' dir='ltr'>apud</span> <span class='ocrx_word' id='word_1_188' title='bbox 1880 2788 1982 2827; x_wconf 87' lang='lat' dir='ltr'>vos</span> 
     </span>
    </p>
   </div>
   <div class='ocr_carea' id='block_1_29' title="bbox 329 2847 1983 2929">
    <p class='ocr_par' dir='ltr' id='par_1_29' title="bbox 329 2847 1983 2929">
     <span class='ocr_line' id='line_1_29' title="bbox 329 2847 1983 2929; baseline 0.007 -25"><span class='ocrx_word' id='word_1_189' title='bbox 329 2847 435 2904; x_wconf 91' lang='lat' dir='ltr'>Dei</span> <span class='ocrx_word' id='word_1_190' title='bbox 464 2851 525 2905; x_wconf 92' lang='lat' dir='ltr'>et</span> <span class='ocrx_word' id='word_1_191' title='bbox 553 2849 802 2923; x_wconf 82' lang='lat' dir='ltr'>proximi</span> <span class='ocrx_word' id='word_1_192' title='bbox 832 2850 1086 2922; x_wconf 87' lang='lat' dir='ltr'>dilectio,</span> <span class='ocrx_word' id='word_1_193' title='bbox 1109 2869 1287 2929; x_wconf 84' lang='lat' dir='ltr'>quam</span> <span class='ocrx_word' id='word_1_194' title='bbox 1316 2859 1613 2912; x_wconf 90' lang='lat' dir='ltr'>terrenum</span> <span class='ocrx_word' id='word_1_195' title='bbox 1634 2857 1864 2915; x_wconf 90' lang='lat' dir='ltr'>lucrum</span> <span class='ocrx_word' id='word_1_196' title='bbox 1894 2877 1983 2916; x_wconf 93' lang='lat' dir='ltr'>ac-</span> 
     </span>
    </p>
   </div>
   <div class='ocr_carea' id='block_1_30' title="bbox 320 2935 1977 3017">
    <p class='ocr_par' dir='ltr' id='par_1_30' title="bbox 320 2935 1977 3017">
     <span class='ocr_line' id='line_1_30' title="bbox 320 2935 1977 3017; baseline 0.008 -26"><span class='ocrx_word' id='word_1_197' title='bbox 320 2935 603 3009; x_wconf 75' lang='lat' dir='ltr'>quirendi</span> <span class='ocrx_word' id='word_1_198' title='bbox 619 2938 857 2995; x_wconf 74' lang='lat' dir='ltr'>aoccasio</span> <span class='ocrx_word' id='word_1_199' title='bbox 881 2938 1054 3013; x_wconf 64' lang='lat' dir='ltr'>:‘plus</span> <span class='ocrx_word' id='word_1_200' title='bbox 1080 2941 1444 3016; x_wconf 75' lang='lat' dir='ltr'>benignitas‘_</span> <span class='ocrx_word' id='word_1_201' title='bbox 1458 2960 1634 3017; x_wconf 86' lang='lat' dir='ltr'>quam</span> <span class='ocrx_word' id='word_1_202' title='bbox 1681 2947 1977 3017; x_wconf 76' lang='lat' dir='ltr'>severitas,</span> 
     </span>
    </p>
   </div>
   <div class='ocr_carea' id='block_1_31' title="bbox 322 3025 1980 3107">
    <p class='ocr_par' dir='ltr' id='par_1_31' title="bbox 322 3025 1980 3107">
     <span class='ocr_line' id='line_1_31' title="bbox 322 3025 1980 3107; baseline 0.008 -26"><span class='ocrx_word' id='word_1_203' title='bbox 322 3025 468 3098; x_wconf 79' lang='lat' dir='ltr'>plus</span> <span class='ocrx_word' id='word_1_204' title='bbox 510 3027 892 3084; x_wconf 83' lang='lat' dir='ltr'>commonitio</span> <span class='ocrx_word' id='word_1_205' title='bbox 935 3045 1113 3102; x_wconf 88' lang='lat' dir='ltr'>quam</span> <span class='ocrx_word' id='word_1_206' title='bbox 1161 3033 1496 3103; x_wconf 81' lang='lat' dir='ltr'>commotio,</span> <span class='ocrx_word' id='word_1_207' title='bbox 1542 3034 1676 3107; x_wconf 90' lang='lat' dir='ltr'>plus</span> <span class='ocrx_word' id='word_1_208' title='bbox 1718 3035 1980 3094; x_wconf 86' lang='lat' dir='ltr'>cbaritas</span> 
     </span>
    </p>
   </div>
   <div class='ocr_carea' id='block_1_32' title="bbox 322 3117 1981 3196">
    <p class='ocr_par' dir='ltr' id='par_1_32' title="bbox 322 3117 1981 3196">
     <span class='ocr_line' id='line_1_32' title="bbox 322 3117 1981 3196; baseline 0.007 -27"><span class='ocrx_word' id='word_1_209' title='bbox 322 3130 508 3189; x_wconf 79' lang='lat' dir='ltr'>quam</span> <span class='ocrx_word' id='word_1_210' title='bbox 530 3120 820 3187; x_wconf 74' lang='lat' dir='ltr'>potestas.</span> <span class='ocrx_word' id='word_1_211' title='bbox 838 3117 996 3191; x_wconf 71' lang='lat' dir='ltr'>Erga</span> <span class='ocrx_word' id='word_1_212' title='bbox 1023 3118 1208 3176; x_wconf 88' lang='lat' dir='ltr'>bonos</span> <span class='ocrx_word' id='word_1_213' title='bbox 1236 3124 1295 3177; x_wconf 88' lang='lat' dir='ltr'>et</span> <span class='ocrx_word' id='word_1_214' title='bbox 1335 3121 1483 3178; x_wconf 85' lang='lat' dir='ltr'>bene</span> <span class='ocrx_word' id='word_1_215' title='bbox 1530 3128 1767 3196; x_wconf 82' lang='lat' dir='ltr'>agentes</span> <span class='ocrx_word' id='word_1_216' title='bbox 1796 3129 1981 3181; x_wconf 83' lang='lat' dir='ltr'>estote</span> 
     </span>
    </p>
   </div>
   <div class='ocr_carea' id='block_1_33' title="bbox 318 3201 1980 3279">
    <p class='ocr_par' dir='ltr' id='par_1_33' title="bbox 318 3201 1980 3279">
     <span class='ocr_line' id='line_1_33' title="bbox 318 3201 1980 3279; baseline 0.007 -23"><span class='ocrx_word' id='word_1_217' title='bbox 318 3201 583 3274; x_wconf 63' lang='lat' dir='ltr'>aequales</span> <span class='ocrx_word' id='word_1_218' title='bbox 605 3207 679 3258; x_wconf 82' lang='lat' dir='ltr'>ut</span> <span class='ocrx_word' id='word_1_219' title='bbox 700 3202 909 3260; x_wconf 81' lang='lat' dir='ltr'>fratres</span> <span class='ocrx_word' id='word_1_220' title='bbox 934 3220 1337 3279; x_wconf 58' lang='lat' dir='ltr'>:ergarpravos</span> <span class='ocrx_word' id='word_1_221' title='bbox 1357 3213 1544 3267; x_wconf 88' lang='lat' dir='ltr'>estote</span> <span class='ocrx_word' id='word_1_222' title='bbox 1562 3210 1835 3267; x_wconf 84' lang='lat' dir='ltr'>vitiorum</span> <span class='ocrx_word' id='word_1_223' title='bbox 1858 3229 1980 3268; x_wconf 89' lang='lat' dir='ltr'>oor-</span> 
     </span>
    </p>
   </div>
   <div class='ocr_carea' id='block_1_34' title="bbox 2096 658 3641 750">
    <p class='ocr_par' dir='ltr' id='par_1_34' title="bbox 2096 658 3641 750">
     <span class='ocr_line' id='line_1_34' title="bbox 2096 658 3641 750; baseline 0.014 -34"><span class='ocrx_word' id='word_1_224' title='bbox 2096 658 2372 718; x_wconf 81' lang='lat' dir='ltr'>solatium</span> <span class='ocrx_word' id='word_1_225' title='bbox 2404 664 2649 736; x_wconf 73' lang='lat' dir='ltr'>praebeo,</span> <span class='ocrx_word' id='word_1_226' title='bbox 2673 669 2739 722; x_wconf 86' lang='lat' dir='ltr'>ut</span> <span class='ocrx_word' id='word_1_227' title='bbox 2764 670 3134 743; x_wconf 82' lang='lat' dir='ltr'>presbyteros</span> <span class='ocrx_word' id='word_1_228' title='bbox 3156 692 3277 733; x_wconf 79' lang='lat' dir='ltr'>non</span> <span class='ocrx_word' id='word_1_229' title='bbox 3310 681 3579 750; x_wconf 81' lang='lat' dir='ltr'>gravatis.</span> <span class='ocrx_word' id='word_1_230' title='bbox 3609 658 3641 711; x_wconf 33' lang='lat'>&#39;-</span> 
     </span>
    </p>
   </div>
   <div class='ocr_carea' id='block_1_35' title="bbox 2088 765 3739 856">
    <p class='ocr_par' dir='ltr' id='par_1_35' title="bbox 2088 765 3739 856">
     <span class='ocr_line' id='line_1_35' title="bbox 2088 765 3739 856; baseline 0.016 -37"><span class='ocrx_word' id='word_1_231' title='bbox 2088 765 2382 856; x_wconf 41' lang='lat' dir='ltr'>Cailuy&#39;ll.</span> <span class='ocrx_word' id='word_1_232' title='bbox 2406 801 2474 809; x_wconf 86' lang='lat'>-——</span> <span class='ocrx_word' id='word_1_233' title='bbox 2499 771 2562 826; x_wconf 90' lang='lat' dir='ltr'>Ut</span> <span class='ocrx_word' id='word_1_234' title='bbox 2592 773 3241 856; x_wconf 67' lang='lat' dir='ltr'>parochiasnmtimnas</span> <span class='ocrx_word' id='word_1_235' title='bbox 3281 785 3608 856; x_wconf 68' lang='lat' dir='ltr'>confundere</span> <span class='ocrx_word' id='word_1_236' title='bbox 3643 788 3739 847; x_wconf 63' lang='lat' dir='ltr'>mal</span> 
     </span>
    </p>
   </div>
   <div class='ocr_carea' id='block_1_36' title="bbox 2164 838 3735 926">
    <p class='ocr_par' dir='ltr' id='par_1_36' title="bbox 2164 838 3735 926">
     <span class='ocr_line' id='line_1_36' title="bbox 2164 838 3735 926; baseline 0.016 -35"><span class='ocrx_word' id='word_1_237' title='bbox 2164 838 2407 926; x_wconf 64' lang='lat' dir='ltr'>diuidere</span> <span class='ocrx_word' id='word_1_238' title='bbox 2434 838 3014 926; x_wconf 32' lang='lat' dir='ltr'>non&#39;prwsumanttet</span> <span class='ocrx_word' id='word_1_239' title='bbox 3040 858 3110 926; x_wconf 76' lang='lat' dir='ltr'>ut</span> <span class='ocrx_word' id='word_1_240' title='bbox 3133 838 3392 909; x_wconf 50' lang='lat' dir='ltr'>ecclesias.</span> <span class='ocrx_word' id='word_1_241' title='bbox 3411 838 3614 926; x_wconf 56' lang='lat' dir='ltr'>omnes,</span> <span class='ocrx_word' id='word_1_242' title='bbox 3642 838 3735 915; x_wconf 64' lang='lat' dir='ltr'>c111</span> 
     </span>
    </p>
   </div>
   <div class='ocr_carea' id='block_1_37' title="bbox 2162 910 3238 987">
    <p class='ocr_par' dir='ltr' id='par_1_37' title="bbox 2162 910 3238 987">
     <span class='ocr_line' id='line_1_37' title="bbox 2162 910 3238 987; baseline 0.015 -24"><span class='ocrx_word' id='word_1_243' title='bbox 2162 910 2442 983; x_wconf 72' lang='lat' dir='ltr'>pollesque</span> <span class='ocrx_word' id='word_1_244' title='bbox 2472 910 2588 969; x_wconf 75' lang='lat' dir='ltr'>illis</span> <span class='ocrx_word' id='word_1_245' title='bbox 2614 915 2879 987; x_wconf 81' lang='lat' dir='ltr'>subjectos</span> <span class='ocrx_word' id='word_1_246' title='bbox 2911 910 3238 979; x_wconf 75' lang='lat' dir='ltr'>describant.</span> 
     </span>
    </p>
   </div>
   <div class='ocr_carea' id='block_1_38' title="bbox 2165 1005 3740 1096">
    <p class='ocr_par' dir='ltr' id='par_1_38' title="bbox 2165 1005 3740 1096">
     <span class='ocr_line' id='line_1_38' title="bbox 2165 1005 3740 1096; baseline 0.017 -38"><span class='ocrx_word' id='word_1_247' title='bbox 2165 1005 2448 1096; x_wconf 60' lang='lat' dir='ltr'>Espresse</span> <span class='ocrx_word' id='word_1_248' title='bbox 2493 1010 2656 1067; x_wconf 90' lang='lat' dir='ltr'>vobis</span> <span class='ocrx_word' id='word_1_249' title='bbox 2702 1011 2763 1068; x_wconf 89' lang='lat' dir='ltr'>in</span> <span class='ocrx_word' id='word_1_250' title='bbox 2812 1017 3050 1074; x_wconf 89' lang='lat' dir='ltr'>nomine</span> <span class='ocrx_word' id='word_1_251' title='bbox 3088 1018 3301 1077; x_wconf 89' lang='lat' dir='ltr'>Christi</span> <span class='ocrx_word' id='word_1_252' title='bbox 3350 1024 3641 1096; x_wconf 68' lang='lat' dir='ltr'>praecipio,</span> <span class='ocrx_word' id='word_1_253' title='bbox 3675 1031 3740 1085; x_wconf 87' lang='lat' dir='ltr'>ut</span> 
     </span>
    </p>
   </div>
   <div class='ocr_carea' id='block_1_39' title="bbox 2092 1092 3741 1194">
    <p class='ocr_par' dir='ltr' id='par_1_39' title="bbox 2092 1092 3741 1194">
     <span class='ocr_line' id='line_1_39' title="bbox 2092 1092 3741 1194; baseline 0.013 -46"><span class='ocrx_word' id='word_1_254' title='bbox 2092 1092 2428 1193; x_wconf 71' lang='lat' dir='ltr'>rusticanae</span> <span class='ocrx_word' id='word_1_255' title='bbox 2451 1099 2764 1194; x_wconf 74' lang='lat' dir='ltr'>parochias</span> <span class='ocrx_word' id='word_1_256' title='bbox 2794 1120 2898 1175; x_wconf 89' lang='lat' dir='ltr'>pro</span> <span class='ocrx_word' id='word_1_257' title='bbox 2925 1105 3180 1179; x_wconf 88' lang='lat' dir='ltr'>alicujus</span> <span class='ocrx_word' id='word_1_258' title='bbox 3198 1092 3459 1167; x_wconf 81' lang='lat' dir='ltr'>amicitia</span> <span class='ocrx_word' id='word_1_259' title='bbox 3484 1092 3573 1170; x_wconf 78' lang='lat' dir='ltr'>vel</span> <span class='ocrx_word' id='word_1_260' title='bbox 3599 1092 3741 1194; x_wconf 83' lang='lat' dir='ltr'>peti-</span> 
     </span>
    </p>
   </div>
   <div class='ocr_carea' id='block_1_40' title="bbox 2094 1179 3741 1269">
    <p class='ocr_par' dir='ltr' id='par_1_40' title="bbox 2094 1179 3741 1269">
     <span class='ocr_line' id='line_1_40' title="bbox 2094 1179 3741 1269; baseline 0.016 -35"><span class='ocrx_word' id='word_1_261' title='bbox 2094 1179 2271 1251; x_wconf 86' lang='lat' dir='ltr'>tione,</span> <span class='ocrx_word' id='word_1_262' title='bbox 2294 1188 2397 1238; x_wconf 91' lang='lat' dir='ltr'>aut</span> <span class='ocrx_word' id='word_1_263' title='bbox 2423 1200 2527 1256; x_wconf 91' lang='lat' dir='ltr'>pro</span> <span class='ocrx_word' id='word_1_264' title='bbox 2557 1185 2753 1260; x_wconf 90' lang='lat' dir='ltr'>aliquo</span> <span class='ocrx_word' id='word_1_265' title='bbox 2781 1192 3039 1262; x_wconf 56' lang='lat' dir='ltr'>praemio,</span> <span class='ocrx_word' id='word_1_266' title='bbox 3064 1212 3179 1252; x_wconf 89' lang='lat' dir='ltr'>non</span> <span class='ocrx_word' id='word_1_267' title='bbox 3208 1201 3579 1269; x_wconf 71' lang='lat' dir='ltr'>prtesumatis</span> <span class='ocrx_word' id='word_1_268' title='bbox 3599 1179 3741 1260; x_wconf 67' lang='lat' dir='ltr'>con-</span> 
     </span>
    </p>
   </div>
   <div class='ocr_carea' id='block_1_41' title="bbox 2087 1268 3739 1363">
    <p class='ocr_par' dir='ltr' id='par_1_41' title="bbox 2087 1268 3739 1363">
     <span class='ocr_line' id='line_1_41' title="bbox 2087 1268 3739 1363; baseline 0.016 -41"><span class='ocrx_word' id='word_1_269' title='bbox 2087 1268 2361 1363; x_wconf 64' lang='lat' dir='ltr'>zﬁmdene,</span> <span class='ocrx_word' id='word_1_270' title='bbox 2402 1286 2507 1327; x_wconf 89' lang='lat' dir='ltr'>nec</span> <span class='ocrx_word' id='word_1_271' title='bbox 2532 1273 2831 1333; x_wconf 68' lang='lat' dir='ltr'>diiiidere:</span> <span class='ocrx_word' id='word_1_272' title='bbox 2866 1296 3054 1352; x_wconf 91' lang='lat' dir='ltr'>neque</span> <span class='ocrx_word' id='word_1_273' title='bbox 3100 1268 3379 1343; x_wconf 84' lang='lat' dir='ltr'>ecclesias</span> <span class='ocrx_word' id='word_1_274' title='bbox 3426 1287 3579 1355; x_wconf 87' lang='lat' dir='ltr'>illas,</span> <span class='ocrx_word' id='word_1_275' title='bbox 3609 1306 3739 1363; x_wconf 64' lang='lat' dir='ltr'>qua</span> 
     </span>
    </p>
   </div>
   <div class='ocr_carea' id='block_1_42' title="bbox 2093 1359 3740 1445">
    <p class='ocr_par' dir='ltr' id='par_1_42' title="bbox 2093 1359 3740 1445">
     <span class='ocr_line' id='line_1_42' title="bbox 2093 1359 3740 1445; baseline 0.016 -35"><span class='ocrx_word' id='word_1_276' title='bbox 2093 1373 2162 1411; x_wconf 86' lang='lat' dir='ltr'>ex</span> <span class='ocrx_word' id='word_1_277' title='bbox 2193 1359 2435 1445; x_wconf 84' lang='lat' dir='ltr'>antiquo</span> <span class='ocrx_word' id='word_1_278' title='bbox 2464 1362 2835 1435; x_wconf 81' lang='lat' dir='ltr'>presbyteros</span> <span class='ocrx_word' id='word_1_279' title='bbox 2864 1366 3075 1424; x_wconf 89' lang='lat' dir='ltr'>habere</span> <span class='ocrx_word' id='word_1_280' title='bbox 3106 1371 3290 1427; x_wconf 84' lang='lat' dir='ltr'>solitae</span> <span class='ocrx_word' id='word_1_281' title='bbox 3319 1374 3575 1445; x_wconf 83' lang='lat' dir='ltr'>fuerunt,</span> <span class='ocrx_word' id='word_1_282' title='bbox 3607 1359 3740 1441; x_wconf 72' lang='lat' dir='ltr'>aliis</span> 
     </span>
    </p>
   </div>
   <div class='ocr_carea' id='block_1_43' title="bbox 2093 1444 3734 1538">
    <p class='ocr_par' dir='ltr' id='par_1_43' title="bbox 2093 1444 3734 1538">
     <span class='ocr_line' id='line_1_43' title="bbox 2093 1444 3734 1538; baseline 0.015 -37"><span class='ocrx_word' id='word_1_283' title='bbox 2093 1444 2355 1503; x_wconf 82' lang='lat' dir='ltr'>ecclesiis</span> <span class='ocrx_word' id='word_1_284' title='bbox 2394 1449 2564 1538; x_wconf 82' lang='lat' dir='ltr'>quasi</span> <span class='ocrx_word' id='word_1_285' title='bbox 2611 1451 2736 1508; x_wconf 83' lang='lat' dir='ltr'>loco</span> <span class='ocrx_word' id='word_1_286' title='bbox 2783 1456 3139 1528; x_wconf 76' lang='lat' dir='ltr'>capellarum</span> <span class='ocrx_word' id='word_1_287' title='bbox 3191 1476 3309 1521; x_wconf 63' lang='lat' dir='ltr'>non</span> <span class='ocrx_word' id='word_1_288' title='bbox 3346 1444 3734 1538; x_wconf 67' lang='lat' dir='ltr'>subjiciatis:</span> 
     </span>
    </p>
   </div>
   <div class='ocr_carea' id='block_1_44' title="bbox 2093 1536 3737 1628">
    <p class='ocr_par' dir='ltr' id='par_1_44' title="bbox 2093 1536 3737 1628">
     <span class='ocr_line' id='line_1_44' title="bbox 2093 1536 3737 1628; baseline 0.016 -41"><span class='ocrx_word' id='word_1_289' title='bbox 2093 1550 2281 1606; x_wconf 88' lang='lat' dir='ltr'>neque</span> <span class='ocrx_word' id='word_1_290' title='bbox 2309 1536 2563 1608; x_wconf 85' lang='lat' dir='ltr'>capellas</span> <span class='ocrx_word' id='word_1_291' title='bbox 2594 1540 2665 1595; x_wconf 92' lang='lat' dir='ltr'>de</span> <span class='ocrx_word' id='word_1_292' title='bbox 2702 1540 2817 1597; x_wconf 91' lang='lat' dir='ltr'>illis</span> <span class='ocrx_word' id='word_1_293' title='bbox 2847 1544 3128 1612; x_wconf 85' lang='lat' dir='ltr'>ecclesiis,</span> <span class='ocrx_word' id='word_1_294' title='bbox 3150 1548 3379 1622; x_wconf 76' lang='lat' dir='ltr'>quibus</span> <span class='ocrx_word' id='word_1_295' title='bbox 3410 1536 3737 1628; x_wconf 83' lang='lat' dir='ltr'>antiquitus</span> 
     </span>
    </p>
   </div>
   <div class='ocr_carea' id='block_1_45' title="bbox 2091 1624 3736 1719">
    <p class='ocr_par' dir='ltr' id='par_1_45' title="bbox 2091 1624 3736 1719">
     <span class='ocr_line' id='line_1_45' title="bbox 2091 1624 3736 1719; baseline 0.016 -44"><span class='ocrx_word' id='word_1_296' title='bbox 2091 1624 2367 1696; x_wconf 69' lang='lat' dir='ltr'>subjectae</span> <span class='ocrx_word' id='word_1_297' title='bbox 2396 1627 2653 1695; x_wconf 87' lang='lat' dir='ltr'>fuerunt,</span> <span class='ocrx_word' id='word_1_298' title='bbox 2686 1630 2759 1685; x_wconf 91' lang='lat' dir='ltr'>ad</span> <span class='ocrx_word' id='word_1_299' title='bbox 2789 1630 2935 1688; x_wconf 87' lang='lat' dir='ltr'>alias</span> <span class='ocrx_word' id='word_1_300' title='bbox 2966 1634 3242 1695; x_wconf 89' lang='lat' dir='ltr'>ecclesias</span> <span class='ocrx_word' id='word_1_301' title='bbox 3272 1624 3569 1713; x_wconf 76' lang='lat' dir='ltr'>subjicere</span> <span class='ocrx_word' id='word_1_302' title='bbox 3590 1662 3736 1719; x_wconf 62' lang='lat' dir='ltr'>prai-</span> 
     </span>
    </p>
   </div>
   <div class='ocr_carea' id='block_1_46' title="bbox 2091 1714 3737 1800">
    <p class='ocr_par' dir='ltr' id='par_1_46' title="bbox 2091 1714 3737 1800">
     <span class='ocr_line' id='line_1_46' title="bbox 2091 1714 3737 1800; baseline 0.016 -33"><span class='ocrx_word' id='word_1_303' title='bbox 2091 1714 2362 1769; x_wconf 82' lang='lat' dir='ltr'>sumalis.</span> <span class='ocrx_word' id='word_1_304' title='bbox 2392 1715 2462 1770; x_wconf 90' lang='lat' dir='ltr'>Et</span> <span class='ocrx_word' id='word_1_305' title='bbox 2488 1732 2592 1788; x_wconf 88' lang='lat' dir='ltr'>per</span> <span class='ocrx_word' id='word_1_306' title='bbox 2618 1734 2791 1774; x_wconf 91' lang='lat' dir='ltr'>omne</span> <span class='ocrx_word' id='word_1_307' title='bbox 2820 1721 3213 1783; x_wconf 88' lang='lat' dir='ltr'>ministerium</span> <span class='ocrx_word' id='word_1_308' title='bbox 3245 1733 3525 1800; x_wconf 89' lang='lat' dir='ltr'>vestrum,</span> <span class='ocrx_word' id='word_1_309' title='bbox 3558 1714 3737 1792; x_wconf 74' lang='lat' dir='ltr'>unus-</span> 
     </span>
    </p>
   </div>
   <div class='ocr_carea' id='block_1_47' title="bbox 2090 1801 3733 1879">
    <p class='ocr_par' dir='ltr' id='par_1_47' title="bbox 2090 1801 3733 1879">
     <span class='ocr_line' id='line_1_47' title="bbox 2090 1801 3733 1879; baseline 0.016 -25"><span class='ocrx_word' id='word_1_310' title='bbox 2090 1801 2341 1874; x_wconf 88' lang='lat' dir='ltr'>quisque</span> <span class='ocrx_word' id='word_1_311' title='bbox 2368 1809 2628 1861; x_wconf 86' lang='lat' dir='ltr'>vestrum</span> <span class='ocrx_word' id='word_1_312' title='bbox 2659 1807 2952 1866; x_wconf 89' lang='lat' dir='ltr'>describat</span> <span class='ocrx_word' id='word_1_313' title='bbox 2996 1828 3201 1871; x_wconf 91' lang='lat' dir='ltr'>omnes</span> <span class='ocrx_word' id='word_1_314' title='bbox 3228 1816 3504 1877; x_wconf 85' lang='lat' dir='ltr'>ecclesias</span> <span class='ocrx_word' id='word_1_315' title='bbox 3550 1827 3609 1879; x_wconf 91' lang='lat' dir='ltr'>et</span> <span class='ocrx_word' id='word_1_316' title='bbox 3655 1820 3733 1878; x_wconf 86' lang='lat' dir='ltr'>ti-</span> 
     </span>
    </p>
   </div>
   <div class='ocr_carea' id='block_1_48' title="bbox 2093 1888 3735 1981">
    <p class='ocr_par' dir='ltr' id='par_1_48' title="bbox 2093 1888 3735 1981">
     <span class='ocr_line' id='line_1_48' title="bbox 2093 1888 3735 1981; baseline 0.017 -38"><span class='ocrx_word' id='word_1_317' title='bbox 2093 1888 2272 1981; x_wconf 76' lang='lat' dir='ltr'>tulos,</span> <span class='ocrx_word' id='word_1_318' title='bbox 2312 1908 2440 1964; x_wconf 72' lang='lat' dir='ltr'>qua:</span> <span class='ocrx_word' id='word_1_319' title='bbox 2488 1894 2815 1967; x_wconf 89' lang='lat' dir='ltr'>antiquitus</span> <span class='ocrx_word' id='word_1_320' title='bbox 2862 1901 3230 1973; x_wconf 89' lang='lat' dir='ltr'>presbyteros</span> <span class='ocrx_word' id='word_1_321' title='bbox 3274 1906 3623 1981; x_wconf 90' lang='lat' dir='ltr'>habuerunt,</span> <span class='ocrx_word' id='word_1_322' title='bbox 3674 1916 3735 1973; x_wconf 86' lang='lat' dir='ltr'>et</span> 
     </span>
    </p>
   </div>
   <div class='ocr_carea' id='block_1_49' title="bbox 2072 1977 3732 2073">
    <p class='ocr_par' dir='ltr' id='par_1_49' title="bbox 2072 1977 3732 2073">
     <span class='ocr_line' id='line_1_49' title="bbox 2072 1977 3732 2073; baseline 0.016 -41"><span class='ocrx_word' id='word_1_323' title='bbox 2072 1977 2342 2073; x_wconf 73' lang='lat' dir='ltr'>capellas</span> <span class='ocrx_word' id='word_1_324' title='bbox 2369 1981 2698 2073; x_wconf 83' lang='lat' dir='ltr'>antiquitus</span> <span class='ocrx_word' id='word_1_325' title='bbox 2737 1984 2857 2044; x_wconf 86' lang='lat' dir='ltr'>illis</span> <span class='ocrx_word' id='word_1_326' title='bbox 2892 1988 3212 2065; x_wconf 71' lang='lat' dir='ltr'>subjectae,</span> <span class='ocrx_word' id='word_1_327' title='bbox 3243 1998 3300 2050; x_wconf 90' lang='lat' dir='ltr'>et</span> <span class='ocrx_word' id='word_1_328' title='bbox 3337 1996 3482 2053; x_wconf 90' lang='lat' dir='ltr'>mihi</span> <span class='ocrx_word' id='word_1_329' title='bbox 3515 1977 3732 2073; x_wconf 85' lang='lat' dir='ltr'>scripto</span> 
     </span>
    </p>
   </div>
   <div class='ocr_carea' id='block_1_50' title="bbox 2090 2066 2440 2124">
    <p class='ocr_par' dir='ltr' id='par_1_50' title="bbox 2090 2066 2440 2124">
     <span class='ocr_line' id='line_1_50' title="bbox 2090 2066 2440 2124; baseline 0.009 -3"><span class='ocrx_word' id='word_1_330' title='bbox 2090 2066 2440 2124; x_wconf 88' lang='lat' dir='ltr'>renuntiate.</span> 
     </span>
    </p>
   </div>
   <div class='ocr_carea' id='block_1_51' title="bbox 2082 2173 3736 2263">
    <p class='ocr_par' dir='ltr' id='par_1_51' title="bbox 2082 2173 3736 2263">
     <span class='ocr_line' id='line_1_51' title="bbox 2082 2173 3736 2263; baseline 0.016 -36"><span class='ocrx_word' id='word_1_331' title='bbox 2432 2198 2507 2258; x_wconf 17' lang='lat'>&gt;—</span> <span class='ocrx_word' id='word_1_332' title='bbox 2534 2177 2603 2263; x_wconf 66' lang='grc' dir='ltr'><em>Ψ</em></span> <span class='ocrx_word' id='word_1_333' title='bbox 2642 2180 2815 2263; x_wconf 62' lang='lat' dir='ltr'>milli</span> <span class='ocrx_word' id='word_1_334' title='bbox 2848 2185 3115 2263; x_wconf 71' lang='lat' dir='ltr'>capellam</span> <span class='ocrx_word' id='word_1_335' title='bbox 3167 2187 3316 2263; x_wconf 86' lang='lat' dir='ltr'>domi</span> <span class='ocrx_word' id='word_1_336' title='bbox 3367 2191 3581 2263; x_wconf 80' lang='lat' dir='ltr'>habere,</span> <span class='ocrx_word' id='word_1_337' title='bbox 3638 2204 3736 2252; x_wconf 78' lang='lat' dir='ltr'>aut</span> 
     </span>
    </p>
   </div>
   <div class='ocr_carea' id='block_1_52' title="bbox 2158 2247 3734 2334">
    <p class='ocr_par' dir='ltr' id='par_1_52' title="bbox 2158 2247 3734 2334">
     <span class='ocr_line' id='line_1_52' title="bbox 2158 2247 3734 2334; baseline 0.016 -36"><span class='ocrx_word' id='word_1_338' title='bbox 2158 2248 2387 2334; x_wconf 53' lang='lat' dir='ltr'>missurn</span> <span class='ocrx_word' id='word_1_339' title='bbox 2534 2247 2690 2334; x_wconf 48' lang='lat' dir='ltr'>diana</span> <span class='ocrx_word' id='word_1_340' title='bbox 2735 2247 3004 2334; x_wconf 73' lang='lat' dir='ltr'>celebrari</span> <span class='ocrx_word' id='word_1_341' title='bbox 3039 2259 3173 2334; x_wconf 69' lang='lat' dir='ltr'>sine</span> <span class='ocrx_word' id='word_1_342' title='bbox 3226 2247 3734 2334; x_wconf 35' lang='lat' dir='ltr'>episcopi—licentia</span> 
     </span>
    </p>
   </div>
   <div class='ocr_carea' id='block_1_53' title="bbox 2154 2316 3734 2443">
    <p class='ocr_par' dir='ltr' id='par_1_53' title="bbox 2154 2316 3734 2443">
     <span class='ocr_line' id='line_1_53' title="bbox 2154 2316 3734 2443; baseline 0.015 -73"><span class='ocrx_word' id='word_1_343' title='bbox 2157 2316 2449 2443; x_wconf 55' lang='lat' dir='ltr'>iuuet-edant</span> <span class='ocrx_word' id='word_1_344' title='bbox 2479 2336 2498 2374; x_wconf 91' lang='lat'><em>:</em></span> <span class='ocrx_word' id='word_1_345' title='bbox 2528 2327 2580 2374; x_wconf 91' lang='lat' dir='ltr'>et</span> <span class='ocrx_word' id='word_1_346' title='bbox 2615 2329 2677 2376; x_wconf 90' lang='lat' dir='ltr'>ut</span> <span class='ocrx_word' id='word_1_347' title='bbox 2715 2325 2952 2394; x_wconf 85' lang='lat' dir='ltr'>capellas</span> <span class='ocrx_word' id='word_1_348' title='bbox 2998 2316 3268 2397; x_wconf 72' lang='lat' dir='ltr'>ejusmodi</span> <span class='ocrx_word' id='word_1_349' title='bbox 3309 2316 3491 2390; x_wconf 66' lang='lat' dir='ltr'>omnes</span> 
     </span>
     <span class='ocr_line' id='line_1_54' title="bbox 2194 2404 2307 2442; baseline 0.009 -1"><span class='ocrx_word' id='word_1_350' title='bbox 2194 2404 2267 2442; x_wconf 85' lang='lat' dir='ltr'>an</span> <span class='ocrx_word' id='word_1_351' title='bbox 2293 2429 2307 2442; x_wconf 97' lang='lat'>.</span> 
     </span>
    </p>
   </div>
   <div class='ocr_carea' id='block_1_54' title="bbox 2194 2404 2307 2442">
    <p class='ocr_par' dir='ltr' id='par_1_54' title="bbox 2194 2404 2307 2442">
     <span class='ocr_line' id='line_1_55' title="bbox 2194 2404 2307 2442; baseline 0.009 -1"><span class='ocrx_word' id='word_1_352' title='bbox 2194 2404 2307 2442; x_wconf 84' lang='lat' dir='ltr'>ant.</span> 
     </span>
    </p>
   </div>
   <div class='ocr_carea' id='block_1_55' title="bbox 2160 2485 3733 2570">
    <p class='ocr_par' dir='ltr' id='par_1_55' title="bbox 2160 2485 3733 2570">
     <span class='ocr_line' id='line_1_56' title="bbox 2160 2485 3733 2570; baseline 0.016 -31"><span class='ocrx_word' id='word_1_353' title='bbox 2160 2485 2342 2541; x_wconf 88' lang='lat' dir='ltr'>Nemo</span> <span class='ocrx_word' id='word_1_354' title='bbox 2371 2492 2630 2544; x_wconf 85' lang='lat' dir='ltr'>vestrum</span> <span class='ocrx_word' id='word_1_355' title='bbox 2661 2490 2944 2564; x_wconf 85' lang='lat' dir='ltr'>capellam</span> <span class='ocrx_word' id='word_1_356' title='bbox 2988 2495 3161 2561; x_wconf 79' lang='lat' dir='ltr'>alicui</span> <span class='ocrx_word' id='word_1_357' title='bbox 3186 2498 3456 2559; x_wconf 82' lang='lat' dir='ltr'>indomo</span> <span class='ocrx_word' id='word_1_358' title='bbox 3486 2520 3593 2561; x_wconf 87' lang='lat' dir='ltr'>sua</span> <span class='ocrx_word' id='word_1_359' title='bbox 3622 2504 3733 2570; x_wconf 58' lang='lat' dir='ltr'>hev</span> 
     </span>
    </p>
   </div>
   <div class='ocr_carea' id='block_1_56' title="bbox 2076 2573 3733 2661">
    <p class='ocr_par' dir='ltr' id='par_1_56' title="bbox 2076 2573 3733 2661">
     <span class='ocr_line' id='line_1_57' title="bbox 2076 2573 3733 2661; baseline 0.014 -34"><span class='ocrx_word' id='word_1_360' title='bbox 2076 2573 2225 2629; x_wconf 51' lang='lat' dir='ltr'>&#39;bere</span> <span class='ocrx_word' id='word_1_361' title='bbox 2255 2576 2535 2633; x_wconf 82' lang='lat' dir='ltr'>concedat</span> <span class='ocrx_word' id='word_1_362' title='bbox 2561 2578 2688 2635; x_wconf 83' lang='lat' dir='ltr'>sine</span> <span class='ocrx_word' id='word_1_363' title='bbox 2708 2597 2839 2639; x_wconf 85' lang='lat' dir='ltr'>mea</span> <span class='ocrx_word' id='word_1_364' title='bbox 2854 2581 3110 2654; x_wconf 86' lang='lat' dir='ltr'>licentia,</span> <span class='ocrx_word' id='word_1_365' title='bbox 3126 2591 3598 2661; x_wconf 31' lang='lat' dir='ltr'>nequezinrdomo</span> <span class='ocrx_word' id='word_1_366' title='bbox 3618 2580 3733 2655; x_wconf 71' lang='lat' dir='ltr'>sua</span> 
     </span>
    </p>
   </div>
   <div class='ocr_carea' id='block_1_57' title="bbox 2090 2661 3732 2741">
    <p class='ocr_par' dir='ltr' id='par_1_57' title="bbox 2090 2661 3732 2741">
     <span class='ocr_line' id='line_1_58' title="bbox 2090 2661 3732 2741; baseline 0.013 -22"><span class='ocrx_word' id='word_1_367' title='bbox 2090 2661 2302 2721; x_wconf 85' lang='lat' dir='ltr'>missas</span> <span class='ocrx_word' id='word_1_368' title='bbox 2350 2662 2627 2722; x_wconf 87' lang='lat' dir='ltr'>celebrari</span> <span class='ocrx_word' id='word_1_369' title='bbox 2676 2670 2955 2727; x_wconf 85' lang='lat' dir='ltr'>concedat</span> <span class='ocrx_word' id='word_1_370' title='bbox 3001 2671 3128 2731; x_wconf 85' lang='lat' dir='ltr'>sine</span> <span class='ocrx_word' id='word_1_371' title='bbox 3176 2692 3308 2733; x_wconf 91' lang='lat' dir='ltr'>mea</span> <span class='ocrx_word' id='word_1_372' title='bbox 3348 2678 3632 2741; x_wconf 84' lang='lat' dir='ltr'>licentia:</span> <span class='ocrx_word' id='word_1_373' title='bbox 3673 2689 3732 2741; x_wconf 90' lang='lat' dir='ltr'>et</span> 
     </span>
    </p>
   </div>
   <div class='ocr_carea' id='block_1_58' title="bbox 2091 2750 3732 2836">
    <p class='ocr_par' dir='ltr' id='par_1_58' title="bbox 2091 2750 3732 2836">
     <span class='ocr_line' id='line_1_59' title="bbox 2091 2750 3732 2836; baseline 0.013 -29"><span class='ocrx_word' id='word_1_374' title='bbox 2091 2750 2497 2824; x_wconf 87' lang='lat' dir='ltr'>unusquisque</span> <span class='ocrx_word' id='word_1_375' title='bbox 2527 2760 2786 2811; x_wconf 87' lang='lat' dir='ltr'>vestrum</span> <span class='ocrx_word' id='word_1_376' title='bbox 2816 2758 3109 2821; x_wconf 82' lang='lat' dir='ltr'>describat</span> <span class='ocrx_word' id='word_1_377' title='bbox 3152 2780 3261 2836; x_wconf 83' lang='lat' dir='ltr'>per</span> <span class='ocrx_word' id='word_1_378' title='bbox 3303 2782 3482 2825; x_wconf 83' lang='lat' dir='ltr'>suum</span> <span class='ocrx_word' id='word_1_379' title='bbox 3528 2771 3732 2828; x_wconf 83' lang='lat' dir='ltr'>minis-</span> 
     </span>
    </p>
   </div>
   <div class='ocr_carea' id='block_1_59' title="bbox 2089 2838 3729 2931">
    <p class='ocr_par' dir='ltr' id='par_1_59' title="bbox 2089 2838 3729 2931">
     <span class='ocr_line' id='line_1_60' title="bbox 2089 2838 3729 2931; baseline 0.016 -41"><span class='ocrx_word' id='word_1_380' title='bbox 2089 2838 2322 2908; x_wconf 88' lang='lat' dir='ltr'>terium,</span> <span class='ocrx_word' id='word_1_381' title='bbox 2346 2840 2681 2914; x_wconf 88' lang='lat' dir='ltr'>quicunque</span> <span class='ocrx_word' id='word_1_382' title='bbox 2701 2844 2984 2916; x_wconf 86' lang='lat' dir='ltr'>capellam</span> <span class='ocrx_word' id='word_1_383' title='bbox 3006 2854 3168 2906; x_wconf 83' lang='lat' dir='ltr'>extra</span> <span class='ocrx_word' id='word_1_384' title='bbox 3184 2855 3490 2914; x_wconf 87' lang='lat' dir='ltr'>ecclesiam</span> <span class='ocrx_word' id='word_1_385' title='bbox 3518 2858 3729 2931; x_wconf 88' lang='lat' dir='ltr'>princi-</span> 
     </span>
    </p>
   </div>
   <div class='ocr_carea' id='block_1_60' title="bbox 2080 2927 3727 3022">
    <p class='ocr_par' dir='ltr' id='par_1_60' title="bbox 2080 2927 3727 3022">
     <span class='ocr_line' id='line_1_61' title="bbox 2080 2927 3727 3022; baseline 0.017 -45"><span class='ocrx_word' id='word_1_386' title='bbox 2080 2927 2279 3002; x_wconf 74' lang='lat' dir='ltr'>palem</span> <span class='ocrx_word' id='word_1_387' title='bbox 2319 2928 2496 2987; x_wconf 84' lang='lat' dir='ltr'>habet</span> <span class='ocrx_word' id='word_1_388' title='bbox 2526 2948 2560 2986; x_wconf 93' lang='lat' dir='ltr'>a</span> <span class='ocrx_word' id='word_1_389' title='bbox 2588 2936 2846 3005; x_wconf 85' lang='lat' dir='ltr'>tempore</span> <span class='ocrx_word' id='word_1_390' title='bbox 2890 2937 3109 2995; x_wconf 85' lang='lat' dir='ltr'>Ebonis</span> <span class='ocrx_word' id='word_1_391' title='bbox 3139 2958 3326 3014; x_wconf 87' lang='lat' dir='ltr'>usque</span> <span class='ocrx_word' id='word_1_392' title='bbox 3372 2946 3445 3001; x_wconf 85' lang='lat' dir='ltr'>ad</span> <span class='ocrx_word' id='word_1_393' title='bbox 3491 2927 3727 3022; x_wconf 79' lang='lat' dir='ltr'>tempus</span> 
     </span>
    </p>
   </div>
   <div class='ocr_carea' id='block_1_61' title="bbox 2086 3023 3730 3094">
    <p class='ocr_par' dir='ltr' id='par_1_61' title="bbox 2086 3023 3730 3094">
     <span class='ocr_line' id='line_1_62' title="bbox 2086 3023 3730 3094; baseline 0.012 -20"><span class='ocrx_word' id='word_1_394' title='bbox 2086 3033 2309 3087; x_wconf 86' lang='lat' dir='ltr'>meum,</span> <span class='ocrx_word' id='word_1_395' title='bbox 2331 3024 2387 3073; x_wconf 87' lang='lat' dir='ltr'>et</span> <span class='ocrx_word' id='word_1_396' title='bbox 2405 3035 2440 3073; x_wconf 90' lang='lat' dir='ltr'>a</span> <span class='ocrx_word' id='word_1_397' title='bbox 2458 3023 2721 3093; x_wconf 85' lang='lat' dir='ltr'>tempore</span> <span class='ocrx_word' id='word_1_398' title='bbox 2748 3038 2897 3094; x_wconf 86' lang='lat' dir='ltr'>meo,</span> <span class='ocrx_word' id='word_1_399' title='bbox 2920 3025 3007 3083; x_wconf 87' lang='lat' dir='ltr'>vel</span> <span class='ocrx_word' id='word_1_400' title='bbox 3038 3044 3169 3087; x_wconf 78' lang='lat' dir='ltr'>mea</span> <span class='ocrx_word' id='word_1_401' title='bbox 3187 3031 3274 3091; x_wconf 84' lang='lat' dir='ltr'>vel</span> <span class='ocrx_word' id='word_1_402' title='bbox 3295 3031 3537 3093; x_wconf 78' lang='lat' dir='ltr'>alterius</span> <span class='ocrx_word' id='word_1_403' title='bbox 3554 3035 3730 3093; x_wconf 78' lang='lat' dir='ltr'>lieen-</span> 
     </span>
    </p>
   </div>
   <div class='ocr_carea' id='block_1_62' title="bbox 2085 3104 3729 3197">
    <p class='ocr_par' dir='ltr' id='par_1_62' title="bbox 2085 3104 3729 3197">
     <span class='ocr_line' id='line_1_63' title="bbox 2085 3104 3729 3197; baseline 0.015 -38"><span class='ocrx_word' id='word_1_404' title='bbox 2085 3104 2168 3161; x_wconf 89' lang='lat' dir='ltr'>tia</span> <span class='ocrx_word' id='word_1_405' title='bbox 2195 3105 2431 3178; x_wconf 81' lang='lat' dir='ltr'>factam,</span> <span class='ocrx_word' id='word_1_406' title='bbox 2454 3110 2511 3164; x_wconf 90' lang='lat' dir='ltr'>et</span> <span class='ocrx_word' id='word_1_407' title='bbox 2544 3107 2605 3197; x_wconf 82' lang='lat' dir='ltr'>in</span> <span class='ocrx_word' id='word_1_408' title='bbox 2638 3111 3044 3187; x_wconf 80' lang='lat' dir='ltr'>cujuscunque</span> <span class='ocrx_word' id='word_1_409' title='bbox 3084 3119 3412 3194; x_wconf 86' lang='lat' dir='ltr'>presbyteri</span> <span class='ocrx_word' id='word_1_410' title='bbox 3442 3126 3729 3197; x_wconf 80' lang='lat' dir='ltr'>parochia</span> 
     </span>
    </p>
   </div>
   <div class='ocr_carea' id='block_1_63' title="bbox 2085 3195 3553 3277">
    <p class='ocr_par' dir='ltr' id='par_1_63' title="bbox 2085 3195 3553 3277">
     <span class='ocr_line' id='line_1_64' title="bbox 2085 3195 3553 3277; baseline 0.014 -30"><span class='ocrx_word' id='word_1_411' title='bbox 2085 3211 2446 3267; x_wconf 71' lang='lat' dir='ltr'>quaecunque</span> <span class='ocrx_word' id='word_1_412' title='bbox 2474 3195 2560 3253; x_wconf 91' lang='lat' dir='ltr'>vel</span> <span class='ocrx_word' id='word_1_413' title='bbox 2591 3199 2995 3274; x_wconf 84' lang='lat' dir='ltr'>cujuscunque</span> <span class='ocrx_word' id='word_1_414' title='bbox 3024 3205 3248 3277; x_wconf 86' lang='lat' dir='ltr'>capella</span> <span class='ocrx_word' id='word_1_415' title='bbox 3276 3208 3354 3264; x_wconf 90' lang='lat' dir='ltr'>sit</span> <span class='ocrx_word' id='word_1_416' title='bbox 3384 3195 3553 3267; x_wconf 81' lang='lat' dir='ltr'>facta.</span> 
     </span>
    </p>
   </div>
   <div class='ocr_carea' id='block_1_64' title="bbox 320 3290 3727 3399">
    <p class='ocr_par' dir='ltr' id='par_1_64' title="bbox 320 3290 3727 3399">
     <span class='ocr_line' id='line_1_65' title="bbox 320 3290 3727 3399; baseline 0.009 -54"><span class='ocrx_word' id='word_1_417' title='bbox 320 3294 603 3357; x_wconf 78' lang='lat' dir='ltr'>rectores,</span> <span class='ocrx_word' id='word_1_418' title='bbox 626 3294 685 3346; x_wconf 86' lang='lat' dir='ltr'>et</span> <span class='ocrx_word' id='word_1_419' title='bbox 704 3290 953 3349; x_wconf 74' lang='lat' dir='ltr'>fratrum</span> <span class='ocrx_word' id='word_1_420' title='bbox 976 3298 1285 3365; x_wconf 85' lang='lat' dir='ltr'>amatqres.</span> <span class='ocrx_word' id='word_1_421' title='bbox 1302 3296 1588 3354; x_wconf 75' lang='lat' dir='ltr'>Similiter</span> <span class='ocrx_word' id='word_1_422' title='bbox 1605 3304 1815 3374; x_wconf 86' lang='lat' dir='ltr'>eterga</span> <span class='ocrx_word' id='word_1_423' title='bbox 1834 3300 1978 3358; x_wconf 88' lang='lat' dir='ltr'>alios</span> <span class='ocrx_word' id='word_1_424' title='bbox 2008 3307 2051 3375; x_wconf 82' lang='lat' dir='ltr'><strong><em>C</em></strong></span> <span class='ocrx_word' id='word_1_425' title='bbox 2084 3300 2219 3399; x_wconf 57' lang='grc' dir='ltr'><strong>(ΙΑρέ</strong></span> <span class='ocrx_word' id='word_1_426' title='bbox 2248 3300 2932 3399; x_wconf 24' lang='grc' dir='ltr'>Ξῇξίζέῑηὶγβῃρωηξιξηξεε</span> <span class='ocrx_word' id='word_1_427' title='bbox 2956 3325 3083 3399; x_wconf 42' lang='lat' dir='ltr'>Lpro</span> <span class='ocrx_word' id='word_1_428' title='bbox 3138 3329 3364 3399; x_wconf 58' lang='lat' dir='ltr'>munere</span> <span class='ocrx_word' id='word_1_429' title='bbox 3415 3293 3605 3399; x_wconf 78' lang='lat' dir='ltr'>aliqua</span> 
     </span>
    </p>
   </div>
   <div class='ocr_carea' id='block_1_65' title="bbox 315 3378 1454 3458">
    <p class='ocr_par' dir='ltr' id='par_1_65' title="bbox 315 3378 1454 3458">
     <span class='ocr_line' id='line_1_66' title="bbox 315 3378 1454 3458; baseline 0.008 -25"><span class='ocrx_word' id='word_1_430' title='bbox 315 3379 388 3433; x_wconf 72' lang='lat' dir='ltr'>in</span> <span class='ocrx_word' id='word_1_431' title='bbox 400 3378 624 3436; x_wconf 53' lang='lat' dir='ltr'>nostris</span> <span class='ocrx_word' id='word_1_432' title='bbox 640 3379 998 3438; x_wconf 72' lang='lat' dir='ltr'>ministeriis</span> <span class='ocrx_word' id='word_1_433' title='bbox 1022 3382 1454 3458; x_wconf 83' lang='lat' dir='ltr'>delinquentes.</span> 
     </span>
    </p>
   </div>
   <div class='ocr_carea' id='block_1_66' title="bbox 360 3502 1942 3589">
    <p class='ocr_par' dir='ltr' id='par_1_66' title="bbox 360 3502 1942 3589">
     <span class='ocr_line' id='line_1_67' title="bbox 360 3502 1942 3589; baseline 0.006 -26"><span class='ocrx_word' id='word_1_434' title='bbox 531 3502 625 3564; x_wconf 87' lang='lat' dir='ltr'>IV.</span> <span class='ocrx_word' id='word_1_435' title='bbox 650 3535 717 3547; x_wconf 91' lang='lat'><strong><em>—</em></strong></span> <span class='ocrx_word' id='word_1_436' title='bbox 732 3505 814 3563; x_wconf 87' lang='lat' dir='ltr'>Ne</span> <span class='ocrx_word' id='word_1_437' title='bbox 838 3524 872 3564; x_wconf 92' lang='lat' dir='ltr'>a</span> <span class='ocrx_word' id='word_1_438' title='bbox 895 3507 1236 3589; x_wconf 55' lang='lat' dir='ltr'>presbyteris</span> <span class='ocrx_word' id='word_1_439' title='bbox 1253 3511 1554 3589; x_wconf 82' lang='lat' dir='ltr'>quidquam</span> <span class='ocrx_word' id='word_1_440' title='bbox 1584 3522 1774 3586; x_wconf 85' lang='lat' dir='ltr'>petant</span> <span class='ocrx_word' id='word_1_441' title='bbox 1800 3516 1942 3589; x_wconf 84' lang='lat' dir='ltr'>quod</span> 
     </span>
    </p>
   </div>
   <div class='ocr_carea' id='block_1_67' title="bbox 708 3582 1601 3652">
    <p class='ocr_par' dir='ltr' id='par_1_67' title="bbox 708 3582 1601 3652">
     <span class='ocr_line' id='line_1_68' title="bbox 708 3582 1601 3652; baseline 0.009 -19"><span class='ocrx_word' id='word_1_442' title='bbox 708 3594 891 3634; x_wconf 84' lang='lat' dir='ltr'>secum</span> <span class='ocrx_word' id='word_1_443' title='bbox 917 3582 1177 3652; x_wconf 78' lang='lat' dir='ltr'>auferant</span> <span class='ocrx_word' id='word_1_444' title='bbox 1201 3582 1333 3638; x_wconf 80' lang='lat' dir='ltr'>dum</span> <span class='ocrx_word' id='word_1_445' title='bbox 1357 3582 1601 3641; x_wconf 52' lang='lat' dir='ltr'>rédeunti</span> 
     </span>
    </p>
   </div>
   <div class='ocr_carea' id='block_1_68' title="bbox 397 3683 1976 3766">
    <p class='ocr_par' dir='ltr' id='par_1_68' title="bbox 397 3683 1976 3766">
     <span class='ocr_line' id='line_1_69' title="bbox 397 3683 1976 3766; baseline 0.008 -27"><span class='ocrx_word' id='word_1_446' title='bbox 397 3683 640 3750; x_wconf 84' lang='lat' dir='ltr'>Quando</span> <span class='ocrx_word' id='word_1_447' title='bbox 698 3684 1006 3758; x_wconf 88' lang='lat' dir='ltr'>parochias</span> <span class='ocrx_word' id='word_1_448' title='bbox 1050 3686 1332 3761; x_wconf 87' lang='lat' dir='ltr'>circuitis,</span> <span class='ocrx_word' id='word_1_449' title='bbox 1369 3689 1551 3749; x_wconf 89' lang='lat' dir='ltr'>nolite</span> <span class='ocrx_word' id='word_1_450' title='bbox 1593 3707 1801 3766; x_wconf 85' lang='lat' dir='ltr'>graves</span> <span class='ocrx_word' id='word_1_451' title='bbox 1847 3709 1976 3752; x_wconf 91' lang='lat' dir='ltr'>esse</span> 
     </span>
    </p>
   </div>
   <div class='ocr_carea' id='block_1_69' title="bbox 311 3773 1976 3859">
    <p class='ocr_par' dir='ltr' id='par_1_69' title="bbox 311 3773 1976 3859">
     <span class='ocr_line' id='line_1_70' title="bbox 311 3773 1976 3859; baseline 0.007 -31"><span class='ocrx_word' id='word_1_452' title='bbox 311 3773 703 3859; x_wconf 66' lang='lat' dir='ltr'>presbyteris,</span> <span class='ocrx_word' id='word_1_453' title='bbox 762 3778 1026 3852; x_wconf 88' lang='lat' dir='ltr'>petentes</span> <span class='ocrx_word' id='word_1_454' title='bbox 1080 3777 1416 3853; x_wconf 85' lang='lat' dir='ltr'>l&#39;rlskingas,</span> <span class='ocrx_word' id='word_1_455' title='bbox 1457 3780 1544 3837; x_wconf 90' lang='lat' dir='ltr'>vel</span> <span class='ocrx_word' id='word_1_456' title='bbox 1603 3782 1817 3859; x_wconf 78' lang='lat' dir='ltr'>pisces,</span> <span class='ocrx_word' id='word_1_457' title='bbox 1875 3789 1976 3840; x_wconf 89' lang='lat' dir='ltr'>aut</span> 
     </span>
    </p>
   </div>
   <div class='ocr_carea' id='block_1_70' title="bbox 321 3852 1970 3945">
    <p class='ocr_par' dir='ltr' id='par_1_70' title="bbox 321 3852 1970 3945">
     <span class='ocr_line' id='line_1_71' title="bbox 321 3852 1970 3945; baseline 0.008 -29"><span class='ocrx_word' id='word_1_458' title='bbox 321 3852 683 3934; x_wconf 71' lang='lat' dir='ltr'>formaticos,</span> <span class='ocrx_word' id='word_1_459' title='bbox 713 3868 820 3921; x_wconf 90' lang='lat' dir='ltr'>aut</span> <span class='ocrx_word' id='word_1_460' title='bbox 865 3882 1182 3937; x_wconf 86' lang='lat' dir='ltr'>annonam,</span> <span class='ocrx_word' id='word_1_461' title='bbox 1213 3852 1315 3924; x_wconf 91' lang='lat' dir='ltr'>aut</span> <span class='ocrx_word' id='word_1_462' title='bbox 1344 3868 1489 3927; x_wconf 86' lang='lat' dir='ltr'>alias</span> <span class='ocrx_word' id='word_1_463' title='bbox 1520 3852 1813 3945; x_wconf 77' lang='lat' dir='ltr'>quaslibet</span> <span class='ocrx_word' id='word_1_464' title='bbox 1857 3890 1970 3943; x_wconf 89' lang='lat' dir='ltr'>res,</span> 
     </span>
    </p>
   </div>
   <div class='ocr_carea' id='block_1_71' title="bbox 321 3949 1973 4033">
    <p class='ocr_par' dir='ltr' id='par_1_71' title="bbox 321 3949 1973 4033">
     <span class='ocr_line' id='line_1_72' title="bbox 321 3949 1973 4033; baseline 0.008 -28"><span class='ocrx_word' id='word_1_465' title='bbox 321 3954 391 4005; x_wconf 89' lang='lat' dir='ltr'>ut</span> <span class='ocrx_word' id='word_1_466' title='bbox 419 3949 965 4030; x_wconf 4' lang='lat' dir='ltr'>habeatisqquando</span> <span class='ocrx_word' id='word_1_467' title='bbox 1004 3955 1075 4010; x_wconf 93' lang='lat' dir='ltr'>ad</span> <span class='ocrx_word' id='word_1_468' title='bbox 1123 3954 1414 4013; x_wconf 84' lang='lat' dir='ltr'>civitatem</span> <span class='ocrx_word' id='word_1_469' title='bbox 1461 3959 1673 4016; x_wconf 90' lang='lat' dir='ltr'>reversi</span> <span class='ocrx_word' id='word_1_470' title='bbox 1722 3960 1973 4033; x_wconf 83' lang='lat' dir='ltr'>fueritis,</span> 
     </span>
    </p>
   </div>
   <div class='ocr_carea' id='block_1_72' title="bbox 321 4034 1973 4120">
    <p class='ocr_par' dir='ltr' id='par_1_72' title="bbox 321 4034 1973 4120">
     <span class='ocr_line' id='line_1_73' title="bbox 321 4034 1973 4120; baseline 0.008 -26"><span class='ocrx_word' id='word_1_471' title='bbox 321 4039 482 4095; x_wconf 86' lang='lat' dir='ltr'>unde</span> <span class='ocrx_word' id='word_1_472' title='bbox 514 4039 684 4112; x_wconf 86' lang='lat' dir='ltr'>quasi</span> <span class='ocrx_word' id='word_1_473' title='bbox 723 4041 1003 4100; x_wconf 83' lang='lat' dir='ltr'>fratribus</span> <span class='ocrx_word' id='word_1_474' title='bbox 1034 4034 1407 4103; x_wconf 82' lang='lat' dir='ltr'>refectionem</span> <span class='ocrx_word' id='word_1_475' title='bbox 1431 4047 1677 4120; x_wconf 80' lang='lat' dir='ltr'>faciatis,</span> <span class='ocrx_word' id='word_1_476' title='bbox 1703 4053 1768 4106; x_wconf 89' lang='lat' dir='ltr'>ut</span> <span class='ocrx_word' id='word_1_477' title='bbox 1797 4050 1973 4108; x_wconf 85' lang='lat' dir='ltr'>salvis</span> 
     </span>
    </p>
   </div>
   <div class='ocr_carea' id='block_1_73' title="bbox 312 4127 1949 4209">
    <p class='ocr_par' dir='ltr' id='par_1_73' title="bbox 312 4127 1949 4209">
     <span class='ocr_line' id='line_1_74' title="bbox 312 4127 1949 4209; baseline 0.007 -25"><span class='ocrx_word' id='word_1_478' title='bbox 312 4127 634 4209; x_wconf 80' lang='lat' dir='ltr'>stipendiis</span> <span class='ocrx_word' id='word_1_479' title='bbox 657 4131 877 4188; x_wconf 60' lang='lat' dir='ltr'>uestris</span> <span class='ocrx_word' id='word_1_480' title='bbox 900 4131 1177 4191; x_wconf 81' lang='lat' dir='ltr'>habeatis</span> <span class='ocrx_word' id='word_1_481' title='bbox 1197 4135 1353 4193; x_wconf 88' lang='lat' dir='ltr'>unde</span> <span class='ocrx_word' id='word_1_482' title='bbox 1374 4152 1475 4194; x_wconf 91' lang='lat' dir='ltr'>vos</span> <span class='ocrx_word' id='word_1_483' title='bbox 1503 4140 1562 4194; x_wconf 87' lang='lat' dir='ltr'>et</span> <span class='ocrx_word' id='word_1_484' title='bbox 1588 4143 1811 4196; x_wconf 85' lang='lat' dir='ltr'>vestros</span> <span class='ocrx_word' id='word_1_485' title='bbox 1841 4155 1949 4197; x_wconf 87' lang='lat' dir='ltr'>con</span> 
     </span>
    </p>
   </div>
   <div class='ocr_carea' id='block_1_74' title="bbox 306 4215 576 4272">
    <p class='ocr_par' dir='ltr' id='par_1_74' title="bbox 306 4215 576 4272">
     <span class='ocr_line' id='line_1_75' title="bbox 306 4215 576 4272; baseline 0.007 -2"><span class='ocrx_word' id='word_1_486' title='bbox 306 4215 576 4272; x_wconf 76' lang='lat' dir='ltr'>ducetis.</span> 
     </span>
    </p>
   </div>
   <div class='ocr_carea' id='block_1_75' title="bbox 391 4341 1902 4425">
    <p class='ocr_par' dir='ltr' id='par_1_75' title="bbox 391 4341 1902 4425">
     <span class='ocr_line' id='line_1_76' title="bbox 391 4341 1902 4425; baseline 0.008 -27"><span class='ocrx_word' id='word_1_487' title='bbox 391 4341 531 4399; x_wconf 70' lang='lat' dir='ltr'>Car.</span> <span class='ocrx_word' id='word_1_488' title='bbox 644 4372 714 4425; x_wconf 83' lang='lat'>-_-</span> <span class='ocrx_word' id='word_1_489' title='bbox 734 4343 1093 4425; x_wconf 58' lang='lat' dir='ltr'>Ne._denarios</span> <span class='ocrx_word' id='word_1_490' title='bbox 1119 4364 1168 4425; x_wconf 81' lang='lat' dir='ltr'>_a_</span> <span class='ocrx_word' id='word_1_491' title='bbox 1179 4350 1514 4425; x_wconf 73' lang='lat' dir='ltr'>presbyteris</span> <span class='ocrx_word' id='word_1_492' title='bbox 1539 4351 1625 4408; x_wconf 80' lang='lat' dir='ltr'>vel</span> <span class='ocrx_word' id='word_1_493' title='bbox 1642 4352 1902 4423; x_wconf 77' lang='lat' dir='ltr'>eulogiae</span> 
     </span>
    </p>
   </div>
   <div class='ocr_carea' id='block_1_76' title="bbox 475 4414 1826 4496">
    <p class='ocr_par' dir='ltr' id='par_1_76' title="bbox 475 4414 1826 4496">
     <span class='ocr_line' id='line_1_77' title="bbox 475 4414 1826 4496; baseline 0.007 -26"><span class='ocrx_word' id='word_1_494' title='bbox 475 4414 723 4487; x_wconf 70' lang='lat' dir='ltr'>exigant,</span> <span class='ocrx_word' id='word_1_495' title='bbox 745 4415 838 4472; x_wconf 87' lang='lat' dir='ltr'>sed</span> <span class='ocrx_word' id='word_1_496' title='bbox 866 4426 1052 4490; x_wconf 85' lang='lat' dir='ltr'>sponte</span> <span class='ocrx_word' id='word_1_497' title='bbox 1080 4414 1265 4475; x_wconf 74' lang='lat' dir='ltr'>oblata</span> <span class='ocrx_word' id='word_1_498' title='bbox 1293 4414 1506 4479; x_wconf 72' lang='lat' dir='ltr'>tantum</span> <span class='ocrx_word' id='word_1_499' title='bbox 1533 4414 1826 4496; x_wconf 64' lang='lat' dir='ltr'>accipiant.</span> 
     </span>
    </p>
   </div>
   <div class='ocr_carea' id='block_1_77' title="bbox 390 4518 1970 4604">
    <p class='ocr_par' dir='ltr' id='par_1_77' title="bbox 390 4518 1970 4604">
     <span class='ocr_line' id='line_1_78' title="bbox 390 4518 1970 4604; baseline 0.008 -28"><span class='ocrx_word' id='word_1_500' title='bbox 390 4518 582 4587; x_wconf 80' lang='lat' dir='ltr'>Nolite</span> <span class='ocrx_word' id='word_1_501' title='bbox 607 4519 780 4594; x_wconf 80' lang='lat' dir='ltr'>quasi</span> <span class='ocrx_word' id='word_1_502' title='bbox 802 4539 914 4596; x_wconf 87' lang='lat' dir='ltr'>pro</span> <span class='ocrx_word' id='word_1_503' title='bbox 935 4521 1129 4596; x_wconf 87' lang='lat' dir='ltr'>aliquo</span> <span class='ocrx_word' id='word_1_504' title='bbox 1148 4526 1439 4598; x_wconf 88' lang='lat' dir='ltr'>adjutorio</span> <span class='ocrx_word' id='word_1_505' title='bbox 1459 4527 1530 4584; x_wconf 91' lang='lat' dir='ltr'>ad</span> <span class='ocrx_word' id='word_1_506' title='bbox 1554 4545 1970 4604; x_wconf 86' lang='lat' dir='ltr'>quamcunque</span> 
     </span>
    </p>
   </div>
   <div class='ocr_carea' id='block_1_78' title="bbox 315 4607 1968 4693">
    <p class='ocr_par' dir='ltr' id='par_1_78' title="bbox 315 4607 1968 4693">
     <span class='ocr_line' id='line_1_79' title="bbox 315 4607 1968 4693; baseline 0.006 -26"><span class='ocrx_word' id='word_1_507' title='bbox 315 4624 449 4669; x_wconf 73' lang='lat' dir='ltr'>rem</span> <span class='ocrx_word' id='word_1_508' title='bbox 477 4607 750 4669; x_wconf 85' lang='lat' dir='ltr'>denarios</span> <span class='ocrx_word' id='word_1_509' title='bbox 779 4613 935 4691; x_wconf 85' lang='lat' dir='ltr'>apud</span> <span class='ocrx_word' id='word_1_510' title='bbox 973 4613 1343 4687; x_wconf 88' lang='lat' dir='ltr'>presbyteros</span> <span class='ocrx_word' id='word_1_511' title='bbox 1393 4616 1701 4689; x_wconf 87' lang='lat' dir='ltr'>postuletis</span> <span class='ocrx_word' id='word_1_512' title='bbox 1733 4636 1746 4676; x_wconf 93' lang='lat'><strong>:</strong></span> <span class='ocrx_word' id='word_1_513' title='bbox 1781 4636 1968 4693; x_wconf 90' lang='lat' dir='ltr'>neque</span> 
     </span>
    </p>
   </div>
   <div class='ocr_carea' id='block_1_79' title="bbox 313 4697 1967 4778">
    <p class='ocr_par' dir='ltr' id='par_1_79' title="bbox 313 4697 1967 4778">
     <span class='ocr_line' id='line_1_80' title="bbox 313 4697 1967 4778; baseline 0.008 -27"><span class='ocrx_word' id='word_1_514' title='bbox 313 4697 557 4771; x_wconf 77' lang='lat' dir='ltr'>quando</span> <span class='ocrx_word' id='word_1_515' title='bbox 586 4698 659 4755; x_wconf 84' lang='lat' dir='ltr'>ad</span> <span class='ocrx_word' id='word_1_516' title='bbox 682 4699 996 4775; x_wconf 80' lang='lat' dir='ltr'>synodum,</span> <span class='ocrx_word' id='word_1_517' title='bbox 1015 4702 1105 4759; x_wconf 91' lang='lat' dir='ltr'>vel</span> <span class='ocrx_word' id='word_1_518' title='bbox 1126 4718 1231 4775; x_wconf 90' lang='lat' dir='ltr'>pro</span> <span class='ocrx_word' id='word_1_519' title='bbox 1254 4703 1633 4778; x_wconf 87' lang='lat' dir='ltr'>inquisitione</span> <span class='ocrx_word' id='word_1_520' title='bbox 1657 4708 1967 4765; x_wconf 78' lang='lat' dir='ltr'>ministerii</span> 
     </span>
    </p>
   </div>
   <div class='ocr_carea' id='block_1_80' title="bbox 306 4785 1967 4872">
    <p class='ocr_par' dir='ltr' id='par_1_80' title="bbox 306 4785 1967 4872">
     <span class='ocr_line' id='line_1_81' title="bbox 306 4785 1967 4872; baseline 0.007 -28"><span class='ocrx_word' id='word_1_521' title='bbox 306 4785 432 4857; x_wconf 83' lang='lat' dir='ltr'>sui,</span> <span class='ocrx_word' id='word_1_522' title='bbox 457 4799 563 4844; x_wconf 86' lang='lat' dir='ltr'>seu</span> <span class='ocrx_word' id='word_1_523' title='bbox 600 4800 707 4864; x_wconf 85' lang='lat' dir='ltr'>pro</span> <span class='ocrx_word' id='word_1_524' title='bbox 731 4787 991 4851; x_wconf 82' lang='lat' dir='ltr'>chrisma</span> <span class='ocrx_word' id='word_1_525' title='bbox 1024 4791 1360 4865; x_wconf 89' lang='lat' dir='ltr'>accipiendo</span> <span class='ocrx_word' id='word_1_526' title='bbox 1388 4795 1672 4866; x_wconf 87' lang='lat' dir='ltr'>venerint,</span> <span class='ocrx_word' id='word_1_527' title='bbox 1705 4797 1967 4872; x_wconf 86' lang='lat' dir='ltr'>eulogias</span> 
     </span>
    </p>
   </div>
   <div class='ocr_carea' id='block_1_81' title="bbox 311 4874 1967 4960">
    <p class='ocr_par' dir='ltr' id='par_1_81' title="bbox 311 4874 1967 4960">
     <span class='ocr_line' id='line_1_82' title="bbox 311 4874 1967 4960; baseline 0.008 -28"><span class='ocrx_word' id='word_1_528' title='bbox 311 4874 600 4949; x_wconf 68' lang='lat' dir='ltr'>exigatis;</span> <span class='ocrx_word' id='word_1_529' title='bbox 612 4877 716 4940; x_wconf 84' lang='lat' dir='ltr'>sed</span> <span class='ocrx_word' id='word_1_530' title='bbox 745 4876 796 4934; x_wconf 85' lang='lat' dir='ltr'>si</span> <span class='ocrx_word' id='word_1_531' title='bbox 827 4879 921 4936; x_wconf 90' lang='lat' dir='ltr'>cui</span> <span class='ocrx_word' id='word_1_532' title='bbox 946 4880 1094 4938; x_wconf 79' lang='lat' dir='ltr'>forte</span> <span class='ocrx_word' id='word_1_533' title='bbox 1118 4883 1493 4940; x_wconf 90' lang='lat' dir='ltr'>commodum</span> <span class='ocrx_word' id='word_1_534' title='bbox 1522 4885 1697 4942; x_wconf 87' lang='lat' dir='ltr'>fuerit</span> <span class='ocrx_word' id='word_1_535' title='bbox 1723 4903 1829 4960; x_wconf 92' lang='lat' dir='ltr'>pro</span> <span class='ocrx_word' id='word_1_536' title='bbox 1858 4905 1967 4945; x_wconf 91' lang='lat' dir='ltr'>sua</span> 
     </span>
    </p>
   </div>
   <div class='ocr_carea' id='block_1_82' title="bbox 308 4964 1962 5049">
    <p class='ocr_par' dir='ltr' id='par_1_82' title="bbox 308 4964 1962 5049">
     <span class='ocr_line' id='line_1_83' title="bbox 308 4964 1962 5049; baseline 0.006 -26"><span class='ocrx_word' id='word_1_537' title='bbox 308 4964 616 5025; x_wconf 78' lang='lat' dir='ltr'>voluntate</span> <span class='ocrx_word' id='word_1_538' title='bbox 658 4970 718 5027; x_wconf 79' lang='lat' dir='ltr'>et</span> <span class='ocrx_word' id='word_1_539' title='bbox 760 4969 1177 5031; x_wconf 81' lang='lat' dir='ltr'>commoditate</span> <span class='ocrx_word' id='word_1_540' title='bbox 1233 4970 1454 5044; x_wconf 89' lang='lat' dir='ltr'>aliquid</span> <span class='ocrx_word' id='word_1_541' title='bbox 1503 4975 1688 5049; x_wconf 85' lang='lat' dir='ltr'>gratis</span> <span class='ocrx_word' id='word_1_542' title='bbox 1736 4976 1962 5048; x_wconf 78' lang='lat' dir='ltr'>offerre,</span> 
     </span>
    </p>
   </div>
   <div class='ocr_carea' id='block_1_83' title="bbox 310 5053 1357 5134">
    <p class='ocr_par' dir='ltr' id='par_1_83' title="bbox 310 5053 1357 5134">
     <span class='ocr_line' id='line_1_84' title="bbox 310 5053 1357 5134; baseline 0.006 -22"><span class='ocrx_word' id='word_1_543' title='bbox 310 5070 452 5115; x_wconf 91' lang='lat' dir='ltr'>cum</span> <span class='ocrx_word' id='word_1_544' title='bbox 481 5053 808 5128; x_wconf 83' lang='lat' dir='ltr'>gratiarum</span> <span class='ocrx_word' id='word_1_545' title='bbox 838 5057 1064 5116; x_wconf 89' lang='lat' dir='ltr'>actione</span> <span class='ocrx_word' id='word_1_546' title='bbox 1093 5059 1357 5134; x_wconf 87' lang='lat' dir='ltr'>accipite.</span> 
     </span>
    </p>
   </div>
   <div class='ocr_carea' id='block_1_84' title="bbox 303 5179 1964 5256">
    <p class='ocr_par' dir='ltr' id='par_1_84' title="bbox 303 5179 1964 5256">
     <span class='ocr_line' id='line_1_85' title="bbox 303 5179 1964 5256; baseline 0.007 -18"><span class='ocrx_word' id='word_1_547' title='bbox 303 5182 449 5243; x_wconf 65' lang='lat' dir='ltr'><strong>CAP.</strong></span> <span class='ocrx_word' id='word_1_548' title='bbox 477 5179 576 5245; x_wconf 65' lang='lat' dir='ltr'>Y1.</span> <span class='ocrx_word' id='word_1_549' title='bbox 601 5212 668 5224; x_wconf 92' lang='lat'>—</span> <span class='ocrx_word' id='word_1_550' title='bbox 688 5181 765 5245; x_wconf 79' lang='lat' dir='ltr'>Ne</span> <span class='ocrx_word' id='word_1_551' title='bbox 782 5183 1075 5256; x_wconf 76' lang='lat' dir='ltr'>pascendis</span> <span class='ocrx_word' id='word_1_552' title='bbox 1100 5187 1219 5243; x_wconf 79' lang='lat' dir='ltr'>suis</span> <span class='ocrx_word' id='word_1_553' title='bbox 1254 5187 1339 5245; x_wconf 81' lang='lat' dir='ltr'>vel</span> <span class='ocrx_word' id='word_1_554' title='bbox 1385 5191 1692 5249; x_wconf 80' lang='lat' dir='ltr'>amicorum</span> <span class='ocrx_word' id='word_1_555' title='bbox 1736 5191 1964 5250; x_wconf 84' lang='lat' dir='ltr'>caballis</span> 
     </span>
    </p>
   </div>
   <div class='ocr_carea' id='block_1_85' title="bbox 824 5256 1443 5331">
    <p class='ocr_par' dir='ltr' id='par_1_85' title="bbox 824 5256 1443 5331">
     <span class='ocr_line' id='line_1_86' title="bbox 824 5256 1443 5331; baseline 0.008 -19"><span class='ocrx_word' id='word_1_556' title='bbox 824 5256 1168 5331; x_wconf 72' lang='lat' dir='ltr'>presbyteros</span> <span class='ocrx_word' id='word_1_557' title='bbox 1195 5268 1443 5329; x_wconf 84' lang='lat' dir='ltr'>gravent.</span> 
     </span>
    </p>
   </div>
   <div class='ocr_carea' id='block_1_86' title="bbox 380 5359 1961 5440">
    <p class='ocr_par' dir='ltr' id='par_1_86' title="bbox 380 5359 1961 5440">
     <span class='ocr_line' id='line_1_87' title="bbox 380 5359 1961 5440; baseline 0.006 -18"><span class='ocrx_word' id='word_1_558' title='bbox 380 5359 765 5434; x_wconf 55' lang='grc' dir='ltr'>Κώεω-ριξδεὶ</span> <span class='ocrx_word' id='word_1_559' title='bbox 784 5378 895 5436; x_wconf 81' lang='lat' dir='ltr'>per</span> <span class='ocrx_word' id='word_1_560' title='bbox 910 5364 1312 5437; x_wconf 71' lang='lat' dir='ltr'>precationem</span> <span class='ocrx_word' id='word_1_561' title='bbox 1332 5368 1589 5433; x_wconf 81' lang='lat' dir='ltr'>caballos</span> <span class='ocrx_word' id='word_1_562' title='bbox 1607 5376 1852 5440; x_wconf 85' lang='lat' dir='ltr'>vestros,</span> <span class='ocrx_word' id='word_1_563' title='bbox 1873 5372 1961 5433; x_wconf 88' lang='lat' dir='ltr'>vel</span> 
     </span>
    </p>
   </div>
   <div class='ocr_carea' id='block_1_87' title="bbox 297 5450 1963 5534">
    <p class='ocr_par' dir='ltr' id='par_1_87' title="bbox 297 5450 1963 5534">
     <span class='ocr_line' id='line_1_88' title="bbox 297 5450 1963 5534; baseline 0.008 -29"><span class='ocrx_word' id='word_1_564' title='bbox 297 5450 642 5516; x_wconf 63' lang='lat' dir='ltr'>amicorum</span> <span class='ocrx_word' id='word_1_565' title='bbox 668 5454 1014 5524; x_wconf 70' lang='lat' dir='ltr'>vestrorum,</span> <span class='ocrx_word' id='word_1_566' title='bbox 1038 5454 1112 5512; x_wconf 87' lang='lat' dir='ltr'>ad</span> <span class='ocrx_word' id='word_1_567' title='bbox 1148 5459 1390 5531; x_wconf 80' lang='lat' dir='ltr'>pastum</span> <span class='ocrx_word' id='word_1_568' title='bbox 1422 5459 1780 5534; x_wconf 84' lang='lat' dir='ltr'>presbyteris</span> <span class='ocrx_word' id='word_1_569' title='bbox 1810 5477 1963 5519; x_wconf 89' lang='lat' dir='ltr'>com-</span> 
     </span>
    </p>
   </div>
   <div class='ocr_carea' id='block_1_88' title="bbox 298 5539 1961 5624">
    <p class='ocr_par' dir='ltr' id='par_1_88' title="bbox 298 5539 1961 5624">
     <span class='ocr_line' id='line_1_89' title="bbox 298 5539 1961 5624; baseline 0.007 -23"><span class='ocrx_word' id='word_1_570' title='bbox 298 5539 596 5607; x_wconf 70' lang='lat' dir='ltr'>mendans</span> <span class='ocrx_word' id='word_1_571' title='bbox 639 5543 1044 5614; x_wconf 45' lang='lat' dir='ltr'>assumtis,</span> <span class='ocrx_word' id='word_1_572' title='bbox 1075 5561 1273 5618; x_wconf 75' lang='lat' dir='ltr'>neque</span> <span class='ocrx_word' id='word_1_573' title='bbox 1323 5549 1477 5609; x_wconf 71' lang='lat'>740</span> <span class='ocrx_word' id='word_1_574' title='bbox 1524 5565 1843 5624; x_wconf 82' lang='lat' dir='ltr'>annonam,</span> <span class='ocrx_word' id='word_1_575' title='bbox 1860 5550 1961 5613; x_wconf 72' lang='lat' dir='ltr'>vel</span> 
     </span>
    </p>
   </div>
   <div class='ocr_carea' id='block_1_89' title="bbox 300 5628 1963 5706">
    <p class='ocr_par' dir='ltr' id='par_1_89' title="bbox 300 5628 1963 5706">
     <span class='ocr_line' id='line_1_90' title="bbox 300 5628 1963 5706; baseline 0.008 -19"><span class='ocrx_word' id='word_1_576' title='bbox 300 5628 770 5705; x_wconf 56' lang='lat' dir='ltr'>{amabilis</span> <span class='ocrx_word' id='word_1_577' title='bbox 801 5630 1067 5706; x_wconf 54' lang='lat' dir='ltr'>exigatis.</span> <span class='ocrx_word' id='word_1_578' title='bbox 1093 5633 1226 5693; x_wconf 90' lang='lat' dir='ltr'>Ideo</span> <span class='ocrx_word' id='word_1_579' title='bbox 1246 5635 1408 5703; x_wconf 77' lang='lat' dir='ltr'>enim</span> <span class='ocrx_word' id='word_1_580' title='bbox 1427 5637 1595 5696; x_wconf 86' lang='lat' dir='ltr'>vobis</span> <span class='ocrx_word' id='word_1_581' title='bbox 1622 5639 1695 5697; x_wconf 86' lang='lat' dir='ltr'>de</span> <span class='ocrx_word' id='word_1_582' title='bbox 1723 5638 1963 5703; x_wconf 84' lang='lat' dir='ltr'>faculta-</span> 
     </span>
    </p>
   </div>
   <div class='ocr_carea' id='block_1_90' title="bbox 300 5718 1962 5808">
    <p class='ocr_par' dir='ltr' id='par_1_90' title="bbox 300 5718 1962 5808">
     <span class='ocr_line' id='line_1_91' title="bbox 300 5718 1962 5808; baseline 0.001 -19"><span class='ocrx_word' id='word_1_583' title='bbox 956 5722 1134 5798; x_wconf 60' lang='lat' dir='ltr'>Liuxta</span> <span class='ocrx_word' id='word_1_584' title='bbox 1176 5726 1333 5800; x_wconf 71' lang='lat' dir='ltr'>quod</span> <span class='ocrx_word' id='word_1_585' title='bbox 1373 5727 1691 5802; x_wconf 72' lang='lat' dir='ltr'>Apostolus</span> <span class='ocrx_word' id='word_1_586' title='bbox 1721 5729 1792 5789; x_wconf 89' lang='lat' dir='ltr'>de</span> <span class='ocrx_word' id='word_1_587' title='bbox 1822 5729 1962 5808; x_wconf 76' lang='lat' dir='ltr'>lege</span> 
     </span>
    </p>
   </div>
   <div class='ocr_carea' id='block_1_91' title="bbox 2154 3373 3724 3499">
    <p class='ocr_par' dir='ltr' id='par_1_91' title="bbox 2154 3373 3724 3499">
     <span class='ocr_line' id='line_1_92' title="bbox 2154 3373 3724 3461; baseline 0.015 -36"><span class='ocrx_word' id='word_1_588' title='bbox 2154 3373 2652 3430; x_wconf 62' lang='lat' dir='ltr'>reconciliationem</span> <span class='ocrx_word' id='word_1_589' title='bbox 2698 3373 3059 3448; x_wconf 77' lang='lat' dir='ltr'>adducantur,</span> <span class='ocrx_word' id='word_1_590' title='bbox 3098 3385 3183 3439; x_wconf 84' lang='lat' dir='ltr'>vel</span> <span class='ocrx_word' id='word_1_591' title='bbox 3216 3395 3344 3457; x_wconf 84' lang='lat' dir='ltr'>post</span> <span class='ocrx_word' id='word_1_592' title='bbox 3386 3373 3525 3444; x_wconf 49' lang='lat' dir='ltr'>etim4</span> <span class='ocrx_word' id='word_1_593' title='bbox 3543 3373 3724 3461; x_wconf 59' lang='lat' dir='ltr'>negti:</span> 
     </span>
     <span class='ocr_line' id='line_1_93' title="bbox 2155 3452 2378 3499; baseline -0.004 0"><span class='ocrx_word' id='word_1_594' title='bbox 2155 3452 2378 3499; x_wconf 79' lang='lat' dir='ltr'>cantur.</span> 
     </span>
    </p>
   </div>
   <div class='ocr_carea' id='block_1_92' title="bbox 2154 3461 2378 3512">
    <p class='ocr_par' dir='ltr' id='par_1_92' title="bbox 2154 3461 2378 3512">
     <span class='ocr_line' id='line_1_94' title="bbox 2154 3461 2378 3512; baseline 0.004 -15"><span class='ocrx_word' id='word_1_595' title='bbox 2154 3461 2378 3512; x_wconf 78' lang='lat' dir='ltr'>gantur.</span> 
     </span>
    </p>
   </div>
   <div class='ocr_carea' id='block_1_93' title="bbox 2155 3538 3727 3638">
    <p class='ocr_par' dir='ltr' id='par_1_93' title="bbox 2155 3538 3727 3638">
     <span class='ocr_line' id='line_1_95' title="bbox 2155 3538 3727 3638; baseline 0.014 -43"><span class='ocrx_word' id='word_1_596' title='bbox 2155 3538 2409 3596; x_wconf 79' lang='lat' dir='ltr'>Sollicita</span> <span class='ocrx_word' id='word_1_597' title='bbox 2437 3543 2754 3638; x_wconf 86' lang='lat' dir='ltr'>providete,</span> <span class='ocrx_word' id='word_1_598' title='bbox 2786 3563 2859 3602; x_wconf 92' lang='lat' dir='ltr'>ne</span> <span class='ocrx_word' id='word_1_599' title='bbox 2888 3564 3011 3619; x_wconf 87' lang='lat' dir='ltr'>vos,</span> <span class='ocrx_word' id='word_1_600' title='bbox 3040 3551 3127 3608; x_wconf 89' lang='lat' dir='ltr'>vel</span> <span class='ocrx_word' id='word_1_601' title='bbox 3166 3556 3508 3630; x_wconf 81' lang='lat' dir='ltr'>presbyteri,</span> <span class='ocrx_word' id='word_1_602' title='bbox 3541 3562 3727 3638; x_wconf 83' lang='lat' dir='ltr'>negli-</span> 
     </span>
    </p>
   </div>
   <div class='ocr_carea' id='block_1_94' title="bbox 2083 3630 3791 3715">
    <p class='ocr_par' dir='ltr' id='par_1_94' title="bbox 2083 3630 3791 3715">
     <span class='ocr_line' id='line_1_96' title="bbox 2083 3630 3791 3715; baseline 0.016 -34"><span class='ocrx_word' id='word_1_603' title='bbox 2083 3633 2287 3702; x_wconf 85' lang='lat' dir='ltr'>genter</span> <span class='ocrx_word' id='word_1_604' title='bbox 2312 3630 2661 3703; x_wconf 74' lang='lat' dir='ltr'>pmnitentcs</span> <span class='ocrx_word' id='word_1_605' title='bbox 2679 3650 2783 3706; x_wconf 91' lang='lat' dir='ltr'>pro</span> <span class='ocrx_word' id='word_1_606' title='bbox 2805 3635 3002 3709; x_wconf 91' lang='lat' dir='ltr'>aliquo</span> <span class='ocrx_word' id='word_1_607' title='bbox 3021 3656 3263 3700; x_wconf 81' lang='lat' dir='ltr'>munere</span> <span class='ocrx_word' id='word_1_608' title='bbox 3292 3647 3364 3701; x_wconf 87' lang='lat' dir='ltr'>ad</span> <span class='ocrx_word' id='word_1_609' title='bbox 3396 3630 3729 3709; x_wconf 64' lang='lat' dir='ltr'>reconcilio.</span> <span class='ocrx_word' id='word_1_610' title='bbox 3784 3707 3791 3715; x_wconf 86' lang='grc'><em>,</em></span> 
     </span>
    </p>
   </div>
   <div class='ocr_carea' id='block_1_95' title="bbox 2083 3718 3725 3797">
    <p class='ocr_par' dir='ltr' id='par_1_95' title="bbox 2083 3718 3725 3797">
     <span class='ocr_line' id='line_1_97' title="bbox 2083 3718 3725 3797; baseline 0.014 -23"><span class='ocrx_word' id='word_1_611' title='bbox 2083 3718 2300 3775; x_wconf 88' lang='lat' dir='ltr'>tionem</span> <span class='ocrx_word' id='word_1_612' title='bbox 2332 3720 2443 3775; x_wconf 90' lang='lat' dir='ltr'>add</span> <span class='ocrx_word' id='word_1_613' title='bbox 2454 3721 2657 3791; x_wconf 87' lang='lat' dir='ltr'>ucatis,</span> <span class='ocrx_word' id='word_1_614' title='bbox 2679 3721 2765 3779; x_wconf 92' lang='lat' dir='ltr'>vel</span> <span class='ocrx_word' id='word_1_615' title='bbox 2790 3730 2923 3797; x_wconf 91' lang='lat' dir='ltr'>post</span> <span class='ocrx_word' id='word_1_616' title='bbox 2952 3730 3478 3792; x_wconf 90' lang='lat' dir='ltr'>reconciliationem</span> <span class='ocrx_word' id='word_1_617' title='bbox 3499 3753 3600 3795; x_wconf 88' lang='lat' dir='ltr'>eos</span> <span class='ocrx_word' id='word_1_618' title='bbox 3614 3756 3725 3796; x_wconf 47' lang='lat' dir='ltr'>ine-</span> 
     </span>
    </p>
   </div>
   <div class='ocr_carea' id='block_1_96' title="bbox 2081 3809 3083 3883">
    <p class='ocr_par' dir='ltr' id='par_1_96' title="bbox 2081 3809 3083 3883">
     <span class='ocr_line' id='line_1_98' title="bbox 2081 3809 3083 3883; baseline 0.012 -20"><span class='ocrx_word' id='word_1_619' title='bbox 2081 3809 2336 3883; x_wconf 87' lang='lat' dir='ltr'>gligatis,</span> <span class='ocrx_word' id='word_1_620' title='bbox 2360 3810 2517 3882; x_wconf 89' lang='lat' dir='ltr'>quod</span> <span class='ocrx_word' id='word_1_621' title='bbox 2548 3812 2945 3870; x_wconf 87' lang='lat' dir='ltr'>Simoniacum</span> <span class='ocrx_word' id='word_1_622' title='bbox 2974 3822 3083 3876; x_wconf 89' lang='lat' dir='ltr'>est.</span> 
     </span>
    </p>
   </div>
   <div class='ocr_carea' id='block_1_97' title="bbox 2117 3917 3682 4003">
    <p class='ocr_par' dir='ltr' id='par_1_97' title="bbox 2117 3917 3682 4003">
     <span class='ocr_line' id='line_1_99' title="bbox 2117 3917 3682 4003; baseline 0.013 -31"><span class='ocrx_word' id='word_1_623' title='bbox 2117 3917 2253 3973; x_wconf 78' lang='lat' dir='ltr'>CAP.</span> <span class='ocrx_word' id='word_1_624' title='bbox 2283 3917 2351 3973; x_wconf 84' lang='lat' dir='ltr'>X.</span> <span class='ocrx_word' id='word_1_625' title='bbox 2380 3946 2451 3961; x_wconf 90' lang='lat'><strong><em>—</em></strong></span> <span class='ocrx_word' id='word_1_626' title='bbox 2480 3919 2555 3975; x_wconf 88' lang='lat' dir='ltr'>De</span> <span class='ocrx_word' id='word_1_627' title='bbox 2581 3920 2810 3992; x_wconf 78' lang='lat' dir='ltr'>relapsis</span> <span class='ocrx_word' id='word_1_628' title='bbox 2837 3930 2957 3994; x_wconf 86' lang='lat' dir='ltr'>post</span> <span class='ocrx_word' id='word_1_629' title='bbox 2984 3925 3267 3998; x_wconf 79' lang='lat' dir='ltr'>publicam</span> <span class='ocrx_word' id='word_1_630' title='bbox 3288 3934 3682 4003; x_wconf 79' lang='lat' dir='ltr'>pamilenliam.</span> 
     </span>
    </p>
   </div>
   <div class='ocr_carea' id='block_1_98' title="bbox 2151 4014 3723 4099">
    <p class='ocr_par' dir='ltr' id='par_1_98' title="bbox 2151 4014 3723 4099">
     <span class='ocr_line' id='line_1_100' title="bbox 2151 4014 3723 4099; baseline 0.013 -28"><span class='ocrx_word' id='word_1_631' title='bbox 2151 4014 2409 4072; x_wconf 81' lang='lat' dir='ltr'>Sollicita</span> <span class='ocrx_word' id='word_1_632' title='bbox 2436 4015 2750 4089; x_wconf 85' lang='lat' dir='ltr'>providete,</span> <span class='ocrx_word' id='word_1_633' title='bbox 2773 4025 2839 4076; x_wconf 91' lang='lat' dir='ltr'>ut</span> <span class='ocrx_word' id='word_1_634' title='bbox 2858 4019 2909 4077; x_wconf 89' lang='lat' dir='ltr'>si</span> <span class='ocrx_word' id='word_1_635' title='bbox 2939 4021 3120 4097; x_wconf 91' lang='lat' dir='ltr'>aliqui</span> <span class='ocrx_word' id='word_1_636' title='bbox 3152 4033 3284 4099; x_wconf 91' lang='lat' dir='ltr'>post</span> <span class='ocrx_word' id='word_1_637' title='bbox 3311 4032 3723 4097; x_wconf 84' lang='lat' dir='ltr'>reconciliatio-</span> 
     </span>
    </p>
   </div>
   <div class='ocr_carea' id='block_1_99' title="bbox 2080 4104 3718 4199">
    <p class='ocr_par' dir='ltr' id='par_1_99' title="bbox 2080 4104 3718 4199">
     <span class='ocr_line' id='line_1_101' title="bbox 2080 4104 3718 4199; baseline 0.012 -39"><span class='ocrx_word' id='word_1_638' title='bbox 2080 4122 2216 4161; x_wconf 89' lang='lat' dir='ltr'>nem</span> <span class='ocrx_word' id='word_1_639' title='bbox 2264 4104 2649 4199; x_wconf 77' lang='lat' dir='ltr'>publicamin</span> <span class='ocrx_word' id='word_1_640' title='bbox 2680 4108 2983 4181; x_wconf 86' lang='lat' dir='ltr'>publicum</span> <span class='ocrx_word' id='word_1_641' title='bbox 3029 4119 3337 4186; x_wconf 86' lang='lat' dir='ltr'>peccatum</span> <span class='ocrx_word' id='word_1_642' title='bbox 3384 4120 3718 4199; x_wconf 76' lang='lat' dir='ltr'>ceciderint,</span> 
     </span>
    </p>
   </div>
   <div class='ocr_carea' id='block_1_100' title="bbox 2078 4193 3724 4287">
    <p class='ocr_par' dir='ltr' id='par_1_100' title="bbox 2078 4193 3724 4287">
     <span class='ocr_line' id='line_1_102' title="bbox 2078 4193 3724 4287; baseline 0.013 -38"><span class='ocrx_word' id='word_1_643' title='bbox 2078 4194 2152 4250; x_wconf 90' lang='lat' dir='ltr'>ad</span> <span class='ocrx_word' id='word_1_644' title='bbox 2197 4193 2466 4252; x_wconf 84' lang='lat' dir='ltr'>notitiam</span> <span class='ocrx_word' id='word_1_645' title='bbox 2515 4212 2707 4287; x_wconf 88' lang='lat' dir='ltr'>meam</span> <span class='ocrx_word' id='word_1_646' title='bbox 2752 4200 3079 4273; x_wconf 79' lang='lat' dir='ltr'>perferatis,</span> <span class='ocrx_word' id='word_1_647' title='bbox 3114 4207 3177 4262; x_wconf 90' lang='lat' dir='ltr'>ut</span> <span class='ocrx_word' id='word_1_648' title='bbox 3221 4205 3423 4266; x_wconf 88' lang='lat' dir='ltr'>sciatis</span> <span class='ocrx_word' id='word_1_649' title='bbox 3470 4193 3724 4287; x_wconf 78' lang='lat' dir='ltr'>qualiter</span> 
     </span>
    </p>
   </div>
   <div class='ocr_carea' id='block_1_101' title="bbox 2079 4283 3370 4364">
    <p class='ocr_par' dir='ltr' id='par_1_101' title="bbox 2079 4283 3370 4364">
     <span class='ocr_line' id='line_1_103' title="bbox 2079 4283 3370 4364; baseline 0.013 -26"><span class='ocrx_word' id='word_1_650' title='bbox 2079 4283 2215 4339; x_wconf 89' lang='lat' dir='ltr'>inde</span> <span class='ocrx_word' id='word_1_651' title='bbox 2241 4287 2302 4341; x_wconf 87' lang='lat' dir='ltr'>et</span> <span class='ocrx_word' id='word_1_652' title='bbox 2328 4301 2431 4341; x_wconf 89' lang='lat' dir='ltr'>vos</span> <span class='ocrx_word' id='word_1_653' title='bbox 2455 4289 2512 4341; x_wconf 91' lang='lat' dir='ltr'>et</span> <span class='ocrx_word' id='word_1_654' title='bbox 2537 4286 2861 4361; x_wconf 83' lang='lat' dir='ltr'>presbyteri</span> <span class='ocrx_word' id='word_1_655' title='bbox 2891 4307 3062 4364; x_wconf 84' lang='lat' dir='ltr'>agere</span> <span class='ocrx_word' id='word_1_656' title='bbox 3087 4294 3370 4354; x_wconf 88' lang='lat' dir='ltr'>debeatis.</span> 
     </span>
    </p>
   </div>
   <div class='ocr_carea' id='block_1_102' title="bbox 2110 4390 3688 4479">
    <p class='ocr_par' dir='ltr' id='par_1_102' title="bbox 2110 4390 3688 4479">
     <span class='ocr_line' id='line_1_104' title="bbox 2110 4390 3688 4479; baseline 0.013 -34"><span class='ocrx_word' id='word_1_657' title='bbox 2110 4390 2248 4447; x_wconf 75' lang='lat' dir='ltr'>CAP.</span> <span class='ocrx_word' id='word_1_658' title='bbox 2278 4391 2371 4447; x_wconf 89' lang='grc' dir='ltr'>ΧΙ.</span> <span class='ocrx_word' id='word_1_659' title='bbox 2397 4422 2463 4434; x_wconf 90' lang='lat'><strong><em>—</em></strong></span> <span class='ocrx_word' id='word_1_660' title='bbox 2493 4392 2570 4450; x_wconf 88' lang='lat' dir='ltr'>Ne</span> <span class='ocrx_word' id='word_1_661' title='bbox 2696 4394 3437 4479; x_wconf 75' lang='lat' dir='ltr'>proclian</span> <span class='ocrx_word' id='word_1_662' title='bbox 3456 4425 3688 4476; x_wconf 68' lang='lat' dir='ltr'>munere</span> 
     </span>
    </p>
   </div>
   <div class='ocr_carea' id='block_1_103' title="bbox 2547 4464 3257 4533">
    <p class='ocr_par' dir='ltr' id='par_1_103' title="bbox 2547 4464 3257 4533">
     <span class='ocr_line' id='line_1_105' title="bbox 2547 4464 3257 4533; baseline 0.018 -13"><span class='ocrx_word' id='word_1_663' title='bbox 2547 4464 2891 4525; x_wconf 80' lang='lat' dir='ltr'>adducantur</span> <span class='ocrx_word' id='word_1_664' title='bbox 2914 4485 3023 4527; x_wconf 80' lang='lat' dir='ltr'>non</span> <span class='ocrx_word' id='word_1_665' title='bbox 3053 4464 3257 4533; x_wconf 73' lang='lat' dir='ltr'>idonei.</span> 
     </span>
    </p>
   </div>
   <div class='ocr_carea' id='block_1_104' title="bbox 2149 4549 3715 4641">
    <p class='ocr_par' dir='ltr' id='par_1_104' title="bbox 2149 4549 3715 4641">
     <span class='ocr_line' id='line_1_106' title="bbox 2149 4549 3715 4641; baseline 0.014 -35"><span class='ocrx_word' id='word_1_666' title='bbox 2149 4549 2405 4607; x_wconf 80' lang='lat' dir='ltr'>Sollicita</span> <span class='ocrx_word' id='word_1_667' title='bbox 2426 4552 2728 4624; x_wconf 86' lang='lat' dir='ltr'>.providete</span> <span class='ocrx_word' id='word_1_668' title='bbox 2751 4556 2822 4612; x_wconf 93' lang='lat' dir='ltr'>de</span> <span class='ocrx_word' id='word_1_669' title='bbox 2844 4556 2964 4615; x_wconf 87' lang='lat' dir='ltr'>vita</span> <span class='ocrx_word' id='word_1_670' title='bbox 2988 4564 3047 4616; x_wconf 91' lang='lat' dir='ltr'>et</span> <span class='ocrx_word' id='word_1_671' title='bbox 3075 4560 3322 4623; x_wconf 86' lang='lat' dir='ltr'>scientia</span> <span class='ocrx_word' id='word_1_672' title='bbox 3349 4549 3715 4641; x_wconf 39' lang='lat' dir='ltr'>clericorum,</span> 
     </span>
    </p>
   </div>
   <div class='ocr_carea' id='block_1_105' title="bbox 2000 4641 3717 4747">
    <p class='ocr_par' dir='ltr' id='par_1_105' title="bbox 2000 4641 3717 4747">
     <span class='ocr_line' id='line_1_107' title="bbox 2000 4641 3717 4747; baseline 0.01 -50"><span class='ocrx_word' id='word_1_673' title='bbox 2000 4683 2045 4747; x_wconf 69' lang='grc' dir='ltr'><strong>Β</strong></span> <span class='ocrx_word' id='word_1_674' title='bbox 2073 4656 2226 4712; x_wconf 82' lang='lat' dir='ltr'>quos</span> <span class='ocrx_word' id='word_1_675' title='bbox 2257 4641 2329 4702; x_wconf 84' lang='lat' dir='ltr'>ad</span> <span class='ocrx_word' id='word_1_676' title='bbox 2363 4641 2505 4747; x_wconf 38' lang='lat'>74].</span> <span class='ocrx_word' id='word_1_677' title='bbox 2534 4642 2963 4747; x_wconf 69' lang='lat' dir='ltr'>ordinationem</span> <span class='ocrx_word' id='word_1_678' title='bbox 2995 4649 3298 4747; x_wconf 81' lang='lat' dir='ltr'>adducetis</span> <span class='ocrx_word' id='word_1_679' title='bbox 3329 4672 3343 4711; x_wconf 87' lang='lat'><strong>:</strong></span> <span class='ocrx_word' id='word_1_680' title='bbox 3376 4673 3448 4714; x_wconf 90' lang='lat' dir='ltr'>ne</span> <span class='ocrx_word' id='word_1_681' title='bbox 3474 4674 3583 4747; x_wconf 82' lang='lat' dir='ltr'>pro</span> <span class='ocrx_word' id='word_1_682' title='bbox 3612 4658 3717 4721; x_wconf 86' lang='lat' dir='ltr'>ali-</span> 
     </span>
    </p>
   </div>
   <div class='ocr_carea' id='block_1_106' title="bbox 2068 4730 3717 4822">
    <p class='ocr_par' dir='ltr' id='par_1_106' title="bbox 2068 4730 3717 4822">
     <span class='ocr_line' id='line_1_108' title="bbox 2068 4730 3717 4822; baseline 0.012 -38"><span class='ocrx_word' id='word_1_683' title='bbox 2068 4746 2204 4801; x_wconf 78' lang='lat' dir='ltr'>quo</span> <span class='ocrx_word' id='word_1_684' title='bbox 2222 4746 2463 4787; x_wconf 88' lang='lat' dir='ltr'>munere</span> <span class='ocrx_word' id='word_1_685' title='bbox 2490 4730 2635 4822; x_wconf 89' lang='lat' dir='ltr'>tales</span> <span class='ocrx_word' id='word_1_686' title='bbox 2665 4732 2739 4789; x_wconf 90' lang='lat' dir='ltr'>ad</span> <span class='ocrx_word' id='word_1_687' title='bbox 2770 4734 3161 4796; x_wconf 88' lang='lat' dir='ltr'>ordinandum</span> <span class='ocrx_word' id='word_1_688' title='bbox 3186 4741 3594 4819; x_wconf 85' lang='lat' dir='ltr'>introducatis,</span> <span class='ocrx_word' id='word_1_689' title='bbox 3617 4748 3717 4822; x_wconf 82' lang='lat' dir='ltr'>qui</span> 
     </span>
    </p>
   </div>
   <div class='ocr_carea' id='block_1_107' title="bbox 2072 4818 3687 4896">
    <p class='ocr_par' dir='ltr' id='par_1_107' title="bbox 2072 4818 3687 4896">
     <span class='ocr_line' id='line_1_109' title="bbox 2072 4818 3687 4896; baseline 0.011 -21"><span class='ocrx_word' id='word_1_690' title='bbox 2072 4818 2364 4876; x_wconf 86' lang='lat' dir='ltr'>introduci</span> <span class='ocrx_word' id='word_1_691' title='bbox 2386 4837 2504 4877; x_wconf 91' lang='lat' dir='ltr'>non</span> <span class='ocrx_word' id='word_1_692' title='bbox 2525 4821 2757 4892; x_wconf 90' lang='lat' dir='ltr'>debent,</span> <span class='ocrx_word' id='word_1_693' title='bbox 2782 4824 3058 4896; x_wconf 90' lang='lat' dir='ltr'>quoniam</span> <span class='ocrx_word' id='word_1_694' title='bbox 3086 4829 3487 4892; x_wconf 85' lang='lat' dir='ltr'>Simoniacum</span> <span class='ocrx_word' id='word_1_695' title='bbox 3510 4818 3652 4893; x_wconf 33' lang='lat' dir='ltr'>est:</span> <span class='ocrx_word' id='word_1_696' title='bbox 3682 4876 3687 4881; x_wconf 87' lang='grc'><strong>-</strong></span> 
     </span>
    </p>
   </div>
   <div class='ocr_carea' id='block_1_108' title="bbox 2107 4924 3701 5011">
    <p class='ocr_par' dir='ltr' id='par_1_108' title="bbox 2107 4924 3701 5011">
     <span class='ocr_line' id='line_1_110' title="bbox 2107 4924 3701 5011; baseline 0.016 -31"><span class='ocrx_word' id='word_1_697' title='bbox 2107 4924 2241 4981; x_wconf 74' lang='lat' dir='ltr'>CAP.</span> <span class='ocrx_word' id='word_1_698' title='bbox 2276 4924 2395 4983; x_wconf 84' lang='lat' dir='ltr'>XII.</span> <span class='ocrx_word' id='word_1_699' title='bbox 2420 4957 2488 4967; x_wconf 93' lang='lat'>-—</span> <span class='ocrx_word' id='word_1_700' title='bbox 2510 4929 2577 4986; x_wconf 85' lang='lat' dir='ltr'>Ut</span> <span class='ocrx_word' id='word_1_701' title='bbox 2603 4928 2823 4988; x_wconf 80' lang='lat' dir='ltr'>uideant</span> <span class='ocrx_word' id='word_1_702' title='bbox 2862 4934 3122 5005; x_wconf 82' lang='lat' dir='ltr'>quomodo</span> <span class='ocrx_word' id='word_1_703' title='bbox 3149 4937 3393 5009; x_wconf 79' lang='lat' dir='ltr'>capitula</span> <span class='ocrx_word' id='word_1_704' title='bbox 3410 4941 3532 4998; x_wconf 81' lang='lat' dir='ltr'>sibi</span> <span class='ocrx_word' id='word_1_705' title='bbox 3550 4940 3701 5011; x_wconf 27' lang='lat' dir='ltr'>data,</span> 
     </span>
    </p>
   </div>
   <div class='ocr_carea' id='block_1_109' title="bbox 2583 5018 3203 5096">
    <p class='ocr_par' dir='ltr' id='par_1_109' title="bbox 2583 5018 3203 5096">
     <span class='ocr_line' id='line_1_111' title="bbox 2583 5018 3203 5096; baseline 0.01 -21"><span class='ocrx_word' id='word_1_706' title='bbox 2583 5018 2864 5077; x_wconf 82' lang='lat' dir='ltr'>observent</span> <span class='ocrx_word' id='word_1_707' title='bbox 2878 5023 3203 5096; x_wconf 78' lang='lat' dir='ltr'>presbyteri.</span> 
     </span>
    </p>
   </div>
   <div class='ocr_carea' id='block_1_110' title="bbox 2142 5102 3715 5194">
    <p class='ocr_par' dir='ltr' id='par_1_110' title="bbox 2142 5102 3715 5194">
     <span class='ocr_line' id='line_1_112' title="bbox 2142 5102 3715 5194; baseline 0.018 -36"><span class='ocrx_word' id='word_1_708' title='bbox 2142 5102 2400 5194; x_wconf 84' lang='lat' dir='ltr'>sollicite</span> <span class='ocrx_word' id='word_1_709' title='bbox 2418 5106 2732 5178; x_wconf 86' lang='lat' dir='ltr'>providete,</span> <span class='ocrx_word' id='word_1_710' title='bbox 2746 5112 3069 5175; x_wconf 84' lang='lat' dir='ltr'>secundum</span> <span class='ocrx_word' id='word_1_711' title='bbox 3087 5112 3345 5187; x_wconf 81' lang='lat' dir='ltr'>capitula</span> <span class='ocrx_word' id='word_1_712' title='bbox 3362 5118 3715 5194; x_wconf 63' lang='lat' dir='ltr'>presbyteri!</span> 
     </span>
    </p>
   </div>
   <div class='ocr_carea' id='block_1_111' title="bbox 2071 5192 3717 5277">
    <p class='ocr_par' dir='ltr' id='par_1_111' title="bbox 2071 5192 3717 5277">
     <span class='ocr_line' id='line_1_113' title="bbox 2071 5192 3717 5277; baseline 0.012 -29"><span class='ocrx_word' id='word_1_713' title='bbox 2071 5210 2105 5249; x_wconf 88' lang='lat' dir='ltr'>a</span> <span class='ocrx_word' id='word_1_714' title='bbox 2134 5192 2302 5250; x_wconf 89' lang='lat' dir='ltr'>nobis</span> <span class='ocrx_word' id='word_1_715' title='bbox 2332 5194 2491 5265; x_wconf 87' lang='lat' dir='ltr'>data,</span> <span class='ocrx_word' id='word_1_716' title='bbox 2513 5196 2585 5251; x_wconf 92' lang='lat' dir='ltr'>de</span> <span class='ocrx_word' id='word_1_717' title='bbox 2614 5198 2880 5270; x_wconf 88' lang='lat' dir='ltr'>portione</span> <span class='ocrx_word' id='word_1_718' title='bbox 2906 5200 3183 5273; x_wconf 71' lang='lat' dir='ltr'>ecclesiis,</span> <span class='ocrx_word' id='word_1_719' title='bbox 3207 5203 3349 5276; x_wconf 84' lang='lat' dir='ltr'>quid</span> <span class='ocrx_word' id='word_1_720' title='bbox 3372 5206 3514 5267; x_wconf 85' lang='lat' dir='ltr'>inde</span> <span class='ocrx_word' id='word_1_721' title='bbox 3542 5192 3603 5273; x_wconf 82' lang='lat' dir='ltr'>in</span> <span class='ocrx_word' id='word_1_722' title='bbox 3628 5228 3717 5277; x_wconf 76' lang='lat' dir='ltr'>ao-</span> 
     </span>
    </p>
   </div>
   <div class='ocr_carea' id='block_1_112' title="bbox 2064 5280 3714 5361">
    <p class='ocr_par' dir='ltr' id='par_1_112' title="bbox 2064 5280 3714 5361">
     <span class='ocr_line' id='line_1_114' title="bbox 2064 5280 3714 5361; baseline 0.013 -23"><span class='ocrx_word' id='word_1_723' title='bbox 2064 5281 2261 5345; x_wconf 79' lang='lat' dir='ltr'>clesiis</span> <span class='ocrx_word' id='word_1_724' title='bbox 2293 5288 2494 5357; x_wconf 88' lang='lat' dir='ltr'>pareat</span> <span class='ocrx_word' id='word_1_725' title='bbox 2524 5302 2537 5342; x_wconf 87' lang='lat'><strong>:</strong></span> <span class='ocrx_word' id='word_1_726' title='bbox 2572 5286 2674 5343; x_wconf 89' lang='lat' dir='ltr'>sed</span> <span class='ocrx_word' id='word_1_727' title='bbox 2721 5291 2780 5345; x_wconf 90' lang='lat' dir='ltr'>et</span> <span class='ocrx_word' id='word_1_728' title='bbox 2827 5289 2899 5346; x_wconf 91' lang='lat' dir='ltr'>de</span> <span class='ocrx_word' id='word_1_729' title='bbox 2928 5280 3345 5353; x_wconf 87' lang='lat' dir='ltr'>matriculariis</span> <span class='ocrx_word' id='word_1_730' title='bbox 3373 5301 3434 5354; x_wconf 92' lang='lat' dir='ltr'>et</span> <span class='ocrx_word' id='word_1_731' title='bbox 3462 5299 3535 5356; x_wconf 90' lang='lat' dir='ltr'>de</span> <span class='ocrx_word' id='word_1_732' title='bbox 3581 5300 3714 5361; x_wconf 77' lang='lat' dir='ltr'>aliis</span> 
     </span>
    </p>
   </div>
   <div class='ocr_carea' id='block_1_113' title="bbox 2069 5371 3715 5457">
    <p class='ocr_par' dir='ltr' id='par_1_113' title="bbox 2069 5371 3715 5457">
     <span class='ocr_line' id='line_1_115' title="bbox 2069 5371 3715 5457; baseline 0.014 -30"><span class='ocrx_word' id='word_1_733' title='bbox 2069 5371 2342 5453; x_wconf 84' lang='lat' dir='ltr'>capitulis</span> <span class='ocrx_word' id='word_1_734' title='bbox 2371 5375 2724 5448; x_wconf 88' lang='lat' dir='ltr'>presbyteris</span> <span class='ocrx_word' id='word_1_735' title='bbox 2754 5394 2789 5434; x_wconf 90' lang='lat' dir='ltr'>a</span> <span class='ocrx_word' id='word_1_736' title='bbox 2819 5378 2987 5436; x_wconf 88' lang='lat' dir='ltr'>nobis</span> <span class='ocrx_word' id='word_1_737' title='bbox 3017 5381 3191 5453; x_wconf 90' lang='lat' dir='ltr'>datis,</span> <span class='ocrx_word' id='word_1_738' title='bbox 3224 5384 3475 5457; x_wconf 83' lang='lat' dir='ltr'>qualiter</span> <span class='ocrx_word' id='word_1_739' title='bbox 3507 5387 3608 5449; x_wconf 84' lang='lat' dir='ltr'>illa</span> <span class='ocrx_word' id='word_1_740' title='bbox 3636 5394 3715 5453; x_wconf 85' lang='lat' dir='ltr'>te-</span> 
     </span>
    </p>
   </div>
   <div class='ocr_carea' id='block_1_114' title="bbox 2067 5466 2717 5522">
    <p class='ocr_par' dir='ltr' id='par_1_114' title="bbox 2067 5466 2717 5522">
     <span class='ocr_line' id='line_1_116' title="bbox 2067 5466 2717 5522; baseline 0.003 -2"><span class='ocrx_word' id='word_1_741' title='bbox 2067 5466 2247 5520; x_wconf 88' lang='lat' dir='ltr'>neant</span> <span class='ocrx_word' id='word_1_742' title='bbox 2276 5466 2333 5520; x_wconf 93' lang='lat' dir='ltr'>et</span> <span class='ocrx_word' id='word_1_743' title='bbox 2354 5469 2717 5522; x_wconf 88' lang='lat' dir='ltr'>conservent.</span> 
     </span>
    </p>
   </div>
   <div class='ocr_carea' id='block_1_115' title="bbox 2067 5568 3713 5648">
    <p class='ocr_par' dir='ltr' id='par_1_115' title="bbox 2067 5568 3713 5648">
     <span class='ocr_line' id='line_1_117' title="bbox 2067 5568 3713 5648; baseline 0.013 -20"><span class='ocrx_word' id='word_1_744' title='bbox 2067 5568 2203 5629; x_wconf 62' lang='lat' dir='ltr'>Car.</span> <span class='ocrx_word' id='word_1_745' title='bbox 2225 5569 2372 5628; x_wconf 86' lang='grc' dir='ltr'><strong>ΧΙΙΙ.</strong></span> <span class='ocrx_word' id='word_1_746' title='bbox 2396 5602 2465 5612; x_wconf 87' lang='grc'><strong><em>-</em></strong></span> <span class='ocrx_word' id='word_1_747' title='bbox 2486 5572 2755 5648; x_wconf 67' lang='lat' dir='ltr'>Quomodo</span> <span class='ocrx_word' id='word_1_748' title='bbox 2783 5575 3065 5644; x_wconf 74' lang='lat' dir='ltr'>eligendus</span> <span class='ocrx_word' id='word_1_749' title='bbox 3091 5580 3165 5636; x_wconf 85' lang='lat' dir='ltr'>sit</span> <span class='ocrx_word' id='word_1_750' title='bbox 3183 5581 3419 5642; x_wconf 73' lang='lat' dir='ltr'>decenas</span> <span class='ocrx_word' id='word_1_751' title='bbox 3448 5587 3519 5645; x_wconf 29' lang='lat' dir='ltr'>in.</span> <span class='ocrx_word' id='word_1_752' title='bbox 3536 5587 3713 5648; x_wconf 71' lang='lat' dir='ltr'>locum</span> 
     </span>
    </p>
   </div>
   <div class='ocr_carea' id='block_1_116' title="bbox 2574 5644 3199 5718">
    <p class='ocr_par' dir='ltr' id='par_1_116' title="bbox 2574 5644 3199 5718">
     <span class='ocr_line' id='line_1_118' title="bbox 2574 5644 3199 5718; baseline 0.014 -17"><span class='ocrx_word' id='word_1_753' title='bbox 2574 5644 2818 5718; x_wconf 78' lang='lat' dir='ltr'>defuncti</span> <span class='ocrx_word' id='word_1_754' title='bbox 2847 5648 2930 5705; x_wconf 78' lang='lat' dir='ltr'>uel</span> <span class='ocrx_word' id='word_1_755' title='bbox 2961 5651 3199 5711; x_wconf 80' lang='lat' dir='ltr'>inutilis.</span> 
     </span>
    </p>
   </div>
   <div class='ocr_carea' id='block_1_117' title="bbox 2138 5731 3712 5831">
    <p class='ocr_par' dir='ltr' id='par_1_117' title="bbox 2138 5731 3712 5831">
     <span class='ocr_line' id='line_1_119' title="bbox 2138 5731 3712 5831; baseline 0.018 -43"><span class='ocrx_word' id='word_1_756' title='bbox 2138 5731 2200 5794; x_wconf 84' lang='lat' dir='ltr'>Si</span> <span class='ocrx_word' id='word_1_757' title='bbox 2229 5733 2485 5792; x_wconf 85' lang='lat' dir='ltr'>decanus</span> <span class='ocrx_word' id='word_1_758' title='bbox 2505 5733 2566 5799; x_wconf 88' lang='lat' dir='ltr'>in</span> <span class='ocrx_word' id='word_1_759' title='bbox 2584 5733 2912 5797; x_wconf 83' lang='lat' dir='ltr'>ministerio</span> <span class='ocrx_word' id='word_1_760' title='bbox 2930 5742 3122 5800; x_wconf 85' lang='lat' dir='ltr'>vestro</span> <span class='ocrx_word' id='word_1_761' title='bbox 3138 5746 3247 5802; x_wconf 86' lang='lat' dir='ltr'>aut</span> <span class='ocrx_word' id='word_1_762' title='bbox 3260 5746 3584 5831; x_wconf 80' lang='lat' dir='ltr'>negligens,</span> <span class='ocrx_word' id='word_1_763' title='bbox 3606 5756 3712 5815; x_wconf 77' lang='lat' dir='ltr'>aut</span> 
     </span>
    </p>
   </div>
  </div>
