4204 6488
531 435 661 500 ’803

1487 435 1868 498 HINCMABI
1913 433 2358 498 ItHEMENSlS
2400 433 2992 500 ARCHIEPISCOPI

3820 440 3945 502 804

539 569 763 627 inutilis
810 574 867 627 et
913 567 1326 643 incorrigibilis
1357 569 1553 637 fuerit,
1581 568 1670 625 vel
1719 567 1932 640 aliquis
1977 584 2178 624 eorum
2209 568 2262 636 Α
2293 573 2382 623 est
2412 567 2644 624 interim
2693 569 3052 638 constituite,
3085 571 3267 626 donec
3313 571 3386 626 ad
3435 587 3626 628 meam
3663 571 3941 628 notitiam

535 659 762 729 obierit,
795 675 910 715 non
958 657 1386 714 inconsiderate
1434 658 1720 713 decanum
1771 657 1988 730 eligite.
2013 659 2083 712 Et
2130 657 2180 712 si
2289 657 2492 713 electio
2535 657 2638 712 illa
2666 659 2966 730 referatur,
2989 661 3047 714 et
3073 675 3204 716 mea
3234 659 3622 717 constiutione
3671 665 3776 717 aut
3803 677 3944 718 con-

532 763 640 822 ego
671 748 732 804 in
763 747 1084 822 longinquo
1117 763 1275 815 sum,
1297 747 1583 803 decanum
1616 746 1783 802 illum
1817 746 1916 818 qui
1959 745 2180 802 electus
2289 747 2575 814 firmetur,
2607 751 2710 802 aut
2737 746 3104 803 immutetur.

1783 1049 2680 1154 EINGMARI

1618 1247 2260 1306 ARCHIEPISCOPI
2318 1247 2800 1306 RHEMENSIS

857 1374 2693 1558 conoNATloNEs
2827 1422 3598 1553 nec}le

1231 1962 2054 2080 CORONATIO
2157 1960 2684 2077 CAROLI
2781 1964 3208 2080 CALVI

1492 2171 1739 2250 Quando
1783 2173 1844 2232 in
1887 2191 2072 2252 regno
2113 2170 2396 2235 Lotharii
2429 2183 2794 2234 consecratus
2829 2183 2932 2234 est.

2003 2339 2402 2351 _

513 2483 684 2550 Ordo
718 2478 1005 2564 qualiter
1039 2473 1326 2564 Csnows
1364 2489 1482 2564 rex
1523 2469 1648 2532 fuit
1690 2469 2158 2564 coronatusin
2195 2467 2428 2564 Mettis
2469 2469 2764 2564 civitate,
2796 2487 2976 2564 anno
3008 2465 3164 2564 869,
3207 2469 3276 2564 in
3325 2487 3558 2564 mense
3596 2467 3904 2564 Septem-

599 2556 764 2646 bris:
804 2588 848 2634 v
885 2567 1038 2632 ldus
1089 2561 1538 2647 Septembres,
1581 2576 1732 2640 quae
1780 2559 2006 2647 evenit
2052 2558 2158 2647 die
2196 2556 2492 2647 veneris.
2535 2576 2691 2622 cum
2747 2559 2891 2620 istis
2930 2559 3290 2641 episcopis,
3325 2559 3638 2647 videlicet
3698 2559 3905 2625 Hinc-

597 2645 790 2728 maro
827 2645 1353 2736 archiepiscopo,
1395 2645 2048 2736 AdveutiotAttone.
2091 2645 2398 2726 Arnulfo,
2431 2645 2794 2722 Francone,
2824 2647 3184 2725 Hincmaro
3222 2653 3290 2711 et
3322 2645 3584 2727 Odone;
3629 2650 3905 2732 quando

499 2765 508 2773 ‘
597 2749 938 2836 quondam
965 2735 1084 2808 rei
1123 2739 1492 2815 Lotharius,
1535 2736 1708 2800 illius
1746 2735 2041 2801 Lotharii
2072 2735 2521 2820 imperatoris,
2566 2737 2693 2800 fuit
2721 2741 3032 2801 mortuus
3069 2737 3138 2800 in
3177 2735 3513 2802 Placentia
3550 2739 3852 2804 civitate.

503 2941 903 3008 Annuntialio
932 2931 1500 3016 Advcmtz'¢'_epz'scopz’
1528 2941 1665 2994 ante
1695 2930 1929 2990 initium
1957 2930 2149 3016 misste
2175 2931 2222 2998 B
2251 2929 2451 3002 praesit
2478 2932 2536 2985 et
2561 2929 2766 3002 prosit,
2797 2928 3026 2986 videtur
3070 2929 3261 2999 nobis,
3294 2929 3345 2986 si
3383 2929 3547 2986 vobis
3591 2929 3802 3004 placet,
3835 2936 3906 2988 ut

584 3027 647 3086 in
677 3023 920 3085 ecclesia
951 3019 1022 3080 S.
1057 3012 1355 3098 Stephani
1389 3012 1589 3098 coram
1633 3029 1790 3090 rege,
1825 3020 1880 3071 et
1920 3012 2142 3091 episco-

515 3134 524 3142 ·
574 3109 692 3188 pia,
726 3113 784 3165 et
808 3101 946 3164 aliis
969 3095 1448 3182 quamplurimis.

569 3239 706 3296 CAP.
731 3238 774 3292 Ι.
797 3233 1002 3290 ——Vos
1031 3229 1214 3298 scitis,
1239 3232 1295 3283 et
1325 3225 1528 3282 multis
1557 3224 1614 3280 in
1647 3220 1918 3296 plurimis
1949 3219 2144 3292 regnis

500 3332 590 3386 est
619 3323 943 3398 cognitum,
975 3321 1226 3392 quantos
1263 3320 1321 3372 et
1351 3313 1553 3388 quales
1599 3315 1838 3368 eventus
1883 3314 2144 3381 tempore

499 3414 748 3474 senioris
769 3410 975 3477 nostri,
998 3423 1173 3480 quem
1205 3405 1490 3461 hactenus
1515 3399 1852 3468 habuimus,
1877 3415 1980 3471 pro
2005 3414 2144 3452 cau-

497 3505 583 3562 sis
614 3499 940 3559 notissimis
971 3493 1360 3553 communiter
1401 3488 1816 3553 sustinuimus,
1839 3489 1894 3542 et
1923 3488 2142 3557 quanto

497 3593 716 3661 dolore,
741 3592 1075 3663 quantaque
1103 3583 1374 3658 angustia
1405 3581 1475 3637 de
1495 3579 1656 3635 illius
1681 3576 1938 3632 infausta
1958 3578 2143 3629 morte

496 3699 686 3756 nuper
702 3678 979 3736 cordibus
1011 3672 1258 3748 perculsi
1293 3687 1524 3727 sumus.
1553 3667 1712 3723 Unde
1733 3664 1972 3720 unicum
1998 3663 2146 3756 refu-

493 3751 657 3848 gium
682 3775 738 3826 et
757 3765 1133 3842 singulariter
1151 3762 1383 3819 salubre
1405 3757 1738 3820 consilium,
1761 3771 1892 3828 rege
1913 3756 1970 3808 et
1991 3751 2144 3848 prin-

493 3841 621 3935 cipe
651 3864 852 3916 nostro
872 3841 1152 3912 desdituti
1192 3869 1258 3908 ac
1290 3845 1555 3915 desolati,
1579 3845 1748 3935 nobis
1785 3843 1937 3935 74?
1959 3841 2143 3935 omni-

491 3929 605 4008 bus
633 3965 762 4006 esse
791 3942 1313 4008 consideravimus,
1337 3944 1402 3994 ut
1423 3934 1671 4010 jejuniis
1701 3937 1758 3989 et
1777 3929 2142 3988 orationibus

490 4040 562 4100 ad
589 4055 725 4096 eum
746 4053 854 4092 nos
875 4035 1344 4090 converteremus
1367 4027 1465 4099 qui
1489 4027 1578 4081 est
1599 4023 1833 4094 adjutor
1855 4021 1915 4074 in
1937 4036 2142 4092 oppor.

488 4125 866 4193 tunitatibus,
897 4123 958 4178 in
986 4117 1384 4184 tribulatione,
1416 4119 1474 4171 et
1500 4113 1672 4186 cujus
1693 4115 1782 4168 est
1801 4109 2139 4190 consilium,

489 4223 557 4276 ac
589 4217 761 4289 cujus
790 4217 881 4270 est
910 4225 1179 4283 regnum,
1202 4212 1260 4263 et
1279 4211 1346 4261 ut
1365 4205 1649 4276 scriptum
1671 4204 1760 4258 est
1780 4201 1872 4257 cui
1895 4201 2143 4258 voluerit

2251 3017 2407 3074 sicut
2437 3023 2569 3090 post
2595 3017 2756 3074 illius
2781 3019 2956 3074 verba
2973 3018 3138 3075 vobis
3167 3019 3704 3088 manifestabimus,
3731 3020 3903 3094 signo

2251 3105 2580 3163 certissimo
2600 3107 2997 3163 demonstrem
3007 3109 3241 3180 us,quia
3262 3107 3431 3163 illum
3454 3125 3489 3164 a
3509 3108 3626 3164 Deo
3646 3107 3902 3166 electum

2251 3199 2310 3250 et
2329 3195 2496 3252 nobis
2517 3196 2720 3252 datum
2745 3196 3068 3269 principem
3089 3195 3405 3265 credimus,
3431 3201 3489 3254 et
3509 3197 3701 3254 eidem
3723 3197 3903 3271 largi-

2251 3283 2362 3339 tori
2392 3285 2508 3341 Deo
2537 3303 2608 3342 ex
2644 3287 2770 3343 suis
2814 3287 3114 3368 beneficiis
3147 3305 3262 3344 non
3309 3287 3498 3344 simus
3535 3288 3772 3361 ingrati,
3796 3289 3901 3346 sed

2251 3375 2572 3446 gratiarum
2597 3376 2856 3432 actiones
2882 3376 2966 3432 illi
2989 3377 3325 3444 referentes,
3347 3393 3584 3434 oremus
3605 3381 3902 3449 quatenus

2250 3467 2308 3519 et
2327 3481 2462 3520 eum
2485 3464 2654 3520 nobis
2676 3465 2748 3520 ad
2770 3463 3020 3533 salutem
3042 3469 3100 3521 et
3119 3464 3516 3522 defensionem
3540 3471 3758 3522 sanctas
3778 3484 3900 3522 sua

2251 3551 2540 3620 Ecclesiae,
2567 3556 2626 3609 et
2654 3554 2726 3609 ad
2757 3551 3040 3610 auxilium
3071 3557 3247 3626 atque
3275 3554 3601 3626 profectum
3629 3555 3899 3612 omnium

2251 3645 2540 3712 nostrum,
2563 3659 2697 3697 cum
2724 3642 2913 3699 salute
2933 3659 3000 3699 ac
3017 3659 3182 3715 pace,
3204 3647 3264 3699 et
3286 3642 3709 3716 tranquillitate
3729 3644 3899 3702 nobis

2251 3735 2552 3786 conservet
2581 3730 2824 3796 diutius,
2848 3735 2905 3786 et
2935 3749 3040 3787 nos
3079 3729 3234 3787 ﬁdeli
3262 3731 3566 3787 devotione
3603 3730 3689 3786 illi
3728 3733 3896 3790 obse-

2250 3825 2517 3892 quentes,
2537 3825 2714 3892 atque
2751 3824 2889 3892 opta
2931 3819 3250 3876 salvatione
3287 3820 3567 3888 fruentes,
3591 3820 3706 3877 sub
3737 3819 3898 3878 illius

2250 3908 2757 3965 administratione
2788 3909 2847 3964 in
2879 3925 2985 3964 suo
3015 3909 3300 3982 gubernet
3328 3907 3585 3965 servitio.

2321 4032 2456 4089 CAP.
2485 4031 2580 4088 III.
2603 4063 2672 4073 —
2695 4033 2768 4088 Et
2787 4031 2835 4089 si
2866 4031 2950 4088 illi
2983 4031 3192 4106 placet,
3214 4032 3460 4106 dignum
3491 4032 3606 4106 ipsi
3625 4038 3686 4091 et
3702 4051 3897 4093 neces-

2249 4123 2472 4179 sarium
2502 4120 2671 4178 nobis
2701 4138 2830 4178 esse
2855 4121 3105 4190 videtur,
3128 4125 3194 4177 ut
3210 4138 3280 4178 ex
3297 4121 3429 4194 ejus
3451 4139 3550 4179 ore
3578 4124 3895 4182 audiamus

2249 4213 2406 4285 quod
2437 4229 2471 4268 a
2501 4210 3002 4267 Cbristianissimo
3033 4227 3186 4285 rege,
3219 4210 3376 4267 fideli
3427 4215 3486 4268 et
3531 4213 3799 4270 unanimi
3833 4215 3892 4270 in

487 4305 650 4363 dabit
679 4302 846 4374 illud,
873 4306 930 4357 et
958 4300 1018 4356 in
1051 4314 1229 4353 manu
1260 4295 1431 4366 cujus
1457 4292 1632 4348 corda
1661 4294 1800 4346 Βυῐιῐ
1829 4306 2054 4363 regum,
2077 4295 2135 4347 οι
2165 4301 2208 4370 C
2247 4300 2480 4358 servitio
2512 4298 2670 4356 illius
2700 4299 2936 4373 populo,
2961 4299 3277 4372 unicuique
3303 4299 3364 4356 in
3389 4301 3592 4358 ordine
3622 4319 3733 4359 suo
3762 4319 3895 4360 con-

487 4395 626 4452 facit
655 4391 964 4449 unanimes
1003 4387 1266 4444 habitare
1295 4384 1354 4439 in
1385 4383 1578 4450 domo,
1612 4380 1842 4438 solvens
1873 4379 2133 4436 medium

486 4479 769 4558 pariet.
780 4484 836 4537 et
853 4479 1070 4536 faciens
1091 4479 1338 4547 utraque
1353 4489 1539 4529 unum
1555 4489 1568 4526 :
1583 4471 1958 4542 deprecantes
1973 4456 2134 4525 illius

485 4557 972 4636 misericordiam,
996 4570 1062 4622 ut
1089 4565 1252 4620 daret
1278 4562 1448 4618 nobis
1485 4575 1680 4634 regem
1711 4575 1778 4614 ac
1808 4557 2130 4632 principem

485 4660 812 4719 secundum
831 4675 931 4714 cor
959 4669 1157 4724 suum,
1178 4651 1278 4724 qui
1304 4648 1598 4721 injudicio
1621 4646 1921 4719 etjustitia
1941 4664 2048 4704 nos
2070 4647 2130 4702 in

450 4747 643 4805 “omni
669 4745 869 4803 ordine
899 4761 967 4799 ac
996 4737 1355 4814 professione
1394 4739 1636 4808 regeret,
1659 4733 1926 4803 salvaret,
1955 4739 2130 4807 atque

482 4835 816 4894 defenderet
835 4834 1007 4906 juxta
1025 4828 1382 4886 voluntatem
1411 4829 1560 4898 ejus,
1584 4830 1640 4880 et
1670 4826 1844 4880 corda
1863 4824 2128 4880 omnium

481 4930 748 4983 nostrum
771 4919 1132 4978 unanimiter
1149 4917 1206 4972 in
1229 4933 1365 4973 eum
1389 4914 1697 4970 inclinaret
1717 4918 1891 4986 atque
1912 4914 2128 4982 uniret,

480 5031 655 5088 quem
680 5013 805 5086 ipse
825 5011 897 5068 ad
921 5009 1170 5066 salutem
1189 5011 1246 5062 et
1265 5004 1588 5078 profectum
1613 5007 1876 5058 nostrum
1901 5001 2127 5074 praesci-

477 5107 604 5158 tum
625 5105 683 5158 et
698 5099 946 5156 electum
963 5101 1138 5169 atque
1159 5093 1637 5166 praedestinatum
1660 5090 1911 5146 habebat
1926 5107 2129 5146 secun-

478 5191 621 5246 dum
654 5184 1117 5245 misericordiam
1148 5199 1338 5240 suam.

547 5306 683 5362 CAP.
707 5304 776 5361 ll.
821 5335 890 5344 —
919 5301 1068 5370 Quia
1095 5299 1346 5372 denique
1375 5297 1733 5353 voluntatem
1766 5295 1888 5364 Dei,
1913 5295 2012 5367 qui
2036 5313 2128 5351 vo-

476 5393 762 5450 luntatem
781 5391 1114 5450 timentium
1138 5406 1199 5446 se
1222 5387 1376 5455 facit,
1393 5392 1450 5444 et
1465 5384 1899 5460 deprecationes
1919 5401 2122 5441 eorum

475 5482 732 5552 exaudit,
759 5482 818 5538 in
859 5480 1131 5536 concordi
1179 5476 1566 5534 unanimitate
1614 5479 1814 5531 nostra
1854 5473 2120 5532 videmus

474 5571 631 5627 hunc
657 5571 821 5643 regni
851 5570 1029 5642 hujus
1049 5569 1336 5624 haeredem
1357 5583 1486 5622 esse
1515 5564 1868 5638 legitimum,
1890 5564 1982 5619 cui
2011 5582 2118 5622 nos

473 5664 680 5735 sponte
707 5659 1134 5725 commisimus,
1167 5657 1451 5712 domnum
1478 5652 1746 5743 videlicet
1775 5657 2117 5725 praesentem
2145 5677 2195 5743 Β

2241 4389 2399 4447 venit
2426 4389 2649 4458 audire,
2673 4405 2740 4445 ac
2770 4389 2976 4445 devota
3003 4392 3198 4445 mente
3227 4389 3546 4462 suscipere.

2314 4493 2441 4544 Post
2469 4489 2588 4545 hare
2615 4503 2715 4544 rex
2737 4487 2971 4544 Carolus
2996 4487 3116 4543 haec
3133 4500 3258 4560 qua?
3285 4494 3588 4560 sequuntur
3613 4503 3716 4560 per
3741 4503 3800 4544 se
3829 4489 3890 4545 in

2239 4577 2425 4634 eadem
2455 4577 2680 4633 ecclesia
2709 4577 2916 4632 cunctis
2943 4574 3292 4632 audientibus
3317 4575 3684 4632 denuntiavit.

2310 4677 2458 4742 Quia
2485 4676 2638 4732 sicut
2666 4673 2760 4732 isti
2783 4672 3140 4731 venerabiles
3157 4673 3413 4747 episcopi
3435 4673 3614 4731 unius
3640 4689 3712 4730 ex
3741 4673 3890 4748 ipsis

2237 4781 2373 4821 voce
2402 4766 2692 4836 dixerunt,
2713 4768 2771 4820 et
2799 4763 2972 4820 certis
3003 4763 3236 4819 indiciis
3264 4779 3334 4818 ex
3369 4767 3561 4820 vestra
3590 4763 3886 4820 unanimi-

2236 4859 2354 4909 tate
2411 4856 2904 4922 monstraverunt,
2945 4856 3004 4908 et
3057 4870 3157 4908 vos
3213 4850 3604 4921 acclamastis,
3637 4869 3732 4908 me
3783 4849 3885 4908 Dei

2235 4942 2513 4998 electione
2531 4942 2603 4998 ad
2622 4948 2874 4999 vestram
2892 4941 3270 4998 salvationem
3289 4946 3344 4996 et
3359 4942 3690 5016 profectum
3710 4945 3885 5014 atque

2236 5031 2495 5102 regimen
2525 5035 2583 5086 et
2611 5030 3091 5102 gubernationem
3139 5030 3253 5086 huc
3301 5029 3604 5087 advenisse
3631 5048 3646 5087 :
3679 5031 3882 5086 sciatis

2235 5136 2328 5174 me
2360 5119 2637 5175 honorem
2669 5125 2726 5176 et
2754 5119 2976 5176 cultum
3000 5119 3100 5175 Dei
3132 5123 3307 5192 atque
3337 5124 3677 5175 sanctarum
3707 5118 3885 5176 eccle-

2233 5208 2454 5262 siarum
2503 5207 2748 5264 Domino
2797 5211 3108 5282 adjuvante
3147 5224 3506 5276 conservare,
3555 5213 3615 5264 et
3661 5225 3878 5265 unum-

2233 5314 2524 5369 quemque
2546 5302 2804 5354 vestrum
2825 5298 3148 5354 secundum
3171 5296 3264 5352 sui
3286 5297 3508 5353 ordinis
3528 5296 3878 5370 dignitatem

2231 5389 2288 5442 et
2317 5402 2625 5459 personam
2649 5388 2821 5459 juxta
2842 5404 3037 5444 meum
3060 5387 3210 5444 scire
3229 5391 3287 5442 et
3314 5403 3484 5460 posse
3511 5386 3803 5444 honorare
3821 5393 3878 5444 et

2229 5475 2471 5546 salvere,
2493 5480 2551 5532 et
2589 5475 2940 5532 honoratum
2970 5493 3035 5532 ac
3083 5476 3371 5533 salvatum
3399 5479 3596 5533 tenere
3623 5475 3794 5545 velle,
3820 5481 3880 5534 et

2227 5564 2542 5638 unicuique
2562 5566 2622 5621 in
2645 5582 2750 5621 suo
2771 5564 2974 5621 ordine
2994 5565 3321 5622 secundum
3343 5563 3456 5621 sibi
3477 5569 3880 5638 competentes

2226 5654 2382 5728 leges
2411 5659 2534 5711 tam
2563 5653 2989 5710 ecclesiasticas
3011 5671 3188 5729 quam
3220 5655 3574 5722 mundanas,
3597 5653 3789 5729 legem
3819 5659 3878 5712 et

472 5763 670 5829 regem
717 5764 785 5807 ac
831 5746 1154 5824 principem
1200 5749 1470 5804 nostrum
1509 5741 1798 5812 Carolum,
1833 5747 1896 5801 ut
1945 5743 2115 5803 nobis
2148 5741 2178 5743 ⁷
2216 5743 2514 5819 justitiam
2535 5759 2895 5817 conservare,
2913 5743 2975 5804 in
2994 5743 3103 5804 hoc
3125 5747 3190 5802 ut
3208 5743 3398 5803 honor
3415 5744 3617 5822 regius
3634 5747 3694 5804 et
3710 5748 3873 5823 poto-
