4204 6484
299 418 420 477 805

1130 417 1730 482 CORONATIONES
1778 419 2059 479 REGIAE.
2097 451 2170 464 -—
2202 418 2250 478 Ι.
2298 421 2581 482 CAROLI
2628 420 2881 483 CALVI.

3583 423 3701 484 806

301 555 424 607 stas
454 567 519 607 ac
549 543 746 607 debita
775 551 1124 618 obedientia,
1161 556 1332 622 atque
1365 551 1722 623 adjutorium
1754 552 1825 606 ad
1857 569 1942 606 re-
1975 554 2028 618 Α
2058 567 2186 606 cam
2219 551 2336 606 Noe
2393 551 2822 624 signiﬁcantem
2877 530 3143 607 Ecclesiae
3201 555 3485 609 unitatem
3539 555 3700 612 nullo

301 656 486 711 gnum
519 640 662 695 mihi
696 657 730 695 a
760 640 876 694 Deo
911 641 1058 695 743
1091 640 1292 695 datum
1323 639 1740 695 continendum
1772 645 1828 695 et
1858 641 1952 695 de-

304 730 654 785 fensandum
674 729 747 784 ab
768 745 1118 800 unoquoque
1137 737 1394 784 vestrum
1418 731 1740 784 secundum
1773 746 1948 784 suum

303 818 570 874 ordinem
588 823 646 874 et
661 817 1005 889 dignitatem
1030 823 1203 889 atque
1225 817 1669 889 possibilitatem
1695 818 1837 872 mihi
1855 836 1948 872 ex-
1979 857 1984 862 .

303 906 597 972 hibeatur,
632 905 784 961 sicut
811 906 985 960 vestri
1017 911 1412 962 antecessores
1445 907 1954 977 fideliter,juste,et

307 993 735 1050 rationabiliter
763 994 909 1049 meis
940 995 1406 1050 antecessoribus
1437 995 1843 1050 exhibuerunt.

310 1137 711 1199 Annuntialio
758 1136 1085 1199 Hincmari
1123 1137 1572 1218 archiepiscopi
1609 1140 1670 1198 in
1717 1138 1954 1199 ecclesia

859 1217 1071 1280 Sancti
1096 1217 1408 1299 Stephani.

378 1351 514 1407 CAP.
552 1353 594 1406 l.
625 1351 706 1406 Ne
729 1350 900 1406 alicui
936 1351 1079 1406 forte
1107 1350 1374 1406 videatur
1395 1353 1713 1424 incongrue
1735 1369 1799 1406 ac
1815 1369 1956 1424 prae-

307 1439 634 1514 sumptiose
675 1457 768 1496 me
797 1457 864 1496 ac
896 1440 1200 1512 provinciae
1234 1445 1445 1495 nostrze
1476 1441 1831 1496 venerabiles
1863 1458 1956 1496 co-

305 1531 616 1602 episcopos
645 1531 852 1595 facere,
876 1529 1153 1600 quoniam
1177 1530 1247 1584 de
1279 1533 1458 1584 altera
1488 1531 1783 1602 provincia
1812 1533 1960 1586 ordi-

308 1617 534 1674 nationi
557 1623 616 1674 et
639 1617 834 1674 causis
865 1617 1044 1689 hujus
1059 1617 1363 1690 provinciae
1395 1635 1501 1673 nos
1532 1619 1956 1688 immiscemus,

307 1707 458 1763 sciat
474 1724 582 1763 nos
605 1693 808 1762 contra
828 1723 1080 1763 canones
1101 1723 1298 1762 sacros
1331 1724 1444 1762 non
1475 1723 1664 1779 agere,
1681 1709 1959 1779 quoniam

312 1797 663 1854 Rhemensis
694 1801 752 1852 et
782 1797 1143 1852 Trevirensis
1192 1796 1457 1852 Ecclesia:
1490 1795 1548 1852 in
1581 1796 1690 1852 hac
1730 1797 1962 1870 regione

313 1887 564 1960 Belgica,
599 1903 737 1942 cum
785 1886 896 1942 sibi
947 1885 1280 1941 commissis
1323 1885 1615 1952 Ecclesiis,
1649 1903 1875 1942 sorores
1905 1891 1963 1942 et
2000 1927 2040 1989 Β

311 1973 832 2047 comprovinciales
852 1975 1163 2040 habentur,
1188 1974 1340 2030 sicut
1360 1975 1678 2030 auctoritas
1699 1975 1964 2030 ecclesia-

311 2065 465 2121 stica
493 2069 550 2120 et
579 2063 996 2136 antiquissima
1043 2065 1408 2119 demonstrat
1452 2064 1814 2119 consuetudo
1849 2081 1862 2120 :
1897 2081 1963 2119 ac

313 2171 420 2228 per
441 2155 551 2210 hoc
574 2153 839 2210 unanimi
863 2171 1152 2210 consensu
1177 2158 1234 2208 et
1254 2153 1557 2226 synodalia
1569 2153 1793 2224 judicia
1813 2170 1966 2208 exer-

313 2260 467 2311 cere,
496 2248 556 2300 et
598 2259 727 2315 quae
767 2255 802 2298 a
839 2243 1061 2298 sanctis
1113 2243 1382 2297 Patribus
1433 2242 1750 2296 constituta
1804 2247 1962 2312 sunt,

313 2333 532 2388 debent
561 2331 927 2387 concorditer
965 2330 1278 2394 custodire,
1312 2329 1420 2384 hac
1452 2329 1734 2402 privilegii
1766 2330 1964 2384 condi-

312 2422 473 2476 tione
497 2424 818 2485 servata,ut
836 2419 934 2492 qui
951 2420 1108 2492 prior
1128 2420 1198 2474 de
1225 2419 1536 2474 Rhemensi
1561 2423 1617 2472 et
1641 2419 1964 2474 Trevirensi

310 2509 606 2582 episcopis
639 2509 816 2564 fuerit
846 2509 1172 2577 ordinatus,
1197 2508 1355 2579 prior
1385 2508 1559 2562 etiam
1589 2507 1892 2562 habeatur.

385 2603 520 2654 CAP.
551 2599 619 2654 II.
635 2599 706 2653 Et
727 2599 818 2653 lex
838 2597 1118 2652 divinitus
1140 2595 1425 2668 inspirata
1445 2596 1705 2668 praecipit
1726 2597 1926 2651 dicens
1951 2613 1964 2650 :

311 2688 377 2743 Si
407 2688 696 2756 transieris
752 2703 848 2759 per
899 2703 1127 2742 messem
1177 2687 1346 2740 amici
1375 2687 1459 2740 tui
1483 2686 1742 2756 colligens
1769 2687 1966 2756 spicas,

312 2793 488 2832 manu
546 2776 876 2847 confricabis
923 2775 993 2830 ad
1039 2773 1500 2841 numdueandum,
1536 2774 1740 2830 falcem
1774 2779 1968 2829 autem

317 2884 436 2924 non
468 2866 695 2934 mittas,
725 2864 814 2921 vel
864 2865 1006 2936 falce
1059 2880 1171 2919 non
1225 2871 1395 2920 metus
1449 2867 1634 2932 (Deut.
1664 2880 1823 2928 xxm,
1855 2862 1966 2933 25).

320 2955 530 3012 Messis
552 2958 643 3011 est
663 2953 937 3027 populus,
963 2957 1028 3008 ut
1055 2953 1339 3008 Dominus
1371 2956 1660 3008 monstrat
1688 2951 1748 3006 in
1780 2953 1970 3007 Evan-

318 3044 495 3118 gelio,
518 3044 720 3099 dicens
745 3061 757 3099 :
783 3042 964 3098 Messis
991 3041 1210 3113 quidem
1229 3049 1308 3097 est
1327 3041 1771 3112 multa,operarii
1791 3049 1973 3095 autem

316 3137 504 3206 pauci.
539 3134 734 3205 Rogate
787 3131 1070 3187 dominum
1119 3133 1330 3194 messis,
1359 3138 1420 3185 ut
1471 3131 1652 3185 mittat
1697 3131 1972 3202 operarios

325 3225 388 3279 in
444 3239 672 3278 messem
721 3238 878 3276 suam
921 3220 1124 3292 (Matth.
1159 3238 1236 3286 1x,
1268 3221 1358 3287 37,
1389 3220 1480 3292 38)
1513 3236 1526 3274 :
1563 3219 1701 3291 quia
1737 3236 1840 3275 vos
1872 3235 1973 3290 pro

2061 645 2300 713 cogente
2329 646 2724 696 convenerunt
2756 659 2768 695 :
2803 641 2940 713 quia
2972 646 3182 696 sanctae
3215 643 3506 698 memoriae
3540 650 3703 715 pater

2059 731 2482 800 suus,domnus
2516 730 2840 785 Ludovicus
2873 730 3008 785 Pius
3041 730 3354 801 imperator
3381 734 3698 804 Augustus,

2059 836 2127 872 ex
2159 819 2430 890 progenie
2464 809 2736 874 Ludovici
2768 819 2922 890 regis
2956 820 3308 873 Francorum
3340 819 3560 892 inclyti,
3597 839 3697 893 per

2061 907 2212 962 beati
2238 908 2480 979 Remigii
2503 912 2849 963 Francorum
2873 908 3116 980 apostoli
3139 908 3483 964 catholicam
3497 911 3700 982 praedi;

2062 997 2347 1051 cationem
2377 1014 2510 1052 cum
2537 998 2761 1070 integra
2781 1001 2951 1069 gente
2981 995 3262 1064 conversi,
3285 1001 3495 1053 etcum
3515 1000 3703 1055 tribus

2067 1087 2415 1140 Francorum
2434 1085 2976 1158 millibus,exceptis
2993 1085 3318 1158 parvuliset
3338 1086 3706 1154 mulieribus,

2062 1174 2260 1245 vigilia
2290 1174 2478 1228 sancti
2509 1174 2739 1228 Pascha:
2763 1174 2817 1228 in
2843 1173 3155 1230 lthemensi
3190 1174 3492 1247 metropoli
3522 1175 3710 1247 bapti-

2064 1263 2196 1328 zati,
2230 1267 2286 1317 et
2315 1262 2544 1318 coalitus
2575 1267 2812 1335 sumpto
2844 1262 3178 1331 chrismate,
3211 1265 3366 1319 unde
3395 1264 3586 1319 adhuc
3613 1263 3710 1320 ha~

2065 1353 2292 1417 bemus,
2327 1351 2590 1423 peruncti
2632 1356 2689 1405 et
2739 1351 2794 1406 in
2842 1367 3036 1423 regem
3082 1352 3316 1419 sacrati,
3345 1357 3578 1408 exortus
3608 1368 3711 1426 per

2060 1439 2302 1495 beatum
2326 1439 2656 1507 Arnulfum,
2673 1441 2842 1510 cujus
2861 1457 3034 1494 carne
3055 1441 3206 1495 idem
3235 1441 3556 1497 Ludovicus
3579 1442 3710 1515 pius

2065 1533 2367 1600 Augustus
2390 1529 2673 1600 originem
2699 1529 2862 1584 duxit
2883 1529 3160 1594 carnis,et
3180 1547 3212 1584 a
3245 1530 3538 1602 Stephano
3560 1547 3712 1604 papa

2069 1620 2330 1674 Romano
2350 1622 2484 1673 ante
2506 1622 2716 1672 sancta:
2739 1619 2838 1672 Dei
2869 1617 3166 1689 genitricis
3195 1622 3252 1673 et
3283 1635 3512 1691 semper
3531 1619 3714 1692 Virgi-

2069 1708 2160 1762 nis
2183 1707 2374 1762 Marim
2397 1707 2599 1773 altare,
2624 1705 2829 1763 Rhemi
2852 1707 2909 1760 in
2933 1706 3339 1779 imperatorem
3362 1713 3452 1763 est
3479 1725 3714 1764 corona-

2070 1800 2250 1862 tus,et
2270 1797 2506 1850 demum
2530 1795 2780 1850 factione
2800 1797 3192 1866 quorumdam
3220 1801 3445 1852 terreno
3467 1797 3710 1869 imperio

2071 1884 2476 1951 destitutus,in
2511 1883 2844 1955 praedictam
2876 1884 3034 1956 regni
3069 1886 3714 1956 partem,unanimitate

2071 1973 2476 2045 episcoporum
2500 1977 2558 2027 et
2582 1972 2769 2027 ﬁdelis
2793 1972 3156 2044 populi,ante
3177 1972 3511 2044 sepulcrum
3526 1973 3713 2029 sancti

2073 2061 2329 2134 Dionysii
2351 2059 2546 2115 eximii
2567 2061 2842 2133 martyris
2873 2061 3138 2116 Ecclesiae
3165 2066 3378 2116 sanctae
3401 2067 3490 2117 est
3521 2063 3712 2118 reddi-

2073 2155 2188 2216 tus,
2214 2155 2270 2204 et
2291 2151 2350 2204 in
2389 2149 2497 2204 hac
2520 2150 2713 2207 domo.
2738 2153 2874 2204 ante
2903 2148 3085 2204 altare
3115 2150 3559 2222 protomartyris
3588 2151 3714 2206 Ste-

2073 2236 2372 2308 phani,ch
2384 2254 2451 2290 us
2473 2253 2683 2290 nomen
2708 2235 3150 2307 interpretatum
3166 2242 3396 2292 resonat
3408 2245 3712 2307 coronatus,

2075 2343 2178 2396 per
2207 2323 2435 2380 Domini
2467 2325 2794 2379 sacerdotes
2825 2324 3242 2379 acclamatione
3273 2324 3463 2381 ﬁdelis
3492 2326 3714 2398 populi,

2076 2414 2228 2468 sicut
2248 2415 2500 2468 vidimus
2524 2413 2621 2484 qui
2643 2412 3182 2479 adfuimus,corona
3203 2413 3716 2486 regniestimperio

2077 2502 2405 2555 restitutus.
2440 2501 2508 2555 Et
2537 2499 2694 2571 quia,
2730 2505 2794 2554 ut
2826 2500 2883 2553 in
2920 2501 3102 2556 sacris
3136 2501 3398 2556 historiis
3445 2502 3715 2576 legimus,

2078 2591 2504 2661 reges,quando
2527 2605 2704 2661 regna
2725 2589 3498 2662 obtinuerunt,singulorum
3513 2608 3718 2664 regno-

2077 2696 2207 2733 rum
2236 2678 2347 2732 sibi
2379 2677 2709 2732 diademata
2739 2678 3162 2749 imposuerunt,
3189 2695 3302 2734 non
3330 2679 3718 2752 incongruum

2077 2767 2306 2822 videtur
2329 2767 2454 2822 istis
2477 2766 2906 2822 venerabilibus
2935 2765 3245 2838 episcopis,
3271 2767 3321 2821 si
3350 2773 3550 2822 vestra:
3573 2785 3722 2824 una-

2080 2855 2333 2909 nimitati
2383 2854 2592 2926 placet,
2621 2858 2684 2908 ut
2731 2854 2789 2908 in
2841 2855 3080 2910 obtentu
3121 2855 3304 2927 regni,
3339 2857 3493 2911 unde
3519 2872 3622 2911 vos
3645 2857 3718 2912 ad

2077 2943 2246 2998 illum
2287 2948 2494 3015 sponte
2542 2943 2916 3010 convenistis,
2947 2948 3004 2997 et
3029 2960 3132 2998 vos
3160 2943 3211 2998 ei
3242 2944 3718 3014 commendastis,

2081 3031 2424 3087 sacerdotali
2457 3031 2780 3086 ministerio
2810 3037 2944 3086 ante
2973 3031 3156 3087 altare
3176 3031 3284 3086 hoc
3314 3037 3643 3104 coronetur,
3665 3038 3723 3089 et

2082 3139 2247 3176 sacra
2273 3121 2544 3176 unctione
2576 3120 2821 3175 Domino
2864 3125 3253 3176 consecretur.
3287 3123 3449 3187 Quod
3480 3121 3530 3176 si
3559 3121 3722 3178 vobis

2083 3211 2274 3282 placet
2297 3210 2545 3282 propriis
2564 3209 2805 3264 vocibus
2825 3213 3160 3265 consonate.
3185 3210 3254 3264 Et
3273 3210 3332 3264 in
3356 3209 3463 3266 hoc
3493 3210 3722 3267 concla-

325 3311 497 3367 nobis
527 3309 815 3384 episcopis
847 3291 1069 3365 debetis
1100 3313 1366 3375 erare,ut
1393 3308 1558 3364 vobis
1586 3307 1759 3380 digne
1793 3308 1972 3379 possi-
2002 3291 2043 3356 (ἶ
2084 3299 2380 3355 Hiantibus
2411 3299 2706 3366 omnibUS,
2739 3299 2883 3353 dixit
2911 3299 3065 3354 idem
3096 3299 3432 3372 episcopus:
3466 3303 3724 3372 Agamus

326 3418 463 3457 mus
495 3399 678 3473 loqui.
713 3397 921 3454 Messis
979 3403 1176 3454 autem
1235 3397 1409 3453 amici
1464 3402 1553 3452 est
1605 3397 1858 3470 populus
1913 3397 1974 3452 in

325 3489 626 3564 provincia
651 3488 816 3544 alteri
847 3487 1291 3559 metropolitano
1322 3488 1657 3542 commissa.
1692 3486 1854 3541 Unde
1874 3503 1974 3540 vos

325 3580 637 3648 hortando,
671 3577 837 3650 quasi
879 3594 1059 3632 manu
1108 3576 1300 3649 operis
1352 3575 1743 3643 confricando,
1779 3575 1849 3630 ad
1874 3575 1974 3630 Dei

322 3667 711 3733 voluntatem,
739 3671 796 3723 et
824 3671 1075 3722 vestram
1112 3665 1360 3722 salutem
1393 3665 1452 3720 in
1480 3681 1692 3737 corpus
1732 3663 1974 3719 unitatis

327 3757 596 3814 Ecclesiae
617 3757 881 3813 valemus
901 3760 958 3812 et
978 3756 1260 3811 debemus
1283 3755 1578 3824 trajicere:
1600 3754 1657 3807 in
1683 3752 1978 3824 parochia-

329 3864 438 3903 nos
469 3851 664 3902 autem
697 3845 1124 3918 provinciarum
1166 3844 1296 3898 aliis
1327 3842 1788 3914 metropolitanis
1818 3859 1975 3897 com-

327 3937 650 3993 missarum
681 3935 884 3990 falcem
911 3933 1119 4006 judicii
1149 3950 1263 3988 non
1298 3931 1870 4003 mittimus,quianec
1891 3935 1979 3986 est

330 4027 508 4093 unde,
541 4042 646 4080 nec
678 4027 944 4080 nostrum
977 4039 1103 4079 esse
1132 4021 1592 4077 consideramus.

401 4117 536 4170 CAP.
572 4115 667 4169 Ill.
698 4114 800 4168 Est
830 4115 887 4168 et
918 4110 1034 4167 alia
1081 4128 1278 4177 causa,
1313 4109 1411 4182 qui
1464 4109 1560 4165 isti
1618 4110 1977 4166 venerabiles

328 4203 531 4260 domni
552 4208 610 4258 et
627 4203 948 4258 confratres
970 4200 1153 4256 nostri
1175 4200 1482 4272 provincia:
1505 4199 1677 4256 istius
1697 4199 1976 4272 episcOpi,

331 4312 446 4351 non
477 4293 760 4349 habentes
788 4289 1301 4362 metropolitanum
1331 4289 1977 4361 episcopum,exiguita-

328 4389 449 4439 tem
484 4385 746 4438 nostram
795 4380 880 4435 sic
926 4379 982 4434 in
1037 4379 1181 4447 suis,
1219 4378 1372 4433 sicut
1420 4382 1476 4433 et
1518 4378 1576 4433 in
1627 4376 1979 4449 specialibus

328 4471 530 4532 causis
552 4468 791 4536 nostris,
811 4484 918 4524 nos
939 4469 1194 4523 fraterna
1211 4466 1491 4522 charitate
1505 4466 1717 4537 j'ubent
1739 4470 1796 4521 et
1816 4482 1980 4520 com-
2017 4529 2022 4535 λ

329 4564 577 4619 monent
607 4575 797 4632 agere.
829 4557 930 4613 Est
961 4557 1058 4623 ita,
1114 4556 1312 4611 domni
1364 4557 1568 4610 fratres
1589 4556 1616 4609 ?
1642 4556 1708 4609 Et
1739 4571 1978 4626 respon-

330 4654 548 4711 derunt
577 4648 688 4722 ipsi
714 4647 970 4721 episcopi
1007 4663 1019 4702 ε
1056 4646 1138 4702 Ita
1168 4649 1276 4700 est.

403 4742 540 4797 CAP.
577 4738 670 4794 IV.
705 4737 915 4792 Praeter
953 4753 1040 4802 ea,
1076 4751 1201 4807 quae
1260 4735 1512 4789 domnus
1569 4731 1877 4805 episcopus
1924 4737 1982 4788 et

330 4834 513 4887 frater
541 4830 740 4884 noster
767 4825 1084 4881 Adventius
1128 4824 1292 4879 vobis
1323 4840 1389 4878 ex
1420 4839 1526 4878 sua
1557 4826 1613 4878 et
1643 4827 1981 4876 caterorum

330 4934 578 4977 suorum
638 4932 705 4971 ac
758 4918 1088 4969 nostrorum
1147 4912 1392 4966 fratrum
1453 4914 1509 4962 et
1565 4907 1982 4963 venerabilium

329 5008 746 5081 episcoporum
789 5018 927 5057 voce
977 5000 1143 5068 dixit,
1177 4999 1236 5053 in
1295 4998 1402 5052 hoc
1454 4998 1631 5052 etiam
1692 4997 1985 5051 advertere

332 5094 602 5170 potestis,
630 5091 987 5146 voluntatem
1022 5089 1122 5144 Dei
1154 5105 1301 5153 esse,
1337 5091 1400 5141 ut
1430 5103 1684 5158 przesens
1732 5087 1985 5140 domnus

331 5191 391 5241 et
420 5201 521 5239 rex
551 5185 770 5248 noster,
804 5177 904 5251 qui
956 5177 1013 5232 in
1052 5180 1215 5249 parte
1264 5175 1447 5247 regni,
1481 5193 1657 5248 quam
1701 5175 1986 5229 hactenus

331 5277 495 5330 tenet
519 5275 578 5327 et
607 5269 818 5339 tenuit,
851 5272 908 5323 et
939 5265 1106 5321 nobis
1140 5281 1205 5320 ac
1237 5263 1496 5319 ecclesiis
1534 5263 1769 5331 nostris,
1799 5269 1854 5318 et
1885 5281 1984 5335 po-

333 5362 474 5436 pulo
497 5351 610 5416 sibi
635 5356 952 5413 commisso
983 5353 1206 5409 utiliter
1227 5356 1435 5425 praeest
1457 5369 1522 5406 ac
1545 5351 1792 5423 praefuit,
1816 5356 1873 5406 et
1894 5369 1984 5406 sa-

332 5449 584 5507 lubriter
604 5446 842 5520 prodest
863 5449 920 5500 et
940 5442 1178 5518 profuit,
1200 5442 1332 5496 inde
1365 5441 1434 5496 ad
1469 5441 1624 5495 hunc
1653 5440 1844 5494 locum
1877 5440 1986 5494 Do-

334 5541 497 5597 mino
528 5538 778 5593 ducente
822 5531 1163 5607 pervenerit.
1199 5533 1348 5586 744
1380 5533 1503 5595 Quo
1530 5528 1705 5584 etiam
1727 5545 1828 5583 vos
1859 5529 1986 5598 ejus

334 5626 723 5702 inspiratione
753 5621 1138 5688 conﬂuxistis,
1171 5627 1228 5676 et
1257 5619 1370 5692 ipsi
1419 5635 1520 5674 vos
1572 5622 1775 5690 sponte
1824 5633 1986 5671 com-

336 5717 693 5789 mendastis,
716 5715 889 5789 cujus
925 5712 1208 5772 instinctu
1240 5708 1562 5768 animantia
1589 5707 1788 5765 omnia
1819 5706 1877 5763 in
1904 5724 1990 5764 ar-

2081 3406 2218 3461 ergo
2237 3389 2594 3444 unanimiter
2620 3389 2734 3444 Deo
2755 3388 3376 3460 gratias,decantantes
3401 3406 3412 3445 :
3439 3391 3519 3445 Te
3541 3390 3724 3446 Deum

2084 3479 2415 3533 laudamus.

2087 3637 2523 3676 BENEDICTIONES
2563 3637 2748 3675 SUPER
2787 3637 2971 3676 REGE!
3002 3638 3271 3678 CAROLUM
3301 3640 3446 3678 ANTE
3483 3641 3724 3692 MISSAM,

2537 3729 2602 3764 ET
2639 3727 2854 3765 ALTARE
2893 3727 2942 3764 S.
2986 3727 3279 3765 STEPHANI.

2155 3836 2470 3890 Adventius
2500 3835 2809 3907 episc0pus
2855 3835 3147 3888 Metensis.
3181 3835 3335 3890 Deus
3365 3836 3462 3906 qui
3497 3837 3729 3909 populis

2086 3925 2204 3980 tuis
2221 3921 2922 3995 indulgentiaconsuliset
2942 3939 3138 3976 amore
3159 3923 3729 3988 dominaris,dahuic

2088 4012 2304 4068 famulo
2330 4018 2429 4067 tuo
2461 4012 2730 4083 spiritum
2763 4010 3078 4082 sapientiae,
3099 4012 3190 4066 cui
3225 4011 3437 4068 dedisti
3469 4013 3729 4086 regimen

2087 4101 2408 4173 disciplinae
2443 4117 2455 4154 :
2491 4104 2556 4154 ut
2585 4099 2690 4154 tibi
2718 4103 2839 4154 toto
2879 4100 3049 4153 corde
3096 4101 3354 4158 devotus.
3388 4105 3445 4156 et
3475 4101 3534 4156 in
3567 4102 3729 4175 regni

2087 4190 2367 4263 regimine
2390 4193 2622 4244 maneat
2642 4205 2872 4259 semper
2895 4187 3160 4256 idoneus,
3185 4194 3244 4244 et
3263 4189 3321 4244 in
3346 4190 3514 4245 bonis
3535 4192 3730 4263 operi-

2088 4282 2199 4336 bus
2221 4295 2616 4352 perseverans,
2631 4279 2702 4332 ad
2726 4281 3007 4332 aeternum
3031 4294 3275 4350 regnum
3304 4283 3357 4335 te
3379 4279 3524 4336 duce
3543 4279 3735 4336 valeat

2089 4369 2406 4442 pervenire.
2445 4368 2549 4422 Per
2579 4367 2912 4430 Dominum,
2944 4371 3052 4421 etc.

2164 4459 2329 4512 llatto
2352 4454 2756 4510 Virdunensis.
2779 4453 2984 4509 Gratiae
3008 4457 3140 4522 tuae,
3167 4471 3528 4526 quaesumus,
3544 4457 3737 4513 Domi-

2089 4546 2323 4614 ne,huic
2337 4544 2553 4600 famulo
2565 4549 2666 4599 tuo
2679 4544 2869 4599 tribue
2891 4543 3219 4615 largitatem
3237 4559 3248 4597 :
3266 4549 3331 4600 ut
3343 4547 3620 4601 mandata
3633 4550 3736 4603 tua

2091 4641 2145 4691 te
2167 4639 2442 4706 operante
2473 4635 2769 4700 sectando,
2795 4631 3250 4688 consolationem
3283 4634 3585 4705 praesentis
3605 4635 3735 4690 vitae

2091 4724 2371 4797 percipiat
2401 4728 2457 4777 et
2488 4724 2716 4777 futurze.
2753 4722 2856 4776 Per
2885 4722 3219 4777 Dominum.

2160 4813 2439 4869 Arnult’us
2469 4811 2783 4866 'l‘ullensis.
2818 4811 3045 4866 Nostris
3077 4828 3435 4882 quzesumus,
3469 4809 3733 4878 Domine,

2092 4904 2150 4957 in
2175 4902 2455 4976 regimine
2477 4901 2648 4955 istius
2671 4899 2873 4954 famuli
2900 4899 2981 4953 tui
3007 4899 3320 4971 propitiare
3350 4898 3732 4971 temporibus,

2095 4998 2160 5047 ut
2190 4997 2288 5046 tuo
2320 5007 2560 5046 munere
2593 4989 2897 5061 dirigatur,
2926 4993 2982 5042 et
3013 4993 3212 5043 nostra
3243 4988 3526 5044 securitas
3551 4992 3608 5042 et
3637 4987 3735 5042 de-

2092 5082 2244 5136 votio
2273 5079 2624 5134 Christiana.
2662 5077 2765 5132 Per
2795 5076 3128 5130 Dominum.

2169 5169 2317 5225 745
2343 5169 2560 5226 France
2581 5165 2961 5239 Tungrensis.
2987 5164 3736 5235 Da,quzesumus,Domine,

2095 5260 2230 5315 huic
2281 5257 2498 5313 famulo
2545 5262 2644 5311 tuo
2701 5255 2952 5310 salutem
3007 5255 3220 5308 mentis
3251 5259 3307 5308 et
3337 5253 3594 5326 corporis
3625 5270 3641 5311 :
3676 5258 3740 5309 ut

2095 5351 2263 5405 bouis
2307 5348 2581 5420 operibus
2621 5344 2974 5409 inhmrendo,
3009 5348 3111 5398 tua
3169 5359 3399 5415 semper
3446 5347 3740 5398 mereatur

2093 5440 2303 5495 virtute
2330 5435 2580 5491 defendi.
2617 5435 2720 5488 Per
2745 5433 3078 5488 Dominum.

2167 5529 2514 5582 Hincmarus
2561 5521 2984 5578 Laudunensis.
3039 5520 3507 5578 Benedictionem
3553 5526 3738 5590 tuam,

2096 5616 2355 5679 Domine,
2390 5612 2482 5666 hic
2531 5609 2787 5664 famulus
2834 5615 2971 5664 tuus
3023 5608 3289 5681 accipiat,
3337 5627 3456 5682 qua
3503 5627 3742 5684 corpore

2096 5705 2352 5764 salvatus
2382 5720 2445 5760 ac
2477 5705 2691 5771 mente,
2722 5705 2778 5758 et
2807 5704 3034 5778 gratam
3066 5699 3171 5757 tibi
3203 5716 3436 5777 semper
3473 5700 3742 5762 exhibeat
