4204 6460
494 417 613 481 ως
1420 402 1807 468 HINCMABI
1852 398 2303 463 RHEMENSIS
2346 398 2968 463 ARCHI’EHISCOPI.
3774 394 3909 457 ΗΒ

496 547 857 613 servitutem,
876 548 945 600 .et
960 539 1404 615 propitiationis
1446 543 1561 594 tua
1604 535 1886 594 beneﬁcia
1913 549 2144 606 semper
2169 533 2226 601 Α
2256 531 2616 604 pensatione,
2647 537 2705 590 et
2741 538 2844 590 tua
2900 529 3426 601 administratione,
3458 544 3565 604 per
3612 529 3913 588 diuturna

492 635 776 694 inveniat.
809 634 916 689 Per
943 629 1281 687 Dominum.
1838 640 1853 647 ·
2248 626 2519 692 tempora
2546 627 2606 678 te
2636 621 2809 679 faciat
2839 621 3085 678 feliciter
3129 621 3455 694 gubernare
3487 635 3501 675 :
3536 635 3654 692 quo
3683 617 3911 674 divinis

570 724 693 782 Odc
715 719 1159 780 Bellovacensis.
1181 719 1854 790 Conservavquzesumus,
1879 712 2146 777 Domine,
2254 709 2496 765 monitis
2527 710 3275 783 parentes,adversitatibus
3304 708 3580 765 omnibus
3610 712 3911 774 carentes,

499 815 659 873 hunc
677 811 967 868 famulum
988 814 1181 877 tuum,
1206 811 1263 864 et
1281 794 1749 863 benedicticnum
1772 809 2005 859 tuarum
2021 818 2147 874 pro-
2212 837 2225 847 ν
2252 798 2425 854 bonis
2455 799 2732 855 omnibus
2776 799 3181 867 exuberantes,
3210 803 3312 854 tuo
3371 796 3696 853 ministerio
3742 794 3913 853 fideli

500 902 683 977 pitius
714 901 978 958 ubertate
1002 897 1270 972 puriﬁca,
1289 900 1357 951 ut
1383 894 1812 951 eruditionibus
1843 892 1962 947 tuis
1992 907 2143 946 sem-
2257 902 2454 942 amere
2484 888 2893 977 obsequentes,
2927 891 2984 943 et
3032 888 3091 942 in
3136 886 3409 959 praesenti
3467 884 3680 941 saeculo
3720 883 3912 977 :pacis

496 973 605 1065 per
630 988 1061 1063 multiplicetur
1086 991 1146 1042 et
1175 984 1367 1041 donis.
1400 984 1509 1040 Per
1538 982 1876 1040 Dominum.
2255 975 2678 1065 tranquillitate
2703 978 2992 1047 fruantur,
3006 982 3066 1033 et
3094 982 3288 1032 tecum
3319 980 3668 1065 aeternorum
3685 973 3912 1030 civium

2255 1064 2546 1123 consortio
2577 1065 2752 1139 potiri
2783 1070 3139 1123 mereantur.
3169 1067 3372 1121 Amen.
3405 1064 3569 1134 Quod
3600 1062 3726 1138 ipse
3754 1080 3913 1137 pras-

2255 1155 2411 1211 stare
2440 1152 2735 1225 dignetur.

2323 1240 2405 1296 Ad
2433 1242 2541 1297 ista
2566 1242 2731 1298 verba
2759 1261 2778 1298 :
2808 1241 3055 1299 Coronet
3081 1246 3138 1299 te
3166 1241 3470 1311 Dominus,
3518 1242 3786 1299 miserunt
3813 1241 3918 1298 illi

752 1146 1086 1189 BENEDIC’I‘IO
1124 1144 1407 1185 HINCMABI
1432 1141 1896 1183 ARCHIEBISCOPI.

574 1257 865 1316 Extendat
877 1255 1250 1327 omnipotens
1276 1250 1565 1308 Dominus
1586 1251 1879 1306 dexteram
1902 1264 2020 1304 suae
2038 1246 2147 1302 be-

496 1344 872 1412 nedictionis,
895 1348 952 1400 et
979 1342 1239 1400 eﬁ‘uedat
1267 1357 1445 1414 super
1474 1344 1530 1395 te
1560 1340 1779 1395 donum
1811 1355 1929 1394 suae
1952 1335 2148 1409 propi-
2252 1330 2492 1402 episcopi
2516 1346 2772 1388 coronam
2800 1333 2861 1387 in
2890 1333 3087 1405 capite.

498 1434 787 1507 tiationis,
808 1437 867 1489 et
894 1431 1217 1489 circumdet
1246 1435 1302 1485 te
1331 1428 1487 1487 felici
1520 1445 1688 1484 muro
1719 1426 1997 1483 custodiae
2028 1440 2147 1479 sua:
2320 1417 2572 1475 Coronct
2590 1422 2647 1475 te
2670 1419 2955 1476 Dominus
2977 1437 3192 1476 corona
3217 1420 3414 1494 gloria:
3448 1418 3911 1493 atqueiustitie,

496 1521 901 1598 protecticnis,
933 1523 1147 1575 sanctas
1181 1518 1397 1586 Mariae,
1428 1521 1486 1573 et
1516 1517 1778 1573 omnium
1810 1520 2146 1571 sanctorum
2252 1511 2324 1598 ut
2349 1524 2486 1563 cum
2534 1510 2649 1565 fide
2697 1513 2872 1577 recta,
2904 1514 2962 1565 et
2990 1509 3304 1583 multiplici
3343 1510 3631 1566 bonorum
3662 1523 3913 1598 operum

497 1596 1002 1671 intercedentibus
1037 1607 1277 1663 meritis.
1312 1608 1518 1662 Amen.
1544 1604 1850 1679 indulgeat
1868 1603 1973 1658 tibi
1996 1602 2149 1658 mala
2255 1596 2472 1667 fructu,
2515 1599 2587 1654 ad
2626 1615 2903 1654 coronam
2934 1599 3237 1671 pervenias
3264 1598 3429 1671 regni
3462 1596 3745 1672 perpetui,
3776 1597 3911 1669 ipse

496 1701 851 1773 omniaquae
884 1697 1139 1771 gessisti,
1158 1701 1219 1751 et
1238 1695 1460 1751 tribuat
1480 1693 1585 1749 tibi
1606 1694 1857 1767 gratiam
1881 1696 1940 1748 et
1970 1692 2151 1747 mise-
2255 1684 2558 1759 largiente,
2582 1688 2753 1760 cujus
2781 1693 2871 1744 est
2899 1693 3232 1761 regnum,et
3259 1686 3570 1760 imperium
3602 1686 3661 1742 in
3693 1685 3913 1742 saecula

496 1788 840 1855 sicordiam,
872 1802 1049 1859 quam
1072 1783 1376 1841 humiliter
1393 1783 1467 1839 ab
1488 1800 1554 1839 eo
1575 1781 1841 1855 deposcis
1865 1798 1878 1836 :
1912 1780 2148 1836 liberet-
2254 1774 2626 1832 saeculorum.

498 1877 791 1952 que-teab
812 1873 1265 1934 adversitatibus
1284 1872 1534 1940 cunctis,
1554 1876 1614 1927 et
1634 1871 1707 1927 ab
1727 1871 2002 1927 omnibus
2019 1867 2150 1941 vi‘si-
2179 1910 2227 1975 B
2272 1864 2406 1975 "II-id
2427 1867 2532 1975 ifta
2554 1865 2718 1922 verba
2745 1884 2765 1921 :
2796 1865 2903 1922 Det
2956 1864 3064 1922 tibi
3122 1865 3409 1923 Dominus
3447 1864 3611 1935 velle,
3642 1864 3910 1922 deder-Im!

502 1967 716 2025 bilium
744 1969 803 2023 et
833 1962 1217 2022 invisibilium
1247 1961 1624 2019 inimicorum
1656 1958 1910 2035 insidiis.
1941 1960 2146 2015 Amen.
2179 1955 2227 1975 "
2260 1955 2350 2010 illi
2374 1955 2619 2027 palmam
2643 1962 2696 2011 et
2721 1963 3009 2027 sceptrum.

500 2055 755 2130 Angelos
784 2066 931 2110 suos
968 2051 1154 2109 bonos
1191 2052 1499 2123 semperet
1526 2049 1766 2121 ubique,
1789 2048 1889 2120 qui
1918 2052 1975 2103 te
2004 2064 2149 2119 thB-
2328 2044 2435 2099 Det
2454 2044 2561 2099 tibi
2586 2044 2872 2100 Dominus
2891 2043 3038 2100 velle
3075 2048 3134 2100 et
3164 2060 3338 2117 posse
3369 2059 3498 2117 quae
3529 2042 3814 2116 praecipit,
3848 2048 3916 2098 ut

499 2145 736 2211 cedant,
758 2141 1141 2205 comitentur,
1171 2143 1230 2195 et
1254 2138 1788 2209 subsequantur,ad
1818 2136 2150 2192 custodiam
2252 2131 2319 2187 in
2339 2132 2503 2204 regni
2524 2132 2809 2205 regimine
2840 2133 3166 2191 secundum
3195 2131 3556 2188 voluntatem
3586 2147 3760 2189 suam
3782 2146 3915 2203 pro-

507 2234 594 2291 tui
625 2235 844 2305 ponat:
879 2234 937 2285 et
964 2246 999 2284 a
1030 2230 1264 2300 peccato
1297 2242 1400 2282 seu
1450 2224 1664 2297 gladio,
1692 2230 1751 2281 et
1781 2226 1853 2281 ab
1884 2225 2148 2281 omnium

505 2320 900 2395 periculorum
936 2315 1298 2383 discrimine,
1329 2320 1389 2370 te
1445 2331 1555 2370 sua
1610 2315 1870 2387 potentia
1922 2314 2149 2369 liberet.

502 2412 711 2470 Amen.
734 2406 1012 2464 inimicos
1032 2410 1165 2461 tuos
1175 2404 1247 2459 ad
1261 2403 1423 2475 pacis
1442 2402 1867 2475 charitatisque
1885 2401 2151 2475 benigni-

508 2502 689 2557 tatem
717 2498 1037 2562 convertat,
1062 2497 1122 2549 et
1149 2492 1304 2565 apud
1361 2491 1623 2548 odientes
1653 2496 1709 2547 te
1740 2492 2065 2564 gratiosum
2095 2497 2154 2548 et

504 2585 822 2646 amabilem
853 2582 1047 2651 faciat,
1079 2580 1402 2653 pertinaces
1429 2597 1664 2653 quoque
1692 2580 1752 2636 in
1785 2581 1869 2636 tui
1899 2580 2150 2636 insecta-

507 2677 669 2735 tione
695 2678 756 2731 et
784 2673 918 2730 odio
944 2670 1287 2729 confusione
1338 2669 1581 2726 salutari
1635 2670 1860 2737 induat,
1892 2685 2068 2742 super
2096 2673 2153 2724 te

509 2768 710 2824 autem
736 2760 1125 2819 sanctiﬁcatio
1149 2758 1506 2832 sempiterna
1537 2758 1813 2815 efﬂoreat.
1845 2761 2049 2815 Amen.

572 2853 661 2910 Ad
680 2854 792 2927 ista
817 2851 987 2909 verba
1014 2868 1033 2904 :
1062 2849 1312 2906 Cononet
1339 2852 1396 2903 te
1426 2848 1732 2916 Dominus,
1756 2851 1986 2906 inuasit
2027 2866 2156 2906 eum

506 2944 834 3003 Hismarus
882 2941 1322 3012 mhicpiscopu:
1365 2937 1433 2993 de
1459 2938 1751 2994 chriam“
1777 2939 1848 2995 ad
1875 2939 2155 2996 dexteram

500 3032 899 3099 amiculam,“
924 3032 987 3086 in
1011 3032 1193 3102 from
1218 3044 1391 3100 usque
1414 3025 1487 3082 ad
1503 3028 1789 3084 sinistram
1817 3031 2149 3099 auriculam,

504 3130 561 3180 et
595 3124 658 3179 in
685 3122 876 3193 capia

578 3210 827 3267 Ccronet
853 3213 910 3264 te
940 3208 1225 3265 Dominus
1249 3226 1464 3266 corona
1502 3209 1696 3284 gloriae
1726 3209 1785 3264 in
1814 3209 2152 3266 misericor-

2257 2221 2482 2286 ﬁciens,
2514 2238 2650 2276 cum
2700 2221 2896 2294 palma
2943 2223 3365 2296 perseverantis
3403 2220 3654 2278 victoriae
3686 2221 3761 2277 ad
3791 2221 3911 2294 pal-

2258 2327 2417 2365 mam
2450 2309 2753 2382 pervenias
2782 2310 2980 2384 glcriaa
3009 2311 3402 2384 sempiternae.
3432 2309 3637 2366 Gratia
3673 2310 3908 2366 Domini

2259 2398 2442 2453 nostri
2468 2399 2608 2454 Jesu
2639 2397 2878 2471 Christi,
2912 2399 3012 2472 qui
3041 2399 3201 2456 vivit.

2756 2559 3072 2600 ORATIONES
3108 2559 3170 2599 ΙΝ
3211 2559 3403 2603 Μιεελ.

2331 2666 2415 2721 Da
2444 2665 2635 2733 nobis,
2666 2666 3040 2739 omnipotens
3096 2666 3271 2735 Deus,
3306 2670 3372 2721 ut
3426 2666 3578 2722 beati
3626 2666 3911 2741 Gargonii

2260 2755 2536 2827 martyris
2563 2755 2651 2811 tui
2701 2755 3031 2811 veneranda
3077 2754 3423 2812 solemnitas
3456 2760 3514 2812 et
3541 2756 3909 2813 devotionem

2259 2843 2430 2900 nobis
2457 2848 2670 2917 augeat
2700 2847 2758 2899 et
2786 2842 3058 2900 salutem.
3093 2844 3202 2900 Per
3220 2844 3568 2901 Dominum.

2333 2934 2518 2990 Oratio
2532 2949 2634 3006 pro
2657 2949 2802 3003 rege.
2834 2934 3201 3003 Quaesumus,
3231 2933 3698 3008 omnipotens,ut
3729 2933 3911 2991 famu-

2260 3022 2356 3079 lus
2384 3023 2651 3095 tuus,qui
2683 3027 2787 3079 tua
2815 3022 3190 3079 miseratione
3216 3023 3482 3097 suscepit
3506 3023 3672 3097 regni
3702 3023 3911 3097 guber-

2258 3112 2492 3182 nacula,
2516 3130 2550 3168 a
2578 3115 2635 3168 te
2661 3112 2944 3168 virtutum
2974 3112 3151 3168 etiam
3191 3113 3471 3186 percipiat
3498 3112 3864 3169 incrementa
3892 3129 3907 3168 :

2258 3202 2476 3275 quibus
2505 3202 2776 3258 decenter
2796 3204 3058 3272 ornatus,
3090 3205 3148 3259 et
3173 3200 3446 3258 vitiorum
3477 3206 3744 3258 monstra
3772 3202 3913 3259 vita.

507 3294 611 3356 dia
648 3303 711 3355 et
757 3297 1231 3354 miserationibus
1276 3298 1421 3367 suis,
1453 3279 1533 3355 et.
1555 3304 1739 3373 ungat
1782 3302 1836 3353 te
1882 3298 1941 3353 in
1991 3297 2152 3370 regni
2183 3279 2227 3344 Β
2267 3309 2348 3359 re,
2383 3296 2440 3347 et
2486 3292 2559 3347 ad
2608 3294 2664 3347 te
2711 3290 2813 3363 qui
2859 3291 2973 3359 via,
3005 3291 3238 3360 veritas,
3270 3295 3329 3347 et
3353 3291 3473 3348 vita
3502 3307 3584 3360 es,
3615 3291 3912 3364 gratiosus

510 3378 793 3461 regimine
817 3386 942 3443 oleo
961 3386 1159 3458 gratia!
1179 3386 1433 3459 Spiritus
1455 3388 1641 3445 sancti
1661 3387 1773 3457 sui,
1796 3387 1953 3441 unde
1984 3385 2152 3441 unxit

511 3475 863 3542 sacerdotes,
895 3491 1079 3547 reges,
1112 3474 1447 3548 prophetas,
1485 3480 1543 3532 et
1584 3480 1888 3548 martyres,
1921 3474 2021 3547 qui
2051 3490 2155 3547 per

510 3565 684 3620 ﬁdem
706 3564 971 3620 vicerunt
990 3579 1187 3637 regna,
1210 3568 1267 3620 et
1294 3565 1514 3637 operati
1547 3568 1686 3621 sunt
1706 3563 2027 3637 justitiam,
2059 3568 2151 3619 at-

510 3668 623 3726 que
655 3651 845 3725 adepti
877 3655 1018 3707 sunt
1047 3644 1465 3724 promiSsiones
1495 3670 1509 3708 :
1544 3653 1881 3724 eisdemque
1912 3651 2155 3724 promis-

510 3741 777 3800 sionibus
808 3740 996 3815 gratia
1024 3740 1124 3797 Dei
1155 3741 1370 3814 dignus
1412 3742 1705 3812 efﬁciaris,
1737 3745 2026 3814 quatenus
2056 3758 2151 3798 eo-

506 3847 641 3891 rum
668 3829 966 3888 consortio
998 3830 1056 3886 in
1088 3829 1307 3886 caelesti
1360 3846 1539 3903 regno
1593 3831 1808 3903 perfrui
1851 3831 2150 3887 merearis.

504 3922 712 3983 Amen.
744 3918 1137 3975 Vietoricsum
1159 3922 1213 3974 te
1235 3923 1409 3991 atque
1430 3919 1915 3992 triumphatorem
1937 3920 2008 3975 de
2023 3919 2156 3975 visi-

508 4009 731 4069 bilibus
751 4012 926 4080 atque
946 4006 1341 4065 invisibilibus
1360 4008 1630 4065 hostibus
1650 4025 1882 4081 semper
1898 4008 2115 4065 efficiat
2135 4022 2149 4064 :

508 4102 570 4157 et
595 4096 785 4156 sancti
814 4096 1072 4154 nominis
1101 4096 1196 4153 sui
1250 4097 1519 4154 timorem
1560 4097 1781 4170 pariter
1806 4101 1866 4154 et
1893 4113 2151 4152 amorem

509 4185 789 4246 continue
805 4186 968 4244 cordi
998 4190 1103 4243 tuo
1131 4185 1424 4255 infundat,
1457 4190 1516 4243 et
1537 4184 1598 4242 in
1628 4185 1742 4242 fide
1773 4190 1931 4243 recta
1960 4201 2027 4241 ac
2057 4185 2154 4243 bc-

506 4274 602 4337 nis
631 4275 909 4349 operibus
935 4274 1418 4348 perseverabilem
1450 4275 1673 4343 reddat,
1692 4278 1750 4331 et
1772 4291 1919 4350 pace
1948 4274 2011 4331 in
2030 4274 2151 4331 die-

508 4366 621 4423 bus
642 4364 763 4422 tuis
781 4381 1077 4435 concessa,
1104 4381 1239 4421 cum
1261 4363 1458 4437 palma
1483 4363 1738 4420 victoriae
1759 4368 1815 4421 te
1838 4365 1917 4421 ad
1948 4381 2151 4439 perpe-

505 4459 677 4514 tuum
696 4470 943 4528 regnum
967 4454 1475 4527 perducat.Amen.
1488 4454 1560 4509 Et
1576 4452 1680 4526 qui
1696 4457 1755 4509 te
1773 4453 1957 4510 voluit
1976 4470 2154 4528 super

506 4543 793 4618 populum
821 4560 999 4600 suum
1027 4542 1381 4600 constituere
1410 4557 1627 4615 regem,
1662 4544 1815 4599 746
1842 4547 1900 4599 ct
1930 4543 1990 4599 in
2012 4561 2151 4617 prae-

2259 3380 2446 3436 valeat
2476 3380 2793 3453 pervenire.
2825 3380 2931 3447 Qui
2963 3379 3109 3437 vivis
3137 3385 3195 3437 et
3223 3397 3433 3453 regnas
3464 3397 3599 3436 cum
3631 3383 3767 3437 Dee.

2329 3471 2505 3543 Super
2549 3471 2752 3527 oblata.
2804 3470 3068 3544 Respice,
3110 3469 3376 3539 Domine,
3410 3485 3660 3526 munera
3708 3468 3912 3543 populi

2260 3559 2345 3615 tui
2370 3559 2681 3616 festivitate
2702 3560 2913 3627 votiva,
2937 3563 3002 3616 ut
3020 3562 3134 3618 tua:
3164 3558 3500 3616 testificatio
3530 3558 3795 3616 veritatis
3814 3573 3914 3614 ne-

2261 3650 2353 3705 bis
2382 3649 2650 3721 proﬁciat
2670 3648 2745 3705 ad
2776 3648 3049 3705 salutem.
3073 3649 3181 3705 Per
3209 3648 3548 3704 Dominum.

2334 3739 2593 3807 Munera,
2619 3737 3250 3812 qumsumus,Dcmine,
3273 3737 3469 3793 oblata
3498 3737 3829 3793 sanctifica:
3848 3738 3914 3792 ut

2262 3828 2433 3884 nobis
2453 3826 2744 3900 Unigeniti
2768 3828 2854 3883 tui
2883 3844 3097 3900 corpus
3117 3830 3175 3883 et
3195 3826 3439 3900 sanguis
3460 3827 3626 3895 fiant,
3650 3830 3711 3883 et
3737 3829 3911 3883 Carc-

2260 3913 2318 3970 lo
2348 3914 2470 3987 regi
2523 3918 2725 3971 nostro
2774 3915 2848 3970 ad
2878 3913 3260 3971 obtinendam
3290 3913 3500 3970 animae
3528 3915 3913 3989 corporisque

2261 4003 2534 4072 salutem,
2567 4008 2624 4060 te
2654 4002 2935 4078 largiente
2975 4018 3399 4077 usquequaque
3439 4004 3772 4077 proficiant.
3804 4002 3913 4059 Per

2260 4093 2556 4149 eumdem.

2329 4184 2785 4241 Postcommunio.
2836 4184 3351 4242 Sacramentorum
3398 4185 3660 4250 tuorum,
3718 4181 3912 4240 Domi-

2262 4289 2355 4343 ne,
2378 4273 2716 4330 communio
2747 4276 2983 4347 sumpta
3012 4288 3121 4331 nos
3150 4265 3486 4340 salvet,etin
3502 4275 3619 4329 tua:
3647 4270 3913 4329 veritatis

2260 4362 2390 4419 luce
2419 4363 2747 4419 conﬁrmet.
2778 4361 2889 4418 Per
2916 4361 3249 4418 Dominum.

2333 4454 2374 4509 7
2384 4453 2481 4508 47
2507 4451 2657 4521 Haec,
2682 4450 2946 4521 Domine,
2968 4449 3310 4508 communio
3326 4448 3602 4508 salutaris
3618 4448 3910 4508 famulum

2258 4548 2428 4600 tuum
2459 4542 2531 4598 ab
2574 4541 2852 4598 omnibus
2907 4544 3144 4598 tueatur
3199 4540 3459 4598 adversis
3489 4557 3507 4596 :
3540 4543 3835 4615 quatenus
3854 4543 3915 4597 et

507 4632 659 4692 senti
688 4631 900 4690 saeculo
930 4630 1182 4699 ﬁelicem,
1212 4635 1270 4687 et
1309 4633 1534 4687 aeterne
1588 4630 1882 4689 felicitatis
1927 4632 2151 4690 tribuat
2180 4652 2227 4718 D
2260 4631 2666 4690 ecclesiasticas
2697 4630 2858 4704 pacis
2888 4630 3148 4687 obtineat
3176 4629 3753 4704 tr‘anquillitatem,et
3778 4633 3915 4704 post

506 4740 636 4781 esse
666 4727 1016 4780 consortem.
1047 4724 1251 4779 Amen.
1283 4721 1514 4784 clerum
1545 4738 1613 4778 ac
1642 4722 1947 4796 populum,
1974 4739 2150 4796 quem

505 4830 616 4873 sua
635 4812 815 4871 voluit
834 4811 1218 4885 opitulatione
1237 4817 1350 4868 tuae
1371 4811 1620 4868 subdere
1641 4811 1866 4884 ditioni,
1890 4829 1998 4869 sua
2026 4813 2152 4869 dis-

2258 4722 2433 4779 istius
2450 4720 2732 4794 temporis
2746 4721 3062 4777 decursum
3087 4721 3159 4777 ad
3184 4724 3460 4777 aeternam
3486 4718 3788 4794 perveniat
3801 4718 3910 4776 he-

2261 4811 2586 4869 reditatem.
2622 4809 2730 4866 Per
2757 4810 3092 4867 Dominum.
