4204 6458
541 383 652 444 8H

1485 379 1864 441 HINCMARI
1913 381 2014 440 Ill-1
2029 379 2360 441 EMENSIS
2403 379 2997 443 ARCHIEPISGOPI

3820 380 3958 440 812

539 515 685 586 ﬁlios
711 513 829 586 ejus
857 513 1041 570 dicens
1073 533 1090 568 :
1117 514 1209 569 Sic
1241 514 1560 570 benedicetis
1599 514 1796 585 populo
1841 529 1978 581 mo,
2009 521 2063 569 et
2089 529 2182 585 ego
2213 516 2262 582 Α
2295 511 2684 585 periculorum
2745 512 3080 569 discrimine
3137 518 3195 569 te
3250 530 3358 570 sua
3405 513 3668 587 potentia
3709 512 3951 570 liberet.

544 602 855 660 benedicam
882 605 936 659 ei
963 604 1147 673 (Num.
1179 620 1258 668 Vl,
1290 604 1362 659 23
1389 613 1440 658 et
1468 605 1582 673 27),
1623 601 1929 658 benedicat
1971 601 2098 669 tibi,
2130 605 2188 658 et

542 691 837 748 custodiat
863 696 940 748 te.
974 694 1179 747 Amen.

613 780 912 838 llluminet
943 781 1146 837 faciem
1179 798 1347 838 suam
1378 799 1480 854 per
1509 785 1584 849 te,
1616 786 1671 836 et
1702 781 2046 838 misereatur
2076 780 2181 836 tui.

537 870 743 926 Amen.

610 958 918 1020 Convertat
941 959 1167 1016 vultum
1201 977 1376 1016 suum
1408 961 1480 1016 ad
1513 965 1586 1027 te,
1621 963 1677 1015 et
1705 960 1882 1016 donet
1930 959 2032 1016 tibi
2078 976 2184 1032 pa-

541 1063 689 1104 cem.
718 1050 924 1104 Amen.

611 1137 897 1192 Extendat
927 1137 1222 1193 dexteram
1253 1156 1371 1193 sua:
1405 1138 1907 1206 benedictionis,et
1927 1139 2188 1193 ell'undat

539 1241 716 1298 super
744 1229 801 1281 te
829 1226 1048 1282 donum
1083 1244 1201 1283 sum
1233 1227 1662 1300 propitationis,
1687 1232 1743 1282 et
1775 1227 2098 1282 circumdet
2129 1231 2185 1282 te

538 1313 691 1370 lelici
719 1331 888 1370 muro
909 1316 1186 1372 custodiae
1211 1334 1328 1371 sua:
1353 1317 1968 1390 protectionis,sanct:e
1991 1315 2182 1371 Mariae

539 1406 599 1458 et
653 1393 942 1459 omnium'
979 1409 1313 1460 sanctorum
1372 1405 1871 1460 intercedentibus
1937 1403 2180 1460 meritis.

535 1493 742 1549 Amen.
769 1493 1075 1566 Indulgeat
1124 1495 1228 1550 tibi
1263 1495 1418 1550 mala
1447 1495 1644 1550 omnia
1688 1512 1814 1567 quae
1845 1494 2098 1566 gessisti,
2130 1499 2186 1550 et

538 1581 760 1637 tribuat
789 1583 891 1638 tibi
924 1584 1175 1656 gratiam
1206 1589 1263 1639 et
1295 1583 1776 1650 misericordiam,
1797 1601 1973 1656 quam
1997 1583 2186 1638 humi-

539 1668 672 1725 liter
701 1671 773 1725 ab
804 1686 870 1725 eo
903 1673 1169 1744 deposcis
1199 1691 1218 1728 :
1250 1671 1569 1744 liberctque
1597 1677 1652 1727 te
1700 1673 1773 1728 ab
1823 1671 2183 1727 adversitati-

541 1757 652 1813 bus
681 1760 931 1825 cunctis,
958 1766 1014 1815 et
1043 1761 1116 1815 ab
1147 1761 1423 1816 omnibus
1467 1760 1787 1816 visibilium
1818 1765 1874 1816 et
1923 1760 2182 1816 invisibi-

536 1845 684 1922 lium
713 1845 1086 1904 inimicorum
1120 1849 1374 1906 insidiis.
1408 1853 1614 1906 Amen.

610 1934 958 2007 Multiplieet
987 1937 1046 1992 in
1066 1943 1120 1992 te
1150 1939 1380 2010 copiam
1397 1957 1514 1994 sua:
1538 1938 2041 2005 benedictionis,et
2057 1956 2189 1994 con-

540 2023 732 2079 ﬁrmet
761 2023 820 2078 in
852 2042 955 2097 spe
987 2027 1148 2097 regni
1181 2025 1453 2082 caelestis.
1487 2029 1689 2094 Amen,

607 2115 786 2170 Actus
815 2118 948 2169 tuos
977 2116 1248 2188 corrigat,
1283 2117 1459 2171 vitam
1490 2118 1778 2183 emendet,
1813 2134 2004 2174 mores
2036 2133 2188 2172 com-

540 2205 740 2274 ponat,
771 2206 831 2258 et
860 2207 915 2258 te
943 2205 1015 2258 ad
1048 2203 1301 2260 cmlestis
1333 2204 1588 2277 paradisi
1623 2205 2018 2261 haereditatcm
2053 2223 2184 2278 per-

541 2289 737 2347 ducat.
763 2292 968 2348 Amen.

613 2379 856 2453 Talique
888 2381 1210 2438 intentione
1242 2382 1449 2455 repleri
1482 2382 1694 2448 valeas,
1728 2400 1856 2455 quae
1887 2383 1937 2438 ei
1967 2383 2024 2438 in
2057 2401 2185 2456 per-

539 2471 788 2541 petuum
819 2469 1064 2542 placeat.
1097 2473 1300 2528 Amen.

541 2623 546 2628 ,
613 2558 864 2643 Angelos
895 2578 1034 2617 suos
1064 2561 1246 2617 bonos
1268 2579 1498 2634 semper
1527 2566 1584 2618 et
1603 2561 1946 2635 ubique,qui
1975 2567 2028 2618 te
2052 2579 2188 2634 pra:-

545 2648 776 2720 cedant,
799 2650 1172 2716 comitentur,
1203 2657 1261 2706 et
1290 2651 1822 2724 subsequantur,ad
1857 2647 2186 2706 custodiam

544 2735 629 2792 tui
662 2741 841 2809 ponat
874 2755 888 2794 :
917 2743 976 2795 et
1005 2757 1039 2794 a
1068 2744 1303 2812 peccato
1334 2757 1437 2795 seu
1479 2739 1694 2813 gladio,
1727 2744 1784 2796 et
1818 2741 1890 2796 ab
1921 2741 2187 2796 omnium

2295 603 2500 657 Amen.

2364 689 2638 746 Inimicos
2657 694 2785 746 tuos
2797 691 2869 747 ad
2889 690 3497 764 pacis,charitatisque
3512 692 3956 766 benignitatem

2293 783 2610 845 convertat,
2644 783 2701 835 et
2729 779 3061 836 odientibus
3091 785 3147 837 te
3175 781 3500 854 gratiosum
3535 785 3592 837 et
3621 781 3959 838 amabilem

2293 867 2819 940 faciatzpertinaces
2849 885 3082 942 quoque
3111 869 3169 924 in
3200 869 3282 924 tui
3315 869 3696 927 insectatione
3725 873 3783 926 et
3805 870 3961 926 odio

2293 957 2634 1012 confusione
2660 956 2903 1013 salutari
2936 957 3348 1032 induat:super
3376 963 3430 1016 te
3461 963 3656 1016 autem
3689 959 3966 1017 sanctiﬁ-

2293 1045 2443 1100 catio
2473 1047 2829 1118 sempiterna
2859 1047 3140 1104 cillerent.
3163 1050 3367 1105 Amen.

2362 1134 2753 1191 Victoriosum
2766 1140 2819 1191 te
2833 1139 3006 1209 atque
3021 1137 3090 1192 tri
3099 1137 3506 1210 umphatorem
3521 1140 3592 1195 de
3609 1138 3960 1196 visibilibus

2293 1229 2464 1295 atque
2496 1222 2892 1281 invisibilibus
2921 1225 3193 1282 hostibus
3227 1226 3509 1284 Dominus
3552 1245 3788 1301 semper
3815 1228 3958 1283 effi-

2290 1310 2488 1367 ciatzet
2517 1313 2702 1369 sancti
2735 1313 2990 1369 nominis
3021 1315 3112 1370 sui
3147 1315 3410 1371 timorem
3443 1315 3661 1388 pariter
3689 1321 3746 1372 et
3772 1333 3954 1372 amo-

2293 1417 2414 1456 rem
2447 1401 2720 1456 continue
2750 1402 2908 1458 cordi
2941 1407 3040 1458 tuo
3072 1403 3427 1461 infundat:et
3457 1405 3514 1460 in
3547 1405 3661 1461 fide
3685 1410 3851 1462 recta
3881 1423 3956 1463 ac

2293 1490 2462 1546 bonis
2492 1490 2766 1563 operibus
2798 1492 3281 1564 perseverabilem
3337 1495 3539 1550 reddat
3571 1511 3584 1549 :
3617 1495 3674 1550 et
3704 1511 3852 1568 pace
3886 1495 3952 1551 in

2293 1579 2500 1634 diebus
2529 1579 2644 1636 tuis
2675 1597 2970 1650 concessa,
3004 1598 3139 1638 cum
3171 1599 3384 1640 corona
3413 1582 3664 1640 victoria:
3705 1584 3778 1640 ad
3813 1600 3952 1656 per-

2294 1671 2534 1739 petuum
2567 1673 2622 1724 te
2653 1685 2897 1742 regnum
2930 1671 3230 1743 perducat.
3261 1674 3466 1728 Amen.

2369 1757 2519 1813 750
2549 1758 2618 1812 Et
2647 1758 2748 1830 qui
2781 1763 2835 1814 te
2867 1758 3049 1815 voluit
3080 1776 3257 1834 super
3285 1761 3570 1834 populum
3604 1778 3781 1818 suum
3814 1779 3955 1819 con-

2293 1845 2536 1901 stituere
2583 1861 2798 1917 regem,
2832 1850 2890 1901 et
2937 1846 2994 1902 in
3045 1847 3316 1920 presenti
3346 1849 3557 1923 saeculo
3598 1849 3855 1918 felicem.
3894 1854 3955 1909 et

2296 1937 2520 1990 aeterna:
2554 1934 2844 1991 felicitatis
2877 1936 3096 1992 tribuat
3124 1954 3253 1994 esse
3281 1943 3632 1995 consortem.
3665 1942 3877 1998 Amen.

2367 2022 2593 2078 Clerum
2623 2040 2689 2078 ac
2720 2023 3208 2098 populum,quem
3237 2043 3345 2082 sua
3366 2027 3548 2084 voluit
3563 2027 3954 2102 opitulatione

2297 2116 2408 2166 tum
2439 2113 2688 2169 subdere
2718 2113 3059 2181 ditioni,sua
3089 2114 3609 2188 dispensatione,et
3639 2122 3744 2176 tua
3769 2119 3956 2176 admi-

2297 2200 2642 2258 nistratione
2673 2219 2774 2274 per
2802 2203 3082 2259 diuturna
3111 2207 3374 2277 tempora
3405 2209 3461 2263 te
3493 2205 3669 2262 faciat
3711 2205 3957 2264 feliciter

2295 2289 2640 2362 gubernare:
2673 2307 2789 2363 quo
2819 2291 3031 2347 divinis
3063 2293 3304 2349 monitis
3336 2295 3954 2366 parentes,adversita-

2296 2381 2456 2436 tibus
2487 2379 2716 2436 cunctis
2746 2382 3208 2451 carentes,bonis
3236 2383 3512 2439 omnibus
3543 2384 3950 2454 exuberantes,

2295 2473 2396 2524 tuo
2429 2469 2754 2526 ministerio
2787 2469 2942 2526 fideli
2973 2487 3170 2528 amore
3201 2472 3678 2545 obsequentes,et
3709 2474 3769 2530 in
3802 2493 3948 2548 prae-

2296 2559 2443 2614 senti
2474 2558 2683 2615 smculo
2707 2560 2866 2632 pacis
2897 2559 3314 2632 tranquillitate
3344 2561 3635 2629 fruantur,
3667 2569 3726 2620 et
3755 2568 3950 2622 tecum

2296 2653 2643 2704 aeternorum
2701 2649 2916 2706 civium
2981 2651 3274 2707 consortio
3346 2650 3518 2724 potiri
3579 2659 3943 2712 mereantur.

2295 2740 2497 2794 Amen.
2533 2739 2695 2806 Quod
2725 2739 2849 2811 ipse
2879 2743 3154 2812 praestare
3183 2741 3484 2814 dignetur.

2162 2959 2339 3064 ΙΙΙ.

1111 3145 1851 3265 ὈΟΗΟΝΛΤΙΟ
1926 3149 2368 3264 JUDITH
2447 3149 2890 3265 CAROLI
2968 3151 3336 3266 FILle

1657 3329 1801 3394 Cum
1829 3350 1965 3412 rege
1992 3329 2320 3412 Anglorum
2348 3329 2695 3414 desponsata
2723 3340 2825 3392 est.

855 3535 1255 3592 BENEDICTIO
1302 3536 1517 3594 SUPER
1559 3537 1874 3605 REGINAM,

758 3669 922 3724 quam
951 3653 1230 3724 Edelulfus
1262 3670 1360 3707 rex
1401 3655 1605 3724 accepit
1637 3655 1695 3708 in
1725 3669 1970 3720 arerem,

613 3804 812 3861 Nubas
847 3803 906 3860 in
935 3803 1462 3876 Cbristo,obnupta
1493 3804 1645 3859 nube
1676 3803 1916 3874 cmlesti,
1937 3807 1993 3859 ct
2021 3804 2184 3860 refri-

541 3897 742 3967 gerata
768 3893 956 3966 gratia
984 3891 1254 3964 spiritali,
1287 3910 1352 3948 ac
1378 3897 1637 3964 protecta
1667 3893 1738 3948 ab
1787 3891 1944 3948 omni
1984 3891 2187 3947 illicita

543 3981 1036 4056 concupiscentia,
1069 3998 1290 4052 pangas
1321 3982 1508 4038 foedus
1538 3998 1672 4036 cum
1722 3980 1906 4037 oculis
1953 3981 2091 4047 tuis,
2123 3985 2186 4036 ut

544 4089 660 4128 non
691 4071 888 4127 videas
909 4069 1166 4126 alienum
1185 4070 1372 4126 virum
1385 4071 1457 4126 ad
1475 4068 2006 4142 concupiscendum
2025 4087 2183 4138 eum,

543 4164 602 4216 et
623 4177 739 4216 non
762 4159 1067 4216 mmcheris
1089 4159 1146 4214 in
1167 4176 1404 4232 corpore
1426 4157 1511 4214 vel
1535 4159 1707 4213 corde
1726 4163 1846 4227 tuo,
1872 4161 1930 4213 et
1959 4164 2185 4215 avertas

543 4248 744 4306 oculos
773 4251 905 4306 tuos
935 4266 1007 4304 ne
1029 4248 1263 4304 videant
1288 4248 1605 4303 vanitatem
1640 4263 1652 4302 :
1686 4251 1974 4320 quatenus
2005 4247 2064 4302 in
2095 4249 2189 4304 via

543 4336 776 4394 Domini
805 4336 1131 4405 viviliceris,
1160 4341 1225 4393 ut
1255 4336 1446 4410 possis
1476 4336 1664 4391 dicere
1691 4353 1825 4392 cum
1849 4336 2134 4409 Propheta
2167 4353 2180 4392 :

541 4426 622 4482 Ad
651 4434 701 4483 te
729 4427 906 4482 levavi
931 4427 1111 4482 cados
1139 4443 1281 4482 meos
1312 4427 1408 4498 qui
1431 4425 1647 4481 habitas
1701 4427 1758 4481 in
1807 4426 1958 4480 oculis
2005 4428 2180 4496 (Psal.

541 4517 736 4586 cxxn).
768 4515 873 4572 Et:
909 4517 1103 4572 Levavi
1127 4516 1308 4572 oculos
1347 4531 1489 4569 nwos
1541 4516 1596 4570 in
1647 4523 1869 4584 montes,
1903 4514 2046 4571 unde
2093 4533 2181 4574 ve-

539 4607 660 4662 niat
688 4605 966 4662 auxilium
993 4606 1136 4660 mihi
1164 4604 1337 4674 (Psal.
1379 4607 1528 4671 an).
1565 4605 1666 4659 Per
1702 4603 2095 4672 Conditorem,
2127 4611 2185 4661 et

543 4695 1010 4767 Redemptorem,
1044 4711 1110 4750 ac
1140 4692 1454 4748 Dominum
1488 4697 1751 4748 nostrum
1782 4693 1986 4750 Jesum
2017 4694 2180 4750 Chri-

538 4789 720 4856 stum,
751 4784 850 4857 qui
881 4801 1014 4840 cum
1047 4783 1210 4838 Patre
1241 4785 1298 4839 et
1327 4782 1546 4855 Spiritu
1576 4788 1778 4838 sancto
1810 4783 1945 4840 vivit
1975 4788 2030 4840 et
2062 4801 2184 4858 reg-

539 4879 639 4931 nat
668 4875 727 4930 in
759 4873 972 4930 smcula
1002 4872 1371 4929 seculorum.

610 4963 882 5032 Benedic,
913 4961 1178 5029 Domine,
1213 4962 1321 5018 has
1365 4963 1550 5028 dotes,
1583 4967 1640 5018 et
1684 4962 2035 5034 accipientes
2077 4967 2182 5020 tua

535 5051 936 5109 benedictione
966 5052 1166 5108 dotare
1197 5051 1456 5124 digneris
1489 5067 1501 5105 :
1539 5054 1600 5106 ut
1629 5051 1885 5123 conjugii
1918 5052 2091 5108 fidem
2124 5057 2182 5109 et

533 5146 730 5199 torum
759 5140 1203 5197 immaculatum
1235 5145 1905 5205 servantes,sanctorum
1940 5141 2179 5214 patriar-

534 5231 780 5288 charum
831 5230 1038 5287 ascisci
1089 5233 1423 5287 mereantur
1467 5230 1776 5286 consortio.
1829 5234 1936 5285 Per
1986 5231 2178 5286 Domi:

536 5336 700 5378 num.

601 5407 811 5482 Accipe
841 5408 1287 5476 annulumﬁdei
1321 5406 1718 5464 etdilectionis
1736 5408 2176 5480 signum,atque

532 5493 860 5571 conjugalis
891 5485 1321 5570 corijunclionis
1351 5496 1670 5565 vinculum,
1705 5501 1771 5552 ut
1801 5513 1915 5552 non
1947 5503 2177 5570 separet

531 5583 708 5641 homo
739 5602 885 5659 quos
912 5587 1216 5661 conjungit
1248 5587 1422 5644 Deus.
1456 5587 1563 5654 Qui
1591 5585 1729 5642 vivit
1773 5590 1830 5641 et
1879 5591 2085 5660 regnat
2113 5587 2174 5645 in

530 5671 731 5736 omnia
757 5675 971 5736 secula
999 5677 1363 5738 saeculorum.

2215 3537 2260 3606 α
2371 3535 2709 3608 Despondeo
2759 3539 2815 3590 te
2864 3535 2964 3591 uni
3010 3536 3133 3592 viro
3171 3536 3457 3610 virginem
3491 3541 3738 3604 castam,
3769 3541 3946 3611 atque

2294 3625 2569 3698 pudicam
2621 3625 2877 3681 futuram
2925 3625 3258 3699 conjugem,
3289 3631 3356 3682 ut
3403 3632 3618 3683 sanctae
3668 3626 3942 3684 mulieres

2297 3715 2454 3770 luere
2501 3713 2642 3770 viris
2690 3714 2835 3783 suis,
2889 3715 3052 3782 Sara,
3103 3715 3380 3782 Rebecca,
3434 3715 3671 3788 Rachel,
3711 3715 3938 3784 Esther,

2292 3801 2517 3872 Judith,
2550 3804 2736 3870 Anna,
2769 3801 2992 3869 Noemi,
3018 3802 3242 3858 favente
3273 3806 3508 3860 auctore
3539 3807 3598 3860 et
3616 3803 3942 3860 sanctifica-

2294 3895 2416 3948 tore
2447 3891 2807 3965 nuptiarum,
2839 3892 2978 3949 Jesu
3011 3891 3242 3948 Christo
3285 3891 3531 3948 Domino
3581 3896 3803 3960 nostro,
3834 3892 3936 3966 qui

2292 3981 2430 4036 vivit
2459 3985 2516 4037 et
2546 3986 2752 4054 regnat
2781 3981 2839 4036 in
2872 3981 3050 4038 amula
3082 3979 3450 4038 saeculorum.

2364 4071 2541 4138 Deus,
2572 4070 2672 4142 qui
2705 4071 2762 4125 in
2796 4070 2998 4126 mundi
3031 4071 3348 4127 crescentis
3379 4070 3614 4127 exordio
3646 4069 3938 4146 multipli-

2293 4159 2490 4214 candze
2521 4158 2666 4232 proli
2699 4157 3386 4232 benedixisti,propitiare
3407 4159 3939 4233 supplicationibus

2293 4248 2530 4315 nostris,
2562 4252 2619 4304 ct
2646 4248 2785 4304 huic
2816 4246 3032 4304 famulo
3063 4251 3183 4318 tuo,
3226 4253 3284 4304 et
3331 4247 3469 4305 huic
3517 4248 3752 4305 famulas
3800 4253 3938 4319 tum,

2291 4354 2460 4409 opem
2492 4341 2603 4393 tua:
2648 4337 3070 4394 benedictionis
3108 4335 3372 4410 infunde,
3419 4341 3486 4393 ut
3529 4337 3590 4394 in
3641 4338 3938 4412 conjugali

2296 4425 2437 4482 751
2475 4428 2764 4483 consortio
2795 4427 3121 4483 secundum
3152 4425 3584 4501 beneplacitum
3624 4431 3817 4497 tuum,
3850 4428 3936 4485 af-

2289 4515 2442 4571 fectu
2488 4517 2768 4588 compari,
2803 4520 2994 4572 mente
3043 4516 3357 4586 consimili,
3386 4517 3696 4574 sanctitate
3727 4521 3938 4574 mutua

2289 4604 2654 4676 copulentur.
2686 4605 2816 4661 Dita
2845 4623 2944 4662 eos
2977 4605 3265 4662 fructibus
3295 4606 3515 4662 sanctis
3565 4611 3622 4661 et
3649 4607 3936 4680 operibus

2289 4693 2630 4750 benedictis.
2665 4694 2774 4749 Fac
2800 4693 2932 4749 illos
2962 4692 3138 4750 talem
3169 4693 3426 4750 sobolem
3461 4711 3764 4769 generare,
3804 4712 3934 4768 quae

2288 4783 2359 4838 ad
2393 4783 2476 4837 tui
2509 4781 2762 4855 paradisi
2793 4782 3076 4855 pertineat
3105 4781 3523 4840 haereditatem.
3570 4784 3769 4858 Aperi,
3821 4785 3933 4842 Do-

2289 4870 2465 4938 mine,
2487 4871 2706 4942 januas
2730 4870 2878 4939 cmli,
2911 4876 2968 4927 et
2995 4871 3168 4928 visita
3195 4889 3295 4929 eos
3320 4872 3379 4928 in
3411 4890 3571 4947 pace.
3605 4874 3790 4948 Irriga
3819 4880 3932 4932 ter-

2289 4977 2414 5016 ram
2445 4965 2742 5028 eorum,ut
2767 4960 3055 5033 germinet
3085 4961 3338 5017 fructum
3370 4961 3935 5035 spiritalemzsancti-

2289 5050 2396 5104 lica
2425 5065 2544 5115 eos,
2576 5047 2674 5120 qui
2705 5049 2878 5106 datus
2908 5066 2971 5106 es
3001 5049 3170 5106 nobis
3201 5067 3270 5106 ex
3310 5050 3535 5124 virgine
3567 5068 3580 5107 :
3616 5056 3675 5108 et
3719 5058 3934 5127 praesta

2286 5137 2370 5192 eis
2402 5141 2662 5210 tempora
2681 5137 3045 5212 salutis,quze
3075 5143 3211 5195 ante
3233 5143 3402 5195 tuum
3433 5140 3751 5197 adventum
3782 5159 3932 5216 pre-

2286 5226 2431 5282 dixit
2459 5231 2698 5284 sanctus
2729 5228 3012 5302 propheta
3039 5229 3315 5297 Joannes,
3331 5233 3396 5286 ut
3422 5227 3516 5285 hic
3539 5228 3792 5287 fideliter
3807 5248 3932 5289 cre-

2285 5316 2510 5386 dant,et
2538 5317 2703 5373 beate
2734 5317 2988 5375 viventes
3017 5319 3195 5374 vitam
3217 5324 3276 5374 et
3305 5334 3547 5393 regnum
3569 5335 3934 5393 consequan-

2286 5408 2381 5460 tur
2411 5410 2714 5476 aeternum,
2745 5407 2933 5479 gratia
2963 5413 3086 5475 tua,
3117 5407 3348 5464 Christe
3405 5406 3659 5464 salvator
3706 5415 3928 5483 noster,

2284 5497 2383 5570 qui
2414 5514 2550 5554 cum
2580 5497 2696 5554 Deo
2729 5497 2912 5567 Patre,
2948 5497 3008 5554 in
3039 5499 3263 5555 unitate
3309 5497 3562 5572 Spiritus
3609 5498 3820 5571 sancti,
3844 5499 3930 5557 vi-

2282 5586 2368 5644 vis
2397 5591 2454 5643 et
2482 5603 2691 5661 regnas
2721 5586 2894 5658 Deus,
2927 5604 3031 5661 per
3058 5587 3273 5644 omnia.
