4204 6470
283 471 406 540 81⁸7

1187 485 1684 548 EXPLANATIO
1729 486 1808 546 IN
1854 485 2282 550 FERCULUM
2327 489 2794 553 SALOMONIS.

3575 456 3649 558 ἀί
3655 493 3694 556 8

287 611 562 668 ﬂorentes
619 613 680 668 in
737 612 1034 703 voluntate
1089 600 1320 673 Domini
1345 635 1360 687 ;
1393 619 1450 673 et
1478 635 1590 691 pax
1634 617 1936 674 vobiscum
2050 619 2346 676 catholicze
2367 623 2778 678 communione
2801 629 3254 696 perseverantes,
3276 627 3349 685 ad
3373 597 3552 694 vitam
3569 609 3698 703 per-

287 705 670 772 permaneat;
705 705 882 774 atque
910 702 971 758 in
1002 704 1116 760 ﬁde
1138 709 1316 774 recta,
1349 722 1416 761 ac
1445 705 1615 762 bonis
1645 707 1941 780 operibus,

2053 709 2774 778 veniatismtcrnamﬂuod
2791 711 2914 785 ipse
2936 717 3212 795 praestare
3230 715 3696 792 dignetur,cujus

288 783 350 844 et
363 789 677 845 concordia
699 790 872 860 bona,
897 795 954 848 et
973 809 1172 850 amore
1209 793 1502 866 conjugali
1536 795 1784 863 sincero,
1819 812 1947 852 nec-
2056 814 2302 872 regnum
2335 803 2392 854 et
2422 799 2734 873 imperium
2765 783 2890 858 sine
2921 783 3036 858 ﬁne
3064 783 3366 876 permanet
3395 805 3456 862 in
3485 783 3699 864 secula

291 893 410 933 non
433 881 488 935 et
509 877 570 934 in
593 879 960 938 confessione
990 887 1204 938 sanctae
1236 883 1560 950 Trinitatis,
1593 888 1650 939 et
1678 884 1946 941 Ecclesiae
2056 887 2422 943 saeculorum.
2456 890 2659 944 Amen.
3547 896 3558 910 ‘

293 1019 3690 1050 _____________________________________________

1231 1160 1882 1249 ADMONITIO
1944 1165 2082 1248 AD
2143 1163 2770 1255 LECTOBEM

1603 1356 1680 1400 DE
1724 1357 2026 1402 OPUSUCLO
2076 1358 2369 1412 SEQUENTI
2379 1389 2392 1402 .

367 1518 696 1604 scripserat
723 1521 1095 1613 Hincjmlarus‘,
1119 1526 1268 1578 teste
1292 1523 1947 1613 Flodoardo,metricum
2063 1526 2580 1613 continebat.”llmc
2609 1533 2698 1584 est
2729 1546 2854 1613 quin
2885 1547 3040 1613 nunc
3102 1530 3354 1613 primum
3405 1531 3463 1592 in
3487 1532 3704 1613 .lucem

297 1591 460 1676 qus
485 1591 790 1676 egregium
821 1594 894 1648 ad
926 1593 1208 1676 Carolum_
1229 1596 1607 1676 regem,quod
1641 1596 1954 1676 appellavit
2062 1598 2236 1676 datur
2255 1599 2582 1676 exantiquo
2605 1591 3159 1676 exeniplari.l_3rioris
3172 1601 3326 1676 enim
3350 1591 3534 1676 partis
3556 1591 3704 1676 nihil

299 1662 609 1740 Ferculum
633 1662 1009 1740 'Salomonis,
1037 1662 1321 1740 versibus
1352 1662 1632 1740 constans
1651 1739 1658 1740 ί
1676 1662 1954 1740 quadrin-

295 1733 914 1810 gentisquadraginta
944 1736 1164 1804 scx,cui
1197 1741 1255 1792 et
1283 1737 1485 1810 solutae
1518 1733 1797 1810 orationis
1821 1756 1950 1810 par-

294 1805 420 1862 tem
459 1805 701 1862 alteram
754 1805 1070 1878 adjecerat,
1103 1825 1230 1880 quae
1289 1807 1446 1864 illius
1505 1805 1949 1882 explicationem

2061 1669 2203 1746 dum
2221 1669 2709 1746 vidimus‘praeter
2726 1669 2930 1728 versus
2947 1669 3429 1746 duodecim,qlfos
3450 1691 3556 1732 suo
3578 1672 3703 1732 loco

2059 1739 2214 1796 inter
2242 1739 2850 1816 auctoris'fragmenta
2880 1739 3262 1817 proferemus.

298 1963 3701 1993 ——————_—.——.—_——_—_——_

1408 2313 2062 2372 ARCHIEPISCOPI
2125 2315 2608 2372 RHEMENSIS

390 2475 1428 2614 EXPLANATIO
1499 2481 1660 2613 IN
1729 2485 2605 2618 FEBCULUM
2687 2449 3627 2618 SALOMON—IS

380 2830 672 2896 156Hoc
693 2838 919 2911 regium
957 2836 1265 2904 ferculum,
1293 2839 1450 2910 quod
1481 2839 1744 2894 doctores
1767 2841 1953 2901 sancti
1985 2843 2032 2907 B
2062 2857 2260 2896 verum
2293 2842 2364 2896 ab
2398 2841 2517 2910 illo,
2552 2841 2650 2913 qui
2711 2841 2830 2896 haec
2886 2843 3090 2897 eadem
3149 2841 3310 2915 ligna
3355 2841 3416 2900 in
3465 2823 3714 2924 aediﬁcio:

303 2919 619 3001 designare
650 2926 857 2983 dicunt
875 2925 1216 2993 Ecclesiam,
1241 2943 1454 2999 corpus
1479 2927 1702 2983 scilicet
1721 2927 1957 2999 Christi,

303 3015 367 3070 in
399 3015 572 3086 cujus
603 3013 823 3071 unitate
853 3013 1042 3070 eidem
1073 3013 1302 3069 Christo
1329 3031 1431 3086 per
1461 3015 1657 3083 ﬁdem,
1688 3019 1752 3071 ut
1781 3033 1959 3088 supra

305 3103 792 3173 monstravimus,
854 3102 1105 3175 quisque
1161 3103 1586 3174 incorporatur,
1636 3103 1841 3160 multis
1898 3105 1958 3160 in

305 3189 617 3266 Scriptura
643 3195 885 3248 vocatur
908 3191 1248 3248 nominibus
1273 3207 1286 3246 :
1317 3195 1382 3247 ut
1401 3195 1492 3248 est
1521 3209 1765 3265 regnum
1795 3194 1960 3250 caelo-

305 3275 463 3348 rum,
497 3281 730 3350 mulier,
764 3298 1002 3353 sponsa,
1033 3297 1198 3347 uxor,
1231 3279 1522 3349 columba,
1539 3281 1956 3351 dilecta,vinca,

307 3370 456 3438 ovis,
479 3369 648 3437 ovile,
673 3369 898 3438 civitas,
930 3369 1132 3436 turris,
1165 3369 1459 3437 columna,
1494 3371 1955 3440 ﬁrmamentum,

307 3460 546 3527 domus,
568 3457 1096 3530 templum,corpus
1120 3457 1355 3527 Christi,
1387 3457 1688 3531 plenitudo
1720 3459 1956 3528 Christi,

307 3559 551 3622 sagena,
585 3545 824 3620 nuptiae,
856 3564 1039 3614 coma,
1085 3552 1144 3602 et
1189 3545 1340 3616 aliis,
1397 3564 1525 3619 quae
1581 3547 1760 3604 lector
1816 3549 1962 3604 forte

307 3636 525 3710 poterit
555 3635 832 3704 invenire,
859 3633 996 3691 fecit
1029 3635 1140 3692 sibi
1163 3651 1261 3690 rex
1283 3635 1578 3706 Salomon,
1612 3636 1668 3690 id
1702 3640 1790 3692 est
1811 3637 1964 3709 paci-

307 3721 479 3793 ﬁcus,
517 3717 698 3792 Idida,
730 3722 840 3780 hoc
871 3726 960 3779 est
987 3722 1235 3778 dilectus
1276 3723 1530 3790 Domini,
1565 3723 1818 3791 Cocleth,
1851 3725 1961 3780 hoc

307 3817 401 3870 est
427 3813 802 3870 concionator
830 3812 1019 3885 ipsius
1051 3813 1290 3884 quidem
1319 3811 1716 3868 Ecclesiae.His
1745 3813 1961 3886 quippe

307 3901 509 3958 tribus
554 3901 894 3958 nominibus
941 3904 1184 3956 vocatus
1228 3904 1318 3956 est
1347 3900 1643 3968 Salomon,
1673 3899 1810 3974 quia
1841 3906 1964 3958 tota

309 3995 518 4047 sancta
547 3981 807 4046 Trinitas
836 3988 1144 4046 fabricavit
1164 3987 1450 4062 templum
1472 3989 1590 4044 veri
1609 3990 1958 4060 Salomonis,

308 4078 574 4152 corporis
633 4079 858 4136 scilicet
913 4076 1013 4134 Dei
1056 4081 1115 4134 et
1151 4077 1458 4134 hominum
1517 4077 1868 4147 Mediatoris,
1901 4079 1961 4134 in

309 4172 477 4224 utero
507 4170 688 4225 beatae
718 4171 776 4225 et
803 4167 1068 4240 gloriosa:
1114 4185 1459 4239 semperque
1506 4167 1764 4240 Virginis
1811 4168 1962 4240 ejus-

309 4251 448 4314 dem
473 4248 776 4332 genitricis
807 4257 1057 4312 dominae
1089 4272 1156 4312 ac
1185 4255 1588 4312 dominatricis
1620 4260 1828 4313 nostra:
1848 4257 1962 4313 Ma-

309 4341 431 4404 riae.
466 4347 727 4421 Spiritus
775 4346 932 4402 enim
982 4349 1220 4402 sanctus
1270 4345 1604 4417 supervenit
1631 4346 1690 4401 in
1725 4363 1875 4416 eam,
1907 4350 1965 4402 et

307 4436 499 4493 virtus
555 4425 843 4492 Altissimi
897 4433 1081 4507 patris
1129 4434 1502 4508 obumbravit
1553 4433 1637 4489 illi
1673 4451 1684 4490 :
1717 4433 1964 4507 ideoque

307 4515 504 4584 totum
557 4525 713 4597 quod
763 4541 832 4580 ex
877 4523 1108 4579 duabus
1138 4528 1196 4578 et
1228 4523 1288 4577 in
1333 4523 1564 4578 duabus
1613 4523 1962 4579 substantiis

307 4607 490 4688 atque
513 4612 740 4670 naturis
760 4611 820 4668 in
843 4611 1067 4668 unitate
1087 4611 1264 4666 unius
1284 4627 1544 4683 personas
1573 4629 1641 4667 ex
1661 4628 1729 4667 ea
1759 4615 1962 4668 natum

307 4699 424 4776 est,
455 4706 732 4760 sanctum
761 4703 1022 4769 vocatur,
1049 4704 1108 4756 et
1137 4703 1226 4756 est
1274 4698 1454 4756 Filius
1503 4699 1627 4766 Dei,
1659 4717 1762 4772 per
1789 4718 1963 4772 quem

308 4791 504 4868 gloria
531 4791 590 4846 in
616 4787 860 4847 excelsis
889 4789 1006 4846 Deo
1037 4791 1326 4857 cantatur,
1359 4791 1418 4844 et
1455 4787 1515 4842 in
1551 4791 1708 4844 terra
1736 4807 1848 4861 pax
1877 4793 1966 4845 est

307 4876 661 4939 hominibus
694 4881 860 4936 bona:
890 4877 1209 4935 voluntatis
1233 4895 1246 4946 ;
1267 4877 1366 4950 qui
1397 4881 1487 4933 est
1515 4876 1698 4934 Filius
1718 4878 1965 4936 dilectus

309 4973 373 5026 in
406 4987 525 5042 quo
555 4967 711 5024 Patri
757 4967 906 5023 bene
945 4965 1318 5038 complacuit,
1353 4971 1411 5021 et
1441 4984 1476 5022 a
1503 4967 1672 5038 cujus
1702 4967 1847 5022 facie
1877 4972 1967 5024 est

311 5059 563 5118 scientia
591 5061 649 5114 et
682 5056 1033 5122 intellectus,
1051 5060 1108 5110 et
1131 5054 1232 5127 qui
1263 5055 1431 5110 docet
1458 5055 1756 5110 hominem
1780 5055 1965 5111 scien-

307 5151 546 5216 tiam,et
559 5146 785 5219 Spiritu
817 5149 1018 5202 sancto
1051 5162 1156 5200 suo
1188 5145 1356 5200 docet
1386 5145 1703 5200 Ecclesiam
1733 5163 1967 5202 omnem

308 5237 644 5295 veritatem.
679 5234 836 5292 Fecit
863 5238 1060 5290 autem
1089 5234 1200 5290 hoc
1245 5232 1532 5289 ferculum
1563 5233 1678 5290 sibi
1708 5233 1820 5290 iste
1851 5237 1970 5292 Rex

311 5343 525 5401 regum
556 5328 614 5380 et
639 5323 928 5380 Dominus
975 5323 1346 5379 dominorum
1396 5322 1467 5378 de
1509 5321 1686 5395 lignis
1740 5324 1966 5395 Libani,

311 5416 459 5490 quia
475 5412 801 5472 Ecclesiam
824 5413 897 5469 de
917 5413 1170 5469 fortibus
1192 5412 1387 5468 animo
1407 5415 1464 5467 et
1493 5413 1822 5469 constantia
1851 5415 1973 5470 ani-

313 5506 534 5562 mabus
565 5503 914 5560 construxit.
949 5501 1135 5574 Ligna
1163 5501 1379 5574 quippe
1411 5499 1615 5556 Libani
1649 5505 1704 5556 et
1734 5500 1970 5559 celsitu-

1995 4206 2031 4230 α

1991 4238 2033 4270 \J

2067 2928 2246 3001 hujus
2280 2908 2510 2998 ferculi,
2537 2908 2594 2985 id
2630 2934 2719 2986 est
2765 2930 3052 2998 Ecclesiae,
3088 2908 3422 2997 istiusmodi
3453 2908 3714 3010 gratiosa:

2067 3017 2595 3090 prmdestinationis
2625 3023 2682 3074 et
2708 3017 3006 3075 electionis
3036 3036 3154 3076 sua:
3178 3019 3386 3092 gratia,
3403 3017 3564 3074 idest
3583 3034 3715 3096 grai

2067 3105 2142 3161 tis
2172 3107 2326 3174 data,
2346 3107 2701 3178 composuit;
2720 3107 2819 3179 qui
2849 3123 3052 3162 omnes
3083 3106 3350 3162 homines
3377 3105 3502 3162 vult
3519 3105 3716 3186 salvos,

2069 3193 2212 3261 ﬁeri,
2245 3198 2303 3250 et
2342 3195 2635 3250 neminem
2691 3193 2818 3250 vult
2874 3194 3080 3267 perire.
3115 3195 3188 3258 Ut
3234 3193 3390 3250 enim
3436 3193 3509 3254 de
3551 3197 3718 3268 costa

2067 3282 2411 3338 dormientis
2462 3284 2596 3338 Adae
2635 3282 2695 3337 in
2726 3282 2996 3356 paradiso
3053 3283 3355 3342 fabricavit
3403 3281 3600 3350 Evam,
3631 3280 3715 3339 ita

2068 3371 2379 3427 inelt'abilis
2424 3371 2832 3428 misericordia:
2888 3371 3076 3444 gratia
3105 3371 3163 3426 in
3195 3387 3365 3438 cruce
3393 3371 3712 3445 dormiens,

2069 3459 2139 3516 de
2185 3460 2366 3516 latere
2416 3477 2522 3516 suo
2572 3461 2932 3533 profundens
2977 3477 3190 3533 aquam
3237 3463 3295 3516 et
3333 3448 3720 3536 sanguinem,

2070 3547 2284 3621 quibus
2325 3553 2384 3605 et
2431 3549 2658 3605 lavacro
2719 3549 3006 3622 rigaretur
3047 3553 3103 3606 et
3149 3549 3378 3621 poculo,
3410 3537 3724 3637 aediﬁcavitT

2067 3637 2386 3693 Ecclesium
2416 3655 2429 3706 ;
2463 3655 2639 3710 quam
2685 3639 2934 3692 mundat
2977 3637 3204 3693 lavacro
3247 3654 3410 3708 aqua:
3458 3635 3602 3696 757
3651 3635 3724 3719 in;

2068 3727 2262 3793 verbo,
2295 3729 2352 3780 et
2399 3725 2634 3782 redimit
2681 3726 2968 3797 sanguine
3015 3725 3290 3797 pretioso,
3335 3728 3401 3778 ut
3446 3723 3726 3803 videlicet

2069 3814 2205 3887 agni
2258 3814 2621 3870 immaculati
2675 3818 2732 3870 et
2789 3813 3254 3882 incontaminati,
3287 3811 3388 3884 qui
3445 3815 3534 3866 est
3588 3811 3714 3890 ipse

2069 3903 2334 3958 Christus
2379 3903 2571 3970 Jesus,
2605 3905 2661 3957 et
2689 3901 3014 3958 sanctiﬁcat
3059 3899 3281 3973 Spiritu
3330 3903 3534 3980 sancto
3581 3900 3726 3980 suo,’

2070 3991 2298 4049 salvum
2323 3992 2540 4048 faciens
2563 3991 2621 4046 in
2643 3990 2915 4063 singulis,
2939 3989 3038 4062 qui
3059 3993 3148 4046 est
3163 4005 3372 4062 passus
3404 4005 3506 4060 pro
3531 3986 3726 4064 omni-_

2070 4083 2202 4150 bus,
2226 4085 2417 4136 totum
2438 4079 2758 4146 hominem,
2775 4079 3042 4135 videlicet
3061 4095 3274 4150 corpus
3295 4081 3352 4133 et
3371 4076 3716 4144 animam,et

2071 4171 2180 4226 hoc
2202 4170 2260 4224 in
2283 4171 2546 4238 sabbato,
2571 4168 2629 4222 id
2651 4172 2741 4224 est
2761 4167 2819 4222 in
2840 4168 3038 4240 requie
3058 4167 3302 4222 unitatis
3330 4163 3620 4233 Ecclesiae,
3653 4163 3714 4220 in

2072 4277 2190 4331 qua
2210 4277 2312 4331 per
2333 4259 2649 4314 salutarem
2671 4275 2832 4328 spem
2859 4256 3055 4312 ﬁdeles
3077 4256 3148 4311 ad
3172 4255 3433 4328 requiem
3466 4253 3718 4310 tendunt

2071 4351 2410 4420 perpetuam
2437 4365 2452 4415 ;
2483 4365 2585 4419 spe
2613 4347 2769 4402 enim
2802 4346 2944 4402 salvi
2976 4344 3115 4401 facti
3148 4361 3376 4400 sumus.
3415 4404 3420 4412 ,
3729 4413 3734 4420 ἱ

2143 4438 2330 4508 Hujus
2364 4435 2566 4493 ferculi
2597 4435 2880 4492 columnas
2905 4439 3045 4492 sunt
3073 4431 3371 4505 duae,quia
3385 4429 3568 4492 turbae
3587 4446 3736 4510 quis

2071 4527 2516 4599 praecesserunt,
2548 4529 2607 4580 et
2655 4542 2782 4597 quae
2844 4523 3216 4580 Dominicum
3274 4521 3720 4592 subsequuntur

2073 4616 2409 4684 adventum,
2470 4631 2573 4686 per
2627 4613 2802 4669 ﬁdem
2857 4610 3194 4668 Mediatoris
3239 4609 3458 4682 ipsius,
3514 4605 3720 4687 videlif

2073 4709 2162 4761 cet
2201 4703 2428 4776 paciﬁci
2487 4703 2640 4776 regis
2697 4705 2754 4758 et
2809 4701 3010 4758 ferculi
3063 4698 3430 4756 aedificatoris
3485 4695 3716 4754 salvataa

2074 4797 2248 4865 atque
2305 4791 2616 4860 salvandze,
2677 4790 2852 4847 unius
2909 4789 3292 4861 ejusdemque
3355 4782 3716 4843 credulitatis

2073 4881 2437 4938 confessione
2468 4880 2726 4936 clamant
2755 4879 3012 4936 dicentes
3038 4879 3271 4934 Osanna
3301 4893 3313 4932 :
3347 4880 3456 4930 Per
3481 4873 3720 4942 gratiam

2073 4974 2240 5040 enim,
2275 4970 2468 5042 inquit
2499 4971 2720 5037 Petrus,
2750 4969 2969 5024 Domini
3021 4969 3146 5023 Iesu
3201 4965 3472 5021 credimus
3510 4962 3720 5018 salvari

2075 5059 2527 5133 qucrmulmodum
2573 5068 2624 5114 ct
2668 5059 2758 5114 illi
2787 5059 2921 5128 (Act.
2955 5075 3046 5124 xv,
3083 5057 3190 5124 11).
3221 5053 3322 5107 Vel
3379 5054 3534 5106 certe
3591 5049 3747 5126 duae,

2077 5149 2362 5206 columnae
2421 5152 2558 5204 sunt
2617 5147 2839 5216 ferculi,
2875 5145 3014 5218 quia
3069 5143 3337 5216 quisquis
3385 5142 3445 5196 in
3493 5138 3720 5196 unitate

2077 5237 2380 5312 praesentis
2423 5235 2690 5292 Ecclesiae
2735 5251 2868 5290 cum
2901 5234 3014 5288 ﬁde
3045 5236 3204 5288 recta
3231 5234 3289 5287 et
3315 5227 3591 5302 operibus
3619 5225 3720 5282 bo-

2079 5329 2171 5384 nis
2202 5325 2674 5400 perseveraverit,
2708 5323 2768 5378 in
2801 5323 3018 5386 futura,
3049 5320 3107 5376 id
3151 5323 3241 5376 est
3278 5319 3338 5374 in
3369 5320 3586 5374 aeterna
3610 5315 3722 5370 Ec-

2079 5417 2275 5484 clesia,
2301 5417 2372 5472 de
2399 5412 2834 5485 incorruptione
2892 5411 3100 5466 animae
3157 5406 3335 5464 simul
3379 5409 3438 5463 et
3465 5403 3726 5479 corporis

2079 5503 2456 5562 inenarrabili
2479 5501 2861 5558 exsultatione
2885 5499 3138 5572 repletus
3169 5501 3342 5570 atque
3365 5494 3728 5571 gloriﬁcatus

315 5593 460 5652 dine
489 5597 547 5650 et
575 5593 770 5665 specie
813 5596 871 5648 et
919 5591 1011 5648 sui
1052 5596 1264 5647 natura
1320 5588 1668 5662 imputribili
1719 5591 1974 5648 multum
2007 5575 2050 5640 D
2083 5595 2208 5652 sine
2239 5597 2353 5650 ﬁne
2383 5588 2968 5667 gaudebit.Quoniam
2989 5589 3144 5644 Deus
3161 5585 3433 5642 omniain
3451 5600 3730 5641 mensura

317 5681 724 5758 p‘raeeminent.
749 5681 843 5738 Sic
861 5681 983 5736 haec
1006 5679 1166 5753 ligna
1186 5678 1554 5735 rationabilia
1584 5682 1757 5751 atque
1782 5680 1976 5738 fructi-

319 5774 466 5842 fera,
498 5771 593 5828 his
623 5775 681 5828 et
711 5771 841 5828 aliis
880 5769 1198 5826 virtutibus
1246 5766 1642 5840 praeeminent,
1675 5785 1792 5826 non
1824 5787 1856 5826 a
1889 5789 1970 5840 se,

2081 5685 2144 5740 in
2177 5702 2292 5757 qua
2321 5685 2550 5739 constat
2579 5680 2852 5753 qualitas,
2887 5679 2945 5734 in
2978 5694 3221 5733 numero
3251 5693 3368 5750 quo
3399 5674 3731 5732 continetur

2083 5773 2405 5846 quantitas,
2441 5772 2499 5826 in
2534 5771 2787 5842 pondere
2844 5785 2960 5840 quo
3018 5767 3383 5840 signiﬁcatur
3422 5763 3568 5822 ratio
3599 5779 3727 5835 per-
