4204 6456
498 445 618 510 819

1399 441 1783 504 HINGMARI
1829 437 2275 504 RHEMENSIS
2317 437 3011 503 ARCHIEPISCOPUS.

3780 433 3916 498 890

497 581 744 652 aequata,
775 593 893 652 qua
931 575 1164 652 pondus
1200 574 1434 632 virtutis
1463 593 1579 632 non
1609 573 1803 632 oneris
1823 573 2139 630 electorum
2167 571 2224 639 Α
2253 569 2467 627 cimam
2488 571 2620 642 tria,
2647 575 2870 628 sextam
2902 569 3183 645 quinque,
3215 570 3484 644 quintam
3514 586 3634 642 sex,
3665 567 3912 626 tertiam

497 667 795 742 accipiunt
823 665 1158 734 animm,illo
1189 665 1532 738 disponente
1553 665 1654 738 qui
1685 665 2010 721 secundum
2030 661 2142 718 Job

493 758 678 830 posuit
731 757 907 813 ventis
957 754 1171 829 pondus
1214 755 1331 825 (Job
1359 771 1556 819 xxvm,
1586 753 1677 824 25)
1711 771 1724 809 :
1759 756 1824 808 ut
1853 753 1926 808 ab
1960 752 2143 808 inten-

498 845 657 902 tione
687 845 788 901 Dei
819 861 934 900 non
949 845 1077 917 jam
1106 843 1216 899 levi
1249 846 1411 898 motu
1442 841 1755 910 dissiliant,
1787 841 1887 896 sed
1919 840 1978 896 in
2006 857 2142 895 eum

500 934 616 990 ﬁxa
641 932 984 990 constantia
1031 932 1311 1006 gravitate
1355 931 1683 987 consistant
1713 947 1725 984 :
1759 947 1862 1003 per
1891 945 2020 1002 quae
2042 929 2141 1000 ju-

501 1021 654 1078 dicio
683 1025 742 1078 et
768 1021 828 1076 in
860 1020 1072 1077 saecula
1113 1019 1274 1076 illius
1319 1017 1516 1075 omnia
1559 1023 1850 1084 constant,
1883 1035 1986 1092 per
2012 1035 2141 1090 quae

501 1111 791 1167 mundum
814 1107 1114 1167 constituit
1131 1108 1418 1182 gubernat
1436 1110 1493 1164 et
1502 1107 1876 1180 judicaturus
1901 1111 2008 1174 est,
2041 1105 2140 1178 qui

499 1197 915 1272 comprehendi
960 1196 1050 1254 vel
1098 1196 1443 1270 reprehendi
1490 1213 1605 1253 non
1661 1199 1872 1269 potest,
1905 1195 2144 1268 praemia

500 1287 590 1343 vel
631 1305 833 1362 poenas
880 1285 1130 1360 singulis
1188 1285 1522 1342 redditurus
1571 1288 1782 1340 cuncta
1827 1283 2140 1356 disposuit.

501 1376 698 1433 Prima
726 1376 898 1434 istius
927 1375 1202 1432 columna
1229 1373 1429 1430 ferculi
1464 1374 1654 1430 tribus
1675 1377 1732 1430 et
1755 1372 1993 1445 triginta
2012 1389 2145 1428 con-

501 1469 622 1523 stat
649 1463 919 1539 capitulis
952 1480 966 1522 :
999 1464 1139 1538 quia
1179 1463 1451 1537 quisquis
1498 1462 1558 1518 in
1605 1462 1843 1519 nomine
1873 1461 2058 1518 Patris
2088 1465 2146 1518 et

505 1553 633 1610 Filii
663 1558 722 1611 et
749 1552 1004 1627 Spiritus
1043 1551 1228 1610 sancti
1281 1551 1612 1625 baptizatus
1641 1568 1707 1606 ex
1740 1568 1893 1624 aqua
1921 1555 1979 1607 et
2009 1551 2142 1623 Spi-

502 1642 621 1700 ritu
651 1645 852 1700 sancto
881 1641 1224 1710 renascitur,
1256 1639 1522 1714 Decalogi
1561 1640 1838 1696 mandata
1867 1656 2000 1696 cum
2034 1641 2146 1696 ﬁde

501 1734 716 1788 sanctae
747 1729 1050 1788 Trinitatis
1099 1746 1334 1786 necesse
1363 1733 1452 1786 est
1481 1733 1917 1802 perseveranter
1941 1733 2145 1785 custo-

500 1819 644 1888 diat,
676 1819 727 1876 si
759 1819 833 1876 ad
863 1817 1041 1876 vitam
1070 1817 1196 1875 vult
1225 1818 1522 1892 pervenire
1555 1822 1919 1892 perpetuam.
1950 1819 2018 1874 Et
2045 1818 2143 1873 de-

2249 660 2470 727 decem,
2520 659 2826 716 dimidiam
2877 659 3232 734 quindecim,
3283 677 3412 734 qua)
3463 658 3642 717 simul
3689 659 3916 732 juncta

2249 749 2639 822 quadraginta
2657 751 2773 806 duo
2797 753 3212 806 consummant
3235 767 3248 805 :
3270 749 3368 806 ubi
3393 747 3729 822 mystice,ut
3749 746 3912 803 dixi-

2250 855 2403 905 mus,
2429 837 2589 893 innui
2599 842 2695 893 tur
2714 841 2897 894 totam
2917 837 3187 895 Ecclesiae
3208 837 3624 911 perfectionem
3646 835 3707 892 in
3727 835 3912 893 Chri-

2251 925 2323 982 sti
2348 927 2458 980 [idc
2481 931 2537 982 et
2555 927 2744 1000 gratia
2771 927 3112 995 consistere,
3137 944 3265 1000 qua)
3287 945 3320 982 a
3336 925 3685 1000 patriarchis
3707 924 3911 998 primo

2250 1013 2468 1087 agnita,
2493 1016 2893 1088 apostolorum
2923 1021 3013 1073 est
3043 1015 3218 1072 latius
3248 1033 3386 1072 voce
3409 1015 3710 1072 dill’amata
3743 1033 3757 1070 :
3789 1030 3910 1070 nec

2249 1121 2376 1161 esse
2408 1122 2619 1161 nomen
2650 1105 2805 1161 aliud
2839 1107 2948 1163 sub
2979 1105 3122 1162 cnzlo
3151 1104 3212 1161 in
3243 1122 3358 1178 quo
3379 1108 3642 1178 oporteat
3657 1120 3766 1160 nos
3787 1101 3912 1159 sal-

2247 1211 2350 1249 vos
2381 1194 2524 1263 ﬁeri,
2561 1195 2852 1266 quomodo
2895 1194 2954 1249 in
2997 1194 3390 1268 quadraginta
3445 1194 3678 1250 duobus
3734 1191 3912 1249 nulla.

2249 1286 2341 1337 est
2369 1280 2674 1355 particula,
2708 1301 2836 1356 quae
2896 1301 3010 1340 non
3061 1283 3387 1356 aequalibus
3435 1281 3732 1338 tricenarii
3789 1298 3912 1336 nu-

2250 1371 2393 1427 meri
2451 1371 2820 1428 contineatur
2879 1372 2935 1427 in
2997 1372 3283 1446 partibus.
3335 1371 3708 1428 Tricenarius
3761 1387 3910 1444 ergo

2251 1476 2532 1515 numerus
2588 1459 2714 1518 suis
2763 1461 3030 1534 partibus
3082 1460 3602 1535 quadragesimum
3645 1458 3912 1532 complet

2250 1553 2308 1604 et
2350 1549 2696 1616 secundum,
2729 1549 2870 1622 quia
2924 1549 3210 1606 Dominus
3265 1548 3584 1608 Ecclesiam
3644 1549 3736 1605 sui
3797 1548 3906 1604 ba-

2251 1638 2548 1711 ptismatis
2569 1639 2952 1696 sacramentis
2971 1643 3030 1696 et
3051 1657 3205 1696 nunc
3226 1639 3588 1696 laborantem
3611 1643 3909 1712 tempora-

2251 1725 2386 1782 liter
2406 1727 2616 1798 munit,
2639 1731 2697 1784 et
2726 1727 2907 1784 ﬁnitis
2940 1726 3240 1785 laboribus
3271 1728 3344 1785 ad
3374 1726 3634 1802 requiem
3663 1732 3910 1785 aeterna-

2251 1815 2384 1872 liter
2413 1816 2698 1888 perducit.
2733 1817 2803 1873 Et
2851 1816 3192 1874 tricennalis
3243 1817 3522 1891 baptizati
3583 1816 3905 1876 Salvatoris

501 1907 702 1965 uarius
724 1924 1006 1966 numerus
1023 1907 1276 1965 ternario
1297 1906 1661 1980 superposito
1680 1906 1738 1962 in
1751 1905 1970 1964 eisdem
1995 1907 2148 1978 capi-
2175 1944 2222 2009 Β
2255 1906 2392 1961 satas
2413 1903 2590 1960 etiam
2613 1905 2796 1962 nostri
2817 1905 3158 2009 baptimatis
3181 1905 3451 1962 intimare
3471 1909 3662 2007 potest
3692 1911 3907 1980 myste-

500 1995 644 2054 tulis
675 1999 764 2054 ter
791 1995 1026 2053 ducitur
1057 2011 1072 2051 :
1105 1995 1242 2070 quia
1292 1995 1523 2064 mulier,
1555 1995 1841 2052 catholica
1877 1994 2146 2052 videlicet

501 2084 778 2155 Ecclesia,
806 2090 1110 2159 acceptum
1159 2085 1534 2154 fermentum,
1579 2087 1791 2142 sanctae
1839 2083 2146 2141 Trinitatis

503 2173 728 2232 scilicet
755 2174 952 2246 ﬁdem,
968 2191 1070 2248 per
1096 2173 1466 2231 dilectionem
1496 2177 1831 2247 operantem
1863 2172 1923 2228 in
1950 2172 2144 2229 farinze

505 2266 635 2320 sata
652 2261 767 2320 tria
789 2263 1116 2330 abscondit,
1140 2263 1374 2336 quando
1403 2263 1574 2330 Asiae,
1594 2263 1797 2319 Africae
1827 2266 1884 2319 et
1905 2261 2144 2335 Europae

505 2350 668 2407 illam
689 2351 1002 2424 pradicare
1024 2355 1317 2424 procurat,
1339 2351 1521 2408 donec
1541 2352 2142 2418 fermenteturtotum,

503 2437 563 2496 id
593 2443 685 2516 est
712 2438 840 2496 orbi
869 2438 1138 2496 universo
1176 2438 1522 2512 praedicetur
1561 2439 1938 2513 Evangelium
1983 2439 2147 2512 regni

504 2532 809 2603 acceptum
838 2545 874 2586 a
903 2527 1150 2585 Domino
1178 2527 1318 2584 Jesu
1349 2527 1578 2584 Christo
1610 2529 1683 2585 de
1702 2527 1796 2586 his
1826 2545 1952 2601 quae
1975 2530 2149 2602 οωρίι

503 2621 564 2676 et
588 2617 830 2692 perfecit
875 2617 1062 2676 facere
1112 2621 1168 2674 et
1205 2618 1430 2676 docere.
1463 2619 1659 2674 Tertio
1690 2618 1782 2674 die
1813 2618 1872 2674 in
1903 2635 2146 2692 evange-

502 2707 616 2764 lica
644 2705 889 2764 lectione
929 2710 1384 2764 commemorato
1431 2705 1590 2763 venit
1617 2707 1689 2763 ad
1723 2706 1958 2780 nuptias
1993 2725 2004 2764 :
2037 2707 2148 2766 hoc

501 2799 594 2854 est
623 2795 792 2854 tertio
823 2795 1029 2852 mundi
1061 2799 1321 2869 tempore
1349 2813 1454 2870 per
1481 2795 1900 2853 incarnationis
1931 2801 2145 2870 myste-

502 2883 657 2942 rium
678 2885 945 2942 eamdem
967 2888 1230 2941 sanctam
1261 2883 1372 2942 sibi
1404 2883 1724 2942 Ecclesium
1746 2883 2004 2942 sociavit.
2030 2883 2147 2940 Pri-

502 2989 670 3030 mum
699 2972 938 3047 quidem
988 2973 1183 3030 saeculi
1231 2977 1468 3047 tempus
1497 2977 1631 3030 ante
1661 2973 1868 3047 legem,
1902 2973 2146 3046 patriar-

501 3061 747 3120 charum
763 3061 1062 3135 exemplis,
1085 3062 1409 3119 secundum
1441 3062 1550 3118 sub
1580 3061 1724 3135 lege,
1732 3061 2146 3134 prophetarum

503 3150 999 3224 scriptis,tertium
1017 3152 1129 3208 sub
1139 3151 1348 3224 gratia,
1363 3149 1852 3225 evangelistarum
1867 3151 2144 3224 praeconi-

501 3238 751 3312 is,quasi
767 3239 921 3297 tertii
939 3239 1051 3296 diei
1069 3238 1198 3296 luce
1213 3239 1432 3296 mundo
1461 3238 1708 3308 refulsit,
1729 3240 1787 3296 in
1812 3257 1928 3312 quo
1957 3239 2143 3296 isdem

2256 1994 2409 2050 rium
2443 2011 2455 2049 :
2491 1999 2728 2067 propter
2775 1995 2949 2052 {idem
3000 1994 3223 2052 scilicet
3251 1999 3465 2052 sancta:
3491 1995 3823 2066 Trinitatis,
3845 2001 3908 2054 et

2254 2082 2650 2156 operationem
2700 2083 2969 2158 Decalogi
3021 2083 3272 2141 revelata
3310 2084 3443 2140 fidei
3476 2084 3664 2158 gratia
3695 2101 3710 2140 :
3744 2086 3905 2158 quod

2256 2185 2370 2241 quo
2393 2169 2710 2226 sublimius
2733 2170 3082 2244 intelligitur
3104 2188 3171 2229 eo
3189 2177 3247 2228 et
3262 2168 3526 2228 doctrina
3545 2171 3906 2246 publicatur.

2255 2257 2570 2314 Duodenus
2592 2260 2837 2334 quippe,
2861 2277 3034 2334 quem
3055 2266 3272 2334 partes,
3297 2265 3362 2318 ut
3377 2260 3912 2329 diximus,tricena-

2255 2345 2323 2402 rii
2357 2348 2612 2420 pariunt,
2654 2348 3048 2421 apostolorum
3097 2367 3400 2420 numerus,
3453 2349 3905 2424 praedicatorum

2252 2435 2519 2492 videlicet
2538 2437 2802 2494 omnium
2822 2437 3056 2506 chorus,
3081 2442 3170 2494 ter
3199 2443 3536 2512 quaternos,
3559 2439 3679 2498 sive
3693 2444 3907 2514 quater

2255 2528 2454 2581 ternos
2501 2525 2797 2582 continere
2847 2527 3214 2601 dignoscitur
3244 2547 3258 2585 :
3292 2527 3430 2602 quia
3453 2529 3654 2585 cﬁdem
3685 2534 3906 2588 sancta

2255 2612 2580 2680 Trinitatis,
2603 2619 2662 2670 et
2684 2619 2936 2688 quatuor
2957 2615 3145 2673 sancti
3164 2617 3461 2691 Evangelii
3478 2617 3680 2690 libros,
3705 2619 3779 2676 ab
3809 2636 3903 2676 or-

2253 2701 2522 2759 thodoxis
2553 2703 2892 2761 doctoribus
2919 2709 3053 2761 ante
3083 2705 3260 2762 ﬁnem
3306 2707 3512 2762 mundi
3542 2712 3774 2780 oportet
3799 2725 3906 2781 per

2257 2794 2510 2864 quatuor
2539 2796 2756 2864 partes,
2791 2793 3041 2850 Orientis
3072 2793 3314 2863 scilicet,
3346 2795 3696 2864 Occidentis,
3727 2797 3902 2870 Aqui-

2254 2879 2407 2936 lonis
2437 2884 2494 2936 et
2518 2879 2739 2948 Austri,
2771 2882 3057 2953 quadrato
3084 2882 3244 2940 orbis
3283 2883 3532 2940 termino
3573 2885 3900 2958 praedicari.

2255 2967 2432 3035 Quasi
2453 2968 2610 3024 enim
2633 2970 2927 3042 quoddam
2949 2975 3384 3028 sacrosanctum
3406 2972 3644 3030 triennii
3666 2979 3904 3047 tempus

2255 3057 2638 3130 baptizandos
2662 3058 2877 3116 habere
2907 3058 3122 3130 docuit,
3155 3061 3254 3133 qui
3283 3061 3384 3131 ait,
3409 3061 3484 3118 Ite
3511 3062 3688 3119 docete
3715 3080 3902 3120 omnes

2255 3155 2452 3217 gentes,
2488 3149 2823 3220 baptizantcs
2874 3166 2962 3206 eos
3022 3151 3082 3206 in
3135 3151 3356 3208 nomine
3413 3153 3614 3220 Patris,
3645 3159 3699 3209 et
3743 3153 3902 3221 Filii,

2253 3243 2304 3292 et
2332 3235 2572 3308 Spiritus
2625 3240 2807 3294 sancti
2853 3238 3054 3311 (Matth.
3104 3239 3472 3311 xxvlu,19):
3523 3240 3694 3312 quasi
3745 3239 3902 3297 idem

501 3327 786 3385 Dominus
803 3333 860 3385 et
875 3327 1138 3385 Salvator
1153 3332 1351 3386 noster
1369 3345 1473 3402 pro
1497 3328 1894 3401 redemptione
1909 3328 2140 3402 generis
2171 3312 2214 3378 C
2253 3322 2361 3380 hoc
2382 3324 2698 3382 triennium
2718 3343 2822 3398 per
2837 3327 3035 3383 decem
3069 3326 3446 3400 multiplicari
3476 3328 3752 3402 praecepit
3765 3346 3903 3386 cum

501 3415 746 3473 humani
779 3417 1115 3474 incarnatus
1145 3418 1435 3491 apparuit.
1455 3417 1566 3474 Sed
1598 3421 1656 3472 et
1682 3417 1836 3474 idem
1868 3417 2144 3475 denarius

503 3521 786 3562 numerus
807 3504 866 3562 in
886 3505 1181 3579 trigonum
1199 3507 1412 3563 ductus
1436 3505 1799 3562 tricesimum
1822 3505 2025 3579 implet
2043 3525 2146 3562 nu-

501 3610 752 3660 merum,
782 3611 898 3667 quo
929 3613 1082 3652 anno
1111 3595 1378 3652 Christus
1408 3595 1735 3666 baptizatus
1765 3600 1974 3651 cuncta
2009 3613 2142 3652 san-

499 3681 773 3740 ctiﬁcavit
796 3700 902 3740 suo
942 3683 1294 3758 baptismate
1325 3684 1544 3739 fluenta
1574 3683 1744 3740 nobis
1779 3685 1927 3741 758
1958 3701 2142 3756 aqua--

497 3787 654 3839 rum,
677 3775 736 3828 et
763 3771 942 3845 huius
972 3771 1454 3829 sanctificationis
1483 3771 1670 3846 gratia
1703 3772 1995 3830 tricesimo
2015 3779 2145 3830 aeta-

494 3861 574 3918 tis
595 3877 748 3917 anno
768 3860 941 3918 Jesus
962 3860 1119 3918 venit
1138 3859 1197 3916 in
1229 3859 1522 3933 baptisma
1553 3877 1565 3915 :
1595 3859 1734 3934 quia
1765 3861 1986 3918 scilicet
2013 3867 2146 3935 post

496 3948 792 4022 baptisma
811 3949 970 4006 istud
991 3948 1179 4022 legem
1209 3953 1334 4006 erat
1363 3954 1614 4006 veterem
1646 3948 1968 4007 soluturus.
2002 3952 2142 4008 Pro-

497 4043 694 4112 pterea
724 4056 910 4112 usque
943 4039 1014 4094 ad
1045 4038 1198 4094 hanc
1239 4043 1490 4107 natalem,
1523 4057 1650 4112 qua:
1703 4039 1901 4096 omnia
1957 4045 2145 4113 potest

495 4143 702 4200 capere
732 4131 988 4201 peccata,
1023 4125 1081 4182 in
1114 4125 1260 4200 legis
1310 4127 1711 4184 observatione
1770 4129 2093 4202 permansit
2125 4147 2139 4186 :

493 4231 568 4272 ne
593 4216 726 4288 quis
755 4214 975 4272 diceret
1004 4213 1134 4270 ideo
1165 4232 1300 4271 eum
1333 4215 1573 4273 solvisse
1603 4214 1812 4287 legem,
1845 4217 1984 4290 quia
2013 4235 2142 4274 eam

494 4321 611 4361 non
641 4303 856 4361 valeret
903 4301 1167 4376 implere.
1201 4303 1400 4377 Neque
1460 4303 1618 4360 enim
1667 4305 1860 4362 omnis
1902 4323 2144 4378 prorsus

493 4397 632 4450 tetas
653 4392 884 4450 cunctis
904 4391 1059 4448 vitiis
1080 4397 1409 4465 opportuna
1427 4393 1692 4450 est.Nam
1706 4393 1928 4466 primos
1950 4395 2142 4452 adhuc

491 4499 679 4539 annos
707 4480 1104 4556 imprudentia
1131 4485 1188 4538 et
1218 4480 1587 4539 imbecillitas
1616 4482 1796 4538 animi
1829 4482 2004 4539 simul
2034 4485 2140 4541 ob-

492 4569 726 4626 sident:
760 4569 1163 4627 adolescentiae
1193 4586 1326 4626 vero
1355 4574 1587 4644 tempus
1618 4571 1926 4628 ferventior
1955 4573 2141 4646 impu-

489 4663 634 4731 gnat
653 4657 835 4716 libido
860 4674 873 4714 :
899 4657 1184 4731 reliquam
1205 4675 1337 4715 vero
1358 4662 1587 4716 aitatcm
1609 4659 1862 4717 habendi
1885 4663 2138 4718 maxime
2168 4682 2216 4745 ι)

491 4746 705 4820 cupido
727 4745 1024 4804 sollicitat.
1043 4747 1350 4820 Propterea
1370 4747 1548 4821 igitur
1561 4766 1794 4804 omnem
1813 4749 1962 4806 hanc
1979 4751 2137 4806 Chri-

491 4839 622 4892 stus
639 4835 994 4908 exspectavit
1019 4840 1270 4905 zetatem,
1295 4853 1398 4908 per
1417 4837 1572 4909 quod
1596 4854 1769 4894 omne
1799 4841 2136 4913 tcmpusju-

491 4924 714 4980 stitiam
745 4923 891 4998 legis
921 4923 1202 4998 implevit,
1234 4941 1301 4981 ac
1331 4928 1468 4981 tunc
1497 4926 1736 4982 demum
1765 4927 1918 4984 venit
1947 4929 2018 4985 ad
2043 4930 2137 4986 ba-

489 5011 901 5086 ptisma,quasi
915 5012 1220 5070 cumulum
1235 5013 1375 5070 illud
1395 5013 1622 5072 cunctis
1633 5015 2136 5076 observationibus

486 5099 634 5174 legis
653 5101 1118 5175 adimplens.Qui
1141 5102 1420 5175 quoniam
1443 5103 1591 5176 ipso,
1610 5104 1762 5176 quod
1787 5104 2133 5164 tricenarius

486 5189 799 5259 inchoavit,
823 5189 1118 5264 baptismo
1138 5191 1320 5248 totius
1343 5192 1419 5248 sit
1437 5191 1703 5248 Ecclesia:
1725 5193 1928 5250 sordes
1948 5194 2136 5268 expia-

486 5281 678 5347 turus,
711 5279 1049 5336 eorumdcm
1081 5297 1312 5353 quoque
1342 5297 1718 5336 numerorum
1767 5282 2014 5355 mystica
2038 5301 2130 5340 co-

486 5367 685 5438 gnatio
715 5367 971 5425 declarat
1000 5386 1012 5424 :
1047 5370 1184 5442 quia
1223 5369 1488 5426 videlicet
1539 5369 1778 5442 triginta
1807 5370 2131 5444 aequalibus

487 5454 612 5510 suis
645 5456 912 5527 partibus
941 5463 1278 5531 computata
1303 5457 1539 5530 pariunt
1569 5458 1824 5531 amplius
1855 5459 2126 5515 duodeci-

485 5545 778 5616 mum,qui
809 5551 897 5601 est
926 5547 1391 5618 patriarcharum
1423 5550 1478 5601 et
1509 5547 1905 5619 apostolorum
1929 5566 2128 5604 nume-

480 5649 602 5698 rus,
627 5636 684 5687 et
713 5634 861 5690 tiunt
889 5635 1279 5709 quadraginta
1309 5636 1444 5691 duo.
1465 5637 1688 5692 [labent
1717 5637 1873 5692 enim
1907 5643 2122 5709 partes,

476 5719 853 5792 tricesimum,
887 5741 1094 5792 unum,
1137 5725 1696 5798 quintamdecimam
1736 5726 1872 5797 duo,
1907 5727 2121 5784 duode-

2252 3413 2574 3485 subjunxit,
2634 3415 2875 3472 docentes
2931 3432 3019 3473 eos
3070 3433 3284 3474 servare
3365 3419 3552 3474 omnia
3635 3433 3902 3490 quacun—

2251 3519 2355 3574 que
2401 3503 2666 3560 mandavi
2739 3507 2890 3561 vobis
2946 3505 3131 3576 (ibid.,
3189 3509 3303 3577 20).
3347 3505 3470 3574 'Qui
3543 3507 3738 3564 tribus
3795 3524 3901 3564 an-

2253 3591 2345 3646 nis
2377 3608 2442 3646 ac
2473 3591 2562 3648 bis
2593 3592 2773 3648 ternis
2805 3593 3110 3651 mensibus
3158 3594 3365 3650 mundi
3415 3595 3686 3652 tenebras
3715 3613 3905 3653 exem-

2253 3678 2348 3752 plo
2378 3684 2436 3734 et
2464 3681 2636 3737 verbo
2685 3699 2790 3738 suo
2843 3683 2914 3739 de
2967 3681 3277 3739 dilectione
3318 3681 3419 3739 Dei
3449 3688 3506 3740 et
3535 3683 3784 3756 proximi
3813 3702 3904 3742 sa-

2253 3785 2402 3824 nans
2454 3769 2602 3827 759
2647 3787 2890 3845 corpora
2955 3771 3131 3828 simul
3184 3777 3243 3829 et
3299 3772 3550 3841 animas,
3601 3771 3902 3831 illustrare

2252 3857 2548 3931 dignatur,
2574 3877 2676 3931 pro
2699 3860 2930 3933 generis
2950 3860 3194 3918 humani
3226 3861 3413 3919 salute
3443 3861 3504 3917 in
3533 3879 3706 3919 cruce
3735 3879 3906 3920 occu-

2252 3947 2399 4002 buit.
2432 3947 2740 4004 Evidenter
2765 3951 3101 4022 ostendens,
3133 3949 3273 4023 quia
3303 3949 3559 4024 praelatis
3591 3951 3900 4024 apostolis,

2251 4036 2628 4109 martyribus,
2661 4039 3119 4106 confessoribus,
3146 4039 3486 4112 caztcrisque
3538 4040 3806 4097 arctioris
3835 4058 3906 4098 ac

2251 4124 2610 4196 perfectioris
2641 4126 2767 4182 vitze
2793 4126 2953 4196 viris,
2988 4145 3240 4200 quorum
3290 4127 3742 4185 inenarrabilem
3783 4129 3907 4202 glo-

2251 4213 2397 4269 riam
2425 4215 2497 4269 de
2527 4215 3010 4273 manifestissima
3065 4216 3388 4274 divinitatis
3430 4215 3652 4274 visione
3691 4219 3904 4292 sempi-

2250 4305 2426 4358 ternae
2457 4301 2760 4360 Trinitatis
2809 4303 2893 4360 illi
2935 4309 3165 4362 tantum
3207 4305 3422 4374 sciunt,
3453 4305 3551 4379 qui
3583 4323 3654 4363 ea
3682 4307 3904 4379 perfrui

2251 4396 2612 4461 meruerunt,
2645 4397 2785 4448 sunt
2816 4393 3014 4466 plures
3043 4393 3102 4450 in
3131 4393 3386 4452 Ecclesia
3403 4394 3579 4467 justi,
3615 4395 3728 4452 ﬁde
3758 4413 3900 4454 san-

2249 4483 2353 4534 cta:
2385 4477 2709 4548 Trinitatis,
2743 4479 2801 4534 in
2829 4497 2947 4552 qua
2975 4485 3032 4536 et
3061 4479 3384 4538 incarnatio
3432 4479 3662 4537 Domini
3714 4482 3898 4538 nostri

2247 4567 2387 4624 Jesu
2413 4567 2628 4624 Christi
2660 4568 2938 4624 veraciter
2981 4569 3332 4642 continetur,
3363 4587 3478 4643 qua
3509 4587 3623 4626 non
3654 4571 3902 4628 accessit

2247 4657 2632 4728 quaternilas,
2657 4659 2759 4714 sed
2782 4656 2842 4713 in
2866 4675 2981 4714 uno
3005 4657 3148 4714 Filio
3171 4657 3286 4716 Deo
3307 4662 3366 4715 et
3391 4657 3648 4728 homine,
3675 4657 3778 4732 qui
3807 4663 3901 4716 est

2243 4744 2303 4802 in
2335 4746 2521 4820 gloria
2550 4746 2652 4802 Dei
2685 4747 2892 4814 Patris,
2927 4763 3062 4804 cum
3121 4748 3325 4804 eodem
3385 4747 3553 4804 Pa‘tre
3593 4751 3652 4804 et
3695 4752 3898 4805 sancto

2245 4835 2466 4908 Spiritu
2487 4841 2789 4908 permanet
2809 4836 3085 4906 Trinitas,
3107 4853 3229 4910 spe,
3245 4835 3527 4894 charitate
3547 4840 3604 4893 ct
3618 4839 3895 4910 operibus

2244 4924 2414 4981 bonis
2446 4925 2702 4996 perfecti,
2726 4926 2826 4998 qui
2860 4929 2990 4997 post
3019 4925 3211 4982 carnis
3233 4925 3584 4983 solutionem
3616 4926 3895 4986 continuo

2244 5013 2413 5070 beata
2442 5013 2696 5085 paradisi
2731 5015 2929 5088 requie
2961 5014 3381 5089 suscipiantur,
3405 5019 3815 5088 exspectantes
3834 5017 3896 5074 in

2243 5120 2456 5176 magno
2485 5103 2720 5176 gaudio,
2754 5103 2812 5160 in
2845 5105 3078 5178 magnis
3127 5105 3626 5180 congaudentium
3672 5105 3894 5176 choris,

2241 5192 2476 5264 quando
2509 5197 2735 5266 recepto
2765 5211 3003 5267 corpore
3048 5193 3283 5251 veniant
3321 5199 3378 5250 et
3407 5199 3731 5267 appareant
3758 5199 3894 5252 ante

2241 5281 2447 5337 faciem
2479 5281 2601 5337 Dei.
2630 5281 2694 5338 In
2725 5283 2970 5339 semisse
3000 5287 3199 5340 autem
3248 5301 3403 5340 anno
3453 5283 3890 5352 demonstrans,

2239 5369 2376 5442 quia
2400 5369 2661 5426 nonnulli
2685 5376 2922 5444 propter
2943 5372 3095 5428 bona
3127 5373 3363 5446 quidem
3387 5389 3562 5446 opera
3581 5372 3654 5428 ad
3678 5371 3890 5429 electo-

2238 5477 2368 5515 rum
2404 5459 2638 5532 quidem
2671 5461 2880 5518 lortem
2909 5461 3300 5533 prmordinati,
3334 5463 3433 5518 sed
3463 5466 3701 5534 propter
3733 5462 3892 5520 mala

2235 5547 2453 5620 aliqua,
2505 5550 2720 5621 quibus
2771 5549 2974 5622 polluti
3021 5551 3092 5606 de
3140 5569 3381 5624 corpore
3437 5551 3708 5606 exierunt
3757 5558 3890 5623 post

2234 5644 2478 5695 mortem
2502 5657 2695 5696 severe
2736 5639 3024 5713 castigati,
3048 5641 3419 5713 excipiuntur
3450 5640 3705 5696 flammis
3729 5641 3888 5714 ignis

2232 5729 2574 5802 purgatorii,
2597 5735 2651 5786 ct
2669 5727 2754 5786 vel
2775 5747 2961 5802 usque
2981 5731 3053 5787 ad
3084 5731 3239 5788 diem
3262 5729 3475 5802 judicii
3507 5728 3682 5802 longa
3699 5729 3884 5802 hujus
