4204 6468
315 481 432 550 821

1217 490 1720 557 EXPLANATIO
1763 494 1842 556 IN
1885 494 2307 560 FERCULUM
2353 495 2820 562 SALOMONIS.

3597 477 3716 562 sesi

316 610 751 680 examinatione
771 639 806 679 a
831 621 1106 680 vitiorum
1128 624 1296 682 sorde
1318 628 1793 698 mundantur,vel
1815 631 1968 686 certe
2138 628 2314 698 Iertia
2331 627 2424 698 lux
2452 630 2734 698 Dominum
2764 633 3090 698 remeantem
3122 643 3152 681 a
3179 632 3353 698 morte
3385 631 3604 698 recepit.
3707 629 3716 638 ‘

315 709 486 784 prius
515 708 840 768 amicorum
871 711 1132 769 fidelium
1163 715 1438 788 precibus
1467 716 1962 792 eleemosynisje~

305 799 520 872 juniis,
553 799 813 870 ﬂetibus,
835 805 892 858 et
911 801 1115 860 hostia:
1147 804 1424 862 salutaris
1455 806 1847 864 oblationibus
1869 809 1968 865 ab-

315 889 496 946 soluti
524 889 732 963 pomis,
765 895 823 947 et
849 890 963 965 ipsi
1009 893 1080 948 ad
1129 894 1435 950 beatorum
1485 895 1832 968 perveniunt
1877 914 1962 954 re-

314 979 536 1052 quiem.
571 981 683 1036 Tot
711 979 886 1036 etiam
917 981 1112 1050 annis,
1145 983 1204 1038 id
1235 987 1324 1039 est
1353 983 1546 1040 tribus
1593 989 1652 1040 et
1697 985 1960 1054 dimidio,

311 1066 710 1124 Antichristus
721 1069 814 1144 sui
835 1070 1150 1126 ostentabit
1164 1067 1965 1144 ﬁgmenta'mendaciipsten-

313 1157 462 1213 dens
490 1174 554 1214 se
577 1142 860 1230 tanquam
891 1159 1018 1232 ipse
1049 1159 1125 1216 sit
1153 1142 1308 1217 Deus
1347 1161 1534 1235 signis
1563 1167 1619 1218 et
1650 1142 1960 1232 mendacii,

312 1245 619 1320 prodigiis,
636 1245 920 1304 adhibens
942 1246 1238 1304 minarum
1259 1253 1436 1322 atque
1455 1267 1760 1322 poenarum
1780 1256 1961 1309 terro—

311 1343 428 1390 res.
463 1334 574 1392 Sed
610 1351 726 1392 non
758 1337 1094 1408 praevalebit
1121 1336 1182 1393 in
1215 1355 1334 1406 eos,
1359 1339 1459 1411 qui
1482 1339 1542 1394 in
1564 1339 1697 1395 fidei
1720 1345 1886 1396 rectae
1908 1345 1962 1397 et

311 1439 558 1496 operum
589 1425 878 1482 bonorum
911 1427 1284 1499 perfectione,
1319 1427 1510 1502 gratia
1557 1429 1744 1501 ipsius
1795 1430 1960 1486 auxi-

309 1513 494 1570 liante
523 1513 859 1586 persistent.
893 1515 1000 1582 Qui
1032 1515 1091 1571 in
1122 1533 1296 1572 carne
1338 1534 1626 1589 apparens
1671 1519 1864 1574 factus
1893 1536 1962 1576 ex

311 1600 579 1672 muliere,
612 1603 800 1659 factus
825 1603 936 1660 sub
966 1602 1094 1677 lege
1124 1607 1191 1660 ut
1220 1621 1318 1660 eos
1351 1603 1448 1676 qui
1482 1606 1592 1662 sub
1642 1607 1766 1679 lege
1797 1610 1962 1663 erant

309 1690 714 1754 redimeretmt
734 1691 1106 1764 adoptionem
1126 1692 1382 1748 ﬁliorum
1411 1694 1961 1768 reciperemus,post

309 1779 816 1836 circumcisionem
849 1781 1150 1837 tricesima
1187 1783 1360 1838 tertia
1409 1782 1500 1838 die
1551 1785 1622 1838 ad
1671 1785 1956 1856 templum

310 1869 544 1926 delatus
573 1873 681 1938 est,
715 1874 774 1926 et
802 1868 1014 1943 legalia
1052 1887 1156 1943 pro
1205 1887 1272 1927 eo
1317 1888 1564 1928 munera
1610 1873 1826 1942 oblata,
1859 1875 1959 1945 qui

310 1961 526 2015 cuncta
555 1957 838 2014 divinitus
869 1962 1189 2016 consecrat.
1223 1959 1513 2033 Trigonus
1559 1961 1736 2018 etiam
1779 1964 1957 2038 Deca-

309 2045 456 2120 logi,
486 2051 545 2104 et
572 2050 694 2103 tres
725 2047 870 2115 dies,
897 2051 1072 2120 atque
1092 2047 1310 2104 oblatio
1331 2051 1404 2105 ad
1424 2049 1712 2123 templum
1741 2051 1956 2122 delata,

309 2135 446 2193 illos
475 2136 600 2194 dies
644 2141 702 2193 et
749 2136 896 2193 sacri
906 2137 1104 2193 ﬁcium
1151 2137 1441 2208 Ecclesiae,
1471 2157 1600 2212 qua
1629 2145 1720 2196 cst
1747 2158 1960 2214 corpus

308 2223 550 2294 Christi,
567 2225 901 2300 designant,
917 2227 986 2282 de
1001 2227 1215 2299 quibus
1239 2227 1442 2300 ipsein
1462 2229 1772 2302 Evangelio
1795 2229 1956 2298 dicit,

306 2317 442 2373 Ecce
466 2316 625 2389 ejicio
655 2315 931 2372 daemonia
955 2324 1007 2372 et
1033 2319 1295 2372 sanitates
1322 2320 1544 2390 perﬁcio
1563 2320 1720 2376 hodie
1741 2329 1792 2376 et
1811 2337 1955 2388 cras,

303 2413 360 2462 et
389 2406 554 2462 tertia
580 2404 670 2461 die
715 2421 1061 2462 consummar
1091 2407 1241 2475 (Luc.
1272 2423 1394 2474 xm,
1426 2407 1515 2480 32)
1547 2423 1561 2462 :
1598 2407 1738 2480 quia
1766 2407 1956 2480 expel-

305 2493 513 2550 luntur
558 2493 866 2562 daemonia,
914 2510 1070 2560 cum,
1105 2493 1324 2550 relictis
1374 2496 1634 2566 paternis
1676 2495 1956 2568 supersti-

302 2582 592 2652 tionibus,
622 2583 872 2638 credunt
911 2581 972 2638 in
1021 2600 1156 2640 eum
1204 2586 1406 2656 gentes
1442 2601 1455 2639 :
1489 2587 1545 2640 et
1575 2585 1959 2657 perficiuntur

306 2671 614 2741 sanitates,
653 2688 790 2728 cum
841 2673 1166 2728 secundum
1214 2673 1342 2744 ejus
1391 2677 1678 2745 pracepta
1719 2673 1952 2742 vivitur,

305 2764 693 2836 posteaquam
723 2761 901 2817 fuerit
929 2760 1162 2818 diabolo
1192 2765 1250 2818 et
1269 2761 1406 2818 huic
1427 2761 1638 2818 saeculo
1665 2763 1960 2819 renuntia-

215 2873 235 2888 ε
302 2853 456 2920 tum,
492 2866 680 2922 usque
701 2848 764 2906 in
797 2850 972 2906 finem
1012 2849 1474 2919 resurrectionis,
1507 2869 1625 2923 qua
1673 2856 1954 2924 tanquam

305 2938 481 2996 tertia
511 2936 1036 3008 consummabitu‘r,
1061 2939 1171 2994 hoc
1201 2942 1290 2996 est
1320 2941 1388 2994 ad
1412 2939 1834 3012 plenitudinem
1858 2959 1958 2996 an—

301 3026 554 3102 gelicam
581 3023 690 3100 per
717 3027 976 3099 corporis
1017 3027 1193 3084 etiam
1241 3029 1739 3084 immortalitatem
1787 3030 1956 3101 perfi-

301 3115 492 3173 cietur
520 3115 796 3172 Ecclesia.
829 3117 1192 3189 Quapropter
1221 3116 1399 3188 hujus
1451 3117 1680 3172 numcri
1730 3119 1954 3174 ratione

301 3204 546 3261 devotus
568 3203 816 3278 quilibet
839 3203 1094 3277 colligat,
1113 3203 1251 3278 quia
1271 3205 1368 3262 ille
1391 3223 1426 3262 a
1445 3205 1816 3278 corruptione
1836 3224 1955 3262 cor-

298 3293 460 3366 poris
491 3297 550 3350 et
579 3292 787 3350 animas
817 3296 1048 3349 tantum
1079 3293 1526 3366 salvabitur,qui
1556 3293 1616 3350 in
1651 3295 1764 3350 fide
1795 3299 1953 3351 recta

2137 691 2295 743 Trina
2323 692 2437 743 dies
2463 694 2651 743 Jonam
2681 695 2856 744 tenuit
2881 694 2982 744 sub
3010 695 3214 745 viscere
3242 695 3360 747 ceti.

2137 755 2684 821 Ires_pueri_crevere
2713 758 2878 821 Deum
2909 758 3163 821 ﬂagrante
3192 759 3422 808 camino.

2135 817 2234 885 '_l‘_er
2262 817 2490 868 Sabaoth
2509 823 2762 885 sanctum
2795 817 3033 885 referens
3062 821 3360 885 benedictio
3388 820 3582 885 psallit.

2137 879 2240 944 Ter
2259 881 2594 944 Amergendus
2623 895 2763 944 aqua
2788 885 2871 931 est
2897 883 2982 932 cui
3011 883 3186 944 gratia
3212 883 3370 944 plena
3390 879 3618 933 'lavacri.

2133 942 2375 991 Testibus
2404 942 2455 992 et
2482 942 2686 993 stabilis
2715 948 2924 993 constat
2950 942 3120 994 tribus
3149 942 3286 995 actio
3315 949 3525 995 cuncta.

2133 1005 2306 1070 ζείοΠο
2336 1017 2518 1055 mense
2548 1006 2658 1054 suis
2685 1005 2916 1070 redeunt
2945 1021 3042 1057 sua
3068 1011 3312 1070 tempora
3340 1007 3613 1058 membris.

2133 1067 2260 1132 Iros
2289 1071 2416 1132 sunt
2443 1071 2642 1132 (states,
2675 1067 2788 1132 flos,
2819 1069 3001 1132 robur,
3035 1073 3087 1118 et
3117 1067 3257 1132 aegra
3284 1073 3548 1120 senectus.

2133 1129 2261 1194 Ires
2289 1129 2490 1194 moduli
2519 1131 2576 1178 in
2603 1131 2793 1194 causis,
2818 1130 3002 1194 judex,
3033 1129 3305 1191 defensor,
3335 1135 3390 1194 et
3425 1135 3588 1182 actor.

2133 1190 2258 1256 ’ξι-ες
2287 1191 2344 1239 in
2373 1192 2529 1242 saecla
2557 1193 2770 1256 gradus,
2803 1190 2968 1250 ortus.
2990 1190 3344 1256 ’transcursio,
3371 1193 3511 1244 ﬁnis.

2133 1253 2259 1302 Tres
2287 1268 2435 1318 spem
2467 1253 2587 1318 quae
2616 1255 2852 1318 palpent,
2879 1255 3110 1318 requies,
3140 1255 3250 1316 lux,
3281 1255 3453 1320 gloria
3478 1256 3620 1307 vitas.

2073 1358 2304 1430 Septem
2333 1377 2466 1415 vero
2495 1364 2784 1433 praecepta
2813 1360 2996 1417 altera
3023 1361 3224 1418 tabula
3252 1363 3431 1430 dedit,
3463 1379 3715 1435 quorum

2071 1447 2330 1520 primum
2359 1453 2467 1518 est,
2501 1447 2654 1504 sicut
2695 1453 2753 1505 et
2799 1449 3111 1522 Apostolus
3161 1454 3470 1520 monstrat,
3501 1454 3718 1508 Honora

2065 1545 2282 1608 patrem
2335 1545 2385 1594 et
2435 1547 2667 1593 matrem
2712 1539 2928 1610 (Ephes.
2960 1557 3037 1610 v1,
3068 1542 3144 1608 2).
3202 1541 3382 1596 liabet
3438 1543 3717 1616 praeterea

2071 1626 2434 1697 septenarius
2465 1643 2745 1682 numerus
2774 1627 2834 1682 in
2865 1627 3168 1701 Scriptura
3195 1645 3362 1684 sacra
3381 1628 3717 1702 multiplici:

2068 1718 2157 1769 ter
2185 1719 2480 1771 ostensam
2511 1715 2920 1787 perfectionem
2949 1735 3117 1772 suam
3145 1735 3156 1772 :
3181 1717 3448 1774 videlicet
3478 1717 3617 1791 quia
3647 1735 3713 1774 eo

2069 1802 2295 1858 dierum
2338 1821 2602 1871 numero,
2635 1809 2885 1861 testante
2935 1807 3254 1878 Scriptura,
3287 1807 3540 1880 perfecto
3571 1805 3712 1862 cmlo

2067 1895 2126 1948 et
2149 1893 2308 1946 omni
2339 1897 2549 1948 ornatu
2579 1911 2802 1963 eorum,
2839 1896 3119 1968 requievit
3148 1896 3302 1952 Deus
3333 1896 3404 1952 ab
3436 1896 3712 1970 operibus

2070 1981 2193 2036 suis
2223 1981 2376 2051 (Gen.
2409 1982 2492 2053 ιι),
2519 1983 2618 2038 sed
2669 1988 2727 2037 et
2772 2000 2874 2054 per
2930 1983 3116 2056 legem
3175 1985 3488 2041 sabbatum
3531 1984 3592 2040 in
3623 2002 3714 2055 re:

2067 2069 2266 2142 quiem
2298 2071 2501 2126 datum
2521 2062 2622 2127 'est
2649 2071 2841 2140 (Exod.
2871 2071 3008 2145 xw).
3043 2074 3112 2127 Et
3142 2073 3200 2126 in
3251 2073 3440 2146 capite
3488 2078 3710 2142 nostro,

2067 2158 2384 2215 Mediatore
2415 2159 2639 2216 scilicet
2661 2160 2760 2216 Dei
2793 2164 2851 2216 et
2880 2160 3187 2216 hominum
3218 2161 3454 2217 homine
3482 2161 3710 2218 Christo

2064 2247 2525 2318 Jesu,propbeta
2553 2249 2955 2320 septiformem
2981 2250 3164 2305 sancti
3187 2250 3440 2322 Spiritus
3459 2249 3710 2322 gratiam

2065 2336 2430 2390 enumeravit
2457 2339 2586 2406 (lsa.
2621 2338 2716 2408 xu).
2753 2338 2986 2409 Septem
3017 2356 3248 2410 quoque
3279 2338 3499 2405 oculos,
3533 2343 3592 2394 et
3621 2355 3708 2394 se-

2067 2429 2224 2504 ptem
2254 2425 2625 2491 candelabra,
2657 2431 2714 2480 et
2741 2433 2965 2498 septem
2996 2425 3207 2499 sigilla,
3230 2431 3288 2482 et
3309 2430 3529 2499 septem
3559 2427 3710 2483 toni-

2064 2505 2216 2578 trua,
2251 2531 2354 2585 pro
2381 2513 2732 2585 perfectione
2763 2515 3062 2588 Scriptura
3093 2533 3258 2570 sacra
3301 2518 3624 2582 enumerat,
3655 2518 3714 2571 et

2066 2619 2169 2673 per
2197 2607 2420 2674 septem
2452 2602 2576 2658 dies
2606 2621 2777 2658 omne
2807 2603 3086 2660 saeculum
3117 2602 3366 2659 volvitur
3393 2603 3574 2676 (Apoc.
3601 2621 3712 2672 I,v,

2063 2709 2139 2758 νι,
2165 2690 2240 2762 x).
2266 2693 2336 2746 Et
2365 2691 2460 2746 his
2493 2693 2722 2748 duobus
2754 2692 3024 2764 perfectis
3054 2693 3604 2762 numeris,ternario
3627 2693 3710 2747 vi-

2065 2777 2276 2835 delicet
2303 2784 2360 2836 et
2389 2780 2716 2852 septenario
2765 2781 3044 2838 denarius
3091 2785 3338 2838 constat.
3373 2781 3476 2836 Est
3507 2780 3707 2852 etiam,

2064 2868 2341 2940 quoniam
2371 2870 2666 2941 geminato
2699 2869 2968 2942 quinario
3001 2889 3264 2940 numero,
3289 2869 3389 2943 qui
3415 2870 3706 2942 perfectus

2062 2961 2152 3012 est
2182 2956 2241 3011 in
2273 2957 2532 3029 quinque
2563 2957 2888 3014 notissimis
2919 2957 3176 3032 corporis
3207 2958 3390 3015 nostri
3411 2956 3704 3026 sensibus,

2062 3051 2119 3101 et
2147 3044 2206 3100 in
2237 3045 2496 3118 quinque
2523 3046 2690 3102 libris
2739 3047 2942 3120 Moysi,
2975 3050 3223 3104 constat.
3257 3047 3370 3104 Sed
3399 3050 3458 3103 et
3485 3046 3558 3102 ab
3589 3063 3706 3102 uno

2061 3151 2164 3206 per
2191 3135 2455 3189 ordinem
2490 3152 2676 3207 usque
2706 3135 2776 3190 ad
2811 3139 3062 3206 quatuor
3083 3153 3359 3192 numeros
3379 3133 3707 3208 completur

2067 3225 2206 3294 76!
2246 3223 2540 3284 denarius.
2575 3223 2767 3278 Unum
2813 3223 2969 3279 enim
3001 3229 3058 3280 et
3087 3225 3202 3280 duo
3232 3229 3292 3280 et
3321 3229 3438 3280 tres
3465 3228 3524 3280 et
3554 3241 3716 3296 qua:

2062 3315 2196 3366 tuor
2225 3310 2400 3367 simul
2433 3312 2614 3378 ducti,
2632 3313 2780 3367 fiunt
2801 3312 2998 3367 decem
3025 3331 3038 3367 :
3066 3313 3204 3384 quia
3222 3312 3368 3386 legis
3385 3311 3709 3386 Dccalogus

298 3383 716 3482 (ξιιωίίθΐηῑξιξίο
743 3399 1029 3482 ,θυωθτον
1063 3386 1120 3438 ει
1167 3383 1227 3438 in
1277 3383 1571 3482 OPeE‘ib“3_
1600 3383 1790 3482 “fulsi
1825 3402 1952 3456 qum
1985 3371 2028 3436 Ο
2063 3417 2166 3472 per
2195 3405 2446 3472 quatuor
2476 3399 2658 3456 libros
2692 3400 2877 3456 sancti
2907 3401 3202 3475 Evangelii
3235 3401 3612 3482 adimpletur.
3645 3403 3716 3458 Et

297 3469 662 3544 decalogo,id
674 3473 763 3526 est
783 3487 1027 3526 numero
1049 3476 1352 3526 constante
1375 3471 1610 3528 denario
1633 3471 1950 3544 designan—

296 3563 416 3628 tur,
441 3559 502 3615 in
531 3559 726 3616 virum
757 3559 1177 3631 perfectum,in
1203 3577 1542 3616 mensuram
1563 3561 1752 3617 atatis
1774 3560 1954 3634 pleni-

295 3647 526 3704 tudinis
583 3646 819 3716 Christi,
863 3646 923 3702 in
981 3647 1076 3703 die
1132 3649 1622 3704 remunerationis
1681 3649 1950 3706 inventus

297 3735 493 3793 fuerit.

374 3825 527 3882 που
555 3824 835 3880 Ducentis
864 3823 1041 3880 etiam
1067 3828 1123 3880 et
1152 3825 1350 3881 decem
1388 3823 1674 3893 versibus,
1707 3827 1779 3882 de
1808 3827 1948 3900 dog-

297 3913 558 3970 matibus
588 3913 1002 3970 ecclesiasticis
1031 3917 1236 3970 contra
1263 3919 1434 3987 prave
1467 3914 1784 3971 sentientes
1815 3916 1948 3971 doc-

298 4007 498 4059 torum
529 4001 779 4075 loquens
812 4001 1104 4070 sensibus,
1129 4001 1249 4058 hinc
1270 4001 1545 4058 columna
1574 4009 1838 4058 conatum
1869 4003 1950 4058 di-

296 4091 604 4166 gnoscitur
633 4108 648 4147 :
681 4093 854 4164 cujus
883 4095 972 4148 est
997 4090 1430 4164 supputationis
1462 4091 1573 4148 ista
1601 4091 1950 4160 intentio,ut

295 4181 558 4255 primum
582 4180 934 4252 incipiamus
947 4198 980 4235 a
993 4181 1204 4236 minori
1227 4179 1553 4246 numero,id
1569 4183 1703 4235 esta
1724 4182 1944 4250 decem,

293 4273 355 4327 et
381 4270 455 4326 ab
486 4283 554 4326 eo
582 4269 1028 4342 progrediamur
1056 4269 1114 4324 in
1153 4269 1550 4342 postmodum.
1583 4269 1666 4324 De
1713 4269 1948 4327 denario

295 4357 517 4431 quippe
547 4374 794 4413 numero
825 4355 1096 4413 catholici
1141 4357 1405 4413 doctores
1444 4357 1632 4412 multa
1679 4357 1950 4414 dixerunt

294 4447 519 4503 diserta
547 4450 607 4502 et
636 4445 828 4512 fortia,
861 4462 930 4502 ex
959 4444 1174 4517 quibus
1205 4445 1473 4517 quaedam
1504 4445 1599 4501 hic
1619 4447 1948 4518 compendii

293 4534 492 4592 studio
542 4535 825 4591 adnotare
878 4533 1094 4591 curavi.
1136 4533 1352 4590 Dicunt
1397 4551 1652 4607 namque
1700 4535 1841 4606 quia
1888 4537 1948 4592 in

293 4622 575 4697 decalogo
607 4623 686 4680 sit
711 4627 1086 4680 consecratus
1118 4639 1130 4678 :
1163 4623 1334 4695 cujus
1374 4621 1654 4696 decalogi,
1687 4624 1947 4696 psalterii

292 4711 564 4768 videlicet
593 4713 795 4768 decem
826 4711 1201 4781 chordarum,
1236 4712 1435 4767 decem
1477 4716 1764 4784 praecepta
1793 4713 1948 4770 Deus

293 4799 520 4858 famulo
552 4817 660 4858 suo
692 4801 876 4874 Moysi
907 4800 966 4856 in
997 4805 1196 4858 monte
1227 4801 1285 4856 in
1318 4801 1549 4856 duabus
1569 4800 1786 4857 tabulis
1808 4801 1950 4874 lapi-

296 4889 425 4947 deis
454 4889 789 4961 conscripta
817 4888 976 4946 dedit
1011 4908 1025 4946 :
1058 4891 1171 4946 tria
1195 4890 1254 4944 in
1287 4907 1408 4946 una
1437 4889 1636 4946 tabula
1663 4891 1734 4946 ad
1770 4895 1947 4947 Deum

297 4977 674 5050 pertinentia,
708 4977 849 5051 quia
877 4977 1032 5036 Deus
1061 4978 1320 5036 Trinitas
1353 4983 1460 5049 est,
1495 4983 1553 5034 et
1579 4979 1638 5033 in
1679 4981 1948 5052 redemp-

295 5065 476 5122 tionis
505 5071 718 5123 nostraa
752 5067 1028 5141 mysterio
1059 5073 1179 5124 tres
1209 5072 1346 5124 sunt
1395 5068 1495 5141 qui
1543 5068 1948 5125 testimonium

297 5155 462 5224 dant,
489 5154 757 5228 spiritus,
781 5173 955 5228 aqua,
979 5160 1036 5213 et
1055 5157 1386 5229 sanguis,ot
1415 5161 1532 5214 tres
1567 5175 1749 5214 unum
1772 5162 1944 5214 unt:

297 5243 544 5316 spiritus
572 5243 776 5316 utique
807 5245 1309 5316 sanctificationis,
1333 5249 1390 5302 et
1409 5246 1651 5320 sanguis
1682 5249 1947 5322 redemp-

292 5331 498 5406 tionis,
520 5337 578 5390 et
603 5349 756 5404 aqua
785 5334 1159 5407 baptismatis
1183 5353 1196 5390 :
1223 5352 1349 5408 qua:
1371 5335 1488 5392 tria
1518 5353 1702 5392 unum
1735 5342 1874 5394 sunt
1894 5344 1950 5394 et

293 5421 602 5478 individua
629 5427 890 5492 manent,
922 5422 1185 5496 nihilque
1216 5423 1393 5480 etiam
1415 5441 1450 5480 a
1469 5425 1560 5480 sui
1593 5427 1950 5483 connexione

293 5509 647 5584 sejungitur,
681 5515 738 5567 et
766 5515 832 5568 ut
861 5513 1066 5568 beatus
1096 5516 1294 5569 cantat
1318 5512 1664 5568 Ambrosius
1699 5531 1712 5568 :

355 5662 550 5727 ania
577 5663 720 5714 trina
745 5664 931 5727 vigent
958 5664 1058 5714 sub
1085 5664 1364 5726 majestate
1393 5665 1664 5713 Tonantis.

355 5725 482 5790 [res
512 5726 739 5790 Pater,et
755 5725 1241 5790 Verbum,sauctus
1269 5740 1483 5790 quoque
1499 5727 1739 5790 Spiritus
1761 5743 1946 5779 unum.

357 5785 521 5837 Trina
548 5787 798 5838 salutaris
828 5785 1034 5854 species
1063 5789 1252 5848 crucis,
1285 5785 1758 5852 una'redemptrix.

2059 3488 2306 3544 fortasse
2338 3494 2643 3562 propterea
2673 3488 2770 3561 qui
2803 3490 3213 3546 conducuntur
3243 3489 3315 3544 ad
3347 3489 3731 3558 vineam,ae-_

2061 3577 2286 3649 cipiunt
2318 3578 2553 3632 nomine
2584 3576 2867 3632 mercedis
2899 3578 3226 3645 denarium,
3253 3577 3352 3650 qui
3375 3595 3477 3650 per
3495 3580 3704 3633 semet-

2060 3667 2255 3740 ipsum
2287 3665 2713 3738 multiplicatus
2743 3667 2801 3720 in
2830 3665 3228 3722 centenarium
3279 3665 3488 3738 surgit,
3519 3670 3576 3722 et
3603 3683 3707 3739 per

2059 3753 2460 3810 centenarium
2486 3771 2796 3810 numerum
2823 3771 3035 3826 magna
3055 3753 3328 3828 perfectio
3341 3753 3700 3826 designatur.

2060 3843 2166 3897 Per
2185 3841 2549 3916 geminatum
2573 3847 2768 3898 autem
2793 3841 3275 3909 centenarium,et
3296 3841 3572 3914 perfectio
3591 3841 3705 3916 spi-

2059 3930 2208 3986 ritus
2240 3931 2341 4002 qui
2374 3931 2432 3984 in
2463 3931 2573 3985 hac
2603 3930 2719 3986 vita
2761 3930 2958 3986 electis
3005 3929 3306 3996 tribuitur,
3338 3933 3396 3984 et
3425 3933 3706 4002 perpetua

2057 4017 2174 4074 vita
2203 4019 2490 4090 signatur.
2517 4019 2679 4074 Unde
2709 4019 2925 4075 eisdem
2953 4017 3152 4074 electis
3172 4019 3296 4074 suis
3317 4017 3602 4075 Dominus
3623 4017 3706 4074 di-

2058 4107 2138 4162 cit
2169 4125 2181 4162 :
2221 4109 2415 4164 Omnis
2445 4109 2542 4178 qui
2572 4107 2836 4180 relinquit
2862 4109 3082 4162 domum
3111 4109 3191 4164 vel
3209 4109 3426 4178 fratres,
3447 4115 3543 4164 aut
3561 4123 3706 4164 soro-

2059 4213 2164 4264 res,
2193 4204 2287 4250 aut
2311 4205 2544 4268 putrem,
2576 4205 2671 4252 aut
2699 4205 2945 4264 matrem,
2979 4205 3074 4252 aut
3113 4214 3359 4263 murem,
3393 4205 3490 4252 aut
3535 4197 3703 4267 ﬂtios,

2057 4293 2153 4340 aut
2185 4301 2347 4355 agros
2372 4293 2594 4356 propter
2623 4303 2816 4342 nomen
2847 4303 3048 4351 meum,
3069 4284 3389 4356 centuplum
3409 4286 3637 4358 accipiet
3655 4294 3707 4341 et

2056 4374 2226 4428 vitam
2285 4381 2548 4429 trternam
2599 4373 2894 4444 possidebit
2942 4373 3148 4444 (Matth.
3201 4391 3316 4440 xm,
3356 4373 3472 4443 29).
3507 4373 3706 4445 Neque

2057 4460 2214 4515 enim
2245 4464 2484 4516 sanctus
2515 4460 2766 4532 quisque
2797 4461 2924 4516 ideo
2955 4464 3183 4516 terrena
3221 4460 3458 4528 deserit,
3491 4464 3552 4516 ut
3582 4460 3706 4517 haec

2059 4549 2358 4622 possidere
2387 4549 2446 4603 in
2477 4549 2587 4605 hoc
2629 4549 2848 4604 mundo
2895 4549 3284 4622 multiplicius
3330 4548 3535 4622 possit,
3569 4549 3708 4622 quia

2057 4637 2327 4710 quisquis
2350 4642 2578 4693 terreno
2599 4637 2794 4694 studio
2814 4641 3028 4694 terram
3047 4638 3566 4712 rclinquit,terram
3589 4657 3704 4696 non

1979 4741 2024 4805 ί)
2057 4725 2335 4799 relinquit
2364 4727 2465 4782 sed
2497 4727 2720 4800 appetit
2755 4744 2766 4782 :
2801 4745 2989 4800 neque
3021 4729 3122 4801 qui
3154 4747 3333 4784 unam
3357 4745 3592 4784 uxorem
3614 4729 3708 4784 de-

2060 4815 2200 4871 serit
2229 4819 2465 4871 centum
2497 4821 2843 4888 accepturus
2872 4822 2979 4873 est.
3015 4817 3126 4872 Sed
3161 4835 3264 4890 per
3305 4815 3703 4872 centenarium

2058 4921 2368 4960 numerum
2427 4905 2702 4977 perfectio
2747 4904 3132 4978 designatur:
3167 4907 3480 4976 postquam
3525 4901 3704 4959 etiam

2058 4993 2178 5049 vita
2207 4997 2422 5050 aiter-ua
2455 4994 2848 5066 promittitur;
2876 4993 3014 5066 quia
3044 4991 3312 5065 quisquis
3336 5009 3438 5064 pro
3468 4990 3570 5046 Dei
3601 5008 3704 5054 no-

2057 5081 2219 5137 mine
2249 5082 2593 5154 temporalia
2631 5086 2805 5154 atque
2853 5087 3080 5138 terrena
3129 5079 3490 5147 contemmit,
3523 5082 3583 5134 et
3611 5077 3705 5134 hic

2058 5171 2470 5244 perfectionem
2493 5171 2706 5226 mcitis
2729 5169 3026 5242 recipit,ut
3037 5171 3162 5241 jam
3186 5187 3298 5226 non
3323 5171 3558 5241 appetat
3578 5185 3706 5241 qua:

2059 5260 2404 5328 contemnit,
2435 5265 2492 5315 et
2519 5259 2578 5314 in
2613 5257 2877 5330 sequenti
2925 5257 3134 5314 saeculo
3184 5258 3256 5314 ad
3306 5257 3433 5312 vita;
3479 5260 3705 5313 aatcrna:

2059 5348 2304 5422 gloriam
2336 5347 2619 5420 pervenit,
2655 5365 2780 5418 quae
2822 5346 3152 5404 centenario
3203 5363 3470 5416 numero,
3503 5345 3606 5418 qui
3633 5347 3708 5402 de

2057 5439 2198 5494 laeva
2225 5439 2577 5494 transfertur
2609 5437 2664 5491 in
2695 5435 3380 5509 dexteram,designatur.
3405 5435 3566 5492 Unde
3595 5437 3708 5493 hoc

2059 5527 2370 5594 ferculum,
2404 5524 2489 5580 vel
2520 5525 2642 5580 haec
2675 5541 2896 5593 mensa,
2933 5524 3154 5580 scilicet
3197 5528 3401 5580 sancta
3449 5525 3709 5582 Ecclesia

2059 5615 2131 5670 de
2163 5615 2502 5670 fabricatore
2533 5630 2660 5679 suo,
2693 5631 2826 5668 vero
2879 5611 3142 5669 videlicet
3190 5613 3500 5671 Salomone
3545 5614 3704 5684 dicit,

2058 5703 2210 5758 Lazva
2233 5705 2349 5776 ejus
2380 5702 2485 5756 sub
2526 5702 2702 5772 capite
2731 5719 2870 5769 meo,
2898 5711 2947 5758 et
2975 5703 3196 5759 dextera
3225 5705 3382 5760 illius
3421 5711 3706 5776 amplexa-

2059 5791 2206 5847 bitur
2232 5808 2317 5847 me
2347 5791 2526 5860 (Cant.
2564 5807 2621 5858 ιι,
2653 5790 2732 5858 6).
2769 5789 2874 5847 Per
2921 5789 3122 5848 laevam
3173 5791 3388 5866 quippe
3432 5792 3561 5864 ejus
3589 5791 3710 5864 vita
