4204 6458
507 449 630 530 sas

1435 446 1822 527 HINCMABI
1865 445 2315 523 BHEMENSIS
2359 441 2989 520 ARCHIEHSCOPI.

508 596 784 665 presens,
816 582 876 651 et
902 581 1270 653 sacramenta
1297 577 1718 646 incarnationis
1748 581 1897 651 ejus,
1929 582 1988 636 et
2015 595 2155 652 praa-
2263 577 2399 666 dum
2423 592 2603 650 quam
2641 573 3006 666 perdidimus
3045 571 3254 666 vitam.
3283 571 3393 642 Qui
3431 573 3608 666 juxta
3655 571 3936 666 Symp?“

509 669 708 726 sentiat
738 669 929 743 ipsius
957 669 1111 726 dona
1141 668 1453 742 signantur
1483 685 1497 724 :
1531 685 1634 741 per
1680 669 1976 724 dexteram
2024 685 2158 724 vero

509 758 630 816 vita
658 758 880 836 tutura,
909 761 966 820 et
994 775 1063 823 ea
1090 753 1218 831 qusi
1264 755 1324 817 in
1374 757 1570 817 futuro
1619 757 1943 832 percipient
1990 757 2159 814 electi

511 846 753 921 praemia
777 846 1196 921 figuranturJn
1209 846 1426 920 quibus
1437 863 1550 902 non
1576 845 1766 903 solum
1787 846 1932 902 visio
1952 846 2158 901 divinae

512 934 863 1010 maiestatis,
887 936 987 1001 sed
1008 939 1067 992 et
1085 933 1271 1010 gloria
1289 939 1381 992 est
1399 934 1727 992 clariﬁcatse
1749 935 2157 1002 humanitatis,

514 1009 1084 1096 uniusejusdemque
1098 1009 1442 1086 Mediatoris
1461 1024 1562 1084 Dei
1583 1028 1642 1084 ct
1659 1023 2161 1082 hominum.Unde

514 1112 663 1168 bene
691 1111 892 1173 levem
923 1113 1052 1186 ejus
1083 1129 1300 1186 sponsa
1327 1113 1440 1170 sub
1463 1114 1650 1186 capite
1673 1129 1780 1168 suo
1802 1112 2158 1188 poni,dcxte-

516 1219 644 1275 ram
671 1205 867 1276 autem
898 1218 961 1260 se
992 1200 1152 1259 illius
1183 1201 1502 1274 amplexari
1525 1201 1987 1270 desiderat,utet
2005 1217 2160 1258 nunc

517 1307 620 1376 per
647 1289 992 1364 temporalia
1009 1291 1198 1368 ipsius
1217 1291 1481 1347 subsidia
1499 1309 1533 1346 a
1549 1291 1754 1346 mundi
1777 1291 2160 1363 perturbatio-

518 1379 695 1452 nibus
724 1378 1008 1454 quiescat,
1025 1383 1084 1436 et
1102 1383 1242 1436 tunc
1262 1379 1571 1438 manifesta
1589 1379 1778 1453 ipsius
1798 1379 2018 1436 visione
2039 1397 2164 1452 per-

517 1472 692 1548 petuo
704 1468 1253 1542 frustum/Merum
1265 1468 1536 1541 equidem
1551 1472 1888 1529 sanctorum
1901 1467 2159 1542 requiem

519 1549 720 1630 nullus
749 1574 1011 1631 unquam
1040 1557 1216 1616 turbo
1241 1556 1572 1630 interpolat.
1604 1558 1770 1614 Unde
1798 1562 1858 1614 et
1886 1563 2040 1614 recte
2068 1557 2161 1614 di-

518 1645 688 1726 citur,
721 1647 952 1726 Dextera
977 1647 1136 1726 illius
1164 1645 1573 1718 amplexabitur
1590 1663 1695 1703 me.
1711 1645 1858 1714 Quia
1879 1646 2161 1704 nimirum

518 1725 726 1812 divinas
752 1725 1063 1812 presentia
1087 1733 1415 1811 maiestatis
1444 1735 1706 1808 undique
1752 1753 1892 1792 suos
1939 1733 2162 1792 caelesti

517 1821 578 1898 in
609 1839 787 1898 regno
816 1822 1214 1900 circumteget,
1248 1840 1320 1880 ne
1349 1819 1611 1900 aliquam
1661 1822 1995 1881 felicitatem
2045 1824 2162 1880 Deo

517 1909 778 1986 dignam,
800 1899 895 1968 vel
920 1909 1204 1990 memoria
1232 1899 1480 1968 miseriae
1500 1909 1690 1982 violet,
1705 1911 1791 1968 vel
1814 1917 2008 1972 metus
2028 1910 2163 1968 linis

516 2003 808 2087 angustet.
840 2000 1184 2076 Geminatus
1213 2000 1388 2076 etiam
1410 2000 1781 2088 centenarias
1802 2000 2166 2086 ἰηῐιιιίῑηίιιιτίθ.1

515 2088 884 2164 quiscunque
897 2090 970 2177 ad
979 2089 1158 2147 vitam
1171 2090 1459 2176 desilisset
1469 2089 1768 2177 pervenire
1792 2094 2156 2167 perpetuam,

513 2177 823 2257 dilectione
853 2175 961 2234 Dei
985 2178 1190 2254 flagret
1216 2196 1283 2258 ac
1311 2175 1592 2273 proximi,
1614 2183 1672 2235 et
1713 2179 1842 2234 ﬁde.
1873 2177 2164 2263 catholica

511 2247 688 2353 atque
717 2267 1051 2340 operatione
1066 2247 1651 2328 vrecta'cdntinuevad
1701 2285 1829 2324 eam
1882 2257 2170 2326 festinare

511 2355 846 2428 contendat.
878 2355 941 2412 In
972 2355 1086 2412 fide
1129 2355 1352 2413 scilicet
1396 2357 1736 2428 orthodoxa,
1769 2358 1842 2414 de
1869 2362 2072 2416 sancta
2101 2362 2158 2414 ct

512 2419 889 2518 inseparabili
919 2443 1408 2516 Trinitate,simul
1437 2449 1496 2502 et
1518 2446 1590 2502 de
1611 2419 2013 2502 Incarnatione
2043 2447 2154 2502 Do-

512 2529 659 2604 mini
687 2531 882 2606 nostri.
900 2533 1042 2590 Jcsu
1060 2531 1296 2602 Christi,
1311 2535 1484 2591 corde
1503 2535 1746 2591 credens
1767 2535 1839 2591 ad
1857 2534 2153 2608 justitiam

509 2623 572 2676 et
597 2623 697 2699 ore
724 2621 1010 2692 confitens
1039 2621 1111 2678 ad
1144 2621 1414 2692 salutem,
1447 2622 1585 2696 quia
1615 2623 1673 2679 in
1703 2623 1908 2680 eadem
1951 2628 2156 2680 sancta

509 2701 792 2773 Trinitate
822 2707 970 2771 nihil
1000 2712 1091 2766 est
1118 2710 1284 2782 prius
1311 2714 1413 2767 aut
1442 2711 1754 2784 posterius,
1779 2711 1926 2768 nihil
1958 2713 2154 2786 majus

507 2797 962 2878 autlminu8,.sed
985 2801 1119 2855 tota:
1141 2802 1259 2856 tres
1280 2816 1540 2872 persona:
1559 2805 1856 2856 coaeternaa
1879 2801 1990 2858 sibi
2013 2807 2154 2860 sunt

506 2889 565 2960 et
591 2885 1026 2966 cumqualesﬁta
1053 2891 1120 2964 ut
1150 2904 1254 2960 per
1277 2887 1476 2946 omnia
1503 2894 1564 2945 et
1591 2889 1788 2948 unitas
1831 2891 2066 2950 deitatis
2089 2893 2151 2948 in

504 2975 790 3058 Trinitate
817 2975 898 3038 sit
923 2981 1390 3050 personarum,et
1415 2977 1650 3036 trinitas
1676 2997 2060 3054 personarum
2091 2981 2151 3039 in

503 3063 730 3141 unitate
759 3063 838 3122 sit
865 3065 1107 3139 deitatis
1134 3083 1147 3122 :
1181 3066 1321 3140 quia
1349 3084 1419 3123 ex
1447 3067 1570 3126 solo
1601 3074 1784 3142 patre,
1809 3070 1866 3127 id
1889 3075 1978 3127 est
2002 3073 2151 3130 762

503 3151 936 3236 exL's'ubstantia
964 3153 1420 3236 l.’|atris,aaqnalis
1442 3161 1501 3212 et
1521 3158 2040 3216 consubstantialis
2060 3177 2151 3232 ge-

503 3241 664 3318 nitus
694 3259 818 3318 non,
841 3241 1032 3317 factus
1061 3246 1150 3300 est
1180 3241 1447 3316 Eilius,et
1473 3263 1542 3302 ex
1573 3247 1740 3304 Patre
1770 3248 1947 3306 simul
1969 3267 2036 3306 ac
2057 3249 2146 3308 Fi-

2267 664 2566 728 veritatem
2597 669 2916 737 conceptus
2944 663 3018 719 de
3037 661 3258 735 Spiritu
3279 665 3685 728 sanctumst“
3705 678 3780 718 ex
3798 661 3934 728 κβ.

2269 755 2360 813 ria
2385 753 2639 828 Virgine,
2669 751 2883 810 ancilla
2910 751 3100 826 ipsius
3119 751 3382 833 hominis
3405 767 3510 824 per
3529 750 3932 822 divinitatem,

2269 849 2328 906 et
2357 849 2544 900 matre
2572 842 2744 899 Verbi
2775 858 2880 914 per
2908 857 3144 912 carnem
3175 857 3188 895 :
3223 857 3362 896 nam
3407 845 3724 912 utrumque
3753 839 3934 901 illam

2268 937 2326 988 et
2355 930 2628 990 ancillam
2657 935 2715 987 et
2741 935 2991 988 matrem
3019 945 3151 988 esse
3179 929 3411 997 Domini
3429 929 3644 988 veritas
3665 931 3937 1002 Evange-

2267 1019 2352 1089 lii,
2385 1019 2647 1092 ejusdem
2669 1024 2726 1076 et
2745 1018 3040 1088 Elisaheth
3061 1035 3200 1076 voce
3217 1019 3582 1078 demonstrat
3605 1034 3618 1074 :
3643 1034 3748 1086 nec
3775 1017 3931 1076 alte-

2271 1109 2393 1166 rius
2423 1109 2718 1177 ancillam,
2749 1107 2994 1168 alterius
3023 1111 3292 1176 matrem,
3323 1107 3464 1181 quia
3510 1125 3627 1166 non
3656 1107 3821 1180 prius
3853 1107 3932 1168 in

2270 1204 2434 1262 utero
2463 1199 2708 1273 virginis
2739 1216 2872 1255 caro
2901 1203 3183 1272 concepta
3207 1202 3316 1267 est,
3339 1202 3399 1256 et
3428 1199 3804 1271 postmodum
3823 1199 3931 1254 di-

2267 1289 2482 1352 vinitas
2511 1289 2668 1344 venit
2696 1289 2756 1344 in
2787 1305 3024 1358 carnem
3049 1305 3064 1343 :
3087 1287 3190 1344 sed
3219 1304 3357 1344 mox
3384 1286 3640 1344 Verbum
3661 1290 3798 1354 ante
3821 1303 3933 1343 suo

2270 1379 2404 1439 Gula
2433 1377 2772 1452 unigenitus
2801 1376 3044 1452 aequalis
3072 1377 3225 1434 Patri
3253 1375 3412 1434 venit
3429 1375 3489 1434 in
3522 1379 3934 1443 uterum,mox

2269 1467 2549 1540 Verbum,
2583 1470 2812 1524 servata
2839 1464 3084 1540 proprias
3130 1465 3370 1531 veritate
3417 1469 3661 1536 natura,
3696 1466 3930 1530 factum

2270 1561 2364 1614 est
2389 1573 2544 1622 caro,
2577 1559 2636 1612 et
2653 1556 2944 1628 perfectus
2967 1555 3144 1622 homo
3173 1554 3330 1612 idem
3360 1553 3420 1610 in
3449 1553 3692 1611 veritate
3717 1555 3927 1620 carnis

2271 1650 2330 1718 et
2358 1645 2566 1716 animae
2598 1643 2920 1715 rationalis,
2952 1647 3231 1717 operante
3259 1642 3482 1716 Spiritu
3511 1648 3738 1710 sancto,
3755 1644 3930 1703 inva-

2273 1734 2528 1808 stigabili
2557 1733 2840 1800 miraculo
2867 1737 3043 1790 natus
3061 1737 3156 1790 est
3172 1749 3276 1806 per
3296 1735 3527 1790 uterum
3547 1731 3808 1805 Virginis
3830 1733 3928 1790 Fi-

2272 1823 2388 1884 lius
2417 1822 2541 1895 Dei,
2573 1824 2764 1883 factus
2793 1821 2954 1883 ﬁlius
2982 1821 3241 1880 hominis
3282 1839 3437 1882 unus
3483 1820 3778 1880 Christus.
3809 1822 3928 1890 Qui

2272 1916 2544 1984 mortuus
2571 1916 2662 1968 est
2690 1912 2814 1968 sola
2841 1927 3014 1969 carne
3044 1915 3282 1983 propter
3324 1913 3563 1983 peccata
3605 1914 3836 1979 nostra,
3863 1914 3930 1976 et

2209 1997 2244 2038 Ξ
2270 2000 2586 2078 petauri-egit
2613 2000 2738 2072 sola
2767 1999 3114 2072 carne,quia
3141 2003 3446 2073 peccatum
3476 2015 3591 2056 non
3623 1997 3796 2077 fecit,
3815 2016 3924 2058 nec

2267 2079 2454 2164 dolus.
2487 2091 2764 2162 inventus
2803 2094 2892 2156 est
2920 2090 2980 2145 in
3011 2105 3110 2145 ore
3137 2088 3288 2161 ejus,
3318 2092 3386 2144 ut
3411 2103 3448 2144 a
3475 2087 3696 2161 peccati
3727 2093 3924 2148 morte

2266 2195 2618 2256 quocunque
2631 2179 2806 2250 modo,
2815 2182 3114 2236 contracta
3131 2177 3330 2234 anima
3350 2179 3922 2251 resurgeretAwen-

2265 2268 2353 2324 dit
2381 2285 2615 2342 quoque
2645 2267 2702 2324 in
2735 2266 2968 2337 caalum,
2992 2269 3049 2324 et
3067 2267 3231 2324 sedet
3257 2266 3660 2324 ad'dexteram
3694 2266 3910 2336 Patris,

2263 2355 2322 2412 id
2353 2361 2462 2423 est,
2492 2357 2552 2413 in
2583 2356 2768 2431 gloria
2796 2360 3050 2429 paterna:
3075 2353 3433 2427 maiestaiis:
3463 2355 3601 2412 inde
3626 2358 3916 2416 venturus

2257 2445 2523 2517 judicare
2550 2445 2710 2503 vivos
2738 2450 2796 2503 et
2823 2450 3070 2502 mortus.
3099 2445 3186 2516 Ad
3215 2445 3390 2517 cujus
3438 2445 3754 2508 adventum
3783 2463 3912 2506 om.

2264 2552 2369 2592 nes
2398 2535 2666 2596 homines
2698 2539 3006 2609 resurgant
3031 2551 3166 2595 cum
3187 2534 3532 2608 corporibus
3553 2535 3767 2604 suis,et
3787 2537 3912 2599 red.

2263 2624 2402 2680 dent
2430 2624 2506 2680 de
2533 2623 2700 2682 factis
2730 2623 2988 2698 propriis
3011 2623 3316 2694 rationem.
3349 2624 3420 2680 Et
3446 2623 3549 2697 qui
3575 2625 3770 2699 gratia.
3785 2626 3910 2695 Dei,

2263 2716 2320 2774 et
2349 2713 2745 2786 subsequente
2770 2713 3040 2770 eamdem
3069 2711 3317 2786 gratiam
3347 2712 3530 2770 libero
3561 2713 3829 2782 arbitrio,
3849 2715 3910 2774 in

2262 2801 2377 2858 [ide
2405 2804 2562 2858 recta
2589 2805 2648 2857 et
2677 2799 2951 2873 operibus
2993 2799 3163 2858 bonis
3208 2801 3722 2873 perseveraverint,
3757 2820 3910 2876 pro.

2262 2889 2394 2946 sciti
2425 2893 2483 2946 et
2510 2889 2906 2962 predestinati
2934 2907 2969 2946 a
2998 2889 3114 2946 Deo
3145 2887 3205 2946 in
3235 2889 3505 2963 gloriam,
3533 2891 3708 2948 ibunt
3733 2893 3793 2950 in
3823 2893 3908 2949 vi-

2261 2981 2381 3037 tam
2413 2982 2686 3035 aeternam
2713 2977 2936 3046 electis,
2951 2977 3007 3034 id
3038 2982 3128 3035 est
3147 2979 3220 3035 de
3245 2995 3446 3047 massa
3462 2977 3812 3052 perditionis
3827 2986 3910 3038 tn-

2259 3065 2380 3124 tius
2409 3066 2655 3124 humani
2681 3065 2912 3139 generis
2943 3067 3094 3124 108
3127 3068 3281 3124 facta
3308 3065 3368 3122 in
3400 3067 3585 3138 Adam
3613 3067 3744 3141 ipso
3774 3087 3907 3142 pec-

2260 3155 2734 3228 cante.quoniam
2763 3159 2822 3211 et
2849 3157 2965 3214 Eva
2993 3155 3124 3228 ipsa
3151 3159 3243 3212 est
3268 3155 3476 3225 Adam,
3499 3157 3687 3231 gratia
3717 3157 3907 3227 lectis,

2259 3261 2294 3300 a
2324 3245 2440 3302 Deo
2469 3248 2752 3318 paratam,
2787 3243 2942 3301 sicut
2965 3243 3096 3317 ipsa
3121 3243 3355 3302 Veritas
3383 3244 3543 3314 dicit,
3579 3247 3782 3313 Venite,
3813 3250 3909 3312 be-

500 3326 922 3406 lio,cot_equalis
942 3347 1010 3386 ac
1029 3332 1548 3392 consubstantialis
1568 3335 1870 3408 aequaliter
1887 3339 2150 3412 procedit
2179 3319 2223 3386 Π
2259 3334 2464 3390 ηαίἰειὶ
2489 3336 2675 3390 Patris
2701 3335 2830 3398 mei,
2859 3335 3122 3406 percipite
3150 3350 3386 3404 regnum
3410 3334 3554 3407 quod
3567 3337 3719 3397 vobis
3735 3353 3908 3409 para-

504 3415 775 3496 Sp’ilritus'
810 3423 1074 3494 sanctus,
1104 3421 1203 3494 qui
1229 3438 1364 3478 cum
1395 3421 1563 3480 Patre
1591 3429 1650 3480 et
1679 3424 1821 3482 Filio
1850 3427 2152 3499 aequaliter

504 3499 802 3576 adoretur,
835 3507 974 3582 quia
1002 3509 1302 3582 aaqualiter
1329 3516 1419 3568 est
1463 3513 1638 3582 Deus,
1669 3518 1830 3574 totus
1879 3516 2064 3574 Patris
2094 3523 2152 3575 et

506 3587 667 3673 totus
697 3595 827 3652 Filii
859 3596 1134 3671 Spiritus,
1167 3600 1307 3672 quia
1336 3617 1492 3658 unus
1523 3603 1870 3660 naturaliter
1897 3605 2150 3678 Spiritus

502 3686 593 3760 est
620 3686 680 3756 et
708 3683 896 3742 Patris
923 3689 984 3748 et.
1011 3685 1413 3745 Filii.Proindc
1433 3694 1590 3746 totus
1611 3690 1681 3746 de
1705 3689 1871 3750 Patre
1891 3695 2151 3764 procedit

501 3771 750 3834 sttotus
778 3773 850 3832 de
879 3773 1042 3844 Filio,
1073 3779 1232 3833 totus
1262 3776 1319 3834 in
1353 3777 1521 3834 Patre
1568 3784 1850 3846 manet,et
1896 3785 2055 3840 totus
2087 3783 2149 3840 in

502 3859 648 3940 Filio
681 3879 694 3918 :
729 3863 869 3936 quia
899 3863 985 3920 sic
1014 3870 1306 3932 manetut
1335 3868 1630 3939 procedat,
1664 3869 1748 3924 sic
1792 3872 2052 3942 procedit
2083 3877 2149 3929 ut

500 3954 754 4008 maneat.
787 3951 858 4026 Et
885 3950 1022 4010 hinc
1054 3954 1396 4011 naturaliter
1423 3955 1575 4013 hanc
1604 3957 1782 4014 habet
1811 3977 1945 4016 cum
1981 3961 2146 4019 Patre

499 4043 570 4110 et,
586 4038 730 4110 Filio
761 4041 1007 4101 unitatis
1029 4041 1536 4114 plenitudinem,ct
1557 4045 1939 4118 plenitudinis
1961 4051 2147 4108 unita-

500 4131 642 4200 tem,
676 4131 968 4192 uttotum
1019 4129 1248 4194 Patrem
1300 4130 1509 4189 habeat
1557 4138 1862 4208 totumque
1911 4137 2142 4209 Filium,

499 4214 743 4293 ipseque
783 4221 942 4274 totus
990 4217 1276 4276 habeatur
1305 4238 1339 4276 a
1368 4221 1556 4290 Patre,
1589 4226 1750 4280 totus
1798 4225 2086 4284 habeatur
2112 4246 2147 4285 a

500 4304 644 4386 Filio
677 4323 690 4362 :
727 4305 826 4378 qui
857 4306 1035 4363 etiam
1067 4325 1102 4364 a
1131 4308 1294 4364 Patre
1325 4313 1382 4365 ct
1413 4309 1557 4366 Filio
1603 4313 1902 4384 (equaliter
1949 4315 2142 4387 datur,

499 4393 619 4484 imo
648 4398 706 4450 et
721 4412 781 4484 'ai
794 4393 986 4469 seipse
1017 4396 1193 4484 datur
1223 4414 1237 4452 :
1273 4397 1513 4470 ipseque
1535 4399 1753 4458 donum
1781 4402 1882 4458 Dei
1904 4409 1963 4459 ct
1981 4421 2147 4476 para-

499 4481 696 4556 clitus,
730 4483 787 4538 id
819 4489 909 4540 est
931 4481 1286 4566 consolator,
1319 4486 1551 4559 dicitur,
1585 4489 1724 4562 quia
1752 4508 1967 4560 revera,
2000 4495 2144 4552 dum

499 4571 653 4627 d'ona
683 4577 1183 4644 sacramentorum
1214 4575 1532 4646 distribuit,
1546 4579 2002 4640 consolationem
2025 4586 2146 4640 ani-

499 4675 608 4758 ma?
639 4659 857 4758 praebet
889 4677 902 4717 :
937 4679 1040 4758 per
1061 4680 1233 4736 quem
1265 4665 1615 4724 diffunditur
1642 4667 2007 4758 incordibus
2038 4691 2144 4730 no-
2175 4693 2222 4758 ι)

497 4747 639 4806 stris
669 4747 766 4824 Dei
797 4749 1071 4821 Charitas,
1105 4769 1208 4826 per
1237 4771 1413 4826 quam
1439 4773 1545 4812 nos
1566 4760 1684 4816 tota
1704 4757 1995 4818 inhabitet
2015 4763 2144 4819 Tri-

499 4837 673 4918 nitas.

568 4927 649 4984 De
679 4927 1083 4998 lnearnatione
1113 4921 1345 5004 quoque
1367 4933 1596 4990 Domini
1622 4937 1804 4992 nostri
1825 4939 1966 4995 Jesu
1987 4941 2146 4998 Chri-

499 5015 721 5085 sti,una
749 5034 818 5073 ex
838 5018 1039 5076 eadem
1072 5026 1128 5100 et
1159 5020 1218 5075 in
1249 5020 1452 5078 eadem
1483 5030 1687 5082 sancta
1712 5026 1995 5086 Trinitate
2012 5047 2142 5102 per-

498 5121 662 5180 sona,
695 5103 944 5178 ﬁdeliter
980 5108 1212 5164 sentiat.
1245 5110 1428 5167 Deum
1479 5110 1764 5184 videlicet,
1796 5121 1853 5171 et
1881 5134 2016 5173 eum
2048 5135 2140 5175 ve-

499 5209 629 5271 rum
661 5198 717 5250 ct
742 5195 1066 5272 perfectum
1098 5202 1234 5254 ante
1265 5200 1464 5256 omnia
1513 5201 1746 5271 saecula,
1779 5209 1835 5260 et
1863 5204 1990 5261 sino
2025 5206 2142 5263 ullo

497 5278 664 5360 initio
697 5283 960 5354 credens,
995 5287 1053 5358 et
1080 5301 1280 5340 verum
1313 5303 1378 5342 ac
1411 5288 1730 5359 perfectum
1753 5289 2052 5348 hominem
2083 5293 2143 5348 in

499 5369 613 5448 [ine
636 5370 1068 5446 smculorumﬁn
1085 5374 1315 5432 duabus
1327 5380 1461 5432 ctex
1474 5376 1704 5434 duabus
1727 5379 1952 5438 naturis
1969 5385 2143 5453 atque

498 5455 850 5534 substantiis
883 5462 940 5517 in
973 5481 1089 5519 una
1127 5481 1375 5535 persona
1422 5466 1740 5523 consistere
1773 5485 1786 5523 :
1822 5477 1885 5524 ut
1913 5469 2013 5542 qui
2041 5487 2144 5542 per

497 5543 820 5605 divinitatis
840 5567 958 5605 suae
980 5553 1297 5624 potentiam
1322 5572 1425 5610 nos
1446 5561 1737 5612 creaverat
1759 5559 1828 5612 ad
1849 5559 2142 5630 perfruen-

497 5633 633 5718 dam
664 5636 790 5710 vitae
814 5639 1236 5708 beatitudinem
1265 5643 1690 5716 percnnis,ipse
1722 5663 1825 5718 per
1855 5647 2138 5721 fragilita-

495 5728 615 5785 tem
630 5723 1012 5798 humanitatis
1035 5736 1243 5788 nostra:
1266 5749 1372 5789 nos
1396 5737 1748 5792 restauraret
1768 5736 1840 5793 ad
1863 5738 2138 5810 recipien-

2258 3430 2376 3478 tum
2403 3431 2482 3479 est
2525 3425 2593 3479 ab
2641 3425 2860 3494 origine
2903 3422 3100 3479 mundi
3144 3423 3352 3492 (Matth.
3383 3441 3512 3496 xxv,
3541 3425 3656 3493 34),
3689 3425 3760 3482 Et
3805 3428 3908 3499 qui

2258 3529 2374 3571 non
2404 3529 2440 3568 a
2467 3510 2583 3570 Deo
2613 3512 2685 3567 ad
2730 3511 3035 3568 interitum
3066 3511 3482 3584 praedestinati,
3504 3511 3608 3570 sed
3637 3513 3713 3580 ab
3741 3531 3811 3572 eo
3837 3533 3910 3576 ex

2257 3598 2638 3656 retributione
2660 3599 2907 3671 justitiaa
2939 3599 2999 3656 in
3031 3617 3232 3656 massa
3258 3599 3602 3673 perditionis
3633 3601 3909 3671 relicti,“

2257 3687 2600 3745 inﬁdelitate
2617 3688 2704 3744 vel
2725 3687 2896 3745 malis
2918 3686 3193 3762 operibus
3211 3688 3913 3760 perseveraverint,ibunt

2255 3776 2316 3836 in
2340 3777 2532 3850 ignem
2553 3780 2838 3834 aeternum
2860 3794 2874 3832 :
2897 3777 2970 3834 ad
2997 3794 3173 3850 quem
3197 3777 3354 3834 Deus
3373 3777 3672 3836 neminem
3691 3782 3909 3854 prado-

2255 3866 2621 3934 stinavit,sed
2651 3867 2924 3923 eumdem
2954 3866 3152 3940 ignem
3179 3865 3411 3924 diabolo
3441 3872 3502 3924 et
3519 3870 3746 3942 corpori
3771 3870 3908 3943 ejus

2253 3971 2324 4014 ex
2353 3954 2733 4012 retributione
2770 3954 3015 4027 justitias
3061 3955 3442 4028 praeparavit:
3469 3956 3628 4014 sicut
3669 3956 3798 4030 ipse
3841 3959 3906 4018 in

2251 4043 2560 4117 Evangelio
2619 4044 2780 4112 dicit,
2805 4045 3065 4116 Stipenda
3107 4046 3278 4114 enirn,
3325 4043 3520 4117 inquit
3562 4047 3902 4120 Apostolus.

2247 4136 2456 4205 peccati
2478 4151 2625 4192 mors
2655 4152 2674 4189 :
2700 4135 2883 4206 gratia
2913 4141 3096 4202 autem
3119 4135 3222 4190 Dei
3247 4135 3362 4191 vita
3386 4143 3600 4192 astam:
3627 4137 3902 4206 (Renum,

2250 4221 2362 4294 23).
2396 4222 2466 4278 Et
2496 4239 2509 4278 :
2541 4224 2818 4280 Universae
2849 4224 2957 4280 via,
2985 4223 3208 4280 Domini
3231 4224 3612 4281 misericordia
3626 4229 3906 4288 stoer-itas

2251 4311 2424 4381 (Psat.
2447 4329 2596 4379 xxxv,
2630 4313 2740 4381 10).
2772 4313 2841 4368 Et
2872 4329 2886 4368 :
2911 4314 3021 4381 Ira,
3053 4310 3113 4370 id
3143 4314 3237 4369 est
3264 4309 3612 4382 vindicta,in
3640 4316 3904 4389 indigna-

2251 4403 2398 4458 tione
2425 4402 2564 4472 ejus,
2596 4410 2648 4458 et
2678 4403 2790 4458 vita
2818 4403 2880 4457 in
2908 4402 3184 4458 voluntate
3211 4401 3330 4474 ejus
3355 4401 3530 4474 (Paul.
3562 4420 3718 4471 xxix,
3749 4406 3829 4474 6).

2321 4489 2517 4547 Altera
2543 4491 2740 4562 itaque
2771 4489 2942 4548 istius
2964 4490 3240 4548 columna
3259 4491 3906 4560 ferculi,contradicens

2251 4578 2369 4635 illis
2394 4579 2496 4652 qui
2525 4579 2597 4636 de
2627 4581 2700 4636 iis
2729 4597 2902 4652 prave
2933 4579 3196 4648 sentiunt
3219 4597 3351 4652 quae
3387 4579 3449 4638 in
3498 4580 3682 4640 altero
3731 4582 3902 4644 nobis

2252 4669 2462 4726 saeculo
2490 4667 3211 4742 complebuntur,triginta
3238 4672 3298 4724 et
3309 4673 3444 4726 octo
3461 4669 3738 4743 capitulis
3758 4687 3902 4730 con-

2253 4763 2404 4814 stat:
2429 4776 2496 4814 ac
2527 4757 2610 4814 sic
2640 4757 2883 4831 triginta
2917 4762 2977 4815 et
3004 4761 3132 4815 octo
3163 4757 3336 4814 annis
3365 4757 3425 4814 in
3447 4758 3771 4832 Synagogaa
3790 4776 3900 4832 po-

2251 4847 2370 4904 tius
2398 4849 2627 4904 Satanaa
2657 4847 3089 4920 portic,n,quam
3115 4846 3176 4902 in
3206 4845 3476 4924 Ecclesia:
3505 4846 3807 4906 catholica:
3825 4849 3903 4906 si-

2252 4953 2333 4992 nn
2351 4937 2648 5007 jacentem
2671 4935 3038 5012 languidum,
3053 4935 3207 4992 male
3225 4935 3608 4995 sentientium
3630 4936 3904 4998 videlicet

2250 5023 2516 5091 chorum,
2550 5023 3132 5097 duodequadraginta
3150 5041 3417 5092 numero,
3441 5025 3546 5097 qui
3565 5024 3716 5098 legis
3735 5026 3901 5086 deoa-

2249 5110 2379 5182 logo
2411 5129 2514 5183 per
2541 5115 2794 5183 quatuor
2821 5111 3010 5169 sancti
3048 5111 3342 5186 Evangelii
3391 5111 3574 5170 libros
3620 5113 3901 5187 impletur

2251 5200 2448 5256 minus
2480 5200 2820 5268 habentem,
2849 5205 2907 5257 et
2933 5201 3158 5274 absque
3189 5200 3499 5268 dilectione
3527 5201 3627 5259 Dei
3661 5219 3728 5260 ac
3759 5218 3894 5274 pro-

2251 5286 2414 5355 ximi,
2463 5305 2639 5361 quem
2690 5288 2836 5362 legis
2893 5289 3111 5363 pariter
3153 5293 3214 5346 et
3258 5288 3553 5363 Evangelii
3593 5291 3902 5364 Scriptura

2250 5379 2641 5446 commendat,
2663 5395 2914 5434 vacuum
2947 5378 3316 5440 incedentem
3342 5377 3748 5445 insinuanan
3780 5398 3898 5454 quo

2249 5465 2384 5522 licet
2415 5467 2612 5539 plures
2640 5467 2762 5523 sint
2789 5467 2987 5537 choro,
3018 5467 3070 5524 si
3100 5467 3435 5540 aquiescere
3481 5468 3708 5526 veritati
3750 5486 3898 5526 con-

2246 5557 2556 5623 senserint,
2586 5556 2754 5628 quasi
2787 5574 2940 5612 unus
2973 5557 3404 5628 recuperabunt
3425 5557 3485 5612 in
3507 5557 3734 5612 unitate
3757 5557 3896 5613 ﬁdei

2246 5646 2558 5702 sanitatem
2593 5663 2606 5701 :
2641 5645 2780 5717 quia
2809 5651 3015 5718 praeter
3056 5645 3357 5701 uninatem
3406 5644 3704 5702 catholica
3754 5647 3894 5704 ﬁdei

2247 5735 2446 5793 nullus
2476 5734 2712 5792 cuilibet
2743 5739 2898 5807 patet
2928 5733 3136 5792 salutis
3161 5733 3348 5794 locus.
3380 5735 3428 5791 Α
3454 5735 3627 5806 cujus
3665 5734 3893 5800 unitate
