4204 6492
379 501 498 565 829

1280 503 1772 566 EXPLANATIO
1817 504 1893 564 IN
1939 503 2359 568 FERCULUM
2406 507 2875 570 SALOMONIS.

3657 511 3777 572 830

378 637 645 691 nostrum
675 639 764 691 est
791 651 892 708 per
932 633 1098 690 liberi
1139 634 1362 690 arbitrii
1402 636 1854 708 subsequentem
1887 637 2018 692 obe-
2050 636 2105 702 Α
2134 653 2342 692 sumus
2364 655 2465 710 per
2483 639 2894 696 abstinentiam
2917 657 3311 714 resurgamus.
3330 644 3464 710 Qua:
3480 643 3772 701 abstinen-

377 723 679 779 dientiam.
703 723 865 779 Unde
886 727 943 779 et
967 723 1494 792 remunerabimur,
1516 728 1572 780 et
1592 724 2022 780 misericordias

377 812 609 868 Domini
642 813 702 867 in
733 817 1012 868 internum
1044 814 1436 881 cantabimus,
1475 813 1872 869 inobedientes
1919 831 2020 868 au-

375 903 495 956 tem
528 901 734 957 merito
766 902 1223 957 damnabantur.
1249 903 1318 957 Et
1346 902 1481 957 hinc
1531 917 1724 974 regem
1776 901 2024 974 scriptor

375 990 435 1045 in
486 989 597 1046 isto
648 989 858 1045 sacculo
910 991 1057 1046 bene
1105 991 1313 1059 vivere,
1339 996 1396 1046 et
1443 992 1500 1046 in
1555 996 1834 1047 aeternum
1884 1009 2018 1046 cum

375 1078 605 1134 Christo
638 1096 879 1151 regnare
921 1078 1230 1135 desiderat.
1255 1082 1333 1136 Ea
1377 1085 1608 1152 propter
1638 1085 1692 1136 et
1725 1079 1782 1134 in
1815 1082 2016 1136 eadem

373 1167 709 1239 praefatione
757 1169 1030 1224 denarius
1077 1169 1426 1241 geminatur,
1469 1168 1567 1240 qui
1618 1187 1718 1241 per
1768 1173 2019 1240 quatuor

371 1255 562 1311 sancti
594 1256 885 1329 Evangelii
917 1257 1097 1313 libros
1120 1258 1479 1330 completur:
1503 1259 1643 1330 quia
1663 1263 1718 1314 et
1747 1260 1873 1314 sine
1907 1260 2017 1314 ﬁde

369 1344 734 1417 impossibile
765 1349 854 1401 est
897 1346 1123 1418 placere
1153 1348 1289 1414 Deo,
1313 1351 1370 1403 et
1399 1348 1544 1403 ﬁdes
1576 1347 1700 1403 sine
1739 1348 2014 1419 operibus

370 1437 602 1490 mortua
633 1440 722 1490 est
750 1434 808 1490 in
839 1436 1173 1508 semetipsa.
1199 1437 1309 1490 Sed
1335 1440 1392 1491 et
1416 1436 1473 1490 in
1506 1453 1574 1491 ea
1593 1435 1784 1492 dualis
1810 1455 2012 1492 nume-

368 1539 471 1578 rus
499 1524 869 1596 duplicatur:
897 1525 1036 1598 quia
1073 1525 1318 1581 scientia
1359 1526 1482 1582 sine
1514 1526 1795 1581 charitate
1825 1525 2008 1594 inflat,

367 1612 624 1669 charitas
655 1617 850 1670 autem
889 1631 1024 1670 cum
1065 1615 1310 1670 scientia
1347 1633 1492 1670 sana
1530 1615 1893 1670 aediﬁcatzet
1924 1616 2008 1669 in-

366 1700 634 1758 tellectus
655 1705 745 1758 est
773 1703 962 1758 bonus
989 1703 1264 1760 omnibus
1297 1704 1642 1760 facientibus
1663 1722 1817 1773 eum,
1843 1709 1898 1760 et
1923 1704 2008 1758 di-

362 1788 607 1846 lectione
629 1790 730 1847 Dei
760 1792 1016 1864 praalata,
1039 1792 1132 1848 cui
1155 1792 1320 1848 nulla
1347 1793 1577 1849 numeri
1601 1811 1876 1850 mensura
1905 1794 2012 1848 im-

365 1881 623 1951 ponitur,
649 1881 719 1936 de
740 1897 858 1951 qua
877 1897 945 1936 ex
974 1886 1093 1937 toto
1123 1884 1315 1951 corde,
1340 1887 1396 1937 et
1427 1901 1495 1937 ex
1524 1882 1682 1938 omni
1715 1887 1930 1947 mente,
1954 1886 2010 1936 et

361 1982 432 2025 ex
486 1970 764 2026 omnibus
819 1970 1040 2026 viribus
1101 1972 1317 2026 nostris
1373 1971 1730 2043 praecipitur,
1774 1971 2080 2070 dilectioB

359 2057 609 2130 proximi
642 2059 700 2113 in
731 2059 960 2115 duobns
990 2061 1294 2133 praeceptis
1323 2061 1733 2129 subdividitur,
1759 2078 1891 2116 cum
1915 2061 2001 2115 di-

359 2147 516 2204 citur
535 2149 682 2218 (Tob.
710 2167 794 2217 Iv;
828 2150 1009 2206 Matth.
1034 2151 1132 2221 v11)
1157 2167 1169 2204 :
1195 2151 1358 2216 Quod
1405 2150 1510 2205 tibi
1561 2151 1683 2205 ﬁeri
1735 2168 1848 2206 non
1897 2149 2002 2217 vis,

358 2235 456 2292 alii
480 2255 552 2292 ne
569 2237 792 2310 feceris,
807 2242 866 2294 et
887 2256 1012 2310 qua:
1031 2238 1203 2294 vultis
1222 2243 1286 2295 ut
1303 2239 1518 2295 faciant
1533 2239 1696 2296 vobis
1713 2240 2007 2310 homines,

356 2331 417 2382 et
445 2344 546 2382 vos
577 2328 779 2382 eadem
808 2327 977 2383 facite
1005 2327 1142 2382 illis.

428 2416 750 2489 Completio
779 2417 1069 2488 siquidem
1093 2435 1388 2473 summam
1412 2436 1684 2474 versuum
1708 2420 2005 2490 proferens

356 2510 488 2562 octo
536 2506 802 2562 versibus
851 2506 1063 2579 agitur,
1085 2511 1143 2562 et
1191 2508 1301 2562 sub
1352 2507 1556 2562 ferculi
1616 2506 2001 2574 reclinatorio,

357 2595 514 2666 quod
547 2595 992 2650 resurrectionis
1021 2600 1284 2651 octavam
1313 2595 1463 2651 diem
1491 2597 1871 2665 demonstrat,
1898 2614 2001 2668 po-

355 2682 518 2738 nitur
541 2699 554 2737 :
580 2683 720 2754 quia
747 2683 901 2739 sicut
921 2688 1060 2740 sunt
1088 2686 1215 2740 duae
1240 2689 1477 2752 mortes,
1503 2685 1760 2756 corporis
1782 2685 2004 2741 scilicet

355 2788 459 2844 per
487 2771 884 2844 egressionem
907 2773 980 2828 ab
1000 2790 1066 2829 eo
1087 2773 1316 2840 animae,
1340 2777 1396 2830 et
1425 2772 1633 2829 anima:
1664 2791 1766 2845 per
1791 2774 2004 2829 admis-

355 2859 582 2916 sionem
603 2860 662 2915 in
683 2877 746 2917 se
771 2862 992 2933 peccati
1013 2879 1026 2917 :
1048 2862 1129 2918 ita
1149 2866 1204 2918 et
1220 2863 1348 2918 duae
1369 2866 1508 2918 sunt
1527 2863 1998 2931 resurrectiones,

355 2947 565 3004 animae
595 2948 880 3014 videlicet,
907 2952 1140 3022 quando
1167 2950 1542 3023 indulgentia
1573 2950 1879 3008 viviﬁcatio
1902 2969 2004 3024 per

352 3036 563 3109 dignos
595 3037 944 3110 poenitentia
995 3039 1218 3095 fructus
1258 3039 1447 3112 gratia
1495 3039 1596 3096 Dei
1644 3041 1998 3112 acquiritur;

356 3126 506 3181 108
529 3130 587 3181 et
607 3128 1137 3199 corporis,quando
1171 3129 1228 3184 in
1261 3131 1512 3184 adventu
1541 3129 1772 3185 Domini
1799 3147 2000 3185 omnes

349 3213 621 3272 homines
643 3221 951 3289 resurgant
971 3235 1104 3273 cum
1123 3219 1463 3290 corporibus
1485 3219 1629 3286 suis,
1645 3221 1701 3274 et
1716 3219 1997 3274 reddituri

350 3308 492 3359 sunt
512 3305 584 3360 de
615 3304 786 3362 factis
817 3305 1068 3378 propriis
1100 3307 1383 3362 rationem
1409 3325 1420 3363 :
1446 3311 1503 3362 et
1533 3308 1737 3363 beatus
1759 3307 1858 3378 qui
1891 3307 1996 3363 ha-

349 3391 542 3448 buerit
572 3398 796 3465 partem
820 3394 879 3449 in
901 3394 1322 3452 resurrectione
1345 3396 1552 3468 prima,
1578 3396 1853 3468 quoniam
1883 3415 1996 3452 non
2029 3372 2071 3438 C

347 3480 592 3536 Iadetur
620 3499 655 3537 a
685 3487 872 3538 morte
919 3484 1196 3551 secunda,
1220 3489 1276 3540 et
1305 3483 1548 3556 accipiet
1593 3485 1762 3540 binas
1793 3484 1993 3553 stolas,

350 3569 854 3627 immortalitatem
882 3572 1104 3628 scilicet
1131 3577 1188 3628 et
1211 3573 1704 3644 incorruptionem
1736 3575 1995 3646 corporis

347 3658 527 3715 simul
549 3664 606 3715 et
626 3661 856 3715 animae.
883 3661 994 3716 Sed
1017 3662 1414 3734 signiﬁcantia
1434 3663 1606 3717 istius
1629 3663 1996 3719 resurrectio-

347 3748 442 3802 nis
473 3747 664 3820 prima
691 3748 894 3804 ordine
926 3755 1077 3804 recte
1109 3749 1191 3804 illi
1225 3751 1574 3822 supponitur
1605 3769 1729 3823 quae
1761 3752 1993 3823 praecel-

345 3833 556 3892 lcntior
579 3841 669 3892 est
689 3836 974 3909 dignitate
998 3854 1010 3892 :
1036 3839 1189 3894 sicut
1210 3842 1266 3894 et
1291 3839 1593 3911 Scriptura
1612 3840 1681 3896 de
1703 3857 1990 3912 compun-

342 3924 554 3981 ctionis
575 3942 785 3998 genere
805 3925 980 3981 dicit:
1004 3927 1161 3982 Dedit
1186 3928 1276 3982 illi
1300 3935 1455 3999 pater
1481 3945 1634 3995 suus,
1659 3928 1799 4000 quin
1822 3929 1991 3984 Caleb

339 4014 471 4069 Axaa
531 4013 694 4080 ﬁliae,
760 4017 998 4084 irrigum
1053 4018 1305 4087 superius
1361 4025 1411 4072 et
1466 4018 1704 4085 irrigum
1760 4020 1991 4088 inferius

337 4102 538 4170 (ludia.
565 4121 604 4171 1,
632 4103 749 4171 15);
773 4120 906 4158 cum
939 4104 1104 4160 electi
1151 4105 1318 4176 prius
1362 4105 1602 4177 plangat
1631 4106 1701 4159 de
1732 4105 1992 4160 inferiori

338 4189 561 4263 irriguo
584 4189 802 4257 anima,
818 4194 1017 4246 utnon
1036 4191 1286 4246 ducatur
1300 4192 1371 4246 ad
1395 4190 1772 4264 supplicium,
1789 4195 1991 4262 postea

334 4295 470 4334 vero
502 4279 574 4334 de
613 4277 899 4352 superiori
944 4279 1183 4353 irriguo,
1210 4280 1349 4351 quia
1395 4280 1660 4336 diti'ertur
1707 4297 1743 4335 a
1787 4296 1984 4352 regno.

338 4367 586 4424 Summa
617 4372 812 4424 autem
845 4367 1047 4425 ferculi
1096 4385 1370 4424 versuum
1418 4368 1633 4424 heroici
1665 4371 1720 4424 et
1749 4367 1986 4440 elegiaci

334 4456 640 4528 carminis,
673 4474 852 4528 quam
893 4473 1094 4513 secum
1133 4457 1442 4530 completio
1475 4457 1817 4530 designavit,
1842 4475 1986 4529 qua-

335 4545 662 4618 dringentis
693 4547 1082 4619 quadraginta
1111 4551 1168 4603 et
1209 4565 1312 4604 sex
1349 4547 1615 4603 versibus
1647 4549 1894 4612 constat,
1928 4550 1986 4602 et

331 4651 490 4691 unus
519 4635 714 4692 decies
745 4635 960 4692 ductus
985 4636 1289 4692 denarium
1323 4635 1566 4707 perﬁcit.
1591 4635 1671 4690 De
1702 4652 1815 4706 quo
1848 4633 1985 4706 quia

2133 725 2214 780 tia
2243 729 2430 782 totum
2452 728 2579 783 vita:
2602 733 2812 785 nostrae
2835 734 3069 803 tempus
3091 731 3147 784 in
3170 731 3525 788 continentia
3546 751 3579 788 a
3599 733 3771 790 malis

2131 815 2426 887 operibus,
2450 823 2506 872 et
2553 818 2611 872 in
2642 819 3048 876 exercitatione
3075 819 3357 875 virtutum
3404 838 3530 877 esse
3561 823 3770 878 debere

2131 903 2466 976 designans,
2481 923 2582 978 per
2603 908 2988 980 quadraginta
3005 909 3230 964 dierum
3255 925 3564 964 numerum
3583 915 3772 966 custo-

2129 992 2453 1065 ditur,quia
2475 995 2625 1050 sicut
2645 996 2744 1051 ﬁlii
2779 997 2973 1068 Israel,
2994 997 3050 1052 in
3077 1015 3327 1069 quorum
3357 996 3549 1053 locum
3572 1016 3767 1055 suces-

2128 1080 2337 1146 simus,
2357 1099 2457 1153 per
2477 1085 2864 1155 quadraginta
2887 1103 3089 1153 annos,
3111 1085 3356 1142 transito
3381 1086 3524 1140 mari
3550 1087 3765 1154 Rubro,

2127 1169 2186 1223 in
2218 1171 2395 1226 eremi
2428 1173 2693 1228 vastitate
2725 1173 3060 1231 calamitose
3083 1179 3394 1246 antequam
3425 1175 3495 1229 ad
3528 1175 3770 1246 promis-

2125 1258 2308 1314 sionis
2340 1265 2552 1315 terram
2603 1262 2862 1316 venirent
2891 1263 3100 1319 versati
3150 1268 3308 1328 sunt,
3333 1262 3414 1318 ita
3460 1267 3518 1318 et
3571 1281 3676 1319 nos
3707 1264 3766 1318 in

2123 1347 2307 1402 exsilii
2341 1348 2519 1421 hujus
2567 1351 2842 1407 mrumnis
2871 1353 3080 1424 dignas
3127 1351 3531 1407 inobedientiaa
3566 1370 3766 1423 paanas

2122 1434 2360 1504 luimus,
2387 1443 2701 1511 antequam
2724 1442 2795 1495 ad
2830 1440 3083 1512 paradisi
3107 1441 3322 1512 gaudia
3351 1442 3675 1495 redeamus.
3702 1442 3763 1495 In

2121 1541 2239 1596 qua
2267 1528 2609 1598 probatione
2639 1534 2772 1601 post
2794 1547 3026 1586 sacrum
3057 1529 3349 1602 baptisma
3380 1529 3543 1601 prius
3574 1528 3763 1601 longis

2118 1615 2400 1671 virtutum
2433 1619 2732 1674 exercendi
2771 1619 3079 1690 agonibus,
3113 1637 3177 1675 ac
3210 1619 3417 1674 deinde
3467 1618 3763 1690 perpetuis

2121 1723 2383 1777 superna:
2405 1707 2786 1762 beatitudinis
2807 1727 3014 1765 sumus
3037 1709 3291 1764 donandi
3315 1707 3680 1774 muneribus,
3706 1710 3764 1761 et

2119 1799 2354 1866 accepta
2382 1796 2480 1851 Dei
2513 1797 2658 1868 lege,
2681 1796 2738 1852 id
2772 1802 2860 1853 est
2889 1797 3085 1853 audito
3105 1799 3279 1853 verbo
3300 1797 3516 1864 divino,
3539 1796 3610 1849 de
3641 1794 3760 1866 pri-

2117 1900 2210 1939 sca
2238 1889 2438 1940 nostra
2457 1887 2891 1942 conversatione
2913 1886 3129 1959 egredi,
3145 1903 3211 1941 ac
3233 1884 3609 1941 solitudinem
3630 1882 3757 1937 vita;

2117 1972 2396 2044 spiritalis
2427 1979 2654 2030 constat
2687 1977 2894 2031 debere
2938 1993 3041 2030 nos
3078 1974 3323 2048 ingredi,
3358 1978 3423 2028 ut
3451 1972 3757 2036 vitanovaa

2113 2064 2569 2119 conversationis
2582 2065 2842 2136 quotidie
2856 2066 2996 2121 casti
3005 2065 3201 2138 gati,si
3219 2069 3431 2120 terram
3450 2064 3763 2136 repromis-

2114 2151 2297 2207 sionis
2331 2152 2544 2208 intrare
2575 2154 2865 2220 volumus,
2898 2155 3066 2226 quasi
3107 2152 3445 2225 quotidiano
3484 2153 3757 2209 Jordanis

2113 2240 2463 2312 baptismate
2513 2241 2786 2314 lacrymis
2834 2243 3232 2298 saluberrima:
3290 2241 3755 2314 compunctionis

2113 2328 2184 2382 ab
2214 2328 2374 2383 omni
2404 2329 2676 2386 vitiorum
2708 2331 3140 2403 subripentium
3173 2330 3514 2402 contagione
3545 2346 3754 2402 purge-

2112 2433 2264 2486 mur,
2289 2418 2454 2488 juxta
2515 2436 2648 2474 eum
2699 2420 2798 2491 qui
2850 2419 3040 2475 dixit:
3094 2419 3307 2474 Lavabo
3352 2436 3451 2490 per
3505 2419 3757 2487 singulas

2110 2514 2286 2561 noctes
2316 2509 2511 2562 lectum
2540 2526 2737 2575 mcum,
2773 2511 3029 2581 lacry-mis
3062 2517 3292 2564 stratum
3337 2524 3520 2563 meum
3563 2509 3755 2576 rigabo

2109 2597 2286 2662 (Psat.
2311 2614 2387 2662 v1,
2415 2597 2492 2667 7).
2518 2597 2681 2652 Unde
2708 2601 2860 2652 recte
2879 2598 3152 2652 Jordanis
3185 2599 3334 2652 rivus
3352 2595 3558 2668 judicii
3585 2596 3756 2652 inter-

2110 2688 2393 2754 pretatur,
2424 2685 2563 2756 quia
2594 2686 2873 2741 nimirum
2903 2686 3089 2752 electi,
3115 2703 3229 2756 quo
3252 2684 3562 2742 sollicitius
3584 2695 3751 2742 suam

2110 2773 2526 2828 conscientiam
2558 2774 2635 2845 dij
2649 2774 2933 2830 udicando
2983 2775 3337 2843 examinant,
3360 2792 3426 2830 eo
3472 2774 3752 2846 largiores

2109 2877 2178 2915 ex
2206 2861 2415 2917 intimo
2445 2863 2638 2918 cordis
2669 2864 2824 2918 fonte
2865 2863 3154 2936 lacrymas
3184 2863 3438 2918 fundunt
3471 2880 3483 2916 :
3522 2865 3585 2918 ut
3614 2861 3752 2934 quia

2110 2949 2306 3005 minus
2338 2952 2620 3022 perfectos
2652 2970 2712 3008 se
2751 2969 2879 3007 esse
2911 2952 3376 3023 deprehendunt,
3401 2951 3601 3006 sordes
3631 2968 3748 3006 suae

2109 3037 2439 3110 fragilitatis
2500 3040 2672 3095 undis
2730 3039 3078 3112 pcenitcntize
3136 3039 3383 3094 diluant.
3426 3039 3537 3095 Sed
3599 3040 3744 3094 101

2107 3130 2165 3181 et
2196 3126 2585 3198 signiﬁcantia
2617 3126 3062 3200 quadragenarii
3094 3126 3345 3194 numeri,
3377 3131 3435 3181 et
3467 3127 3749 3181 effusione

2108 3215 2330 3283 diluvii,
2365 3220 2422 3272 et
2451 3216 2510 3271 in
2556 3217 2734 3272 Jacob
2777 3216 3035 3289 planctu,
3070 3216 3126 3270 in
3167 3213 3572 3271 exercitatione
3603 3230 3745 3285 quo-

2106 3321 2220 3375 que
2249 3303 2503 3360 ﬁliorum
2554 3305 2728 3361 Israel
2767 3305 2826 3360 in
2858 3306 3106 3376 deserto,
3139 3309 3312 3376 atque
3364 3303 3421 3357 in
3470 3303 3745 3374 praedica-

2107 3393 2261 3449 tione
2291 3394 2471 3462 Jonas,
2495 3399 2554 3450 et
2582 3395 2712 3450 aliis
2744 3395 2947 3450 multis
2969 3394 3403 3450 ostensionibus
3427 3409 3605 3448 causa
3625 3407 3746 3462 per-

2105 3482 2370 3538 fectionis
2399 3484 2458 3537 in
2491 3484 2790 3556 Scriptura
2820 3483 3012 3555 positi,
3038 3482 3197 3538 aliud
3227 3481 3402 3538 etiam
3443 3493 3750 3552 perneces-‘

2104 3572 2326 3627 sarium
2360 3572 2588 3627 innuit:
2623 3572 2762 3644 quia
2791 3573 3018 3644 Moyses
3042 3587 3262 3626 morem
3283 3566 3746 3625 circumcisionis

2103 3661 2383 3716 divinitus
2415 3661 2786 3732 imperatum,
2810 3665 2865 3716 et
2886 3659 3331 3732 quadringentis
3360 3663 3417 3714 et
3447 3675 3544 3714 sex
3575 3657 3746 3714 annis

2102 3750 2494 3816 observatum,
2521 3767 2621 3821 per
2641 3749 3027 3820 quadraginta
3055 3765 3239 3804 annos
3270 3747 3328 3802 in
3359 3763 3552 3802 eremo
3575 3746 3744 3801 inter:

2102 3839 2284 3905 misit,
2321 3855 2495 3910 quem
2542 3839 2719 3893 Josue
2768 3837 2970 3892 cultris
3018 3836 3261 3907 petrinis
3310 3833 3568 3906 perfecit,
3603 3834 3743 3905 quia

2101 3932 2266 3998 petra
2304 3930 2428 3982 erat
2456 3926 2744 3991 Christus,
2776 3929 2832 3980 et
2885 3925 2975 3980 lex
3024 3941 3126 3996 per
3176 3925 3410 3995 Moysen
3444 3923 3581 3977 data
3627 3926 3761 3990 est,

2100 4015 2288 4087 gratia
2333 4019 2389 4070 et
2435 4015 2645 4070 veritas
2693 4031 2794 4085 per
2839 4014 3040 4069 Jesum
3087 4011 3383 4068 Christum
3431 4011 3582 4066 facta
3626 4015 3735 4068 est.

2100 4105 2258 4159 Idem
2291 4122 2522 4175 quoque
2554 4103 2779 4176 Moyses
2811 4107 2875 4156 ut
2909 4102 3118 4174 legem,
3150 4118 3327 4172 quam
3376 4099 3475 4156 Dei
3526 4096 3738 4170 populo

2097 4195 2370 4260 traderet,
2396 4193 2699 4264 acciperet,
2728 4193 2984 4248 secundo
3016 4191 3221 4246 diebus
3247 4187 3635 4261 quadraginta
3656 4189 3740 4259 je-‘

2088 4281 2346 4352 junavit;
2371 4281 2524 4336 Elias
2552 4281 2610 4335 in
2645 4282 2872 4336 deserto
2906 4279 3298 4352 quadraginta
3327 4277 3533 4332 diebus
3565 4277 3741 4332 absti-

2097 4370 2251 4438 nuit;
2287 4371 2412 4443 ipse
2442 4375 2646 4425 auctor
2673 4369 2979 4424 hominum
3013 4369 3083 4423 ad
3117 4365 3383 4422 homines
3410 4364 3646 4420 veniens
3677 4365 3736 4419 in

2096 4460 2485 4532 quadraginta
2506 4459 2712 4514 diebus
2735 4458 2960 4513 nullum
2987 4455 3224 4512 omnino
3243 4455 3437 4511 cibum
3460 4453 3734 4526 sumpsit.

2093 4548 2210 4602 Cur
2237 4565 2372 4620 ergo
2403 4547 2461 4602 in
2502 4546 2859 4603 abstinentia
2907 4543 3406 4618 quadragenarius
3453 4558 3738 4598 numerus

2094 4637 2438 4703 custoditur,
2461 4635 2571 4692 nisi
2595 4635 2734 4707 quia
2754 4635 2940 4690 virtus
2971 4633 3230 4706 decalogi
3262 4650 3363 4706 per
3391 4632 3571 4688 libros
3601 4647 3737 4702 qua-

329 4725 691 4781 sufﬁcienter
711 4727 1030 4798 suprajam
1049 4725 1450 4792 diximus,hoc
1469 4725 1682 4780 iterum
1705 4722 1983 4794 replicare
2016 4742 2060 4805 ι)
2091 4729 2225 4782 tuor
2245 4725 2429 4781 sancti
2450 4723 2742 4796 Evangelii
2767 4723 3132 4779 custoditur?
3148 4724 3217 4778 Et
3237 4721 3337 4794 qui
3361 4737 3462 4792 per
3481 4718 3737 4775 carnalia

328 4811 607 4869 vitamus.
628 4813 917 4870 Denarius
938 4813 1154 4871 etenim
1181 4818 1389 4886 quater
1409 4814 1624 4869 ductus
1649 4812 1708 4868 in
1731 4813 1979 4884 quadra-

327 4901 637 4975 genarium
660 4903 850 4976 surgit
873 4921 885 4958 :
912 4903 1051 4975 quia
1072 4908 1211 4959 tunc
1234 4902 1492 4974 decalogi
1517 4903 1791 4957 mandata
1813 4903 1985 4973 perﬁ-

329 4990 687 5062 cimus,cum
709 4992 966 5064 profecto
989 4997 1240 5064 quatuor
1267 4991 1446 5047 libros
1471 4989 1657 5046 sancti
1689 4990 1981 5062 Evangelii

329 5079 734 5136 custodimus:
756 5098 902 5152 quos
924 5080 1209 5137 humilius
1231 5097 1664 5145 conservamus,
1679 5078 1728 5135 si
1751 5080 1904 5134 unde
1925 5083 1982 5134 et

328 5184 447 5240 quo
467 5171 527 5224 et
553 5169 807 5240 qualiter
834 5168 1154 5226 cecidimus
1183 5168 1542 5225 incessanter
1572 5167 1910 5240 aspicimus.
1933 5169 1979 5224 A

326 5257 563 5329 regione
593 5256 885 5329 siquidem
913 5264 1130 5325 nostra,
1155 5257 1212 5314 id
1245 5262 1336 5314 est
1367 5275 1400 5312 a
1429 5256 1718 5329 paradiso,
1743 5257 1801 5312 in
1823 5257 1975 5312 hanc

335 5344 662 5402 convallem
702 5345 1092 5419 lacrymarum
1135 5345 1541 5418 superbiendo,
1575 5345 1980 5415 inobcdiendo,

327 5433 588 5491 visibilia
607 5437 924 5506 sequendo,
941 5436 1136 5492 cibum
1149 5435 1392 5491 vetitum
1409 5435 1700 5506 gustando
1717 5433 1983 5490 discessi-

331 5538 490 5592 mus,
513 5522 616 5576 sed
648 5522 720 5576 ad
751 5540 880 5578 eam
913 5541 1146 5579 necesss
1175 5529 1265 5578 est
1297 5527 1360 5578 ut
1392 5521 1599 5588 tlendo,
1634 5522 1976 5592 obediendo,

313 5608 576 5666 visibilia
603 5613 1052 5679 contemnendo,
1085 5619 1263 5684 atque
1307 5611 1629 5683 appetitum
1663 5611 1856 5666 carnis
1890 5629 1975 5667 re-

319 5699 605 5755 frenando
639 5701 966 5757 redeamus.
993 5703 1062 5756 Et
1081 5702 1220 5772 quia
1243 5701 1313 5755 ab
1338 5700 1522 5773 ipsius
1554 5699 1806 5770 paradisi
1839 5717 1976 5772 gau-

317 5787 434 5843 diis
465 5805 571 5860 per
599 5789 796 5845 cibum
821 5790 1165 5859 cecidimus,
1188 5791 1260 5845 ad
1288 5789 1406 5844 haec
1441 5789 1497 5844 in
1532 5792 1816 5859 quantum
1850 5806 1974 5860 pos-

2093 4815 2383 4871 desidcria
2403 4814 2658 4885 decalogi
2691 4815 2969 4869 mandata
2985 4811 3464 4882 contempsimus,
3487 4808 3730 4879 dignum

2095 4907 2184 4958 e'st
2209 4906 2270 4958 ut
2290 4904 2555 4958 eamdem
2577 4919 2812 4958 carnem
2835 4905 3040 4973 quater
3059 4899 3252 4955 decies
3285 4897 3616 4967 afﬁigamus
3639 4909 3651 4947 :
3675 4896 3734 4946 et

2092 4996 2157 5046 ut
2178 5009 2280 5063 per
2300 4991 2556 5063 decalogi
2582 4993 2991 5046 mandatorum
3025 4987 3372 5055 custodiam,
3396 5001 3461 5040 ac
3485 4999 3586 5055 per
3614 4982 3730 5040 Deo

2089 5081 2328 5153 dignam
2360 5080 2794 5147 abstinentiam,
2819 5080 2890 5134 ad
2919 5083 3190 5133 aeternam
3222 5077 3420 5144 vitam,
3443 5093 3570 5147 quae
3601 5093 3730 5131 cen-

2086 5169 2308 5224 tenario
2343 5188 2583 5225 numero
2616 5168 2974 5239 designatur,
2999 5165 3284 5238 quadriga
3304 5163 3646 5237 Evangelica
3675 5170 3731 5220 et

2085 5257 2481 5314 cardinalibus
2498 5261 2748 5330 quatuor
2763 5253 3077 5310 virtutibus
3101 5247 3481 5327 perferamur,
3496 5269 3730 5310 necesse

2090 5352 2179 5402 est
2211 5351 2274 5402 ut
2300 5345 2799 5420 quadragenarius
2831 5361 3110 5399 numerus
3141 5358 3242 5415 per
3271 5341 3527 5415 decalogi
3559 5344 3731 5399 dena-

2089 5435 2242 5491 rium
2276 5435 2716 5507 multiplicetur,
2749 5438 2804 5489 et
2834 5433 2917 5488 sic
2959 5434 3030 5486 ad
3082 5431 3726 5504 quadringentesimum

2088 5542 2397 5579 numerum
2432 5525 2721 5578 efferatur.
2747 5522 3142 5592 Quadraginta
3162 5521 3316 5576 enim
3349 5521 3538 5577 decies
3568 5523 3726 5578 ducti

2086 5613 2542 5685 quadringentos
2591 5611 2874 5674 efﬁciunt,
2909 5611 3047 5681 quia
3093 5611 3164 5664 ad
3213 5616 3486 5666 aztcrnam
3525 5611 3725 5681 vitam,

2084 5720 2210 5773 qua:
2233 5700 2562 5758 centenario
2587 5718 2827 5755 numero
2859 5705 2915 5755 et
2944 5699 3053 5756 hoc
3076 5703 3280 5772 quater
3301 5701 3476 5757 ducto
3507 5702 3725 5774 ﬁgura—

2080 5796 2194 5859 tur,
2221 5790 2385 5846 electi
2417 5806 2639 5858 omnes,
2666 5807 2780 5844 non
2813 5787 3002 5844 solum
3037 5790 3106 5846 de
3136 5790 3571 5863 incorruptione
3601 5791 3723 5848 ani-
