4204 6468
497 444 612 512 881

1059 451 1437 514 HINCMARI
1483 447 1930 516 RHEMENSIS
1978 452 2567 516 ARCHlEPISGOPl
2611 447 3130 523 EXPLANA'I‘IO,
3159 453 3331 516 ETC.

3797 451 3920 514 832

497 593 606 672 mle
635 583 812 642 simul
859 588 920 642 et
965 585 1246 658 corporis,
1268 597 1471 642 verum
1501 589 1560 642 et
1586 587 1656 642 de
1685 586 1905 643 visione
1934 586 2140 643 divinae
2169 593 2224 660 Α
2253 586 2584 660 plangenda
2614 603 2729 643 non
2761 591 3110 659 perpetrare.
3143 587 3289 644 Nam
3319 580 3421 660 q'ui
3450 585 3540 644 sic
3570 583 3696 642 alia
3726 585 3922 672 deplo-

496 670 782 748 mannis,
807 691 942 732 cum
985 675 1168 748 gloria
1210 676 1548 732 mediatoris
1588 676 1690 732 Dei
1733 679 1790 732 et
1835 675 2142 732 hominum
2254 679 2362 742 rat,
2397 679 2464 731 ut
2500 680 2697 731 tamen
2730 675 2846 731 alia
2880 676 3228 744 committat,
3260 675 3453 732 adhuc
3493 670 3919 748 paenitentiam

498 757 826 820 clarificatis
854 763 1260 833 humanitatis,
1281 765 1407 820 sine
1429 763 1542 820 ﬁne
1573 765 1783 821 reversi
1807 767 1875 820 ad
1909 765 1965 820 id
1989 765 2143 836 quod

498 852 718 909 cenditi
747 853 1001 921 fuerant,
1026 857 1092 909 ut
1122 869 1320 909 revera
1344 853 1404 908 in
1425 870 1558 910 vero
1577 854 1824 910 Jubaeilo
1847 853 2144 926 quinqua-

497 941 722 1016 gesimo
747 941 1017 998 videlicet
1044 959 1196 999 anno
1221 943 1579 1016 gaudebunt.
1603 943 1764 999 Unde
1787 943 1926 1014 quia
1945 945 2148 998 sancta

497 1027 759 1086 Ecclesia
793 1031 853 1085 in
903 1023 1257 1102 quibusdam
1302 1031 1426 1088 suis
1475 1031 1756 1088 membris
1804 1031 1995 1086 adhuc
2045 1047 2147 1103 pro

441 1113 462 1124 “
501 1109 716 1175 aeterna
747 1119 947 1192 requie
977 1118 1204 1176 laborat
1230 1119 1290 1174 in
1317 1120 1510 1188 terris,
1539 1120 1597 1176 in
1629 1120 1986 1193 quibusdam
2015 1136 2148 1175 vero

501 1208 660 1264 omni
686 1204 852 1264 finito
874 1207 1072 1265 labore
1091 1225 1226 1265 cum
1247 1209 1478 1266 Christo
1501 1211 1627 1280 jam
1660 1215 1864 1282 regnat
1882 1209 1941 1263 in
1967 1207 2148 1280 oculis,

501 1297 560 1352 in
593 1297 936 1354 memoriam
967 1299 1276 1371 utriusque
1303 1299 1431 1355 vitae
1474 1303 1670 1371 patres
1719 1296 1902 1354 nostri
1935 1296 2149 1352 consti-

407 1438 412 1446 .
499 1388 745 1442 tueru'nt
781 1387 1017 1460 gemina
1063 1387 1184 1444 haec
1231 1401 1491 1461 congrua
1537 1387 1800 1461 religioni
1846 1383 2149 1452 solemnia,

503 1475 1018 1549 quadragesimum
1047 1475 1314 1533 videlicet
1359 1477 1705 1533 imminente
1755 1476 1977 1532 Pascha
2005 1473 2152 1530 affli-

503 1562 734 1636 ctionis,
748 1565 898 1621 et'ab
919 1565 1048 1638 ipso
1068 1565 1382 1621 D'ominicaa
1405 1565 1857 1622 resurrectionis
1878 1565 1970 1620 die
1989 1564 2158 1636 quin‘

502 1647 926 1726 q‘liage'simam,
966 1653 1027 1710 in
1077 1669 1194 1726 qua
1233 1655 1511 1711 continue
1563 1655 1838 1728 psallitur
1882 1653 2154 1726 Alleluia,

677 1733 1038 1824 evangelista
1053 1743 1310 1800 Joannes
1334 1745 1406 1800 ab
1433 1744 1658 1816 angelis
1681 1761 1744 1800 se
1765 1741 2003 1800 audisse
2023 1759 2156 1800 can-

501 1820 615 1884 tari
638 1820 908 1904 perhibet
925 1832 1104 1906 (Apoc.
1123 1837 1260 1902 XIX),
1285 1838 1342 1889 et
1359 1833 1708 1890 venerabilis
1730 1837 1896 1906 pater
1918 1833 2156 1902 Tobias,

501 1924 572 1975 et!
597 1919 822 1976 visiOnc
853 1911 1118 1996 angelica
1157 1921 1497 1996 intelligens
1533 1922 1722 1994 qualit
1757 1922 1834 1979 sit
1870 1939 2157 1995 superno-

503 2019 634 2064 rum
665 2006 882 2064 ci‘vium
911 2008 1099 2082 gloria
1139 2009 1198 2068 et
1239 2025 1506 2083 superna:
1535 2011 1862 2068 Jerusalem
1895 2011 2152 2080 claritas,

503 2088 816 2154 dixit:Per
861 2099 1008 2155 vicos
1052 2099 1175 2171 ejus
1223 2100 1466 2156 Alleluia
1511 2101 1820 2158 cantabitur
1849 2102 1996 2174 (Tob.
2028 2117 2154 2170 xm,

500 2177 616 2256 22),
639 2185 908 2258 quamvis
945 2186 1008 2242 in
1054 2187 1313 2246 Ecclesia
1341 2204 1646 2262 nunquam
1677 2205 1713 2246 a
1741 2190 1937 2246 divina
1983 2189 2157 2246 laude

505 2276 784 2330 cessatur.
815 2275 887 2330 Et
931 2275 1212 2348 quoniam
1255 2278 1435 2350 hujus
1479 2279 1978 2352 quinquagesimae
2009 2279 2155 2334 cele-

505 2359 774 2418 bratteae
801 2363 1076 2420 fidelibus
1103 2365 1382 2438 perfectio
1411 2367 1631 2439 quietis
1663 2366 1948 2437 innuitur,
1971 2371 2030 2424 et
2056 2367 2155 2423 de-

506 2451 936 2509 mrio‘numero
957 2459 1192 2511 summa
1211 2455 1584 2528 perfectionis
1606 2456 1974 2530 exprimitur,
1991 2455 2158 2528 quin-

508 2533 868 2613 quagenario
888 2541 1079 2600 decies
1097 2543 1274 2600 ducto
1304 2546 1375 2600 ad
1397 2545 1933 2620 quingentesimum
1963 2560 2157 2618 perve-

483 2623 694 2696 nitur,
720 2634 917 2704 aperte
944 2636 1307 2690 monstratur
1334 2633 1472 2706 quia
1501 2651 1872 2708 nequaquam
1900 2634 2024 2692 sola
2049 2649 2156 2690 nos

507 2712 870 2776 abstinentia
882 2721 1077 2777 carnis
1107 2721 1166 2778 in
1189 2721 1316 2779 cibo
1345 2728 1403 2780 et
1433 2727 1570 2796 potu
1599 2725 1670 2780 ad
1701 2728 1914 2780 asterna
1941 2724 2157 2797 gaudia

508 2811 761 2880 reparat,
778 2807 1212 2882 nisi'adjuuctis
1231 2811 1401 2868 bonis
1421 2811 1553 2869 aliis
1573 2813 1812 2886 dignam
1833 2814 1949 2870 Deo
1971 2813 2154 2869 absti-

507 2895 768 2952 nentiam
799 2892 1076 2954 cum'ﬁd’e
1119 2903 1276 2956 recta
1325 2899 1552 2957 devotio
1603 2901 1816 2958 mentis
1863 2903 2150 2959 ostendat.

508 2977 906 3068 mutii-quippe
941 2985 1238 3070 jejunium
1273 2989 1430 3047 Deus
1476 2992 1778 3064 approbat,
1815 2994 1968 3048 770
1996 2993 2150 3064 quod

507 3073 582 3130 ad
597 3073 729 3146 ejus
748 3073 948 3131 oculos
967 3075 1182 3134 manus
1207 3076 1710 3152 eleemosynarum
1729 3079 1904 3147 levat,
1927 3080 2152 3137 dicente

507 3161 808 3235 propheta,
857 3163 1200 3236 Sancti/ictuc
1239 3167 1522 3240 jejunium
1549 3170 1684 3237 (Ιοεί
1729 3187 1744 3224 ι
1783 3174 1841 3225 et
1875 3171 1957 3238 ιι).
1991 3169 2150 3241 Jeju-

508 3249 673 3307 niu‘m
703 3260 960 3325 namque
978 3254 1364 3324 sanctiﬁcata,
1387 3261 1478 3313 est
1501 3257 1793 3329 adjunctis
1823 3257 1994 3314 bonls
2020 3257 2163 3314 aliis-

2255 781 2424 838 agere
2445 768 2547 820 aut
2566 764 2794 837 ignorat
2814 768 2916 820 aut
2943 764 3296 821 dissimulat.
3313 763 3460 830 Quid
3483 763 3655 820 enim
3681 760 3923 836 prodest

2255 853 2304 909 si
2336 856 2573 925 peccata
2595 853 2728 924 quis
2757 851 2998 908 luxuriae
3021 854 3316 921 defleat,et
3334 856 3455 910 tam
3475 853 3765 909 enadhuc
3783 869 3914 909 ava-

2256 941 2399 998 ritiae
2417 943 2656 998 aestibus
2677 941 2946 998 anhelet?
2963 943 3079 997 Aut
3095 941 3234 1014 quid
3259 941 3493 1013 prodest
3508 941 3563 998 si
3585 940 3692 996 irae
3713 941 3921 1014 culpas

2249 1032 2376 1103 jam
2407 1030 2622 1103 lugeat,
2654 1034 2710 1086 et
2738 1035 2936 1087 tamen
2984 1030 3176 1087 adhuc
3204 1029 3436 1086 invidiae
3482 1029 3727 1086 facibus
3769 1025 3924 1086 tabe-

2259 1123 2384 1176 scat
2403 1119 2432 1174 ‘I
2460 1119 2705 1176 Necesse
2735 1122 2825 1175 est
2851 1117 3048 1187 etiam,
3083 1123 3151 1174 ut
3181 1118 3281 1191 qui
3313 1135 3376 1174 se
3405 1117 3621 1174 illicita
3651 1118 3922 1174 meminit

2259 1208 2646 1276 commisisse,
2662 1225 2697 1263 a
2712 1207 3066 1280 quibusdam
3086 1207 3260 1263 etiam
3282 1205 3461 1263 licitis
3477 1207 3730 1262 studeat
3750 1207 3923 1263 absti-

2263 1311 2434 1352 nere:
2459 1300 2747 1368 quatenus
2778 1314 2881 1369 per
2909 1297 3018 1353 hoc
3045 1295 3330 1353 conditori
3351 1313 3458 1352 suo
3479 1295 3834 1364 satisfaciat,
3859 1299 3921 1351 ut

2262 1385 2362 1457 qui
2376 1384 2672 1441 commisit
2691 1384 3004 1458 prohibita,
3021 1385 3274 1442 sibimeti
3283 1385 3372 1458 psi
3390 1381 3706 1442 abscidam
3718 1384 3922 1440 debeat

2263 1473 2436 1530 etiam
2455 1490 2752 1543 concessa,
2766 1479 2824 1530 et
2839 1492 2901 1531 se
2917 1475 3347 1548 reprehendant
3364 1474 3424 1529 in
3443 1472 3917 1546 minimis,quem

2265 1562 2537 1618 meminit
2565 1561 2884 1634 deliquisse
2924 1563 2983 1618 in
3029 1563 3301 1619 maximis
3329 1580 3342 1618 :
3376 1566 3434 1618 et
3463 1561 3553 1618 sic
3581 1578 3720 1618 vere
3749 1560 3920 1635 pinni-

2265 1649 2510 1707 tentiam
2549 1651 2870 1724 agimus,si
2909 1669 2977 1708 ea
3023 1667 3151 1724 quis
3198 1651 3617 1708 commisimus
3672 1651 3918 1724 perfecte

2267 1739 2675 1812 deploremus:
2703 1737 2762 1796 et
2787 1741 2919 1797 illos
2950 1740 3228 1796 nimirum
3250 1737 3628 1797 emeﬁdatidr
3654 1739 3776 1796 vita
3795 1753 3916 1796 san»

2266 1827 2469 1897 tiﬁca‘t,
2494 1845 2644 1902 quos
2673 1845 2775 1902 per
2815 1829 3218 1902 paenitentiam
3249 1829 3497 1886 abluens
3547 1826 3794 1886 afﬂictio
3822 1829 3914 1884 tle-

2267 1921 2436 1973 tuum
2453 1918 2721 1974 mundat.
2736 1917 2806 1974 Et
2821 1919 2957 1992 quia
2971 1920 3044 1975 de
3058 1915 3632 1991 quadringentorum
3647 1929 3920 1975 versuum

2264 2023 2508 2064 numero
2536 2006 2812 2076 diximus,
2839 2012 3023 2065 restat
3051 2011 3118 2063 ut
3145 2007 3430 2065 rationem
3463 2008 3541 2064 de
3571 2021 3916 2064 commemo-

2263 2093 2388 2153 rato
2409 2095 2799 2170 quadraginta
2819 2113 2919 2153 sex
2935 2113 3212 2153 versuum
3229 2113 3475 2154 numera
3490 2095 3911 2170 comple‘amu‘s.

2264 2185 2367 2243 Hic
2396 2186 2613 2244 etenim
2643 2203 2934 2244 annorum
2962 2203 3245 2243 numerus
3275 2186 3700 2260 perfectionem
3730 2183 3913 2242 Domi-

2265 2275 2378 2332 nici
2405 2275 2686 2348 corporis,
2703 2278 2874 2349 cujus
2890 2275 3177 2350 sanguine
3199 2275 3486 2350 redempti
3503 2275 3741 2342 sumus,
3753 2274 3913 2345 cujus

2265 2381 2439 2422 carne
2457 2365 2780 2438 pascimur,
2799 2369 2859 2422 et
2877 2381 3082 2423 cruore
3102 2369 3398 2439 potamur,
3420 2365 3600 2438 cujus
3631 2362 3910 2438 passionis

2264 2455 2654 2512 sacrosanctis
2685 2454 3000 2528 mysteriis,
3023 2459 3081 2510 et
3108 2455 3169 2510 in
3196 2454 3396 2510 anima
3423 2458 3482 2510 et
3511 2453 3575 2509 in
3607 2469 3858 2526 corpore,
3877 2468 3908 2506 a

2263 2543 2518 2616 peccatis
2547 2544 2722 2600 etiam
2753 2549 2810 2600 et
2838 2544 2910 2600 ab
2958 2543 3104 2616 ipsis
3154 2542 3659 2616 corruptionibus,
3691 2542 3815 2614 quae
3840 2540 3906 2596 ob

2265 2637 2502 2703 peccata
2522 2628 3900 2706 contigerunt,salvabimur,aptissime'congruit.

2262 2721 2414 2777 Trad
2422 2724 2528 2777 unt
2541 2720 2697 2776 enim
2715 2719 3074 2776 naturalium
3096 2737 3292 2777 rerum
3308 2719 3656 2793 scriptores,
3669 2720 3898 2776 formam

2261 2808 2520 2882 corporis
2547 2809 2790 2864 humani
2822 2813 2910 2866 tot
2927 2809 3153 2865 dierum
3186 2809 3377 2881 spatio
3408 2808 3614 2882 perfici
3642 2825 3656 2864 :
3681 2806 3815 2880 quia
3829 2803 3898 2860 vi-

2261 2897 2468 2954 delicet
2487 2897 2692 2970 primis
2708 2914 2808 2954 sex
2828 2915 2862 2954 a
2883 2897 3260 2971 conceptione
3277 2897 3492 2954 diebus
3511 2897 3684 2954 lactis
3707 2895 3902 2952 habeat

2260 2985 2730 3058 similitudinem,
2767 2987 3150 3058 sequentibus
3197 3001 3400 3042 novem
3439 2988 3811 3043 convertatur
3845 2981 3896 3037 in

2261 3075 2629 3148 sanguinem,
2653 3074 2864 3132 deinde
2905 3077 3052 3132 771
3089 3074 3398 3131 duodecim
3448 3075 3758 3143 solidetur,
3782 3069 3898 3126 reli-

2259 3164 2394 3236 quis
2417 3165 2617 3222 decem
2637 3169 2697 3221 et
2714 3168 2842 3221 octo
2863 3165 3130 3221 ﬁrmetur
3151 3180 3340 3237 usque
3362 3165 3433 3219 ad
3467 3163 3728 3236 perfecta
3746 3159 3898 3216 linia-

2260 3257 2458 3308 menta
2482 3253 2747 3310 omuium
2781 3254 3200 3310 membrorum.
3234 3252 3312 3309 Et
3331 3251 3470 3309 hinc
3517 3253 3647 3324 jam
3693 3249 3898 3320 reliquo

509 3337 748 3412 dignam
779 3339 896 3396 Deo
919 3332 1354 3411 abstinentiam,
1371 3348 1435 3400 ut
1451 3345 1728 3415 diximus,
1752 3347 1945 3402 carnis
1966 3351 2152 3402 ostcn-
2181 3330 2226 3396 (Σ
2255 3345 2516 3414 tempore
2537 3359 2726 3414 usque
2748 3343 2821 3398 ad
2841 3347 3078 3415 tempus
3109 3346 3314 3414 partus
3333 3340 3750 3414 magnitudine
3776 3351 3899 3407 aug-

510 3426 688 3483 dere‘:
721 3428 860 3500 quia
897 3427 956 3484 in
988 3445 1225 3487 cassum
1273 3446 1406 3489 caro
1455 3435 1742 3502 atteritur,
1774 3435 1824 3491 si
1876 3453 1911 3492 a
1957 3435 2150 3508 pravis

507 3514 910 3588 vblu‘ptati-bus
929 3517 1162 3576 animus
1182 3536 1296 3576 non
1333 3521 1672 3590 refrenatur,
1697 3527 1755 3578 et
1780 3523 2148 3596 Redemptori

509 3606 712 3660 nostra
739 3614 920 3662 unum
940 3599 1066 3663 sine
1086 3607 1266 3664 altero
1291 3609 1514 3682 placere
1536 3629 1908 3684 nequaquam
1939 3617 2148 3684 potest,

509 3689 679 3748 si'aut
705 3691 758 3749 is
775 3693 874 3766 qui
899 3694 1052 3752 bona
1070 3696 1189 3772 agit
1209 3698 1402 3754 adhuc
1425 3697 1666 3754 luxurias
1689 3699 2154 3772 iniquinamcnta

510 3791 630 3836 non
656 3781 894 3853 deserit,
917 3789 1028 3840 aut
1049 3785 1099 3842 is
1130 3787 1229 3858 qui
1257 3787 1526 3844 castitate
1553 3789 1880 3861 praeminet,
1903 3789 2150 3846 necdum

510 3871 579 3926 se'
601 3883 714 3942 per
733 3871 1088 3946 bona'opera
1131 3879 1360 3932 exercet
1383 3891 1396 3930 :
1418 3879 1476 3932 et
1503 3877 1598 3950 qai
1630 3877 1783 3934 bona
1823 3877 2022 3951 aliqua
2051 3895 2153 3952 pro

509 3959 714 4015 mundi
740 3958 1044 4018 honestate
1064 3961 1316 4033 inchoat,
1343 3979 1714 4039 nequaquam
1738 3967 1798 4022 in
1820 3968 1948 4040 ejus
1971 3968 2156 4024 inten-

506 4046 666 4104 tione
685 4047 857 4105 debet
887 4062 1246 4123 permanere,
1271 4069 1374 4110 nec
1406 4067 1510 4126 per
1535 4055 1689 4112 bona
1708 4073 1882 4129 opera
1912 4073 2156 4129 praesen-

508 4134 588 4219 tis
635 4138 840 4194 mundi
898 4139 1147 4212 gloriam
1186 4156 1462 4214 quarere,
1497 4145 1596 4200 sed
1646 4149 1828 4201 totam
1880 4163 2045 4219 spem
2094 4148 2153 4203 in

510 4217 928 4312 Redemptoris
947 4227 1039 4284 sui
1072 4229 1321 4286 adventu
1354 4231 1696 4288 constituat.
1719 4235 1870 4290 Sunt
1899 4217 2156 4308 namque

509 4311 775 4394 plerique
803 4315 1191 4387 continentes,
1211 4317 1312 4391 qui
1342 4337 1556 4393 corpus
1594 4337 1698 4394 per
1735 4323 2152 4380 abstinentiam

510 4393 801 4476 afﬂigunt,
827 4405 930 4461 sed
961 4405 1032 4462 de
1061 4405 1191 4480 ipsa
1219 4425 1328 4464 sua
1365 4393 1720 4467 abstinentia
1748 4411 2039 4470 humanos
2071 4415 2152 4471 fa-

507 4501 675 4561 vores
706 4497 1002 4565 expetunt,
1043 4495 1320 4552 doctrinae
1369 4496 1715 4570 inserviunt,
1757 4499 2155 4575 indigentibus

511 4580 698 4636 multa
726 4579 1077 4657 largiuntur.
1102 4584 1212 4640 Sed
1247 4577 1416 4641 fatuae
1446 4577 1701 4658 profecto
1723 4595 1860 4646 sunt
1878 4591 2152 4666 virgines,

2258 3435 2572 3487 mentatur.
2597 3433 2708 3488 Sex
2735 3435 2932 3488 autem
2970 3435 3029 3487 et
3061 3447 3264 3487 novem
3295 3435 3356 3487 et
3383 3429 3698 3487 duodecim
3725 3431 3780 3483 et
3806 3425 3892 3481 de-

2259 3537 2385 3576 cem
2415 3525 2472 3577 et
2500 3524 2628 3576 octo
2659 3519 3051 3592 quadraginta
3081 3519 3345 3592 quinque
3386 3519 3616 3576 faciunt
3647 3535 3661 3574 :
3693 3515 3892 3589 quibus

2261 3609 2310 3665 si
2332 3625 2514 3664 unum
2539 3609 2946 3682 adjecerimus,
2972 3609 3030 3664 id
3056 3613 3145 3664 est
3165 3609 3363 3681 ipsum
3386 3608 3545 3665 diem
3566 3623 3681 3680 quo
3699 3604 3893 3661 discre-

2260 3701 2384 3752 tum
2409 3714 2513 3770 per
2533 3699 2800 3754 membra
2819 3714 3032 3770 corpus
3047 3701 3413 3754 orementum
3431 3713 3666 3754 sumere
3685 3689 3889 3763 incipit,

2261 3790 2349 3843 tot
2375 3785 2668 3843 nimirum-
2687 3788 2814 3844 dies
2853 3787 2914 3842 in
2955 3786 3338 3842 aedificatione
3367 3785 3631 3859 corporis
3657 3777 3887 3842 Domini,

2263 3879 2407 3948 quot
2433 3875 2494 3931 in
2526 3876 2747 3932 fabrica
2791 3874 3011 3948 templi
3047 3891 3232 3931 annos
3281 3873 3636 3932 invenimus.
3671 3871 3749 3928 De
3788 3879 3889 3940 quo

2261 3963 2478 4036 templo
2511 3963 2724 4021 dicenti
2751 3981 2764 4018 :
2789 3965 2990 4021 Solvite
3017 3965 3279 4036 templum
3305 3964 3405 4021 hoc
3429 3973 3484 4022 et
3512 3966 3576 4020 in
3603 3955 3885 4018 tn'bmdie-

2264 4054 2360 4108 bus
2397 4051 2628 4108 excitato
2662 4053 2820 4119 illud,
2844 4052 3237 4124 responderunt
3261 4052 3454 4110 Judaei
3477 4072 3497 4107 :
3528 4041 3890 4124 Quadraginta

2260 4149 2314 4197 et
2339 4159 2436 4198 sea:
2462 4145 2628 4197 annis
2655 4141 2990 4212 ludiﬁcatum
3015 4149 3096 4198 est
3118 4141 3379 4214 templum
3418 4141 3537 4207 hoc,
3567 4147 3619 4196 et
3647 4146 3704 4194 tu
3729 4131 3886 4191 tribas

2261 4230 2450 4286 diebus
2488 4231 2754 4286 ecciatbis
2801 4228 2988 4285 illud?
3015 4231 3195 4298 (Joan.
3229 4247 3292 4297 ιι,
3325 4230 3434 4300 19).
3459 4230 3530 4286 Et
3573 4225 3708 4300 quia
3751 4227 3884 4278 tem-

2263 4317 2427 4392 plum
2453 4319 2597 4374 illud
2625 4315 2802 4374 manu
2835 4317 3057 4375 factum
3079 4323 3518 4376 sacrosanctam
3537 4310 3760 4374 Domini
3777 4321 3883 4364 car-

2263 4425 2418 4474 nem,
2443 4425 2620 4480 quam
2651 4424 2720 4464 ex
2747 4407 2985 4480 Virgine
3017 4407 3291 4481 sumpsit,
3325 4411 3389 4464 ut
3417 4425 3488 4464 ex
3525 4407 3635 4464 hoc
3663 4400 3780 4460 luco
3804 4395 3882 4452 di-

2264 4497 2505 4565 scimus,
2528 4497 2840 4570 ﬁgurabat,
2863 4497 3005 4569 quia
3032 4514 3195 4570 teque
3221 4513 3434 4571 corpus
3461 4498 3609 4570 ejus,
3631 4489 3776 4566 quod
3804 4485 3884 4542 est

2261 4586 2536 4656 Ecclesia,
2570 4586 2711 4659 quia
2740 4585 3208 4660 uniuscujusque
3249 4586 3511 4644 ﬁdelium
3541 4597 3743 4656 corpus
3769 4571 3879 4632 ani-

511 4668 648 4742 quia
677 4669 862 4761 solam
902 4670 1096 4761 laudis
1134 4673 1482 4731 transitoria;
1521 4677 1963 4737 retributionem
1993 4699 2150 4754 quaa-
2181 4698 2228 4761 Β
2263 4692 2538 4749 mamque
2566 4675 2932 4749 designabat,
2957 4677 3313 4733 mundemus
3336 4675 3595 4748 quotidie
3615 4686 3712 4761 per
3727 4677 3878 4724 omne

510 4762 670 4828 runt,
691 4759 850 4832 quia,
873 4760 1102 4818 dicente
1127 4762 1394 4834 Domino,
1416 4763 1683 4822 laborum
1715 4785 1959 4825 suorum
1991 4771 2150 4826 dam-
2182 4759 2216 4794 ἶ
2258 4770 2492 4839 tempus
2519 4766 2647 4822 vitae
2692 4769 2904 4824 nostrae
2935 4765 3154 4838 templa
3184 4781 3496 4838 corporum
3527 4759 3878 4824 cantillqu

511 4847 766 4904 nubilem
822 4852 1146 4907 mercedem
1208 4852 1497 4926 recipiunt
1541 4855 1744 4928 (Matth.
1778 4859 1874 4930 v1).
1925 4859 2037 4915 Sed
2096 4858 2154 4915 et

509 4937 664 4994 bona
690 4939 866 4994 etiam
888 4954 1022 4995 cum
1055 4940 1307 5014 simplici
1336 4942 1657 5001 intentione
1686 4947 1837 5001 facta
1867 4950 2006 5002 tunc
2039 4949 2152 5004 Deo

514 5031 652 5082 sunt
683 5025 915 5100 placita,
940 5029 988 5084 si
1022 5031 1236 5086 fuerint
1256 5031 1381 5087 sine
1413 5035 1570 5105 pravi
1593 5035 1783 5107 opu-is
1803 5035 2155 5092 admistione

509 5113 726 5184 oblata,
761 5117 913 5174 sicut
958 5119 1241 5192 scriptum
1288 5125 1378 5177 est
1410 5139 1424 5178 :
1456 5124 1686 5179 Declina
1715 5141 1750 5178 (ι
1776 5125 1921 5180 malo
1967 5134 2018 5180 et
2062 5129 2155 5197 fac

513 5205 715 5262 bonum
745 5205 913 5279 (Psal.
949 5223 1138 5280 xxxvr,
1168 5209 1280 5282 24).
1314 5208 1482 5267 Prius
1523 5215 1612 5268 est
1659 5211 1816 5268 enim
1865 5212 2156 5269 declinare

512 5309 557 5348 a-
574 5292 748 5362 malo,
775 5298 832 5350 et
858 5299 998 5352 tunc
1028 5301 1094 5352 ut
1121 5297 1388 5370 proﬁciat
1415 5315 1584 5372 agere
1615 5300 1834 5356 bonum
1859 5318 1872 5356 :
1898 5302 2064 5373 prius
2084 5301 2156 5357 de

513 5381 821 5464 praeteritis
849 5385 1022 5459 digne
1047 5386 1326 5459 poenitere
1363 5389 1636 5460 peccatis,
1670 5394 1729 5446 et
1759 5396 1898 5446 tunc
1929 5394 1993 5446 ut
2022 5407 2154 5464 pro—

513 5463 634 5524 sint
687 5471 858 5528 bonis
912 5473 1187 5532 insudare
1245 5476 1540 5549 operibus.
1591 5479 1702 5534 Sed
1752 5463 2156 5551 paenitentiam

515 5574 685 5632 agere
712 5561 886 5634 digne
929 5581 1044 5620 non
1100 5581 1436 5637 possumus,
1471 5567 1583 5624 nisi
1632 5569 1875 5624 modum
1926 5586 2158 5641 quoque

513 5647 780 5737 ejusdem
836 5652 1182 5722 paenitentiae
1253 5673 1694 5729 cognoscamus.
1755 5657 2158 5715 Paenitentiam

516 5737 732 5813 quippe
761 5755 930 5812 agere
967 5747 1075 5808 est,
1107 5748 1163 5800 et
1197 5749 1526 5818 perpetrata
1574 5745 1727 5802 mala
1777 5745 2071 5819 plangere,
2105 5753 2164 5806 et

2261 4859 2616 4922 nostrorum,
2660 4859 2725 4912 ut
2773 4855 3018 4929 spiritus
3065 4855 3166 4912 Dei
3217 4853 3479 4911 habitare
3528 4851 3787 4923 dignetur
3825 4839 3875 4929 in

2260 4944 2450 5012 nobis,
2481 4949 2540 5000 et
2561 4945 2731 5016 juxta
2775 4928 2930 5017 quod
2971 4943 3285 5016 Apostolus
3323 4944 3594 4999 admouet
3627 4955 3639 4993 :
3671 4928 3886 5005 Abjct'tis'

2261 5035 2513 5105 operibus
2539 5035 2904 5102 tenebrarmn,
2937 5033 3230 5089 iuduamus
3267 5048 3363 5088 nos
3407 5045 3562 5088 arma
3606 5027 3737 5082 lucis
3762 5039 3780 5073 :
3805 5018 3874 5071 si—

2261 5131 2350 5178 cut
2381 5125 2441 5176 in
2465 5121 2554 5176 die
2583 5123 2796 5178 honeste
2823 5123 3180 5190 ambulemus,
3202 5139 3315 5179 non
3344 5125 3406 5177 in
3433 5107 3877 5178 εοηιθδδαεέθπὶδω

2261 5218 2313 5266 et
2341 5210 2709 5281 ebrietatibus,
2740 5227 2852 5268 non
2881 5213 2942 5266 in
2969 5213 3244 5268 cubilibus
3284 5219 3339 5268 et
3384 5202 3749 5283 impudicitiis,
3777 5205 3875 5249 που

2263 5301 2324 5356 in
2356 5301 2696 5356 contentione
2725 5309 2776 5356 et
2803 5301 3156 5358 aemulatione
3185 5319 3202 5355 :
3231 5300 3324 5357 sed
3351 5299 3636 5356 induamus
3662 5304 3750 5346 nos
3776 5287 3871 5340 00-

2262 5391 2480 5444 minum
2521 5389 2704 5445 Iesum
2749 5391 3031 5447 Christum
3057 5391 3230 5458 (Rom.
3253 5407 3377 5462 xm,
3403 5387 3598 5455 12-14),
3621 5377 3712 5454 qui
3754 5381 3871 5428 cum

2267 5479 2433 5534 Patre
2454 5483 2510 5534 et
2531 5478 2751 5550 Spiritu
2773 5483 2975 5534 sancto
3004 5477 3144 5534 vivit
3163 5485 3220 5534 et
3241 5483 3445 5552 regnat
3473 5477 3620 5535 Deus
3647 5481 3742 5542 per
3761 5471 3869 5516 om-

2267 5568 2366 5624 nia
2393 5567 2604 5624 saecula
2634 5566 3001 5638 saeculorum,
3029 5571 3234 5624 Amen.
