4204 6462
352 417 470 479 833

352 550 484 607 Hinc
515 553 581 607 ut
606 550 772 607 vobis
800 550 964 607 nulla
992 552 1162 619 desit,
1196 551 1362 607 Carle
1390 552 1585 619 chare,
1619 552 1807 625 gratia

353 640 646 696 Versuum
675 657 954 697 mensura
978 640 1203 713 pandit,
1222 644 1395 713 atque
1415 658 1660 696 terarum
1683 639 2002 712 quantitas.

356 729 532 802 ngis
561 746 787 785 necnon
818 746 1024 786 mensa
1051 730 1209 785 dives
1243 733 1626 803 cognomento
1658 729 1964 798 ferculum,

357 818 651 891 Prompsit
678 819 843 875 vobis
864 835 1009 874 sana
1028 819 1299 891 princeps
1315 836 1418 890 per
1436 820 1738 874 doctorum
1763 817 2000 873 fercula.

355 908 492 973 Quae
523 906 700 979 plano
731 924 999 963 sermone
1029 907 1186 963 dicta
1217 907 1424 963 strinxi
1454 906 1582 979 lege
1612 907 1965 974 carminum,

354 996 427 1051 Et
456 1012 630 1069 prosa
660 996 882 1052 diserta
899 996 1070 1068 junxi
1099 997 1345 1052 diversis
1377 1000 1442 1051 ut
1472 996 1686 1053 calleas

355 1084 549 1157 Supra
576 1085 845 1156 quaedam
876 1101 1083 1157 nempe
1113 1086 1185 1141 de
1215 1084 1308 1140 his
1337 1084 1638 1157 explanavi
1669 1084 1911 1157 largius,

356 1173 429 1229 Ut
438 1177 848 1230 transcurrens
859 1174 1075 1246 quippe
1097 1175 1363 1255 quaedam
1376 1174 1704 1245 computavi
1718 1174 2001 1240 strictius,

915 419 1303 511 HlNCMAIll
1344 418 1750 481 OPUSCULA
1796 419 2053 480 VARIA.
2091 453 2167 461 --
2194 420 2294 480 DE
2340 420 2564 480 REGIS
2608 420 2998 493 PEllSONA,
3029 419 3201 481 ETC.

3631 418 3751 479 83L

2022 554 2077 619 Α
2107 552 2176 607 Et
2203 552 2252 608 si
2284 552 2528 625 dignum
2559 552 2765 615 stricta
2792 552 2960 607 ducis
2989 549 3262 622 explicari
3285 548 3536 623 plenius.

2113 641 2334 695 Adsum
2364 640 2513 695 votis
2546 641 2691 695 forte
2722 640 2891 701 nobis
2920 639 2971 707 si
2992 640 3285 695 donantur
3313 634 3434 694 otia

2112 729 2361 783 Prendat
2391 746 2489 784 rex
2517 747 2644 801 quae
2674 728 2885 800 praesul
2917 730 3103 795 offert,
3137 731 3194 783 et
3223 728 3583 783 demonstret
3626 744 3752 795 ωρμ-

3519 816 3684 872 ribus

3519 816 3647 872 ribu

2112 907 2299 962 Sensu
2330 908 2502 962 verbo
2532 907 2653 962 haec
2685 906 2743 962 in
2778 910 2909 962 actu
2943 906 3174 962 cunctis
3197 922 3375 978 regno
3395 816 3647 961 sublditis

2113 996 2311 1068 Longa
2339 994 2473 1050 felix
2501 996 2654 1051 vivat
2680 995 2794 1051 isto
2823 995 3029 1052 Carlus
3057 995 3175 1051 vita
3202 994 3433 1062 smeulo,

2106 1084 2280 1139 Vivat
2308 1083 2504 1140 clarus
2523 1101 2754 1163 semper
2775 1084 2929 1140 almo
2950 1087 3288 1139 sanctorum
3318 1083 3379 1138 in
3407 1082 3717 1139 consortio.

1361 1456 2764 1697 ΗῙΝΟΜΑΜ
2834 1680 2855 1697 κ

1570 1693 2113 1752 ARCHIEPISCOPI
2148 1695 2557 1751 RHEMENSIS

1111 1864 2207 2024 OPUSCULA
2339 1866 3020 2025 VARIA

836 2357 981 2441 DE
1043 2355 1371 2441 REGIS
1428 2356 1945 2443 PERSONA
2006 2358 2149 2440 ΕΤ
2209 2356 2565 2442 HEGIO
2628 2353 3299 2443 MINISTElilO

1516 2507 1610 2560 AD
1647 2505 1990 2560 CAROLUM
2029 2504 2323 2560 CALVUM
2366 2505 2633 2560 REGEM.

1275 2631 1451 2695 (Apud
1480 2629 1842 2692 Sirmondum,
1876 2644 1939 2679 ex
1968 2630 2149 2679 codice
2180 2630 2232 2678 S.
2268 2630 2491 2694 Remigii
2522 2604 2876 2692 Rbemen’sis.)

1007 2851 1401 2908 PR/EFATIO.

447 2994 694 3053 Domino
713 2995 965 3067 glorioso
991 2995 1239 3051 ﬁdeliter
1258 2996 1500 3052 devotus
1517 2999 1575 3052 et
1589 2996 1787 3052 devote
1809 2994 2017 3050 fidelis.

446 3084 844 3149 Obaudientes
873 3088 1228 3158 praeceptum
1257 3084 1489 3140 Domini
1537 3101 1641 3156 per
1678 3084 2021 3157 prophetam

365 3172 655 3246 jubentis,
688 3174 971 3243 Interroga
996 3173 1289 3229 sacerdotes
1329 3174 1500 3243 legem
1549 3191 1725 3231 meam
1774 3173 1927 3246 (Agg.
1960 3190 2019 3241 Il,

376 3265 489 3331 12),
522 3279 701 3335 super
728 3261 1083 3334 quibusdam
1112 3260 1387 3334 capitulis
1417 3279 1508 3319 me
1537 3261 1839 3318 consulere
1858 3262 2023 3318 vobis

377 3349 619 3425 placuit.
644 3349 724 3406 De
743 3351 958 3424 quibus
980 3351 1257 3424 quoniam
1288 3369 1390 3425 per
1414 3369 1475 3407 se
1491 3351 1717 3407 Veritas
1738 3350 1898 3419 dicit,
1920 3351 2026 3419 Qui

379 3458 414 3503 ιι
440 3440 722 3511 semetipso
750 3439 1011 3519 loquitur,
1042 3441 1278 3509 gloriam
1302 3442 1587 3512 propriam
1615 3442 1818 3511 quaerit
1847 3439 2023 3511 (Joan,

379 3546 480 3597 vu,
506 3529 615 3598 18),
640 3527 887 3600 dignum
918 3528 1057 3583 duxi
1088 3545 1203 3584 non
1239 3530 1394 3586 nudo
1426 3546 1554 3585 meo
1577 3545 1844 3585 sermone
1865 3527 2026 3584 vobis

382 3617 727 3690 rependere,
759 3617 861 3673 sed
920 3617 1064 3689 quid
1108 3618 1169 3674 in
1226 3617 1546 3691 Scripturis
1595 3616 1777 3674 sacris
1821 3622 1879 3673 et
1927 3634 2030 3689 per

381 3705 702 3763 catholicos
730 3704 994 3762 doctores
1022 3705 1159 3761 inde
1188 3705 1464 3778 loquatur
1488 3706 1740 3779 Spiritus
1766 3711 2026 3777 sanctus,

384 3795 674 3873 quosdam
732 3794 1051 3851 odoriferos
1106 3794 1401 3867 flosculos,
1434 3801 1500 3851 ut
1538 3812 1735 3852 revera
1773 3796 1846 3850 de
1889 3811 2028 3868 agro

384 3882 577 3959 pleno,
612 3883 1048 3955 Scripturarum
1077 3882 1297 3941 scilicet
1332 3901 1559 3957 campo,
1594 3884 1687 3939 cui
1735 3883 2032 3940 benedixit

382 3971 691 4045 Dominus,
706 3971 956 4028 breviter
974 3972 1035 4027 in
1062 3989 1243 4028 unum
1264 3972 1426 4029 vobis
1447 3972 1735 4046 colligere.
1750 3974 1820 4029 Et
1840 3972 2031 4028 sciens

386 4061 737 4135 pollicitum,
771 4061 920 4129 Quod
965 4064 1453 4132 supererogaveris,
1503 4078 1600 4131 ego
1646 4079 1771 4118 eum
1818 4061 2032 4118 rediero

385 4151 611 4211 reddam
639 4150 741 4206 tibi
768 4151 920 4220 (Luc.
952 4168 1007 4219 x,
1035 4152 1145 4220 15),
1165 4151 1237 4206 de
1257 4150 1348 4207 his
1376 4168 1502 4223 qua:
1527 4151 1685 4223 regio
1707 4148 2032 4207 ministerio

384 4239 552 4303 vobis
583 4257 618 4297 a
644 4240 761 4296 Deo
792 4239 1108 4296 commisso
1139 4244 1466 4313 competere
1495 4239 1634 4309 vidi,
1670 4240 1838 4313 quasi
1878 4232 2031 4296 scin-

385 4329 548 4387 tillas
578 4328 862 4385 micantes
890 4328 1102 4384 lumini
1131 4329 1384 4385 scientiae
1413 4332 1614 4386 vestrae
1647 4327 2031 4402 superadjeci.

387 4419 538 4486 Quia
561 4434 717 4489 vero,
751 4420 817 4473 ut
848 4417 1117 4483 Comicus
1147 4416 1288 4473 dicit
1316 4420 1458 4487 (Ter.
1495 4419 1554 4473 in
1580 4418 1775 4487 Andr.)
1805 4435 1818 4472 :

608 4525 936 4590 Obsequium
964 4525 1180 4588 amicos,
1204 4525 1395 4578 veritas
1424 4525 1605 4575 odium
1628 4525 1786 4588 parit,

388 4639 450 4692 et
478 4649 596 4690 non
627 4630 1246 4701 assentatio,videlicet
1275 4631 1552 4701 adulatio,
1573 4632 1823 4705 principi
1855 4649 1920 4688 ac
1942 4633 2038 4689 do-

389 4724 554 4779 mino
564 4726 731 4778 terrai
751 4720 977 4794 placere
998 4721 1439 4790 debet,minime
1458 4726 1654 4777 autem
1677 4723 2035 4777 sacerdotem

389 4811 602 4869 sectari
632 4827 762 4867 eam
792 4815 1038 4883 oportet,
1063 4811 1113 4867 si
1143 4811 1425 4883 quiddam
1456 4810 1789 4867 mordacius
1813 4811 2035 4866 dictum

389 4900 452 4956 in
484 4898 792 4956 sententiis
815 4917 851 4955 a
871 4915 967 4954 me
987 4898 1245 4956 collectis
1263 4901 1334 4957 de
1350 4900 1504 4973 regis
1527 4917 1776 4973 persona
1808 4904 1864 4956 et
1880 4900 2036 4974 regio

392 4988 721 5045 ministerio
749 4987 1109 5054 inveneritis,
1142 5006 1259 5045 non
1298 4995 1501 5045 contra
1526 5007 1650 5059 vos,
1683 5006 1900 5062 quieso,
1934 4991 2036 5047 sed

391 5094 498 5151 pro
526 5076 694 5134 vobis
723 5092 821 5132 eas
850 5093 945 5134 me
990 5076 1294 5151 collegisse
1342 5079 1582 5151 putetis,
1614 5080 1892 5152 quoniam
1937 5083 2039 5138 aut

390 5166 573 5223 talem
598 5165 665 5222 in
681 5165 1043 5239 benignitate
1067 5183 1133 5222 ac
1153 5166 1429 5238 bonitate,
1464 5168 1618 5225 sicut
1647 5169 1787 5242 ipsae
1815 5167 2037 5225 descri-

391 5255 542 5311 bunt
555 5256 880 5333 sententias,
903 5272 1005 5312 vos
1026 5273 1153 5313 esse
1175 5261 1233 5313 et
1272 5257 1354 5314 sic
1388 5274 1557 5331 agere
1578 5259 1721 5328 scio,
1743 5262 1845 5315 aut
1862 5258 2039 5316 talem

392 5360 527 5401 esse
543 5347 601 5400 et
616 5344 704 5400 sic
724 5334 892 5417 agere
913 5344 1302 5417 cupio.Hujus
1324 5351 1519 5403 autem
1541 5346 1722 5404 libelli
1741 5347 2039 5403 sententiae

392 5432 649 5489 triformi
670 5438 809 5489 sunt
826 5433 1165 5490 collectione
1183 5434 1494 5492 distinctae.
1512 5436 1703 5492 Primo
1716 5436 1951 5507 quidem
1970 5437 2042 5492 de

394 5539 647 5595 persona
665 5521 817 5595 regis
832 5526 893 5579 et.
910 5522 1068 5596 regio
1101 5524 1427 5581 ministerio
1464 5524 1524 5579 in
1566 5524 1822 5597 generali
1856 5524 2044 5597 reipu-

2050 2854 2099 2919 B
2130 2868 2257 2923 quae
2278 2850 2326 2905 si
2347 2850 2654 2906 exitialiter
2663 2856 2904 2924 agentes
2919 2851 3087 2908 aliter
3097 2869 3213 2908 non
3225 2854 3525 2926 potuerint
3536 2834 3770 2928 corrigi,

2128 2939 2437 3012 temporali
2468 2944 2652 2996 morte
2682 2940 3100 3013 praecipiuntur
3119 2942 3608 3017 multari,quod'a
3637 2946 3772 3019 quia

2130 3030 2381 3085 busdam
2411 3029 2625 3085 dicitur
2654 3030 2991 3086 contradici.
3025 3032 3174 3087 Tum
3224 3034 3363 3105 quia
3411 3050 3509 3095 rex
3537 3039 3775 3108 propter

2132 3117 2523 3172 ministerium
2549 3118 2796 3191 regium,
2831 3119 3006 3175 etiam
3038 3137 3144 3176 nec
3169 3122 3620 3196 quibuscunque
3648 3118 3774 3196 pm-

2132 3206 2477 3279 pinquitatis
2508 3207 3266 3279 necessitudinibus,contra
3285 3210 3471 3266 Deum
3487 3217 3776 3273 sanctam-

2133 3312 2247 3366 que
2268 3295 2585 3351 Eeclesiam
2602 3301 2777 3368 atque
2798 3301 2999 3353 contra
3021 3298 3443 3370 rempublicam
3466 3301 3776 3373 agentibus

2135 3384 2536 3452 criminaliter,
2567 3385 2775 3441 affectu
2804 3385 3023 3441 carnali
3054 3403 3291 3459 parcere
3322 3388 3551 3445 debeat.

2135 3572 2271 3628 CAP.
2304 3573 2347 3627 Ι.
2383 3604 2451 3613 ——
2482 3574 2631 3640 Quod
2679 3575 2841 3630 bonos
2887 3589 3036 3643 reges
3080 3577 3221 3631 Deus
3266 3578 3421 3648 facit,
3452 3578 3625 3634 malos
3658 3596 3778 3650 pere-

2870 3664 3059 3719 mittit.

2210 3831 2515 3899 Quoniam,
2555 3835 2619 3886 ut
2661 3830 2945 3902 scriptum
3002 3835 3109 3899 est,
3141 3834 3365 3889 Domini
3416 3842 3496 3890 est
3546 3852 3781 3905 regnum

2138 3921 2309 3993 (Paul.
2340 3937 2455 3990 xxr,
2492 3920 2599 3988 19),
2631 3928 2683 3975 et
2725 3920 2817 3974 cui
2857 3921 3092 3976 voluerit
3138 3921 3292 3979 dabit
3337 3923 3478 3981 illud
3503 3925 3665 3993 (Dan.
3701 3941 3777 3993 ινι,

2140 4009 2228 4080 14)
2265 4025 2276 4064 ;
2310 4011 2368 4063 et
2396 4008 2550 4063 sicut
2578 4008 2785 4063 beatus
2812 4008 3177 4079 Augustinus
3208 4009 3267 4065 in
3315 4009 3464 4066 libro
3507 4011 3579 4067 de
3622 4012 3781 4070 Bone

2140 4095 2578 4170 perseverantize
2597 4096 2740 4151 dicit
2760 4100 2901 4168 (cap.
2924 4097 2978 4170 6)
3003 4113 3017 4153 :
3047 4120 3075 4148 α
3098 4096 3257 4153 Nihil
3278 4099 3345 4155 ﬁt
3366 4099 3480 4156 nisi
3500 4100 3657 4174 quod
3679 4106 3783 4159 aut

2062 4219 2107 4286 Ο
2143 4187 2297 4242 Deus
2329 4185 2485 4253 facit,
2500 4189 2602 4240 aut
2622 4183 2745 4240 ﬁeri
2756 4186 2919 4257 juste
2943 4186 3285 4258 permittit,»
3305 4184 3594 4246 cum-boni
3618 4206 3783 4265 reges

2143 4274 2569 4348 regnant,sicut
2583 4273 2684 4329 Dei
2706 4273 2893 4346 gratia
2914 4274 3051 4331 boni
3071 4280 3231 4347 sunt,
3254 4277 3337 4333 ita
3354 4281 3413 4333 et
3430 4278 3547 4335 Deo
3579 4284 3786 4353 agente

2142 4369 2408 4436 regnant,
2432 4363 2585 4420 sicut
2606 4363 2728 4435 ipse
2747 4362 2889 4419 dicit
2911 4380 2924 4419 :
2943 4364 3050 4420 Per
3066 4382 3151 4421 me
3169 4381 3321 4436 reges
3346 4377 3578 4440 regnant
3597 4373 3782 4440 (Prov.

2140 4470 2263 4522 vm,
2291 4455 2406 4525 15);
2439 4457 2496 4509 et
2522 4470 2656 4508 cum
2680 4452 2819 4508 mali
2841 4470 3007 4527 reges
3032 4459 3296 4528 regnant,
3310 4455 3465 4515 sicut
3485 4457 3625 4516 mali
3648 4464 3785 4517 sunt

2142 4560 2251 4598 suo
2267 4542 2425 4610 vitio,
2447 4543 2527 4598 ita
2555 4546 2611 4598 et
2632 4558 2875 4614 regnare
2893 4543 3520 4615 permittunturdivino
3536 4547 3783 4620 judicio,

2141 4631 2435 4686 interdum
2459 4630 2705 4699 occulto,
2724 4632 2824 4686 sed
2848 4649 3153 4705 nunquam
3169 4634 3411 4707 injuste,
3430 4636 3582 4693 sicut
3600 4638 3784 4713 scrip-

2143 4726 2270 4776 tum
2302 4725 2424 4776 est:
2452 4720 2558 4788 Qui
2585 4723 2721 4792 facit
2744 4738 2976 4791 regnare
3005 4723 3347 4795 hypocritam
3370 4733 3592 4797 propter
3602 4742 3788 4798 pecea-

2144 4820 2200 4867 ta
2224 4811 2419 4883 populi
2449 4810 2562 4883 (Job
2581 4827 2770 4879 xxxxv,
2802 4812 2912 4884 30).
2945 4813 3099 4868 Facit
3126 4813 3349 4869 dictum
3381 4818 3490 4882 est,
3506 4830 3574 4869 ex
3612 4814 3787 4885 justi.-

2143 4899 2235 4956 tize
2265 4898 2644 4955 retributione
2671 4902 2953 4972 permittit,
2983 4917 3049 4956 eo
3074 4900 3385 4957 locutionis
3420 4917 3632 4975 genere
3671 4919 3786 4975 quo

2145 4989 2380 5061 dicitur,
2437 4989 2724 5045 lnduruvit
2772 4990 3033 5045 Dominus
3085 5006 3178 5046 eor
3231 4990 3540 5046 Pharaonis
3592 4992 3784 5062 (Exod.

2147 5096 2220 5148 ix,
2256 5079 2364 5151 12).
2392 5078 2676 5134 Induravit
2704 5078 2927 5134 dictum
2960 5082 3067 5145 est,
3099 5095 3204 5151 per
3229 5078 3481 5152 gratiam
3512 5097 3628 5136 non
3660 5098 3788 5139 mod-

2146 5166 2291 5236 livit,
2308 5168 2407 5223 sed
2440 5167 2767 5239 exjustitize
2795 5166 3176 5223 retributione
3205 5167 3467 5222 indurari
3497 5169 3786 5241 permisit.

2145 5262 2227 5313 De
2257 5256 2607 5329 quibus,qui
2640 5273 2756 5311 non
2808 5254 3052 5311 faciente
3099 5257 3200 5311 sed
3251 5256 3368 5312 Deo
3416 5258 3790 5330 permittente

2149 5351 2416 5420 regnant,
2435 5344 2719 5400 Dominus
2749 5361 2851 5416 per
2879 5343 3224 5416 prophetam
3246 5344 3530 5417 quaeritur
3546 5346 3786 5406 dicens:

2148 5437 2260 5509 Ipsi
2288 5441 2668 5507 regnaverunt,
2684 5441 2735 5489 et
2760 5450 2871 5489 non
2899 5449 2968 5488 ex
2994 5449 3080 5488 me
3101 5450 3120 5487 :
3135 5436 3414 5507 principes
3441 5438 3788 5507 aestimat,

2148 5534 2200 5581 et
2222 5542 2332 5581 non
2359 5524 2584 5592 cognovi
2613 5521 2751 5593 (Ose.
2786 5539 2907 5590 VIII,
2941 5523 3016 5592 4).
3050 5544 3079 5573 ‹‹
3111 5523 3193 5579 Ex
3222 5540 3304 5594 se,
3337 5524 3531 5597 inquit
3576 5527 3791 5603 Grego-

397 5592 567 5669 blicte
592 5592 791 5669 causa.
823 5592 1042 5670 Deinde
1072 5629 1200 5685 quae
1231 5613 1437 5671 debeat
1487 5592 1616 5671 esse
1659 5592 1962 5670 discretio-
1983 5613 2044 5670 in
2075 5592 2124 5657 D
2152 5614 2275 5669 rius
2304 5612 2596 5684 (Pastoral.
2626 5592 2749 5683 cap.
2784 5612 2859 5685 1),
2890 5616 2948 5668 et
2993 5629 3108 5668 non
3154 5630 3224 5669 ex
3281 5592 3521 5673 arbitrio
3571 5592 3792 5676 sumvmi

398 5700 822 5773 misericordia,
835 5704 895 5760 et
922 5701 993 5760 de
1018 5700 1240 5775 ultione
1266 5702 1611 5780 specialium
1639 5719 2044 5779 personarum,

2156 5702 2396 5763 rectoris
2429 5704 2693 5777 regnant,
2729 5700 2830 5778 qui
2860 5701 3041 5763 nullis
3059 5701 3194 5763 fulti
3225 5703 3792 5786 virtutibusmequao
