4204 6456
487 397 604 458 835

1261 394 1650 455 HINGMABI
1697 391 1938 454 BHEM.
1984 391 2346 452 AllCl-IIEP.
2394 389 2800 454 OPUSCULA
2840 389 3100 452 VABIA.

3763 391 3893 454 836

485 543 662 599 quam
678 525 956 582 divinitus
970 525 1285 596 vocati,sed
1309 542 1415 582 sua
1425 525 1698 598 cupidine
1719 521 2124 590 acccensi,cul-
2151 525 2208 591 Α
2237 539 2352 578 non
2375 521 2564 579 solum
2579 520 3339 596 praesentisimperiifaeiem
3360 523 3680 591 fuscat,sed
3699 523 3888 581 etiam

485 631 618 672 men
653 607 952 690 reginiinis
979 614 1216 687 rapiunt
1246 613 1439 686 potius
1471 631 1647 686 quam
1680 616 2078 684 assequuntur
2107 627 2121 668 :

483 719 632 776 quos
651 707 848 760 tamen
886 704 1152 758 internus
1183 703 1366 774 judex
1395 707 1450 758 et
1480 701 1762 774 provehit,
1791 705 1849 757 et
1879 718 1993 756 non
2023 717 2124 756 co-

481 791 727 865 gnoscit,
747 791 887 864 quia
915 807 1062 864 quos
1084 789 1468 862 permittendo
1489 789 1716 858 tolerat,
1737 790 1991 862 profecto
2023 805 2126 861 per

472 881 765 952 judicium
791 879 1216 954 reprobationis
1245 879 1530 952 ignorat.»
1548 879 1628 934 De
1643 879 1862 951 quibus
1883 877 2123 934 Domino

481 987 584 1042 per
597 969 969 1026 Psalmislam
979 968 1015 1024 d
1024 967 1195 1024 icitur
1208 985 1222 1024 :
1240 969 1491 1040 Dejecisti
1507 985 1594 1024 eos
1605 967 1736 1024 dum
1755 969 2125 1024 alievarentur

481 1057 653 1128 (Pial.
687 1075 856 1124 Lxxu,
890 1057 996 1130 18).
1032 1057 1183 1112 Dum
1213 1055 1494 1112 allevatur
1521 1057 1679 1112 enim
1710 1056 2000 1128 dejicitur,
2019 1056 2120 1129 qui

481 1145 799 1202 honoribus
809 1145 1058 1218 proﬁcit,
1071 1150 1128 1200 et
1140 1145 1402 1202 moribus
1422 1145 1846 1202 deficit.Justus
1868 1161 2123 1218 namque

479 1237 538 1289 et
568 1233 901 1290 misericors
931 1233 1237 1304 Dominus,
1268 1233 1607 1289 mortalium
1632 1237 1762 1288 acta
1781 1234 2118 1306 disponens,

479 1322 595 1379 alia
621 1323 886 1396 concepit
916 1315 1223 1398 propitius,
1256 1323 1371 1379 alia
1399 1323 1687 1396 permittit
1719 1321 1926 1390 iratus,
1947 1327 2122 1394 atque

479 1428 548 1468 ea
575 1429 701 1485 quae
730 1412 1018 1484 permittit
1047 1412 1130 1468 sic
1163 1411 1390 1482 tolerat,
1424 1415 1488 1468 ut
1520 1411 1640 1467 haec
1671 1409 1729 1466 in
1761 1409 1854 1466 sui
1891 1409 2121 1466 consilii

479 1517 654 1556 usum
674 1504 877 1558 vertat.

477 1605 612 1662 CAP.
656 1606 728 1662 II.
782 1637 848 1648 -—
896 1605 1057 1688 Quod
1093 1607 1298 1732 [populi
1347 1607 1585 1678 felicitas
1640 1608 1714 1661 sit
1771 1621 1871 1662 rex
1927 1607 2116 1674 bonus,

972 1679 1089 1732 infe
1115 1685 1274 1732 mtas
1296 1695 1394 1732 rex
1420 1679 1621 1732 malus.

972 1679 1274 1750 infelicitas
1296 1695 1394 1734 rex
1420 1679 1621 1734 malus.

544 1766 624 1822 De
657 1766 891 1822 nomine
923 1766 1094 1839 regis,
1126 1771 1184 1822 et
1213 1784 1340 1840 quae
1371 1767 1447 1822 sit
1475 1766 1722 1822 felicitas
1754 1765 1985 1839 populis
2005 1764 2118 1820 sibi

2235 611 2386 666 ﬁlios
2407 627 2546 666 suos
2576 615 2633 666 et
2661 613 2922 683 nepotes,
2939 627 3011 666 ne
3031 613 3168 683 post
3193 627 3258 668 se
3285 611 3446 684 regni
3478 611 3887 669 hereditatem

2235 703 2489 768 teneant,
2522 700 2816 755 obscurat.
2841 699 3080 771 Propter
3107 698 3406 771 piaculum
3437 700 3598 757 enim
3620 700 3890 758 Salomo-

2233 789 2326 844 nis
2348 805 2590 861 regnum
2603 789 2817 844 domus
2837 787 3010 844 Israel
3031 787 3315 843 Dominus
3333 789 3403 844 de
3422 805 3604 845 manu
3621 788 3890 846 ﬁliorum

2232 879 2362 948 ejus
2391 877 2688 950 dispersit,
2703 881 2760 932 et
2789 881 3026 950 prepter
3047 876 3341 948 justitiam
3375 877 3548 934 David
3600 879 3756 951 regis
3786 877 3890 938 ln-

2232 982 2464 1021 cernam
2486 967 2556 1022 de
2577 965 2801 1022 semine
2821 966 2949 1038 ejus
2965 981 3198 1038 semper
3217 966 3276 1020 in
3289 959 3616 1022 Jer‘usalem
3638 965 3891 1040 reliquit

2231 1054 2329 1127 (III
2355 1056 2482 1124 Reg.
2496 1071 2597 1122 xu,
2611 1057 2748 1123 xw).
2765 1055 2908 1110 Ecce
2930 1058 3218 1126 quantum
3231 1055 3470 1126 justitia
3489 1055 3644 1129 regis
3664 1055 3890 1112 saeculo

2228 1143 2400 1210 valet,
2433 1142 2799 1200 intuentibus
2829 1143 3135 1226 perspicue
3165 1147 3342 1216 patet.
3358 1144 3474 1200 Pax
3500 1144 3659 1200 enim
3690 1158 3886 1218 popu—

2229 1230 2419 1288 lorum
2440 1236 2549 1303 est,
2565 1236 2832 1286 tutamen
2861 1231 3080 1304 patriae,
3095 1231 3440 1288 immunitas
3460 1232 3668 1306 plebis,
3689 1234 3888 1290 muni-

2230 1324 2496 1376 mentum
2526 1319 2747 1393 gentis;
2778 1337 2919 1376 cura
2956 1320 3326 1392 languorum,
3361 1321 3642 1394 gaudium
3682 1321 3881 1378 homi-

2228 1408 2708 1480 num,temperies
2728 1407 2901 1474 aeris;
2923 1408 3208 1464 serenitas
3227 1410 3598 1477 maris,terrae
3619 1409 3882 1466 fecundi-

2226 1485 2627 1566 tas,solatium'
2643 1513 2989 1569 pauperum,
3013 1496 3320 1553 hmreditas
3343 1497 3620 1564 filiorum,
3642 1503 3702 1554 et
3729 1494 3878 1554 sibi-

2227 1586 2460 1660 metipsi
2492 1602 2626 1660 spes
2656 1587 2865 1642 futurae
2886 1585 3284 1642 beatitudinis.
3305 1588 3574 1643 Attamen
3605 1586 3753 1644 sciat
3773 1604 3876 1644 rex

2227 1676 2402 1749 quod,
2426 1675 2581 1732 sicut
2616 1675 2675 1731 in
2697 1674 2907 1731 throno
2927 1673 3235 1730 hominum
3258 1675 3488 1748 primus
3516 1675 3876 1733 constitutus

2225 1763 2425 1833 est,sic
2436 1765 2564 1820 etin
2593 1763 2856 1836 pmnis,si
2864 1762 3162 1836 justitiam
3185 1779 3301 1819 non
3325 1763 3874 1837 fecerit,primatum

475 1854 779 1927 subjectis,
794 1854 841 1910 si
873 1853 1061 1928 gratia
1089 1855 1190 1911 Dei
1221 1855 1411 1912 bonus
1443 1872 1540 1912 rex
1569 1871 1746 1928 super
1783 1871 1882 1911 eos
1912 1869 2116 1926 regna-
2144 1895 2192 1966 Β
2226 1851 2536 1908 habiturus
2565 1856 2673 1908 est.
2688 1851 2904 1908 Omnes
2926 1867 3590 1924 namque,quoscunque
3611 1857 3875 1924 peccato«

475 1942 610 1966 ..Α-ει
653 1948 700 1966 ,ι
732 1960 852 1966 μη..
888 1943 954 1966 -21
986 1943 1292 1966 :__l'-‘l_’-!1_-
1318 1943 1546 1966 ..Α..--1ε-
1589 1943 1694 1966 ,ξιξ
1733 1941 2008 1966 _--L2--A2-
2064 1940 2110 1966 ..2
2223 1957 2313 1966 ..-ι-
2347 1941 2452 1966 --.ι.
2489 1957 2549 1966 ..Α
2582 1941 2637 1966 ε..
2673 1940 2942 1966 ..-μηρ-ιὲ
2977 1939 3182 1966 L-L..:l
3231 1956 3405 1966 -..η-.-
3442 1957 3502 1966 ..Α
3534 1941 3705 1966 ...ι-..Α
3757 1941 3841 1966 ξ...

470 1942 634 2014 verit,
647 1948 704 2000 et
727 1960 856 2016 quae
886 1943 962 2000 sit
986 1943 1295 2001 infelicitas
1318 1943 1548 2017 populis
1587 1943 1698 2000 sibi
1730 1941 2032 2014 subjectis,
2063 1940 2114 1997 si
2144 1939 2192 1966 ”
2223 1957 2314 1996 res
2345 1941 2456 1996 sub
2488 1957 2550 1996 se
2582 1941 2642 1996 in
2673 1940 2944 2014 presenti
2977 1939 3206 2006 habuit,
3230 1956 3412 2012 supra
3441 1957 3504 1996 se
3534 1941 3708 1997 modo
3757 1941 3874 1998 im-

471 2031 662 2089 malus
693 2050 800 2088 suo
825 2033 962 2089 vitio
997 2051 1096 2089 rex
1125 2050 1300 2105 super
1346 2050 1444 2089 eos
1493 2031 1838 2106 regnaverit,
1871 2034 2113 2087 sanctus

471 2121 792 2194 Cyprianus
821 2123 880 2176 in
913 2123 1061 2178 libro
1081 2123 1153 2178 de
1173 2121 1454 2194 gradibus
1471 2119 1833 2177 Abusionum
1858 2119 2114 2174 ostendit

468 2211 611 2284 (cap.
645 2211 698 2284 9)
733 2228 747 2266 :
781 2235 808 2262 ‹‹
843 2211 1085 2279 Nomen,
1116 2210 1410 2282 inquiens,
1441 2209 1596 2282 regis
1643 2206 2114 2264 intellectualiter

469 2299 579 2356 hoc
610 2299 840 2372 retinet,
873 2304 938 2355 ut
963 2299 1244 2372 subjectis
1274 2299 1550 2355 omnibus
1580 2297 1818 2354 rectoris
1849 2296 2108 2353 officium

423 2400 440 2418 '
468 2393 760 2462 procuret.
785 2389 896 2445 Sed
928 2388 1179 2460 qualiter
1214 2387 1358 2444 alios
1407 2387 1692 2460 corrigere
1741 2385 1972 2459 poterit.
2005 2384 2106 2456 qui

469 2478 735 2550 proprios
756 2494 967 2546 mores,
995 2493 1068 2533 ne
1115 2475 1302 2548 iniqui
1331 2475 1468 2545 sint,
1501 2492 1617 2531 non
1648 2473 1932 2546 corrigit?
1963 2490 2108 2546 quo-

469 2565 628 2621 niam
659 2565 718 2621 in
741 2565 977 2638 justitia
1006 2565 1160 2638 regis
1187 2563 1540 2620 exaltabitur
1558 2563 1791 2632 solium,
1807 2566 1864 2618 et
1887 2562 1946 2617 in
1969 2561 2109 2618 veri-

464 2655 584 2710 tate
628 2653 974 2712 solidahitur
1025 2652 1486 2727 gubernaculum
1541 2651 1889 2725 populorum
1921 2651 2103 2724 (Prov.

465 2741 603 2815 va).
631 2742 871 2798 Justitia
901 2759 1034 2798 vero
1065 2741 1217 2816 regis
1247 2746 1356 2810 est,
1400 2739 1694 2798 neminem
1743 2739 1958 2811 injuste
2005 2756 2108 2811 per

459 2831 786 2904 potentiam
817 2830 1166 2903 opprimere,
1199 2830 1326 2886 sine
1358 2845 1740 2902 personarum
1772 2827 2107 2900 acceptione

462 2917 617 2976 inter
640 2919 832 2976 virum
861 2923 919 2976 et
943 2918 1275 2993 proximum
1305 2935 1479 2974 suum
1501 2919 1663 2991 juste
1683 2916 1970 2990 judicare,
2003 2917 2105 2972 ad-

462 3009 624 3066 venis
652 3011 710 3065 et
749 3008 990 3082 pupillis
1040 3012 1097 3064 et
1124 3006 1314 3064 viduis
1362 3007 1725 3062 defensorem
1771 3022 1919 3074 esse,
1951 3004 2108 3061 furta

461 3097 1051 3166 cohibere,adulteria
1079 3096 1304 3170 punire,
1323 3095 1556 3168 iniquos
1576 3112 1692 3151 non
1714 3093 2104 3163 exaltare,im-

462 3186 708 3260 pudicos
727 3191 786 3241 et
805 3185 1120 3242 histriones
1131 3202 1247 3240 non
1261 3183 1720 3256 nutrire,impios
1733 3185 1805 3238 de
1816 3187 1972 3238 terra
1983 3198 2106 3255 per-

2219 2029 2491 2102 placabili
2523 2030 2582 2085 in
2613 2029 2715 2085 illa
2739 2046 2910 2102 poma
2940 2030 3139 2086 futura
3161 2029 3419 2085 habebit.
3449 2051 3472 2078 ι.

2219 2127 2354 2184 CAP.
2390 2128 2488 2184 Ill.
2520 2158 2590 2168 -—
2637 2128 2852 2198 Magnae
2897 2129 3158 2198 potentia
3203 2135 3530 2198 argumenta
3583 2136 3664 2184 est
3719 2137 3872 2185 recta

2899 2200 3259 2255 ministratio.

2287 2297 2451 2364 Quod
2479 2315 2548 2353 ex
2577 2299 2730 2354 bona
2757 2296 3262 2354 administratione
3296 2296 3600 2370 regiminis
3649 2314 3870 2372 magna

2215 2403 2344 2442 esse
2373 2385 2744 2459 cognoscitur
2771 2385 3030 2458 potentia
3048 2384 3387 2458 temporalis
3417 2402 3432 2441 :
3470 2407 3499 2437 α
3518 2385 3732 2460 Magna
3751 2392 3863 2456 est,

2215 2475 2410 2548 inquit
2428 2475 2634 2530 beatus
2653 2473 2966 2546 Gregorius
2988 2473 3048 2528 in
3066 2473 3214 2530 libro
3237 2473 3544 2531 Moralium
3575 2473 3703 2543 (lib.
3727 2492 3864 2532 xxv:

2213 2563 2431 2634 Μοῖσαι,
2463 2579 2580 2634 cap.
2631 2562 2720 2631 19)
2777 2561 3036 2633 potentia
3088 2562 3446 2634 temporalis,
3506 2579 3634 2636 qua
3685 2563 3864 2620 habet

2215 2653 2371 2726 apud
2393 2653 2576 2708 Deum
2601 2651 2875 2707 meritum
2898 2668 3073 2708 suum
3091 2653 3162 2708 de
3182 2653 3336 2708 bona
3354 2653 3862 2710 administratione

2215 2740 2534 2814 regiminis.
2566 2741 2723 2795 Bona
2751 2743 2841 2796 est
2869 2739 3073 2796 ordine
3101 2757 3208 2796 suo
3236 2741 3511 2813 potentia,
3544 2743 3647 2798 sed
3687 2748 3862 2798 cauta

2215 2829 2716 2903 regentisindiget
2751 2827 2886 2884 vita.
2904 2827 3087 2901 Igitur
3123 2829 3268 2884 bene
3297 2828 3449 2885 hanc
3488 2835 3734 2900 exercet,
3756 2831 3858 2904 qui

2213 2923 2272 2974 et
2301 2917 2548 2974 retinere
2577 2916 2742 2973 illam
2773 2917 3012 2986 noverit,
3039 2921 3098 2974 et
3123 2917 3490 2992 impugnare.
3512 2919 3666 2976 Bene
3705 2919 3861 2977 hanc

2213 3010 2459 3076 exercet,
2483 3005 2582 3078 qui
2613 3005 2725 3062 scit
2755 3022 2858 3078 per
2885 3004 3048 3060 illam
3071 3022 3248 3078 super
3276 3005 3480 3080 culpas
3499 3005 3728 3081 erigi,et
3749 3008 3861 3065 scit

2213 3111 2349 3150 cum
2379 3093 2482 3150 illa
2509 3094 2732 3151 caeteris
2760 3091 3088 3166 aequalitate
3117 3095 3408 3168 componi.
3439 3095 3710 3168 Humana
3736 3101 3858 3152 ete-

2214 3185 2338 3240 nim
2370 3199 2538 3239 mens
2580 3181 2926 3256 plerumque
2949 3181 3266 3251 extollitur,
3285 3183 3461 3240 etiam
3511 3201 3645 3242 cum
3695 3183 3859 3242 nulla

461 3259 619 3343 dere,
657 3274 982 3348 parricidas
1027 3279 1085 3328 et
1114 3275 1482 3346 perjurantes
1527 3273 1714 3328 vivere
1744 3289 1859 3327 non
1890 3271 2101 3340 sinere,
2134 3259 2176 3325 C
2212 3277 2496 3347 potestate
2523 3271 2765 3328 fulcitur
2799 3287 2812 3326 :
2845 3276 3133 3344 quantum
3166 3272 3436 3346 magisin
3457 3272 3643 3330 altum
3663 3290 3727 3331 se
3748 3274 3860 3330 eri-

460 3363 737 3420 ecclesias
792 3362 1118 3430 defendere,
1152 3378 1436 3435 pauperes
1489 3358 2098 3434 eleemosynisalere,

452 3453 650 3525 justos
671 3469 849 3525 super
875 3451 1040 3526 regni
1071 3452 1304 3525 negotia
1333 3451 1706 3519 constituere,
1731 3465 1900 3505 senes
1927 3453 1986 3506 et
2013 3465 2100 3506 sa-

459 3540 686 3614 pientes
715 3544 774 3598 et
803 3540 1030 3598 sobrios
1059 3538 1425 3597 consiliarios
1454 3539 1686 3608 habere,
1710 3554 2016 3610 magorum
2043 3541 2102 3595 et

457 3629 1437 3704 hariolorum,pythonissarumquo
1454 3625 1972 3701 superstitionibus
1983 3643 2098 3682 non

459 3719 777 3788 intendere,
807 3717 1173 3776 iracundiam
1197 3719 1450 3786 differre,
1475 3715 1724 3788 patriam
1771 3714 1996 3771 fortiter
2041 3719 2101 3771 et

449 3808 611 3881 juste
631 3814 833 3864 contra
853 3808 1214 3865 adversarios
1235 3806 1672 3878 defendere,per
1691 3803 1892 3860 omnia
1909 3803 1970 3859 in
1983 3804 2098 3860 Deo

455 3897 767 3965 confidere,
817 3895 1300 3969 prosperitatibus
1360 3893 1626 3948 animum
1681 3909 1796 3948 non
1855 3891 2095 3964 elevare,

453 3990 667 4044 cuncta
680 3987 922 4044 adversa
942 3985 1227 4058 patienter
1244 3981 1509 4051 tolerare,
1535 3981 1708 4037 tidem
1749 3981 2096 4038 catholicam

453 4075 515 4132 in
550 4077 731 4132 Deum
756 4074 990 4144 habere,
1007 4073 1158 4130 ﬁlios
1178 4089 1319 4128 suos
1343 4088 1458 4128 non
1475 4070 1669 4154 sinere
1693 4069 1871 4142 impie
1904 4085 2094 4142 agere,

452 4163 626 4220 certis
654 4161 814 4220 horis
841 4161 1204 4220 orationibus
1235 4160 1526 4227 insistere,
1559 4164 1694 4215 ante
1738 4159 1914 4215 horas
1959 4175 2096 4215 con-

451 4267 631 4326 gruas
659 4251 857 4308 cibum
889 4269 1006 4308 non
1036 4253 1292 4324 gustare.
1330 4251 1420 4307 Vae
1447 4250 1596 4306 enim
1625 4256 1788 4305 terra?
1811 4248 1970 4319 cujus
1997 4264 2098 4304 rex

446 4355 588 4411 puer
605 4345 760 4408 est,“
769 4338 926 4412 cujus
938 4339 1220 4412 principes
1238 4353 1402 4393 mane
1417 4335 1704 4392 comedunt
1713 4333 1976 4405 (Eccle.x,
1987 4335 2094 4407 16).

453 4426 582 4484 Hinc
595 4425 754 4502 regni
772 4426 1216 4500 prosperitatem
1231 4425 1290 4480 in
1302 4424 1573 4498 praesenti
1587 4423 1891 4493 faciunt,et
1901 4440 2095 4498 regem

451 4515 524 4572 ad
563 4515 822 4574 caelestia
859 4532 1039 4589 regna
1075 4513 1318 4571 meliora
1348 4515 1697 4587 perducunt.
1716 4513 1829 4580 Qui
1848 4530 1980 4570 vero
2002 4529 2096 4570 re-

449 4620 632 4678 gnum
657 4623 774 4662 non
796 4605 1120 4661 secundum
1145 4603 1295 4658 hanc
1315 4602 1499 4676 legem
1535 4602 1856 4676 dispensat,
1879 4603 2095 4660 multas

2124 4629 2172 4694 D
2205 4629 2544 4679 ειδῐιοδῦδιιιι.
2562 4629 2798 4662 ῠϐῐὛίιιᾶ
2825 4629 3020 4660 ιιυωιῐι
3050 4629 3395 4660 uucwruuw
3427 4629 3751 4678 ωειωιωδ,
3772 4629 3846 4661 au

2167 4737 2174 4740 .
2202 4711 2302 4750 cor
2331 4699 2596 4751 nostrum
2629 4695 2755 4750 sine
2784 4692 3106 4750 cessatione
3145 4693 3472 4763 redeamus,
3485 4699 3545 4750 et
3574 4693 3846 4750 conside-

453 4693 731 4750 nimirum
753 4693 1132 4750 adversitates
1153 4691 1382 4764 imperii
1405 4690 1922 4748 tolerabit.ldcirco
1935 4693 2092 4749 enim

449 4801 561 4856 pax
590 4801 740 4856 saepe
765 4781 1114 4856 populorum
1136 4780 1448 4853 rumpitur,
1469 4784 1525 4834 et
1547 4780 1898 4836 offendicula
1916 4781 2092 4836 etiam

449 4873 520 4928 de
538 4888 714 4945 regno
737 4870 1408 4941 suseitantur,terrarum
1431 4886 1666 4942 quoque
1687 4867 2096 4924 fructusdimi-

450 4967 734 5034 nuuntur,
747 4965 805 5016 et
824 4959 1059 5016 servitia
1087 4958 1433 5032 populorum
1461 4957 2093 5031 praepediuntur,multi

447 5054 506 5107 et
532 5051 674 5107 varii
705 5049 934 5106 dolores
964 5048 1410 5122 prosperitatem
1444 5047 1604 5120 regni
1646 5046 1935 5116 inficiunt,
1954 5047 2092 5104 cha-

449 5157 646 5196 rerum
674 5145 732 5196 et
761 5139 1079 5196 liberorum
1101 5141 1319 5194 mortes
1340 5137 1640 5193 tristitiam
1663 5135 2094 5206 conferunt,ho—

448 5231 627 5286 stium
661 5229 935 5286 incursus
964 5227 1291 5301 provincias
1321 5226 1580 5298 undique
1608 5228 1858 5295 vastant,
1892 5226 2090 5282 bestias
2132 5269 2152 5279 -

447 5324 846 5376 armentorum
875 5323 932 5375 et
959 5334 1235 5390 pecorum
1266 5332 1471 5390 greges
1498 5313 1836 5382 dilacerant,
1869 5319 2089 5386 tempe-

447 5409 626 5464 states
655 5407 804 5464 veris
829 5413 886 5464 et
915 5405 1125 5463 hiemis
1152 5406 1487 5472 turbantur,
1519 5407 1806 5459 terrarum
1857 5419 2090 5475 quoque

446 5495 861 5553 fecunditatem
893 5500 950 5553 et
969 5495 1149 5552 maris
1181 5493 1506 5551 ministeria
1534 5492 1864 5566 prohibent,
1898 5496 1957 5548 et
1983 5491 2087 5547 ali-

446 5585 682 5659 quando
713 5586 1027 5642 fulminum
1048 5585 1200 5642 ictus
1221 5589 1445 5658 segetes
1466 5586 1524 5640 et
1545 5583 1820 5640 arborum
1843 5582 2014 5638 ﬂores
2031 5585 2090 5638 et

445 5672 755 5752 pampinos
765 5679 1036 5735 exurunt.
1049 5675 1238 5751 Super
1253 5672 1450 5733 omnia
1463 5689 1596 5732 vero
1607 5672 1762 5748 regis
1777 5670 1856 5746 inj
1865 5671 2084 5746 ustitia,

2209 3361 2313 3435 git,
2345 3377 2480 3416 cum
2511 3377 2574 3416 se
2603 3361 2654 3416 ei
2685 3361 2861 3416 etiam
2891 3364 3152 3434 potestas
3201 3361 3509 3436 adjungit?
3537 3361 3608 3418 Et
3655 3366 3854 3420 tamen

2209 3447 2569 3522 corrigendis
2597 3447 2844 3504 aliorum
2875 3447 3030 3505 vitiis
3055 3452 3192 3522 apta
3218 3449 3588 3506 exsecutione
3631 3465 3854 3523 praepa-

2208 3542 2395 3594 ratur.
2429 3537 2591 3593 Unde
2625 3541 2684 3593 et
2733 3553 2835 3610 per
2863 3535 3111 3593 Paulum
3141 3537 3358 3593 dicitur
3388 3555 3402 3594 :
3435 3537 3680 3594 Minister
3703 3539 3857 3595 enim

2206 3628 2306 3683 Dei
2331 3635 2424 3695 est,
2441 3625 2643 3682 vindex
2668 3627 2731 3681 in
2759 3627 2907 3682 iram
2933 3629 2989 3682 ei
3015 3627 3115 3698 qui
3140 3625 3282 3684 male
3307 3627 3423 3699 agit
3441 3627 3614 3696 (Rom.
3636 3643 3759 3696 xm,
3775 3627 3851 3701 4).

2207 3721 2351 3771 Cum
2383 3731 2488 3789 ego
2537 3714 2807 3786 potentiae
2859 3713 3200 3787 temporalis
3245 3713 3640 3772 ministerium
3671 3717 3858 3772 susci-

2207 3804 2384 3876 pitur,
2419 3819 2653 3859 summa
2681 3819 2822 3858 cura
2848 3801 3208 3876 vigilandum
3237 3807 3346 3872 est,
3381 3807 3444 3860 ut
3494 3803 3642 3861 sciat
3683 3804 3854 3878 quis-

2205 3910 2321 3966 que
2350 3897 2408 3950 et
2435 3909 2669 3950 sumere
2698 3908 2768 3948 ex
2798 3892 2899 3948 illa
2927 3892 3082 3964 quod
3113 3892 3373 3964 adjuvat,
3405 3897 3463 3949 et
3515 3909 3852 3967 expugnare

2205 3984 2361 4056 quod
2392 3986 2579 4040 tentet
2605 3981 2808 4051 (ibid.).
2841 3983 3170 4038 Teneamus
3208 3996 3346 4054 ergo
3388 3981 3646 4040 exterius
3692 3983 3850 4056 quod

2205 4089 2310 4145 pro
2341 4070 2590 4128 aliorum
2612 4069 2861 4126 utilitate
2881 4070 3582 4142 suscepimus,teneamus
3603 4069 3849 4128 interius

2205 4162 2361 4234 quod
2395 4160 2467 4216 de
2495 4165 2697 4217 nostra
2724 4159 3111 4216 aestimatione
3152 4159 3460 4217 sentimus.
3491 4159 3603 4216 Sed
3649 4165 3848 4218 tamen

2205 4250 2478 4306 decenter
2497 4249 2852 4322 quibusdam
2875 4248 3319 4321 erumpentibus
3337 4248 3547 4322 signis,
3564 4247 3711 4306 tales
3742 4266 3850 4306 nos

2204 4339 2360 4410 apud
2393 4353 2498 4394 nos
2529 4354 2658 4394 esse
2685 4336 2798 4410 ipsi
2823 4336 2998 4392 etiam
3029 4337 3129 4410 qui
3160 4336 3330 4394 nobis
3375 4335 3679 4394 commissi
3708 4341 3850 4394 sunt

2205 4444 2322 4484 non
2352 4427 2658 4501 ignorent:
2683 4429 2748 4482 ut
2766 4428 2824 4481 et
2852 4426 2924 4481 de
2961 4424 3306 4482 auctoritate
3335 4429 3536 4482 nostra
3555 4427 3711 4499 quod
3738 4426 3851 4483 for-

2205 4516 2430 4572 mident
2454 4515 2710 4588 videant,
2741 4519 2799 4572 et
2843 4515 2915 4570 de
2964 4513 3294 4571 humilitate
3341 4515 3498 4588 quod
3543 4515 3851 4572 imitentur

2205 4609 2544 4679 agnoscant.
2561 4605 2798 4662 Servata
2825 4607 3020 4660 autem
3050 4603 3395 4660 auctoritate
3425 4602 3751 4678 regiminis,
3772 4605 3846 4661 ad

2203 4800 2400 4839 remus
2427 4783 2660 4840 assidue
2711 4783 2864 4856 quod
2899 4799 3108 4839 sumus
3131 4781 3436 4855 aequaliter
3453 4798 3589 4838 cum
3621 4783 3846 4840 caeteris

2201 4872 2571 4941 conditi,non
2603 4873 2757 4944 quod
2780 4870 3179 4944 temporalitcr
3205 4871 3428 4928 caeteris
3466 4870 3712 4944 praalati.
3745 4871 3844 4928 Po-

2201 4966 2382 5017 testas
2409 4961 2565 5016 enim
2587 4965 2806 5032 quanto
2827 4961 3079 5016 exterius
3100 4960 3338 5030 eminet,
3361 4963 3523 5017 tanto
3543 4961 3728 5033 premi
3762 4962 3847 5016 in-

2200 5050 2382 5106 terius
2411 5050 2600 5118 debet,
2616 5066 2688 5106 ne
2712 5049 3122 5123 cogitationem
3154 5051 3370 5118 vincat,
3393 5065 3466 5106 ne
3484 5049 3545 5106 in
3583 5049 3843 5106 delecta-

2200 5139 2356 5194 tione
2384 5137 2474 5193 sui
2506 5137 2768 5194 animum
2799 5139 3007 5212 rapiat,
3031 5157 3102 5196 ne
3121 5139 3249 5211 jam
3279 5139 3390 5196 sub
3420 5155 3483 5196 se
3513 5155 3684 5196 mens
3711 5155 3844 5196 eam

2200 5243 2397 5300 regere
2427 5244 2542 5283 non
2565 5228 2870 5300 possit,cui
2901 5245 2964 5284 se
2991 5227 3236 5285 libidine
3266 5228 3608 5286 dominandi
3631 5245 3844 5303 suppo-

2200 5315 2305 5372 nit.
2339 5317 2489 5372 Bene
2506 5315 2685 5372 David
2705 5317 2865 5390 regni
2889 5315 3209 5391 potentiam
3232 5333 3430 5390 regere
3455 5322 3716 5385 noverat,
3737 5319 3840 5392 qui

2197 5403 2507 5461 elationem
2528 5405 2792 5477 ejusdem
2813 5406 3085 5478 potentiae
3116 5406 3498 5479 semetipsum
3521 5407 3842 5480 premendo

2195 5494 2482 5564 vincebat,
2536 5495 2736 5550 dicens
2769 5511 2782 5550 :
2815 5495 3068 5562 Domine,
3101 5511 3214 5552 non
3267 5503 3349 5554 est
3401 5495 3706 5552 excitatura
3749 5513 3844 5554 cor

2193 5601 2375 5640 meum
2404 5583 2573 5656 (Psal.
2604 5599 2766 5654 cxxx,
2801 5583 2871 5658 1).
2905 5583 3130 5658 Quique
3188 5585 3250 5641 in
3301 5586 3431 5658 ejus
3486 5584 3842 5643 humilitatis

2195 5676 2508 5750 augmento
2551 5673 2854 5749 subjunxit
2885 5691 2899 5732 :
2930 5691 3102 5752 neque
3157 5675 3290 5736 elati
3343 5683 3475 5736 sunt
3519 5675 3668 5735 oculi
3705 5676 3837 5750 mei,
