  <div class='ocr_page' id='page_1' title='image "/cluster/home/n/w/nwhite01/storage/ocr_20150623/125/umn.31951002477418t/464.png"; bbox 0 0 4204 6508; ppageno 0'>
   <div class='ocr_carea' id='block_1_1' title="bbox 301 492 424 552">
    <p class='ocr_par' dir='ltr' id='par_1_1' title="bbox 301 492 424 552">
     <span class='ocr_line' id='line_1_1' title="bbox 301 492 424 552; baseline 0 0"><span class='ocrx_word' id='word_1_1' title='bbox 301 492 424 552; x_wconf 77' lang='grc'><strong>841·</strong></span> 
     </span>
    </p>
   </div>
   <div class='ocr_carea' id='block_1_2' title="bbox 1137 490 2870 557">
    <p class='ocr_par' dir='ltr' id='par_1_2' title="bbox 1137 490 2870 557">
     <span class='ocr_line' id='line_1_2' title="bbox 1137 490 2870 557; baseline 0.002 -5"><span class='ocrx_word' id='word_1_2' title='bbox 1137 491 1239 552; x_wconf 85' lang='lat' dir='ltr'><em>DE</em></span> <span class='ocrx_word' id='word_1_3' title='bbox 1287 491 1512 552; x_wconf 77' lang='lat' dir='ltr'><strong>REGIS</strong></span> <span class='ocrx_word' id='word_1_4' title='bbox 1557 491 1922 554; x_wconf 71' lang='lat' dir='ltr'><em>PERSONA</em></span> <span class='ocrx_word' id='word_1_5' title='bbox 1963 490 2074 554; x_wconf 79' lang='lat' dir='ltr'><em>ET</em></span> <span class='ocrx_word' id='word_1_6' title='bbox 2109 491 2346 556; x_wconf 85' lang='lat' dir='ltr'><strong>REGIO</strong></span> <span class='ocrx_word' id='word_1_7' title='bbox 2391 493 2870 557; x_wconf 80' lang='lat' dir='ltr'><em>MINISTERIO.</em></span> 
     </span>
    </p>
   </div>
   <div class='ocr_carea' id='block_1_3' title="bbox 3580 496 3704 558">
    <p class='ocr_par' dir='ltr' id='par_1_3' title="bbox 3580 496 3704 558">
     <span class='ocr_line' id='line_1_3' title="bbox 3580 496 3704 558; baseline 0 0"><span class='ocrx_word' id='word_1_8' title='bbox 3580 496 3704 558; x_wconf 65' lang='lat'><em>842</em></span> 
     </span>
    </p>
   </div>
   <div class='ocr_carea' id='block_1_4' title="bbox 299 623 3703 698">
    <p class='ocr_par' dir='ltr' id='par_1_4' title="bbox 299 623 3703 698">
     <span class='ocr_line' id='line_1_4' title="bbox 299 623 3703 698; baseline 0.001 -18"><span class='ocrx_word' id='word_1_9' title='bbox 299 623 466 685; x_wconf 83' lang='lat' dir='ltr'><em>habes</em></span> <span class='ocrx_word' id='word_1_10' title='bbox 493 623 798 680; x_wconf 75' lang='lat' dir='ltr'><em>adversarii</em></span> <span class='ocrx_word' id='word_1_11' title='bbox 823 625 1094 679; x_wconf 65' lang='lat' dir='ltr'><em>exercitus</em></span> <span class='ocrx_word' id='word_1_12' title='bbox 1119 623 1550 692; x_wconf 85' lang='lat' dir='ltr'><em>multitudinem,</em></span> <span class='ocrx_word' id='word_1_13' title='bbox 1587 640 1699 680; x_wconf 85' lang='lat' dir='ltr'><em>non</em></span> <span class='ocrx_word' id='word_1_14' title='bbox 1734 625 1950 680; x_wconf 84' lang='lat' dir='ltr'><em>timebis</em></span> <span class='ocrx_word' id='word_1_15' title='bbox 1977 625 2030 694; x_wconf 72' lang='grc' dir='ltr'>Α</span> <span class='ocrx_word' id='word_1_16' title='bbox 2061 641 2196 680; x_wconf 91' lang='lat' dir='ltr'><em>eum</em></span> <span class='ocrx_word' id='word_1_17' title='bbox 2215 625 2639 695; x_wconf 85' lang='lat' dir='ltr'><em>veniret,etiam</em></span> <span class='ocrx_word' id='word_1_18' title='bbox 2671 625 3007 698; x_wconf 87' lang='lat' dir='ltr'><em>religiosum</em></span> <span class='ocrx_word' id='word_1_19' title='bbox 3037 625 3280 682; x_wconf 83' lang='lat' dir='ltr'><em>militem</em></span> <span class='ocrx_word' id='word_1_20' title='bbox 3306 626 3486 684; x_wconf 83' lang='lat' dir='ltr'><em>misit.</em></span> <span class='ocrx_word' id='word_1_21' title='bbox 3513 627 3575 684; x_wconf 92' lang='lat' dir='ltr'><em>In</em></span> <span class='ocrx_word' id='word_1_22' title='bbox 3607 629 3703 685; x_wconf 77' lang='lat' dir='ltr'><em>his</em></span> 
     </span>
    </p>
   </div>
   <div class='ocr_carea' id='block_1_5' title="bbox 296 713 1946 786">
    <p class='ocr_par' dir='ltr' id='par_1_5' title="bbox 296 713 1946 786">
     <span class='ocr_line' id='line_1_5' title="bbox 296 713 1946 786; baseline -0.002 -16"><span class='ocrx_word' id='word_1_23' title='bbox 296 715 546 786; x_wconf 80' lang='lat' dir='ltr'><em>eos,quia</em></span> <span class='ocrx_word' id='word_1_24' title='bbox 577 714 841 769; x_wconf 78' lang='lat' dir='ltr'><em>Dominus</em></span> <span class='ocrx_word' id='word_1_25' title='bbox 868 714 1012 768; x_wconf 86' lang='lat' dir='ltr'><em>Deus</em></span> <span class='ocrx_word' id='word_1_26' title='bbox 1041 720 1169 769; x_wconf 84' lang='lat' dir='ltr'><em>tuus</em></span> <span class='ocrx_word' id='word_1_27' title='bbox 1200 721 1374 768; x_wconf 88' lang='lat' dir='ltr'><em>tecum</em></span> <span class='ocrx_word' id='word_1_28' title='bbox 1401 721 1480 770; x_wconf 85' lang='lat' dir='ltr'><em>est</em></span> <span class='ocrx_word' id='word_1_29' title='bbox 1507 715 1682 782; x_wconf 83' lang='lat' dir='ltr'><em>(Deut.</em></span> <span class='ocrx_word' id='word_1_30' title='bbox 1732 730 1824 780; x_wconf 87' lang='lat' dir='ltr'><em>xx,</em></span> <span class='ocrx_word' id='word_1_31' title='bbox 1875 713 1946 785; x_wconf 92' lang='grc'><strong>1).</strong></span> 
     </span>
    </p>
   </div>
   <div class='ocr_carea' id='block_1_6' title="bbox 301 800 1948 874">
    <p class='ocr_par' dir='ltr' id='par_1_6' title="bbox 301 800 1948 874">
     <span class='ocr_line' id='line_1_6' title="bbox 301 800 1948 874; baseline -0.001 -17"><span class='ocrx_word' id='word_1_32' title='bbox 301 800 528 858; x_wconf 84' lang='lat' dir='ltr'><em>Bellum</em></span> <span class='ocrx_word' id='word_1_33' title='bbox 561 801 880 857; x_wconf 78' lang='lat' dir='ltr'><em>necessitas</em></span> <span class='ocrx_word' id='word_1_34' title='bbox 909 801 1392 874; x_wconf 83' lang='lat' dir='ltr'><em>faciat,ut,sopita</em></span> <span class='ocrx_word' id='word_1_35' title='bbox 1412 801 1840 872; x_wconf 83' lang='lat' dir='ltr'><em>discordia,pax</em></span> <span class='ocrx_word' id='word_1_36' title='bbox 1856 819 1948 856; x_wconf 82' lang='lat' dir='ltr'><em>re-</em></span> 
     </span>
    </p>
   </div>
   <div class='ocr_carea' id='block_1_7' title="bbox 301 873 1950 962">
    <p class='ocr_par' dir='ltr' id='par_1_7' title="bbox 301 873 1950 962">
     <span class='ocr_line' id='line_1_7' title="bbox 301 873 1950 962; baseline -0.001 -17"><span class='ocrx_word' id='word_1_37' title='bbox 301 889 566 962; x_wconf 88' lang='lat' dir='ltr'><em>cuperari</em></span> <span class='ocrx_word' id='word_1_38' title='bbox 599 891 803 962; x_wconf 80' lang='lat' dir='ltr'><em>possit.</em></span> <span class='ocrx_word' id='word_1_39' title='bbox 840 891 955 945; x_wconf 90' lang='lat' dir='ltr'><em>lloc</em></span> <span class='ocrx_word' id='word_1_40' title='bbox 985 907 1122 962; x_wconf 87' lang='lat' dir='ltr'><em>ergo</em></span> <span class='ocrx_word' id='word_1_41' title='bbox 1153 873 1350 945; x_wconf 60' lang='lat' dir='ltr'><em>studio</em></span> <span class='ocrx_word' id='word_1_42' title='bbox 1396 889 1514 962; x_wconf 87' lang='lat' dir='ltr'><em>regi</em></span> <span class='ocrx_word' id='word_1_43' title='bbox 1565 889 1828 962; x_wconf 67' lang='lat' dir='ltr'><em>praelium</em></span> <span class='ocrx_word' id='word_1_44' title='bbox 1859 905 1950 961; x_wconf 89' lang='lat' dir='ltr'><em>ge-</em></span> 
     </span>
    </p>
   </div>
   <div class='ocr_carea' id='block_1_8' title="bbox 301 977 1950 1052">
    <p class='ocr_par' dir='ltr' id='par_1_8' title="bbox 301 977 1950 1052">
     <span class='ocr_line' id='line_1_8' title="bbox 301 977 1950 1052; baseline -0.002 -18"><span class='ocrx_word' id='word_1_45' title='bbox 301 979 552 1034; x_wconf 90' lang='lat' dir='ltr'><em>rendum</em></span> <span class='ocrx_word' id='word_1_46' title='bbox 583 982 690 1034; x_wconf 86' lang='lat' dir='ltr'><em>est.</em></span> <span class='ocrx_word' id='word_1_47' title='bbox 717 979 858 1045; x_wconf 86' lang='lat' dir='ltr'><em>Rex,</em></span> <span class='ocrx_word' id='word_1_48' title='bbox 888 978 1393 1052; x_wconf 81' lang='lat' dir='ltr'><em>appropinquante</em></span> <span class='ocrx_word' id='word_1_49' title='bbox 1423 978 1639 1050; x_wconf 76' lang='lat' dir='ltr'><em>proelio,</em></span> <span class='ocrx_word' id='word_1_50' title='bbox 1674 977 1950 1032; x_wconf 77' lang='lat' dir='ltr'><em>exercitui</em></span> 
     </span>
    </p>
   </div>
   <div class='ocr_carea' id='block_1_9' title="bbox 300 1066 1949 1138">
    <p class='ocr_par' dir='ltr' id='par_1_9' title="bbox 300 1066 1949 1138">
     <span class='ocr_line' id='line_1_9' title="bbox 300 1066 1949 1138; baseline -0.001 -16"><span class='ocrx_word' id='word_1_51' title='bbox 300 1083 408 1122; x_wconf 91' lang='lat' dir='ltr'><em>suo</em></span> <span class='ocrx_word' id='word_1_52' title='bbox 439 1066 614 1123; x_wconf 88' lang='lat' dir='ltr'><em>verba</em></span> <span class='ocrx_word' id='word_1_53' title='bbox 641 1067 805 1122; x_wconf 73' lang='lat' dir='ltr'><em>Judze</em></span> <span class='ocrx_word' id='word_1_54' title='bbox 838 1069 910 1124; x_wconf 90' lang='lat' dir='ltr'><em>ad</em></span> <span class='ocrx_word' id='word_1_55' title='bbox 943 1067 1498 1122; x_wconf 73' lang='lat' dir='ltr'><em>meliumdeduccre</em></span> <span class='ocrx_word' id='word_1_56' title='bbox 1527 1067 1949 1138; x_wconf 85' lang='lat' dir='ltr'><em>debet,quibus</em></span> 
     </span>
    </p>
   </div>
   <div class='ocr_carea' id='block_1_10' title="bbox 300 1143 1948 1229">
    <p class='ocr_par' dir='ltr' id='par_1_10' title="bbox 300 1143 1948 1229">
     <span class='ocr_line' id='line_1_10' title="bbox 300 1143 1948 1229; baseline -0.001 -19"><span class='ocrx_word' id='word_1_57' title='bbox 300 1155 384 1210; x_wconf 89' lang='lat' dir='ltr'><em>ait</em></span> <span class='ocrx_word' id='word_1_58' title='bbox 417 1172 432 1210; x_wconf 91' lang='lat'><em>:</em></span> <span class='ocrx_word' id='word_1_59' title='bbox 464 1155 581 1212; x_wconf 86' lang='lat' dir='ltr'><em>Non</em></span> <span class='ocrx_word' id='word_1_60' title='bbox 611 1157 1002 1228; x_wconf 74' lang='lat' dir='ltr'><em>concupiscatis</em></span> <span class='ocrx_word' id='word_1_61' title='bbox 1029 1156 1227 1229; x_wconf 85' lang='lat' dir='ltr'><em>spolia,</em></span> <span class='ocrx_word' id='word_1_62' title='bbox 1247 1143 1376 1227; x_wconf 83' lang='lat' dir='ltr'><em>quia</em></span> <span class='ocrx_word' id='word_1_63' title='bbox 1407 1155 1609 1211; x_wconf 84' lang='lat' dir='ltr'><em>bellum</em></span> <span class='ocrx_word' id='word_1_64' title='bbox 1635 1162 1824 1211; x_wconf 88' lang='lat' dir='ltr'><em>contra</em></span> <span class='ocrx_word' id='word_1_65' title='bbox 1850 1171 1948 1209; x_wconf 89' lang='lat' dir='ltr'><em>nos</em></span> 
     </span>
    </p>
   </div>
   <div class='ocr_carea' id='block_1_11' title="bbox 295 1243 1022 1318">
    <p class='ocr_par' dir='ltr' id='par_1_11' title="bbox 295 1243 1022 1318">
     <span class='ocr_line' id='line_1_11' title="bbox 295 1243 1022 1318; baseline -0.007 -18"><span class='ocrx_word' id='word_1_66' title='bbox 295 1252 375 1300; x_wconf 86' lang='lat' dir='ltr'><em>est</em></span> <span class='ocrx_word' id='word_1_67' title='bbox 405 1245 478 1318; x_wconf 87' lang='lat' dir='ltr'><em>(ll</em></span> <span class='ocrx_word' id='word_1_68' title='bbox 502 1243 634 1300; x_wconf 73' lang='lat' dir='ltr'><em>Hac.</em></span> <span class='ocrx_word' id='word_1_69' title='bbox 665 1261 816 1314; x_wconf 77' lang='lat' dir='ltr'><em>xux,</em></span> <span class='ocrx_word' id='word_1_70' title='bbox 856 1246 972 1316; x_wconf 88' lang='grc'><em>17).</em></span> <span class='ocrx_word' id='word_1_71' title='bbox 993 1266 1022 1295; x_wconf 65' lang='grc' dir='ltr'><em>ι)</em></span> 
     </span>
    </p>
   </div>
   <div class='ocr_carea' id='block_1_12' title="bbox 297 1367 1950 1441">
    <p class='ocr_par' dir='ltr' id='par_1_12' title="bbox 297 1367 1950 1441">
     <span class='ocr_line' id='line_1_12' title="bbox 297 1367 1950 1441; baseline -0.001 -17"><span class='ocrx_word' id='word_1_72' title='bbox 297 1368 432 1424; x_wconf 75' lang='lat' dir='ltr'><em>CAP.</em></span> <span class='ocrx_word' id='word_1_73' title='bbox 467 1369 558 1424; x_wconf 87' lang='lat' dir='ltr'><em>1X.</em></span> <span class='ocrx_word' id='word_1_74' title='bbox 590 1399 659 1408; x_wconf 89' lang='lat'><em>——</em></span> <span class='ocrx_word' id='word_1_75' title='bbox 688 1369 806 1424; x_wconf 85' lang='lat' dir='ltr'><em>Non</em></span> <span class='ocrx_word' id='word_1_76' title='bbox 825 1383 1070 1441; x_wconf 78' lang='lat' dir='ltr'><em>peccasse</em></span> <span class='ocrx_word' id='word_1_77' title='bbox 1115 1385 1200 1423; x_wconf 88' lang='lat' dir='ltr'><em>eos</em></span> <span class='ocrx_word' id='word_1_78' title='bbox 1247 1369 1342 1440; x_wconf 87' lang='lat' dir='ltr'><em>qui</em></span> <span class='ocrx_word' id='word_1_79' title='bbox 1384 1370 1490 1423; x_wconf 90' lang='lat' dir='ltr'><em>Deo</em></span> <span class='ocrx_word' id='word_1_80' title='bbox 1539 1375 1757 1423; x_wconf 85' lang='lat' dir='ltr'><em>auctore</em></span> <span class='ocrx_word' id='word_1_81' title='bbox 1806 1367 1950 1423; x_wconf 88' lang='lat' dir='ltr'><em>bella</em></span> 
     </span>
    </p>
   </div>
   <div class='ocr_carea' id='block_1_13' title="bbox 973 1448 1272 1514">
    <p class='ocr_par' dir='ltr' id='par_1_13' title="bbox 973 1448 1272 1514">
     <span class='ocr_line' id='line_1_13' title="bbox 973 1448 1272 1514; baseline -0.003 -19"><span class='ocrx_word' id='word_1_82' title='bbox 973 1448 1272 1514; x_wconf 79' lang='lat' dir='ltr'><em>gesserunt.</em></span> 
     </span>
    </p>
   </div>
   <div class='ocr_carea' id='block_1_14' title="bbox 367 1543 1945 1618">
    <p class='ocr_par' dir='ltr' id='par_1_14' title="bbox 367 1543 1945 1618">
     <span class='ocr_line' id='line_1_14' title="bbox 367 1543 1945 1618; baseline -0.001 -17"><span class='ocrx_word' id='word_1_83' title='bbox 367 1545 496 1601; x_wconf 91' lang='lat' dir='ltr'><em>Non</em></span> <span class='ocrx_word' id='word_1_84' title='bbox 527 1561 799 1618; x_wconf 80' lang='lat' dir='ltr'><em>peccasse</em></span> <span class='ocrx_word' id='word_1_85' title='bbox 821 1561 919 1600; x_wconf 89' lang='lat' dir='ltr'><em>eos</em></span> <span class='ocrx_word' id='word_1_86' title='bbox 937 1545 1038 1616; x_wconf 89' lang='lat' dir='ltr'><strong>qui</strong></span> <span class='ocrx_word' id='word_1_87' title='bbox 1061 1550 1170 1600; x_wconf 85' lang='lat' dir='ltr'><em>Deo</em></span> <span class='ocrx_word' id='word_1_88' title='bbox 1193 1549 1426 1602; x_wconf 87' lang='lat' dir='ltr'><em>auctore</em></span> <span class='ocrx_word' id='word_1_89' title='bbox 1443 1543 1596 1601; x_wconf 87' lang='lat' dir='ltr'><em>bella</em></span> <span class='ocrx_word' id='word_1_90' title='bbox 1614 1548 1945 1617; x_wconf 75' lang='lat' dir='ltr'><em>gesserunt,</em></span> 
     </span>
    </p>
   </div>
   <div class='ocr_carea' id='block_1_15' title="bbox 290 1627 1944 1704">
    <p class='ocr_par' dir='ltr' id='par_1_15' title="bbox 290 1627 1944 1704">
     <span class='ocr_line' id='line_1_15' title="bbox 290 1627 1944 1704; baseline 0.001 -18"><span class='ocrx_word' id='word_1_91' title='bbox 290 1627 662 1704; x_wconf 69' lang='lat' dir='ltr'><em>Augustinus</em></span> <span class='ocrx_word' id='word_1_92' title='bbox 693 1632 752 1687; x_wconf 92' lang='lat' dir='ltr'><em>in</em></span> <span class='ocrx_word' id='word_1_93' title='bbox 783 1632 1020 1704; x_wconf 60' lang='lat' dir='ltr'><em>praefato</em></span> <span class='ocrx_word' id='word_1_94' title='bbox 1051 1631 1199 1688; x_wconf 90' lang='lat' dir='ltr'><em>libro</em></span> <span class='ocrx_word' id='word_1_95' title='bbox 1230 1633 1349 1704; x_wconf 87' lang='lat' dir='ltr'><em>(lib.</em></span> <span class='ocrx_word' id='word_1_96' title='bbox 1383 1649 1423 1702; x_wconf 82' lang='grc' dir='ltr'><em>ι,</em></span> <span class='ocrx_word' id='word_1_97' title='bbox 1455 1649 1506 1687; x_wconf 94' lang='lat' dir='ltr'><em>c.</em></span> <span class='ocrx_word' id='word_1_98' title='bbox 1535 1634 1628 1700; x_wconf 82' lang='lat'><strong>21)</strong></span> <span class='ocrx_word' id='word_1_99' title='bbox 1665 1649 1679 1686; x_wconf 90' lang='lat'><em>:</em></span> <span class='ocrx_word' id='word_1_100' title='bbox 1716 1635 1944 1698; x_wconf 85' lang='lat' dir='ltr'><em>«Quas-</em></span> 
     </span>
    </p>
   </div>
   <div class='ocr_carea' id='block_1_16' title="bbox 294 1719 1944 1792">
    <p class='ocr_par' dir='ltr' id='par_1_16' title="bbox 294 1719 1944 1792">
     <span class='ocr_line' id='line_1_16' title="bbox 294 1719 1944 1792; baseline 0.001 -18"><span class='ocrx_word' id='word_1_101' title='bbox 294 1719 432 1776; x_wconf 89' lang='lat' dir='ltr'><em>dam</em></span> <span class='ocrx_word' id='word_1_102' title='bbox 463 1719 832 1792; x_wconf 81' lang='lat' dir='ltr'><em>exceptiones</em></span> <span class='ocrx_word' id='word_1_103' title='bbox 863 1721 1066 1777; x_wconf 89' lang='lat' dir='ltr'><em>eadem</em></span> <span class='ocrx_word' id='word_1_104' title='bbox 1085 1720 1216 1792; x_wconf 88' lang='lat' dir='ltr'><em>ipsa</em></span> <span class='ocrx_word' id='word_1_105' title='bbox 1236 1721 1434 1776; x_wconf 87' lang='lat' dir='ltr'><em>divina</em></span> <span class='ocrx_word' id='word_1_106' title='bbox 1452 1721 1588 1777; x_wconf 87' lang='lat' dir='ltr'><em>fecit</em></span> <span class='ocrx_word' id='word_1_107' title='bbox 1605 1719 1944 1789; x_wconf 78' lang='lat' dir='ltr'><em>auctoritas,</em></span> 
     </span>
    </p>
   </div>
   <div class='ocr_carea' id='block_1_17' title="bbox 292 1806 1946 1882">
    <p class='ocr_par' dir='ltr' id='par_1_17' title="bbox 292 1806 1946 1882">
     <span class='ocr_line' id='line_1_17' title="bbox 292 1806 1946 1882; baseline 0 -18"><span class='ocrx_word' id='word_1_108' title='bbox 292 1813 362 1864; x_wconf 88' lang='lat' dir='ltr'><em>ut</em></span> <span class='ocrx_word' id='word_1_109' title='bbox 391 1806 570 1865; x_wconf 90' lang='lat' dir='ltr'><em>liceat</em></span> <span class='ocrx_word' id='word_1_110' title='bbox 596 1808 897 1864; x_wconf 85' lang='lat' dir='ltr'><em>hominem</em></span> <span class='ocrx_word' id='word_1_111' title='bbox 927 1807 1133 1865; x_wconf 84' lang='lat' dir='ltr'><em>occidi.</em></span> <span class='ocrx_word' id='word_1_112' title='bbox 1181 1810 1292 1867; x_wconf 91' lang='lat' dir='ltr'><em>Sed</em></span> <span class='ocrx_word' id='word_1_113' title='bbox 1335 1809 1428 1865; x_wconf 90' lang='lat' dir='ltr'><em>his</em></span> <span class='ocrx_word' id='word_1_114' title='bbox 1471 1808 1744 1881; x_wconf 76' lang='lat' dir='ltr'><em>exceptis,</em></span> <span class='ocrx_word' id='word_1_115' title='bbox 1797 1825 1946 1882; x_wconf 92' lang='lat' dir='ltr'><em>quos</em></span> 
     </span>
    </p>
   </div>
   <div class='ocr_carea' id='block_1_18' title="bbox 289 1895 1946 1970">
    <p class='ocr_par' dir='ltr' id='par_1_18' title="bbox 289 1895 1946 1970">
     <span class='ocr_line' id='line_1_18' title="bbox 289 1895 1946 1970; baseline 0 -18"><span class='ocrx_word' id='word_1_116' title='bbox 289 1895 476 1952; x_wconf 89' lang='lat' dir='ltr'><em>occidi</em></span> <span class='ocrx_word' id='word_1_117' title='bbox 499 1897 690 1968; x_wconf 82' lang='lat' dir='ltr'><em>jubet,</em></span> <span class='ocrx_word' id='word_1_118' title='bbox 725 1895 843 1953; x_wconf 89' lang='lat' dir='ltr'><em>sive</em></span> <span class='ocrx_word' id='word_1_119' title='bbox 873 1897 1012 1953; x_wconf 84' lang='lat' dir='ltr'><em>data</em></span> <span class='ocrx_word' id='word_1_120' title='bbox 1040 1897 1187 1970; x_wconf 90' lang='lat' dir='ltr'><em>lege,</em></span> <span class='ocrx_word' id='word_1_121' title='bbox 1219 1897 1338 1953; x_wconf 86' lang='lat' dir='ltr'><em>sive</em></span> <span class='ocrx_word' id='word_1_122' title='bbox 1381 1898 1454 1953; x_wconf 89' lang='lat' dir='ltr'><em>ad</em></span> <span class='ocrx_word' id='word_1_123' title='bbox 1502 1914 1811 1969; x_wconf 84' lang='lat' dir='ltr'><em>personam</em></span> <span class='ocrx_word' id='word_1_124' title='bbox 1840 1914 1946 1969; x_wconf 86' lang='lat' dir='ltr'><em>pro</em></span> 
     </span>
    </p>
   </div>
   <div class='ocr_carea' id='block_1_19' title="bbox 288 1984 2028 2059">
    <p class='ocr_par' dir='ltr' id='par_1_19' title="bbox 288 1984 2028 2059">
     <span class='ocr_line' id='line_1_19' title="bbox 288 1984 2028 2059; baseline 0.001 -19"><span class='ocrx_word' id='word_1_125' title='bbox 288 1989 554 2058; x_wconf 89' lang='lat' dir='ltr'><em>tempore</em></span> <span class='ocrx_word' id='word_1_126' title='bbox 583 2001 860 2059; x_wconf 86' lang='lat' dir='ltr'><em>expressa</em></span> <span class='ocrx_word' id='word_1_127' title='bbox 879 1984 1186 2057; x_wconf 88' lang='lat' dir='ltr'><em>jussione:</em></span> <span class='ocrx_word' id='word_1_128' title='bbox 1217 2003 1332 2042; x_wconf 90' lang='lat' dir='ltr'><em>non</em></span> <span class='ocrx_word' id='word_1_129' title='bbox 1361 1989 1555 2042; x_wconf 91' lang='lat' dir='ltr'><em>autem</em></span> <span class='ocrx_word' id='word_1_130' title='bbox 1586 1985 1710 2058; x_wconf 90' lang='lat' dir='ltr'><em>ipse</em></span> <span class='ocrx_word' id='word_1_131' title='bbox 1735 1985 1952 2041; x_wconf 84' lang='lat' dir='ltr'><em>occidit</em></span> <span class='ocrx_word' id='word_1_132' title='bbox 1975 1989 2028 2056; x_wconf 62' lang='grc' dir='ltr'><em>Η</em></span> 
     </span>
    </p>
   </div>
   <div class='ocr_carea' id='block_1_20' title="bbox 287 2073 1952 2147">
    <p class='ocr_par' dir='ltr' id='par_1_20' title="bbox 287 2073 1952 2147">
     <span class='ocr_line' id='line_1_20' title="bbox 287 2073 1952 2147; baseline 0.001 -18"><span class='ocrx_word' id='word_1_133' title='bbox 287 2074 390 2146; x_wconf 90' lang='lat' dir='ltr'><em>qui</em></span> <span class='ocrx_word' id='word_1_134' title='bbox 425 2073 824 2130; x_wconf 87' lang='lat' dir='ltr'><em>ministerium</em></span> <span class='ocrx_word' id='word_1_135' title='bbox 857 2074 1030 2130; x_wconf 81' lang='lat' dir='ltr'><em>debet</em></span> <span class='ocrx_word' id='word_1_136' title='bbox 1049 2075 1305 2147; x_wconf 86' lang='lat' dir='ltr'><em>jubenti,</em></span> <span class='ocrx_word' id='word_1_137' title='bbox 1329 2074 1483 2130; x_wconf 90' lang='lat' dir='ltr'><em>sicut</em></span> <span class='ocrx_word' id='word_1_138' title='bbox 1511 2073 1952 2130; x_wconf 73' lang='lat' dir='ltr'><em>adminiculum.</em></span> 
     </span>
    </p>
   </div>
   <div class='ocr_carea' id='block_1_21' title="bbox 283 2162 1942 2235">
    <p class='ocr_par' dir='ltr' id='par_1_21' title="bbox 283 2162 1942 2235">
     <span class='ocr_line' id='line_1_21' title="bbox 283 2162 1942 2235; baseline 0 -18"><span class='ocrx_word' id='word_1_139' title='bbox 283 2162 524 2235; x_wconf 79' lang='lat' dir='ltr'><em>gladius</em></span> <span class='ocrx_word' id='word_1_140' title='bbox 557 2163 740 2219; x_wconf 88' lang='lat' dir='ltr'><em>utenti</em></span> <span class='ocrx_word' id='word_1_141' title='bbox 774 2178 788 2218; x_wconf 90' lang='lat'><em>:</em></span> <span class='ocrx_word' id='word_1_142' title='bbox 819 2167 879 2218; x_wconf 89' lang='lat' dir='ltr'><em>et</em></span> <span class='ocrx_word' id='word_1_143' title='bbox 906 2162 1036 2218; x_wconf 87' lang='lat' dir='ltr'><em>ideo</em></span> <span class='ocrx_word' id='word_1_144' title='bbox 1063 2179 1436 2235; x_wconf 79' lang='lat' dir='ltr'><em>nequaquam</em></span> <span class='ocrx_word' id='word_1_145' title='bbox 1457 2167 1659 2218; x_wconf 89' lang='lat' dir='ltr'><em>contra</em></span> <span class='ocrx_word' id='word_1_146' title='bbox 1673 2163 1782 2218; x_wconf 90' lang='lat' dir='ltr'><em>hoc</em></span> <span class='ocrx_word' id='word_1_147' title='bbox 1803 2179 1942 2235; x_wconf 83' lang='lat' dir='ltr'><em>prae-</em></span> 
     </span>
    </p>
   </div>
   <div class='ocr_carea' id='block_1_22' title="bbox 284 2252 1952 2325">
    <p class='ocr_par' dir='ltr' id='par_1_22' title="bbox 284 2252 1952 2325">
     <span class='ocr_line' id='line_1_22' title="bbox 284 2252 1952 2325; baseline 0 -17"><span class='ocrx_word' id='word_1_148' title='bbox 284 2257 522 2325; x_wconf 90' lang='lat' dir='ltr'><em>ceptum</em></span> <span class='ocrx_word' id='word_1_149' title='bbox 573 2252 856 2318; x_wconf 82' lang='lat' dir='ltr'><em>fecerunt,</em></span> <span class='ocrx_word' id='word_1_150' title='bbox 906 2269 1022 2325; x_wconf 88' lang='lat' dir='ltr'><em>quo</em></span> <span class='ocrx_word' id='word_1_151' title='bbox 1079 2252 1304 2308; x_wconf 91' lang='lat' dir='ltr'><em>dictum</em></span> <span class='ocrx_word' id='word_1_152' title='bbox 1351 2257 1442 2309; x_wconf 88' lang='lat' dir='ltr'><em>est</em></span> <span class='ocrx_word' id='word_1_153' title='bbox 1501 2271 1514 2308; x_wconf 90' lang='lat'><em>:</em></span> <span class='ocrx_word' id='word_1_154' title='bbox 1565 2253 1684 2308; x_wconf 87' lang='lat' dir='ltr'><em>Non</em></span> <span class='ocrx_word' id='word_1_155' title='bbox 1737 2252 1952 2310; x_wconf 86' lang='lat' dir='ltr'><em>occides-</em></span> 
     </span>
    </p>
   </div>
   <div class='ocr_carea' id='block_1_23' title="bbox 279 2341 1938 2415">
    <p class='ocr_par' dir='ltr' id='par_1_23' title="bbox 279 2341 1938 2415">
     <span class='ocr_line' id='line_1_23' title="bbox 279 2341 1938 2415; baseline 0.001 -18"><span class='ocrx_word' id='word_1_156' title='bbox 279 2341 479 2411; x_wconf 67' lang='lat' dir='ltr'><em>(Exod.</em></span> <span class='ocrx_word' id='word_1_157' title='bbox 510 2359 605 2412; x_wconf 88' lang='lat' dir='ltr'><em>xx,</em></span> <span class='ocrx_word' id='word_1_158' title='bbox 647 2342 762 2413; x_wconf 81' lang='lat'><strong>15),</strong></span> <span class='ocrx_word' id='word_1_159' title='bbox 811 2341 912 2414; x_wconf 91' lang='lat' dir='ltr'><em>qui</em></span> <span class='ocrx_word' id='word_1_160' title='bbox 961 2341 1080 2397; x_wconf 92' lang='lat' dir='ltr'><em>Deo</em></span> <span class='ocrx_word' id='word_1_161' title='bbox 1127 2346 1362 2398; x_wconf 90' lang='lat' dir='ltr'><em>auctore</em></span> <span class='ocrx_word' id='word_1_162' title='bbox 1408 2341 1562 2398; x_wconf 89' lang='lat' dir='ltr'><em>bella</em></span> <span class='ocrx_word' id='word_1_163' title='bbox 1607 2345 1938 2415; x_wconf 87' lang='lat' dir='ltr'><em>gesserunt,</em></span> 
     </span>
    </p>
   </div>
   <div class='ocr_carea' id='block_1_24' title="bbox 282 2429 1940 2503">
    <p class='ocr_par' dir='ltr' id='par_1_24' title="bbox 282 2429 1940 2503">
     <span class='ocr_line' id='line_1_24' title="bbox 282 2429 1940 2503; baseline -0.001 -17"><span class='ocrx_word' id='word_1_164' title='bbox 282 2435 389 2492; x_wconf 88' lang='lat' dir='ltr'><em>aut</em></span> <span class='ocrx_word' id='word_1_165' title='bbox 403 2446 717 2503; x_wconf 87' lang='lat' dir='ltr'><em>personam</em></span> <span class='ocrx_word' id='word_1_166' title='bbox 740 2433 1009 2503; x_wconf 87' lang='lat' dir='ltr'><em>gerentes</em></span> <span class='ocrx_word' id='word_1_167' title='bbox 1020 2429 1268 2502; x_wconf 59' lang='lat' dir='ltr'><em>publica;</em></span> <span class='ocrx_word' id='word_1_168' title='bbox 1281 2430 1940 2502; x_wconf 83' lang='lat' dir='ltr'><em>potestatis,secundum</em></span> 
     </span>
    </p>
   </div>
   <div class='ocr_carea' id='block_1_25' title="bbox 285 2516 1938 2590">
    <p class='ocr_par' dir='ltr' id='par_1_25' title="bbox 285 2516 1938 2590">
     <span class='ocr_line' id='line_1_25' title="bbox 285 2516 1938 2590; baseline -0.001 -16"><span class='ocrx_word' id='word_1_169' title='bbox 285 2519 420 2590; x_wconf 87' lang='lat' dir='ltr'><em>ejus</em></span> <span class='ocrx_word' id='word_1_170' title='bbox 451 2516 630 2590; x_wconf 86' lang='lat' dir='ltr'><em>leges,</em></span> <span class='ocrx_word' id='word_1_171' title='bbox 663 2518 774 2574; x_wconf 91' lang='lat' dir='ltr'><em>hoc</em></span> <span class='ocrx_word' id='word_1_172' title='bbox 811 2523 900 2574; x_wconf 88' lang='lat' dir='ltr'><em>est</em></span> <span class='ocrx_word' id='word_1_173' title='bbox 935 2517 1283 2590; x_wconf 61' lang='lat' dir='ltr'><em>justissima</em></span> <span class='ocrx_word' id='word_1_174' title='bbox 1326 2517 1571 2574; x_wconf 87' lang='lat' dir='ltr'><em>rationis</em></span> <span class='ocrx_word' id='word_1_175' title='bbox 1602 2516 1938 2590; x_wconf 86' lang='lat' dir='ltr'><em>imperium,</em></span> 
     </span>
    </p>
   </div>
   <div class='ocr_carea' id='block_1_26' title="bbox 285 2605 1939 2678">
    <p class='ocr_par' dir='ltr' id='par_1_26' title="bbox 285 2605 1939 2678">
     <span class='ocr_line' id='line_1_26' title="bbox 285 2605 1939 2678; baseline -0.001 -15"><span class='ocrx_word' id='word_1_176' title='bbox 285 2605 606 2663; x_wconf 87' lang='lat' dir='ltr'><em>sceleratos</em></span> <span class='ocrx_word' id='word_1_177' title='bbox 627 2610 813 2662; x_wconf 88' lang='lat' dir='ltr'><em>morte</em></span> <span class='ocrx_word' id='word_1_178' title='bbox 841 2607 1257 2678; x_wconf 90' lang='lat' dir='ltr'><em>punierunt.Et</em></span> <span class='ocrx_word' id='word_1_179' title='bbox 1283 2606 1579 2662; x_wconf 83' lang='lat' dir='ltr'><em>Abraham</em></span> <span class='ocrx_word' id='word_1_180' title='bbox 1611 2623 1725 2661; x_wconf 92' lang='lat' dir='ltr'><em>non</em></span> <span class='ocrx_word' id='word_1_181' title='bbox 1749 2605 1939 2662; x_wconf 91' lang='lat' dir='ltr'><em>solum</em></span> 
     </span>
    </p>
   </div>
   <div class='ocr_carea' id='block_1_27' title="bbox 287 2693 1940 2766">
    <p class='ocr_par' dir='ltr' id='par_1_27' title="bbox 287 2693 1940 2766">
     <span class='ocr_line' id='line_1_27' title="bbox 287 2693 1940 2766; baseline 0 -16"><span class='ocrx_word' id='word_1_182' title='bbox 287 2710 409 2750; x_wconf 89' lang='lat' dir='ltr'><em>non</em></span> <span class='ocrx_word' id='word_1_183' title='bbox 439 2693 824 2766; x_wconf 76' lang='lat' dir='ltr'><em>est’oulpatus</em></span> <span class='ocrx_word' id='word_1_184' title='bbox 853 2694 1220 2750; x_wconf 76' lang='lat' dir='ltr'><em>crudelitatis</em></span> <span class='ocrx_word' id='word_1_185' title='bbox 1251 2695 1507 2763; x_wconf 89' lang='lat' dir='ltr'><em>nomine,</em></span> <span class='ocrx_word' id='word_1_186' title='bbox 1527 2711 1730 2750; x_wconf 85' lang='lat' dir='ltr'><em>verum</em></span> <span class='ocrx_word' id='word_1_187' title='bbox 1761 2694 1940 2750; x_wconf 87' lang='lat' dir='ltr'><em>etiam</em></span> 
     </span>
    </p>
   </div>
   <div class='ocr_carea' id='block_1_28' title="bbox 283 2767 1939 2856">
    <p class='ocr_par' dir='ltr' id='par_1_28' title="bbox 283 2767 1939 2856">
     <span class='ocr_line' id='line_1_28' title="bbox 283 2767 1939 2856; baseline 0 -18"><span class='ocrx_word' id='word_1_188' title='bbox 283 2782 568 2840; x_wconf 87' lang='lat' dir='ltr'><em>laudatus</em></span> <span class='ocrx_word' id='word_1_189' title='bbox 597 2783 833 2839; x_wconf 89' lang='lat' dir='ltr'><em>nomine</em></span> <span class='ocrx_word' id='word_1_190' title='bbox 861 2767 1280 2856; x_wconf 53' lang='lat' dir='ltr'><em>pietatis,quoﬁ</em></span> <span class='ocrx_word' id='word_1_191' title='bbox 1311 2782 1492 2838; x_wconf 82' lang='lat' dir='ltr'><em>voluit</em></span> <span class='ocrx_word' id='word_1_192' title='bbox 1511 2782 1698 2838; x_wconf 89' lang='lat' dir='ltr'><em>ﬁlium</em></span> <span class='ocrx_word' id='word_1_193' title='bbox 1721 2799 1939 2854; x_wconf 85' lang='lat' dir='ltr'><em>nequa-</em></span> 
     </span>
    </p>
   </div>
   <div class='ocr_carea' id='block_1_29' title="bbox 284 2870 1938 2944">
    <p class='ocr_par' dir='ltr' id='par_1_29' title="bbox 284 2870 1938 2944">
     <span class='ocr_line' id='line_1_29' title="bbox 284 2870 1938 2944; baseline 0 -18"><span class='ocrx_word' id='word_1_194' title='bbox 284 2887 469 2944; x_wconf 80' lang='lat' dir='ltr'><em>quam</em></span> <span class='ocrx_word' id='word_1_195' title='bbox 499 2871 904 2940; x_wconf 87' lang='lat' dir='ltr'><em>scelerate,sed</em></span> <span class='ocrx_word' id='word_1_196' title='bbox 936 2870 1294 2942; x_wconf 82' lang='lat' dir='ltr'><em>obedienter,</em></span> <span class='ocrx_word' id='word_1_197' title='bbox 1307 2871 1567 2927; x_wconf 91' lang='lat' dir='ltr'><em>occidere</em></span> <span class='ocrx_word' id='word_1_198' title='bbox 1597 2871 1748 2944; x_wconf 81' lang='lat' dir='ltr'><em>(Gen.</em></span> <span class='ocrx_word' id='word_1_199' title='bbox 1781 2871 1938 2942; x_wconf 86' lang='lat' dir='ltr'><em>xxn).</em></span> 
     </span>
    </p>
   </div>
   <div class='ocr_carea' id='block_1_30' title="bbox 287 2959 1940 3032">
    <p class='ocr_par' dir='ltr' id='par_1_30' title="bbox 287 2959 1940 3032">
     <span class='ocr_line' id='line_1_30' title="bbox 287 2959 1940 3032; baseline -0.001 -16"><span class='ocrx_word' id='word_1_200' title='bbox 287 2961 398 3016; x_wconf 86' lang='lat' dir='ltr'><em>Est</em></span> <span class='ocrx_word' id='word_1_201' title='bbox 427 2959 634 3016; x_wconf 89' lang='lat' dir='ltr'><em>merito</em></span> <span class='ocrx_word' id='word_1_202' title='bbox 665 2959 946 3032; x_wconf 69' lang='lat' dir='ltr'><em>qumritur</em></span> <span class='ocrx_word' id='word_1_203' title='bbox 975 2964 1175 3016; x_wconf 90' lang='lat' dir='ltr'><em>utrum</em></span> <span class='ocrx_word' id='word_1_204' title='bbox 1197 2977 1302 3032; x_wconf 89' lang='lat' dir='ltr'><em>pro</em></span> <span class='ocrx_word' id='word_1_205' title='bbox 1314 2960 1490 3031; x_wconf 90' lang='lat' dir='ltr'><em>jussu</em></span> <span class='ocrx_word' id='word_1_206' title='bbox 1513 2959 1614 3015; x_wconf 88' lang='lat' dir='ltr'><em>Dei</em></span> <span class='ocrx_word' id='word_1_207' title='bbox 1636 2959 1712 3015; x_wconf 87' lang='lat' dir='ltr'><em>sit</em></span> <span class='ocrx_word' id='word_1_208' title='bbox 1729 2960 1940 3014; x_wconf 88' lang='lat' dir='ltr'><em>haben-</em></span> 
     </span>
    </p>
   </div>
   <div class='ocr_carea' id='block_1_31' title="bbox 288 3046 1936 3122">
    <p class='ocr_par' dir='ltr' id='par_1_31' title="bbox 288 3046 1936 3122">
     <span class='ocr_line' id='line_1_31' title="bbox 288 3046 1936 3122; baseline -0.001 -18"><span class='ocrx_word' id='word_1_209' title='bbox 288 3049 623 3122; x_wconf 89' lang='lat' dir='ltr'><em>dum,quod</em></span> <span class='ocrx_word' id='word_1_210' title='bbox 652 3048 862 3121; x_wconf 86' lang='lat' dir='ltr'><em>Jephte</em></span> <span class='ocrx_word' id='word_1_211' title='bbox 893 3047 1072 3104; x_wconf 89' lang='lat' dir='ltr'><em>ﬁliam</em></span> <span class='ocrx_word' id='word_1_212' title='bbox 1102 3065 1231 3120; x_wconf 63' lang='lat' dir='ltr'><em>qua;</em></span> <span class='ocrx_word' id='word_1_213' title='bbox 1261 3048 1412 3120; x_wconf 88' lang='lat' dir='ltr'><em>patri</em></span> <span class='ocrx_word' id='word_1_214' title='bbox 1435 3047 1686 3104; x_wconf 89' lang='lat' dir='ltr'><em>occurrit</em></span> <span class='ocrx_word' id='word_1_215' title='bbox 1705 3046 1936 3117; x_wconf 91' lang='lat' dir='ltr'><em>occidit,</em></span> 
     </span>
    </p>
   </div>
   <div class='ocr_carea' id='block_1_32' title="bbox 283 3135 1938 3208">
    <p class='ocr_par' dir='ltr' id='par_1_32' title="bbox 283 3135 1938 3208">
     <span class='ocr_line' id='line_1_32' title="bbox 283 3135 1938 3208; baseline 0 -16"><span class='ocrx_word' id='word_1_216' title='bbox 283 3151 424 3192; x_wconf 88' lang='lat' dir='ltr'><em>cum</em></span> <span class='ocrx_word' id='word_1_217' title='bbox 457 3137 518 3193; x_wconf 90' lang='lat' dir='ltr'><em>id</em></span> <span class='ocrx_word' id='word_1_218' title='bbox 539 3154 602 3194; x_wconf 89' lang='lat' dir='ltr'><em>se</em></span> <span class='ocrx_word' id='word_1_219' title='bbox 627 3137 879 3194; x_wconf 85' lang='lat' dir='ltr'><em>vovisset</em></span> <span class='ocrx_word' id='word_1_220' title='bbox 921 3137 1363 3192; x_wconf 89' lang='lat' dir='ltr'><em>immolaturum</em></span> <span class='ocrx_word' id='word_1_221' title='bbox 1410 3136 1526 3192; x_wconf 93' lang='lat' dir='ltr'><em>Deo</em></span> <span class='ocrx_word' id='word_1_222' title='bbox 1581 3135 1737 3208; x_wconf 90' lang='lat' dir='ltr'><em>quod</em></span> <span class='ocrx_word' id='word_1_223' title='bbox 1767 3135 1819 3191; x_wconf 89' lang='lat' dir='ltr'><em>ei</em></span> <span class='ocrx_word' id='word_1_224' title='bbox 1850 3151 1938 3192; x_wconf 90' lang='lat' dir='ltr'><em>re-</em></span> 
     </span>
    </p>
   </div>
   <div class='ocr_carea' id='block_1_33' title="bbox 283 3217 1935 3298">
    <p class='ocr_par' dir='ltr' id='par_1_33' title="bbox 283 3217 1935 3298">
     <span class='ocr_line' id='line_1_33' title="bbox 283 3217 1935 3298; baseline -0.001 -17"><span class='ocrx_word' id='word_1_225' title='bbox 283 3225 493 3281; x_wconf 84' lang='lat' dir='ltr'><em>deunti</em></span> <span class='ocrx_word' id='word_1_226' title='bbox 516 3227 588 3282; x_wconf 91' lang='lat' dir='ltr'><em>de</em></span> <span class='ocrx_word' id='word_1_227' title='bbox 617 3223 815 3298; x_wconf 61' lang='lat' dir='ltr'><em>praelia</em></span> <span class='ocrx_word' id='word_1_228' title='bbox 845 3223 1086 3281; x_wconf 88' lang='lat' dir='ltr'><em>victoria</em></span> <span class='ocrx_word' id='word_1_229' title='bbox 1100 3217 1935 3297; x_wconf 79' lang='lat' dir='ltr'><em>primitus&#39;occurrisset(ludic,</em></span> 
     </span>
    </p>
   </div>
   <div class='ocr_carea' id='block_1_34' title="bbox 279 3313 1936 3387">
    <p class='ocr_par' dir='ltr' id='par_1_34' title="bbox 279 3313 1936 3387">
     <span class='ocr_line' id='line_1_34' title="bbox 279 3313 1936 3387; baseline -0.001 -17"><span class='ocrx_word' id='word_1_230' title='bbox 279 3313 511 3386; x_wconf 70' lang='lat' dir='ltr'><em>xx).Nec</em></span> <span class='ocrx_word' id='word_1_231' title='bbox 541 3315 790 3372; x_wconf 87' lang='lat' dir='ltr'><em>Samson</em></span> <span class='ocrx_word' id='word_1_232' title='bbox 808 3313 978 3370; x_wconf 80' lang='lat' dir='ltr'><em>aliter</em></span> <span class='ocrx_word' id='word_1_233' title='bbox 992 3314 1486 3386; x_wconf 88' lang='lat' dir='ltr'><em>excusatur,quod</em></span> <span class='ocrx_word' id='word_1_234' title='bbox 1518 3314 1778 3387; x_wconf 87' lang='lat' dir='ltr'><em>seipsum</em></span> <span class='ocrx_word' id='word_1_235' title='bbox 1802 3330 1936 3369; x_wconf 88' lang='lat' dir='ltr'><em>cum</em></span> 
     </span>
    </p>
   </div>
   <div class='ocr_carea' id='block_1_35' title="bbox 281 3401 1940 3474">
    <p class='ocr_par' dir='ltr' id='par_1_35' title="bbox 281 3401 1940 3474">
     <span class='ocr_line' id='line_1_35' title="bbox 281 3401 1940 3474; baseline 0 -16"><span class='ocrx_word' id='word_1_236' title='bbox 281 3403 560 3459; x_wconf 86' lang='lat' dir='ltr'><em>hostibus</em></span> <span class='ocrx_word' id='word_1_237' title='bbox 592 3403 767 3459; x_wconf 87' lang='lat' dir='ltr'><em>ruina</em></span> <span class='ocrx_word' id='word_1_238' title='bbox 795 3403 1008 3459; x_wconf 87' lang='lat' dir='ltr'><em>domus</em></span> <span class='ocrx_word' id='word_1_239' title='bbox 1035 3403 1342 3474; x_wconf 88' lang='lat' dir='ltr'><em>oppressit,</em></span> <span class='ocrx_word' id='word_1_240' title='bbox 1377 3401 1490 3458; x_wconf 87' lang='lat' dir='ltr'><em>nisi</em></span> <span class='ocrx_word' id='word_1_241' title='bbox 1517 3403 1657 3474; x_wconf 86' lang='lat' dir='ltr'><em>quia</em></span> <span class='ocrx_word' id='word_1_242' title='bbox 1687 3401 1940 3474; x_wconf 89' lang='lat' dir='ltr'><em>Spiritus</em></span> 
     </span>
    </p>
   </div>
   <div class='ocr_carea' id='block_1_36' title="bbox 281 3491 1946 3564">
    <p class='ocr_par' dir='ltr' id='par_1_36' title="bbox 281 3491 1946 3564">
     <span class='ocr_line' id='line_1_36' title="bbox 281 3491 1946 3564; baseline 0 -18"><span class='ocrx_word' id='word_1_243' title='bbox 281 3491 540 3548; x_wconf 84' lang='lat' dir='ltr'><em>latenter</em></span> <span class='ocrx_word' id='word_1_244' title='bbox 555 3491 665 3548; x_wconf 91' lang='lat' dir='ltr'><em>hoc</em></span> <span class='ocrx_word' id='word_1_245' title='bbox 678 3491 1068 3562; x_wconf 89' lang='lat' dir='ltr'><em>jusserat,qui</em></span> <span class='ocrx_word' id='word_1_246' title='bbox 1091 3509 1194 3564; x_wconf 88' lang='lat' dir='ltr'><em>per</em></span> <span class='ocrx_word' id='word_1_247' title='bbox 1209 3491 1377 3547; x_wconf 90' lang='lat' dir='ltr'><em>illum</em></span> <span class='ocrx_word' id='word_1_248' title='bbox 1395 3491 1677 3551; x_wconf 82' lang='lat' dir='ltr'><em>miracula</em></span> <span class='ocrx_word' id='word_1_249' title='bbox 1699 3491 1946 3548; x_wconf 83' lang='lat' dir='ltr'><em>faciebat</em></span> 
     </span>
    </p>
   </div>
   <div class='ocr_carea' id='block_1_37' title="bbox 288 3579 1946 3654">
    <p class='ocr_par' dir='ltr' id='par_1_37' title="bbox 288 3579 1946 3654">
     <span class='ocr_line' id='line_1_37' title="bbox 288 3579 1946 3654; baseline 0 -18"><span class='ocrx_word' id='word_1_250' title='bbox 288 3579 494 3653; x_wconf 73' lang='lat' dir='ltr'><em>(ludio.</em></span> <span class='ocrx_word' id='word_1_251' title='bbox 519 3579 658 3654; x_wconf 71' lang='lat' dir='ltr'><strong>XVI).</strong></span> <span class='ocrx_word' id='word_1_252' title='bbox 681 3580 782 3636; x_wconf 86' lang='lat' dir='ltr'><em>His</em></span> <span class='ocrx_word' id='word_1_253' title='bbox 810 3579 993 3654; x_wconf 87' lang='lat' dir='ltr'><em>igitur</em></span> <span class='ocrx_word' id='word_1_254' title='bbox 1019 3581 1298 3652; x_wconf 87' lang='lat' dir='ltr'><em>exceptis,</em></span> <span class='ocrx_word' id='word_1_255' title='bbox 1329 3596 1478 3654; x_wconf 89' lang='lat' dir='ltr'><em>quos</em></span> <span class='ocrx_word' id='word_1_256' title='bbox 1517 3579 1608 3636; x_wconf 88' lang='lat' dir='ltr'><em>vel</em></span> <span class='ocrx_word' id='word_1_257' title='bbox 1655 3579 1747 3635; x_wconf 86' lang='lat' dir='ltr'><em>lex</em></span> <span class='ocrx_word' id='word_1_258' title='bbox 1781 3581 1946 3652; x_wconf 87' lang='lat' dir='ltr'><em>justa</em></span> 
     </span>
    </p>
   </div>
   <div class='ocr_carea' id='block_1_38' title="bbox 283 3667 1946 3742">
    <p class='ocr_par' dir='ltr' id='par_1_38' title="bbox 283 3667 1946 3742">
     <span class='ocr_line' id='line_1_38' title="bbox 283 3667 1946 3742; baseline 0.001 -18"><span class='ocrx_word' id='word_1_259' title='bbox 283 3667 661 3741; x_wconf 84' lang='lat' dir='ltr'><em>generaliter,</em></span> <span class='ocrx_word' id='word_1_260' title='bbox 691 3667 782 3724; x_wconf 87' lang='lat' dir='ltr'><em>vel</em></span> <span class='ocrx_word' id='word_1_261' title='bbox 812 3669 939 3741; x_wconf 89' lang='lat' dir='ltr'><em>ipse</em></span> <span class='ocrx_word' id='word_1_262' title='bbox 969 3669 1098 3724; x_wconf 87' lang='lat' dir='ltr'><em>fons</em></span> <span class='ocrx_word' id='word_1_263' title='bbox 1116 3667 1387 3740; x_wconf 82' lang='lat' dir='ltr'><em>justititae</em></span> <span class='ocrx_word' id='word_1_264' title='bbox 1417 3668 1572 3724; x_wconf 88' lang='lat' dir='ltr'><em>Deus</em></span> <span class='ocrx_word' id='word_1_265' title='bbox 1615 3667 1946 3742; x_wconf 86' lang='lat' dir='ltr'><em>specialiter</em></span> 
     </span>
    </p>
   </div>
   <div class='ocr_carea' id='block_1_39' title="bbox 280 3755 1944 3830">
    <p class='ocr_par' dir='ltr' id='par_1_39' title="bbox 280 3755 1944 3830">
     <span class='ocr_line' id='line_1_39' title="bbox 280 3755 1944 3830; baseline -0.001 -16"><span class='ocrx_word' id='word_1_266' title='bbox 280 3757 476 3815; x_wconf 87' lang='lat' dir='ltr'><em>occidi</em></span> <span class='ocrx_word' id='word_1_267' title='bbox 499 3756 692 3829; x_wconf 89' lang='lat' dir='ltr'><em>jubet,</em></span> <span class='ocrx_word' id='word_1_268' title='bbox 727 3756 997 3830; x_wconf 87' lang='lat' dir='ltr'><em>quisquis</em></span> <span class='ocrx_word' id='word_1_269' title='bbox 1024 3756 1345 3823; x_wconf 89' lang='lat' dir='ltr'><em>hominem,</em></span> <span class='ocrx_word' id='word_1_270' title='bbox 1396 3755 1482 3814; x_wconf 87' lang='lat' dir='ltr'><em>vel</em></span> <span class='ocrx_word' id='word_1_271' title='bbox 1531 3756 1812 3830; x_wconf 88' lang='lat' dir='ltr'><em>seipsum,</em></span> <span class='ocrx_word' id='word_1_272' title='bbox 1855 3757 1944 3813; x_wconf 94' lang='lat' dir='ltr'><em>vel</em></span> 
     </span>
    </p>
   </div>
   <div class='ocr_carea' id='block_1_40' title="bbox 282 3844 1890 3919">
    <p class='ocr_par' dir='ltr' id='par_1_40' title="bbox 282 3844 1890 3919">
     <span class='ocr_line' id='line_1_40' title="bbox 282 3844 1890 3919; baseline -0.004 -17"><span class='ocrx_word' id='word_1_273' title='bbox 282 3845 613 3919; x_wconf 85' lang='lat' dir='ltr'><em>quemlibet</em></span> <span class='ocrx_word' id='word_1_274' title='bbox 641 3845 940 3914; x_wconf 88' lang='lat' dir='ltr'><em>occiderit,</em></span> <span class='ocrx_word' id='word_1_275' title='bbox 973 3844 1276 3902; x_wconf 87' lang='lat' dir='ltr'><em>homicidii</em></span> <span class='ocrx_word' id='word_1_276' title='bbox 1305 3845 1552 3902; x_wconf 88' lang='lat' dir='ltr'><em>crimine</em></span> <span class='ocrx_word' id='word_1_277' title='bbox 1575 3849 1828 3901; x_wconf 85' lang='lat' dir='ltr'><em>tenetur.</em></span> <span class='ocrx_word' id='word_1_278' title='bbox 1861 3867 1890 3897; x_wconf 88' lang='lat'>»</span> 
     </span>
    </p>
   </div>
   <div class='ocr_carea' id='block_1_41' title="bbox 283 3977 2039 4050">
    <p class='ocr_par' dir='ltr' id='par_1_41' title="bbox 283 3977 2039 4050">
     <span class='ocr_line' id='line_1_41' title="bbox 283 3977 2039 4050; baseline -0.003 -13"><span class='ocrx_word' id='word_1_279' title='bbox 283 3979 425 4039; x_wconf 70' lang='lat' dir='ltr'><em>CAP.</em></span> <span class='ocrx_word' id='word_1_280' title='bbox 457 3977 525 4036; x_wconf 89' lang='lat' dir='ltr'><em>X.</em></span> <span class='ocrx_word' id='word_1_281' title='bbox 557 4009 628 4020; x_wconf 91' lang='lat'><em>—-</em></span> <span class='ocrx_word' id='word_1_282' title='bbox 659 3977 809 4047; x_wconf 83' lang='lat' dir='ltr'><em>Quod</em></span> <span class='ocrx_word' id='word_1_283' title='bbox 839 3979 937 4050; x_wconf 89' lang='lat' dir='ltr'><em>qui</em></span> <span class='ocrx_word' id='word_1_284' title='bbox 967 3977 1108 4034; x_wconf 86' lang='lat' dir='ltr'><em>bella</em></span> <span class='ocrx_word' id='word_1_285' title='bbox 1141 3983 1394 4050; x_wconf 82' lang='lat' dir='ltr'><em>tractant,</em></span> <span class='ocrx_word' id='word_1_286' title='bbox 1426 3985 1475 4033; x_wconf 88' lang='lat' dir='ltr'><em>et</em></span> <span class='ocrx_word' id='word_1_287' title='bbox 1503 3978 1602 4033; x_wconf 88' lang='lat' dir='ltr'><em>sub</em></span> <span class='ocrx_word' id='word_1_288' title='bbox 1627 3979 1800 4034; x_wconf 87' lang='lat' dir='ltr'><em>armis</em></span> <span class='ocrx_word' id='word_1_289' title='bbox 1829 3979 1940 4033; x_wconf 85' lang='lat' dir='ltr'><em>mi-</em></span> <span class='ocrx_word' id='word_1_290' title='bbox 2034 4018 2039 4024; x_wconf 82' lang='lat'><em>.</em></span> 
     </span>
    </p>
   </div>
   <div class='ocr_carea' id='block_1_42' title="bbox 729 4049 1522 4120">
    <p class='ocr_par' dir='ltr' id='par_1_42' title="bbox 729 4049 1522 4120">
     <span class='ocr_line' id='line_1_42' title="bbox 729 4049 1522 4120; baseline -0.001 -16"><span class='ocrx_word' id='word_1_291' title='bbox 729 4049 913 4116; x_wconf 85' lang='lat' dir='ltr'><em>litant,</em></span> <span class='ocrx_word' id='word_1_292' title='bbox 943 4050 1050 4105; x_wconf 91' lang='lat' dir='ltr'><em>Deo</em></span> <span class='ocrx_word' id='word_1_293' title='bbox 1073 4065 1181 4104; x_wconf 85' lang='lat' dir='ltr'><em>non</em></span> <span class='ocrx_word' id='word_1_294' title='bbox 1213 4049 1522 4120; x_wconf 82' lang='lat' dir='ltr'><em>displicent.</em></span> 
     </span>
    </p>
   </div>
   <div class='ocr_carea' id='block_1_43' title="bbox 362 4155 1940 4238">
    <p class='ocr_par' dir='ltr' id='par_1_43' title="bbox 362 4155 1940 4238">
     <span class='ocr_line' id='line_1_43' title="bbox 362 4155 1940 4238; baseline -0.003 -14"><span class='ocrx_word' id='word_1_295' title='bbox 362 4155 528 4235; x_wconf 84' lang='lat' dir='ltr'><em>Quod</em></span> <span class='ocrx_word' id='word_1_296' title='bbox 559 4167 660 4238; x_wconf 87' lang='lat' dir='ltr'><em>qui</em></span> <span class='ocrx_word' id='word_1_297' title='bbox 709 4164 864 4222; x_wconf 86' lang='lat' dir='ltr'><em>bella</em></span> <span class='ocrx_word' id='word_1_298' title='bbox 909 4168 1185 4233; x_wconf 84' lang='lat' dir='ltr'><em>tractant,</em></span> <span class='ocrx_word' id='word_1_299' title='bbox 1219 4168 1277 4220; x_wconf 88' lang='lat' dir='ltr'><em>et</em></span> <span class='ocrx_word' id='word_1_300' title='bbox 1314 4165 1425 4220; x_wconf 89' lang='lat' dir='ltr'><em>sub</em></span> <span class='ocrx_word' id='word_1_301' title='bbox 1456 4163 1636 4220; x_wconf 89' lang='lat' dir='ltr'><em>armis</em></span> <span class='ocrx_word' id='word_1_302' title='bbox 1666 4163 1940 4234; x_wconf 85' lang='lat' dir='ltr'><em>militant,</em></span> 
     </span>
    </p>
   </div>
   <div class='ocr_carea' id='block_1_44' title="bbox 284 4253 1942 4327">
    <p class='ocr_par' dir='ltr' id='par_1_44' title="bbox 284 4253 1942 4327">
     <span class='ocr_line' id='line_1_44' title="bbox 284 4253 1942 4327; baseline -0.003 -13"><span class='ocrx_word' id='word_1_303' title='bbox 284 4257 409 4314; x_wconf 87' lang='lat' dir='ltr'><em>Deo</em></span> <span class='ocrx_word' id='word_1_304' title='bbox 441 4272 559 4312; x_wconf 84' lang='lat' dir='ltr'><em>non</em></span> <span class='ocrx_word' id='word_1_305' title='bbox 581 4253 1096 4327; x_wconf 85' lang='lat' dir='ltr'><em>displiceant,item</em></span> <span class='ocrx_word' id='word_1_306' title='bbox 1115 4253 1480 4326; x_wconf 83' lang='lat' dir='ltr'><em>Augustinus</em></span> <span class='ocrx_word' id='word_1_307' title='bbox 1493 4253 1562 4309; x_wconf 90' lang='lat' dir='ltr'><em>ad</em></span> <span class='ocrx_word' id='word_1_308' title='bbox 1579 4253 1942 4310; x_wconf 86' lang='lat' dir='ltr'><em>Bonifacium</em></span> 
     </span>
    </p>
   </div>
   <div class='ocr_carea' id='block_1_45' title="bbox 284 4340 1944 4418">
    <p class='ocr_par' dir='ltr' id='par_1_45' title="bbox 284 4340 1944 4418">
     <span class='ocr_line' id='line_1_45' title="bbox 284 4340 1944 4418; baseline -0.002 -16"><span class='ocrx_word' id='word_1_309' title='bbox 284 4347 470 4418; x_wconf 81' lang='lat' dir='ltr'><em>(epist.</em></span> <span class='ocrx_word' id='word_1_310' title='bbox 497 4344 625 4412; x_wconf 87' lang='lat'><em>205)</em></span> <span class='ocrx_word' id='word_1_311' title='bbox 649 4359 708 4400; x_wconf 85' lang='lat'><em>:«</em></span> <span class='ocrx_word' id='word_1_312' title='bbox 732 4341 863 4398; x_wconf 89' lang='lat' dir='ltr'><em>Noli</em></span> <span class='ocrx_word' id='word_1_313' title='bbox 891 4341 1228 4398; x_wconf 86' lang='lat' dir='ltr'><em>existimare</em></span> <span class='ocrx_word' id='word_1_314' title='bbox 1257 4340 1549 4396; x_wconf 89' lang='lat' dir='ltr'><em>neminem</em></span> <span class='ocrx_word' id='word_1_315' title='bbox 1581 4341 1698 4397; x_wconf 89' lang='lat' dir='ltr'><em>Deo</em></span> <span class='ocrx_word' id='word_1_316' title='bbox 1717 4341 1944 4415; x_wconf 85' lang='lat' dir='ltr'><em>placere</em></span> 
     </span>
    </p>
   </div>
   <div class='ocr_carea' id='block_1_46' title="bbox 285 4429 1946 4509">
    <p class='ocr_par' dir='ltr' id='par_1_46' title="bbox 285 4429 1946 4509">
     <span class='ocr_line' id='line_1_46' title="bbox 285 4429 1946 4509; baseline -0.003 -18"><span class='ocrx_word' id='word_1_317' title='bbox 285 4451 488 4509; x_wconf 84' lang='lat' dir='ltr'><em>posse,</em></span> <span class='ocrx_word' id='word_1_318' title='bbox 515 4432 618 4505; x_wconf 87' lang='lat' dir='ltr'><em>qui</em></span> <span class='ocrx_word' id='word_1_319' title='bbox 649 4431 710 4487; x_wconf 89' lang='lat' dir='ltr'><em>in</em></span> <span class='ocrx_word' id='word_1_320' title='bbox 743 4429 926 4488; x_wconf 89' lang='lat' dir='ltr'><em>armis</em></span> <span class='ocrx_word' id='word_1_321' title='bbox 953 4429 1182 4486; x_wconf 90' lang='lat' dir='ltr'><em>bellicis</em></span> <span class='ocrx_word' id='word_1_322' title='bbox 1209 4429 1512 4486; x_wconf 87' lang='lat' dir='ltr'><em>militat.ln</em></span> <span class='ocrx_word' id='word_1_323' title='bbox 1543 4429 1635 4485; x_wconf 90' lang='lat' dir='ltr'><em>his</em></span> <span class='ocrx_word' id='word_1_324' title='bbox 1665 4434 1791 4486; x_wconf 89' lang='lat' dir='ltr'><em>erat</em></span> <span class='ocrx_word' id='word_1_325' title='bbox 1815 4448 1946 4486; x_wconf 85' lang='lat' dir='ltr'><em>san-</em></span> 
     </span>
    </p>
   </div>
   <div class='ocr_carea' id='block_1_47' title="bbox 287 4519 1946 4592">
    <p class='ocr_par' dir='ltr' id='par_1_47' title="bbox 287 4519 1946 4592">
     <span class='ocr_line' id='line_1_47' title="bbox 287 4519 1946 4592; baseline -0.002 -12"><span class='ocrx_word' id='word_1_326' title='bbox 287 4527 424 4580; x_wconf 87' lang='lat' dir='ltr'><em>ctus</em></span> <span class='ocrx_word' id='word_1_327' title='bbox 453 4521 658 4591; x_wconf 88' lang='lat' dir='ltr'><em>David,</em></span> <span class='ocrx_word' id='word_1_328' title='bbox 691 4520 788 4576; x_wconf 92' lang='lat' dir='ltr'><em>cui</em></span> <span class='ocrx_word' id='word_1_329' title='bbox 825 4519 1110 4576; x_wconf 89' lang='lat' dir='ltr'><em>Dominus</em></span> <span class='ocrx_word' id='word_1_330' title='bbox 1157 4522 1278 4574; x_wconf 90' lang='lat' dir='ltr'><em>tam</em></span> <span class='ocrx_word' id='word_1_331' title='bbox 1319 4535 1600 4591; x_wconf 87' lang='lat' dir='ltr'><em>magnum</em></span> <span class='ocrx_word' id='word_1_332' title='bbox 1648 4519 1946 4592; x_wconf 88' lang='lat' dir='ltr'><em>perhibuit</em></span> 
     </span>
    </p>
   </div>
   <div class='ocr_carea' id='block_1_48' title="bbox 287 4605 1944 4681">
    <p class='ocr_par' dir='ltr' id='par_1_48' title="bbox 287 4605 1944 4681">
     <span class='ocr_line' id='line_1_48' title="bbox 287 4605 1944 4681; baseline -0.001 -14"><span class='ocrx_word' id='word_1_333' title='bbox 287 4609 724 4668; x_wconf 87' lang='lat' dir='ltr'><em>testimonium.</em></span> <span class='ocrx_word' id='word_1_334' title='bbox 759 4608 822 4664; x_wconf 90' lang='lat' dir='ltr'><em>In</em></span> <span class='ocrx_word' id='word_1_335' title='bbox 851 4607 948 4664; x_wconf 90' lang='lat' dir='ltr'><em>his</em></span> <span class='ocrx_word' id='word_1_336' title='bbox 994 4607 1170 4664; x_wconf 88' lang='lat' dir='ltr'><em>etiam</em></span> <span class='ocrx_word' id='word_1_337' title='bbox 1203 4605 1440 4680; x_wconf 89' lang='lat' dir='ltr'><em>plurimi</em></span> <span class='ocrx_word' id='word_1_338' title='bbox 1473 4606 1633 4663; x_wconf 89' lang='lat' dir='ltr'><em>illius</em></span> <span class='ocrx_word' id='word_1_339' title='bbox 1661 4608 1944 4681; x_wconf 88' lang='lat' dir='ltr'><em>temporis</em></span> 
     </span>
    </p>
   </div>
   <div class='ocr_carea' id='block_1_49' title="bbox 2058 713 3698 787">
    <p class='ocr_par' dir='ltr' id='par_1_49' title="bbox 2058 713 3698 787">
     <span class='ocr_line' id='line_1_49' title="bbox 2058 713 3698 787; baseline 0.002 -19"><span class='ocrx_word' id='word_1_340' title='bbox 2058 717 2224 768; x_wconf 87' lang='lat' dir='ltr'><em>erant</em></span> <span class='ocrx_word' id='word_1_341' title='bbox 2251 716 2310 769; x_wconf 86' lang='lat' dir='ltr'><em>et</em></span> <span class='ocrx_word' id='word_1_342' title='bbox 2333 713 2546 786; x_wconf 89' lang='lat' dir='ltr'><em>illi,qui</em></span> <span class='ocrx_word' id='word_1_343' title='bbox 2577 715 2910 787; x_wconf 85' lang='lat' dir='ltr'><em>baptizandi</em></span> <span class='ocrx_word' id='word_1_344' title='bbox 2941 731 3076 769; x_wconf 89' lang='lat' dir='ltr'><em>cum</em></span> <span class='ocrx_word' id='word_1_345' title='bbox 3103 715 3402 771; x_wconf 87' lang='lat' dir='ltr'><em>venissent</em></span> <span class='ocrx_word' id='word_1_346' title='bbox 3429 717 3500 771; x_wconf 88' lang='lat' dir='ltr'><em>ad</em></span> <span class='ocrx_word' id='word_1_347' title='bbox 3522 717 3698 772; x_wconf 74' lang='lat' dir='ltr'><em>J’oan—</em></span> 
     </span>
    </p>
   </div>
   <div class='ocr_carea' id='block_1_50' title="bbox 2059 801 3704 875">
    <p class='ocr_par' dir='ltr' id='par_1_50' title="bbox 2059 801 3704 875">
     <span class='ocr_line' id='line_1_50' title="bbox 2059 801 3704 875; baseline 0.003 -20"><span class='ocrx_word' id='word_1_348' title='bbox 2059 818 2190 856; x_wconf 87' lang='lat' dir='ltr'><em>nem</em></span> <span class='ocrx_word' id='word_1_349' title='bbox 2251 805 2522 858; x_wconf 89' lang='lat' dir='ltr'><em>sanctum</em></span> <span class='ocrx_word' id='word_1_350' title='bbox 2583 801 2811 858; x_wconf 90' lang='lat' dir='ltr'><em>Domini</em></span> <span class='ocrx_word' id='word_1_351' title='bbox 2868 807 3389 875; x_wconf 61' lang='lat' dir='ltr'><em>praecursorem,et</em></span> <span class='ocrx_word' id='word_1_352' title='bbox 3429 803 3704 860; x_wconf 78' lang='lat' dir='ltr'><em>amicum</em></span> 
     </span>
    </p>
   </div>
   <div class='ocr_carea' id='block_1_51' title="bbox 2057 891 3700 963">
    <p class='ocr_par' dir='ltr' id='par_1_51' title="bbox 2057 891 3700 963">
     <span class='ocr_line' id='line_1_51' title="bbox 2057 891 3700 963; baseline 0.004 -20"><span class='ocrx_word' id='word_1_353' title='bbox 2057 892 2359 962; x_wconf 87' lang='lat' dir='ltr'><em>sponsi,de</em></span> <span class='ocrx_word' id='word_1_354' title='bbox 2389 909 2505 963; x_wconf 91' lang='lat' dir='ltr'><em>quo</em></span> <span class='ocrx_word' id='word_1_355' title='bbox 2529 891 2653 962; x_wconf 89' lang='lat' dir='ltr'><em>ipse</em></span> <span class='ocrx_word' id='word_1_356' title='bbox 2672 891 2957 947; x_wconf 87' lang='lat' dir='ltr'><em>Dominus</em></span> <span class='ocrx_word' id='word_1_357' title='bbox 2986 891 3102 946; x_wconf 88' lang='lat' dir='ltr'><em>ait:</em></span> <span class='ocrx_word' id='word_1_358' title='bbox 3136 893 3200 946; x_wconf 85' lang='lat' dir='ltr'><em>In</em></span> <span class='ocrx_word' id='word_1_359' title='bbox 3229 894 3374 946; x_wconf 81' lang='lat' dir='ltr'><em>natis</em></span> <span class='ocrx_word' id='word_1_360' title='bbox 3400 893 3700 949; x_wconf 82' lang='lat' dir='ltr'><em>mulierum</em></span> 
     </span>
    </p>
   </div>
   <div class='ocr_carea' id='block_1_52' title="bbox 2056 977 3694 1054">
    <p class='ocr_par' dir='ltr' id='par_1_52' title="bbox 2056 977 3694 1054">
     <span class='ocr_line' id='line_1_52' title="bbox 2056 977 3694 1054; baseline 0.002 -22"><span class='ocrx_word' id='word_1_361' title='bbox 2056 995 2167 1032; x_wconf 85' lang='lat' dir='ltr'><em>non</em></span> <span class='ocrx_word' id='word_1_362' title='bbox 2211 983 2454 1035; x_wconf 72' lang='lat' dir='ltr'><em>surrexit</em></span> <span class='ocrx_word' id='word_1_363' title='bbox 2491 982 2669 1054; x_wconf 87' lang='lat' dir='ltr'><em>major</em></span> <span class='ocrx_word' id='word_1_364' title='bbox 2713 983 2918 1036; x_wconf 79' lang='lat' dir='ltr'><em>Joanne</em></span> <span class='ocrx_word' id='word_1_365' title='bbox 2963 981 3206 1052; x_wconf 82' lang='lat' dir='ltr'><em>Baptista</em></span> <span class='ocrx_word' id='word_1_366' title='bbox 3236 977 3440 1054; x_wconf 74' lang='lat' dir='ltr'><em>(Matth.</em></span> <span class='ocrx_word' id='word_1_367' title='bbox 3470 998 3548 1047; x_wconf 77' lang='lat' dir='ltr'><em>x1,</em></span> <span class='ocrx_word' id='word_1_368' title='bbox 3584 983 3694 1051; x_wconf 88' lang='grc'><strong>11),</strong></span> 
     </span>
    </p>
   </div>
   <div class='ocr_carea' id='block_1_53' title="bbox 2055 1068 3698 1140">
    <p class='ocr_par' dir='ltr' id='par_1_53' title="bbox 2055 1068 3698 1140">
     <span class='ocr_line' id='line_1_53' title="bbox 2055 1068 3698 1140; baseline 0.002 -20"><span class='ocrx_word' id='word_1_369' title='bbox 2055 1070 2114 1121; x_wconf 91' lang='lat' dir='ltr'><em>et</em></span> <span class='ocrx_word' id='word_1_370' title='bbox 2143 1068 2492 1138; x_wconf 66' lang='lat' dir='ltr'><em>quississent</em></span> <span class='ocrx_word' id='word_1_371' title='bbox 2519 1069 2592 1123; x_wconf 84' lang='lat' dir='ltr'><em>ab</em></span> <span class='ocrx_word' id='word_1_372' title='bbox 2617 1086 2684 1124; x_wconf 91' lang='lat' dir='ltr'><em>eo</em></span> <span class='ocrx_word' id='word_1_373' title='bbox 2715 1068 2854 1140; x_wconf 88' lang='lat' dir='ltr'><em>quid</em></span> <span class='ocrx_word' id='word_1_374' title='bbox 2888 1069 3144 1124; x_wconf 87' lang='lat' dir='ltr'><em>facerent</em></span> <span class='ocrx_word' id='word_1_375' title='bbox 3178 1069 3262 1124; x_wconf 86' lang='lat' dir='ltr'><em>ait</em></span> <span class='ocrx_word' id='word_1_376' title='bbox 3291 1068 3698 1124; x_wconf 80' lang='lat' dir='ltr'><em>eiszNeminem</em></span> 
     </span>
    </p>
   </div>
   <div class='ocr_carea' id='block_1_54' title="bbox 2055 1157 3705 1234">
    <p class='ocr_par' dir='ltr' id='par_1_54' title="bbox 2055 1157 3705 1234">
     <span class='ocr_line' id='line_1_54' title="bbox 2055 1157 3705 1234; baseline 0.001 -24"><span class='ocrx_word' id='word_1_377' title='bbox 2055 1157 2454 1222; x_wconf 77' lang='lat' dir='ltr'><em>concusseritis,</em></span> <span class='ocrx_word' id='word_1_378' title='bbox 2485 1157 2635 1212; x_wconf 88' lang='lat' dir='ltr'><em>nulli</em></span> <span class='ocrx_word' id='word_1_379' title='bbox 2661 1157 2998 1212; x_wconf 79' lang='lat' dir='ltr'><em>calumniam</em></span> <span class='ocrx_word' id='word_1_380' title='bbox 3025 1157 3530 1234; x_wconf 72' lang='lat' dir='ltr'><em>feceritis,sufﬁeiat</em></span> <span class='ocrx_word' id='word_1_381' title='bbox 3546 1159 3705 1214; x_wconf 80' lang='lat' dir='ltr'><em>vobis</em></span> 
     </span>
    </p>
   </div>
   <div class='ocr_carea' id='block_1_55' title="bbox 2053 1243 3699 1318">
    <p class='ocr_par' dir='ltr' id='par_1_55' title="bbox 2053 1243 3699 1318">
     <span class='ocr_line' id='line_1_55' title="bbox 2053 1243 3699 1318; baseline 0.001 -19"><span class='ocrx_word' id='word_1_382' title='bbox 2053 1245 2388 1315; x_wconf 82' lang='lat' dir='ltr'><em>stipendium</em></span> <span class='ocrx_word' id='word_1_383' title='bbox 2431 1251 2670 1300; x_wconf 88' lang='lat' dir='ltr'><em>vestrum</em></span> <span class='ocrx_word' id='word_1_384' title='bbox 2711 1244 2860 1317; x_wconf 86' lang='lat' dir='ltr'><em>(Luc.</em></span> <span class='ocrx_word' id='word_1_385' title='bbox 2893 1261 2978 1311; x_wconf 80' lang='lat' dir='ltr'><em>Ill,</em></span> <span class='ocrx_word' id='word_1_386' title='bbox 3010 1247 3101 1315; x_wconf 81' lang='grc'><em>14)</em></span> <span class='ocrx_word' id='word_1_387' title='bbox 3133 1262 3146 1301; x_wconf 90' lang='lat'><em>:</em></span> <span class='ocrx_word' id='word_1_388' title='bbox 3181 1262 3298 1300; x_wconf 92' lang='lat' dir='ltr'><em>non</em></span> <span class='ocrx_word' id='word_1_389' title='bbox 3347 1251 3462 1302; x_wconf 87' lang='lat' dir='ltr'><em>eos&#39;</em></span> <span class='ocrx_word' id='word_1_390' title='bbox 3495 1243 3699 1318; x_wconf 89' lang='lat' dir='ltr'><em>utique</em></span> 
     </span>
    </p>
   </div>
   <div class='ocr_carea' id='block_1_56' title="bbox 2054 1331 3699 1406">
    <p class='ocr_par' dir='ltr' id='par_1_56' title="bbox 2054 1331 3699 1406">
     <span class='ocr_line' id='line_1_56' title="bbox 2054 1331 3699 1406; baseline 0.002 -20"><span class='ocrx_word' id='word_1_391' title='bbox 2054 1333 2166 1386; x_wconf 87' lang='lat' dir='ltr'><em>sub</em></span> <span class='ocrx_word' id='word_1_392' title='bbox 2194 1333 2377 1388; x_wconf 82' lang='lat' dir='ltr'><em>armis</em></span> <span class='ocrx_word' id='word_1_393' title='bbox 2407 1331 2661 1388; x_wconf 76' lang='lat' dir='ltr'><em>militum</em></span> <span class='ocrx_word' id='word_1_394' title='bbox 2687 1332 3006 1405; x_wconf 84' lang='lat' dir='ltr'><em>prohibuit,</em></span> <span class='ocrx_word' id='word_1_395' title='bbox 3021 1331 3236 1405; x_wconf 84' lang='lat' dir='ltr'><em>quibus</em></span> <span class='ocrx_word' id='word_1_396' title='bbox 3265 1339 3440 1390; x_wconf 82' lang='lat' dir='ltr'><em>suum</em></span> <span class='ocrx_word' id='word_1_397' title='bbox 3472 1333 3699 1406; x_wconf 81' lang='lat' dir='ltr'><em>stipen-</em></span> 
     </span>
    </p>
   </div>
   <div class='ocr_carea' id='block_1_57' title="bbox 2055 1411 3710 1496">
    <p class='ocr_par' dir='ltr' id='par_1_57' title="bbox 2055 1411 3710 1496">
     <span class='ocr_line' id='line_1_57' title="bbox 2055 1411 3710 1496; baseline 0.001 -21"><span class='ocrx_word' id='word_1_398' title='bbox 2055 1420 2217 1476; x_wconf 90' lang='lat' dir='ltr'><em>dium</em></span> <span class='ocrx_word' id='word_1_399' title='bbox 2249 1421 2517 1477; x_wconf 87' lang='lat' dir='ltr'><em>sufﬁcere</em></span> <span class='ocrx_word' id='word_1_400' title='bbox 2547 1421 2758 1478; x_wconf 87' lang='lat' dir='ltr'><em>dobere</em></span> <span class='ocrx_word' id='word_1_401' title='bbox 2779 1421 3072 1494; x_wconf 79' lang='lat' dir='ltr'><em>praecepit.</em></span> <span class='ocrx_word' id='word_1_402' title='bbox 3103 1421 3216 1478; x_wconf 87' lang='lat' dir='ltr'><em>Alii</em></span> <span class='ocrx_word' id='word_1_403' title='bbox 3243 1438 3381 1496; x_wconf 90' lang='lat' dir='ltr'><em>ergo</em></span> <span class='ocrx_word' id='word_1_404' title='bbox 3411 1439 3516 1496; x_wconf 82' lang='lat' dir='ltr'><em>pro</em></span> <span class='ocrx_word' id='word_1_405' title='bbox 3535 1411 3710 1478; x_wconf 79' lang='lat' dir='ltr'><em>vobis-</em></span> 
     </span>
    </p>
   </div>
   <div class='ocr_carea' id='block_1_58' title="bbox 2054 1508 3698 1582">
    <p class='ocr_par' dir='ltr' id='par_1_58' title="bbox 2054 1508 3698 1582">
     <span class='ocr_line' id='line_1_58' title="bbox 2054 1508 3698 1582; baseline 0.001 -17"><span class='ocrx_word' id='word_1_406' title='bbox 2054 1510 2273 1565; x_wconf 89' lang='lat' dir='ltr'><em>orando</em></span> <span class='ocrx_word' id='word_1_407' title='bbox 2303 1514 2569 1582; x_wconf 85' lang='lat' dir='ltr'><em>pugnant</em></span> <span class='ocrx_word' id='word_1_408' title='bbox 2597 1514 2802 1566; x_wconf 87' lang='lat' dir='ltr'><em>contra</em></span> <span class='ocrx_word' id='word_1_409' title='bbox 2831 1508 3154 1566; x_wconf 86' lang='lat' dir='ltr'><em>invisibiles</em></span> <span class='ocrx_word' id='word_1_410' title='bbox 3182 1509 3454 1568; x_wconf 86' lang='lat' dir='ltr'><em>inimicos</em></span> <span class='ocrx_word' id='word_1_411' title='bbox 3471 1527 3574 1566; x_wconf 89' lang='lat' dir='ltr'><em>vos</em></span> <span class='ocrx_word' id='word_1_412' title='bbox 3593 1527 3698 1582; x_wconf 90' lang='lat' dir='ltr'><em>pro</em></span> 
     </span>
    </p>
   </div>
   <div class='ocr_carea' id='block_1_59' title="bbox 2055 1597 3694 1671">
    <p class='ocr_par' dir='ltr' id='par_1_59' title="bbox 2055 1597 3694 1671">
     <span class='ocr_line' id='line_1_59' title="bbox 2055 1597 3694 1671; baseline 0.001 -19"><span class='ocrx_word' id='word_1_413' title='bbox 2055 1598 2140 1653; x_wconf 90' lang='lat' dir='ltr'><em>eis</em></span> <span class='ocrx_word' id='word_1_414' title='bbox 2169 1599 2484 1671; x_wconf 88' lang='lat' dir='ltr'><em>pugnando</em></span> <span class='ocrx_word' id='word_1_415' title='bbox 2514 1599 2795 1655; x_wconf 85' lang='lat' dir='ltr'><em>laboratis</em></span> <span class='ocrx_word' id='word_1_416' title='bbox 2841 1603 3044 1655; x_wconf 86' lang='lat' dir='ltr'><em>contra</em></span> <span class='ocrx_word' id='word_1_417' title='bbox 3087 1597 3348 1655; x_wconf 84' lang='lat' dir='ltr'><em>visibiles</em></span> <span class='ocrx_word' id='word_1_418' title='bbox 3393 1599 3694 1656; x_wconf 88' lang='lat' dir='ltr'><em>barbaros.</em></span> 
     </span>
    </p>
   </div>
   <div class='ocr_carea' id='block_1_60' title="bbox 2054 1685 3696 1760">
    <p class='ocr_par' dir='ltr' id='par_1_60' title="bbox 2054 1685 3696 1760">
     <span class='ocr_line' id='line_1_60' title="bbox 2054 1685 3696 1760; baseline 0 -18"><span class='ocrx_word' id='word_1_419' title='bbox 2054 1685 2287 1742; x_wconf 89' lang='lat' dir='ltr'><em>Utinam</em></span> <span class='ocrx_word' id='word_1_420' title='bbox 2319 1704 2438 1744; x_wconf 86' lang='lat' dir='ltr'><em>una</em></span> <span class='ocrx_word' id='word_1_421' title='bbox 2467 1687 2612 1744; x_wconf 87' lang='lat' dir='ltr'><em>ﬁdes</em></span> <span class='ocrx_word' id='word_1_422' title='bbox 2647 1692 2802 1743; x_wconf 78' lang='lat' dir='ltr'><em>esset</em></span> <span class='ocrx_word' id='word_1_423' title='bbox 2831 1686 2892 1742; x_wconf 91' lang='lat' dir='ltr'><em>in</em></span> <span class='ocrx_word' id='word_1_424' title='bbox 2922 1687 3218 1757; x_wconf 89' lang='lat' dir='ltr'><em>omnibus,</em></span> <span class='ocrx_word' id='word_1_425' title='bbox 3247 1688 3389 1760; x_wconf 85' lang='lat' dir='ltr'><em>quia</em></span> <span class='ocrx_word' id='word_1_426' title='bbox 3413 1692 3469 1744; x_wconf 90' lang='lat' dir='ltr'><em>et</em></span> <span class='ocrx_word' id='word_1_427' title='bbox 3499 1687 3696 1744; x_wconf 89' lang='lat' dir='ltr'><em>minus</em></span> 
     </span>
    </p>
   </div>
   <div class='ocr_carea' id='block_1_61' title="bbox 2059 1774 3694 1850">
    <p class='ocr_par' dir='ltr' id='par_1_61' title="bbox 2059 1774 3694 1850">
     <span class='ocr_line' id='line_1_61' title="bbox 2059 1774 3694 1850; baseline 0.002 -20"><span class='ocrx_word' id='word_1_428' title='bbox 2059 1775 2438 1843; x_wconf 86' lang='lat' dir='ltr'><em>laboraretur,</em></span> <span class='ocrx_word' id='word_1_429' title='bbox 2467 1780 2526 1832; x_wconf 90' lang='lat' dir='ltr'><em>et</em></span> <span class='ocrx_word' id='word_1_430' title='bbox 2556 1775 2786 1832; x_wconf 82' lang='lat' dir='ltr'><em>facilius</em></span> <span class='ocrx_word' id='word_1_431' title='bbox 2827 1774 3096 1832; x_wconf 86' lang='lat' dir='ltr'><em>diabolus</em></span> <span class='ocrx_word' id='word_1_432' title='bbox 3131 1793 3266 1832; x_wconf 92' lang='lat' dir='ltr'><em>cum</em></span> <span class='ocrx_word' id='word_1_433' title='bbox 3317 1775 3442 1834; x_wconf 88' lang='lat' dir='ltr'><em>suis</em></span> <span class='ocrx_word' id='word_1_434' title='bbox 3473 1775 3694 1850; x_wconf 88' lang='lat' dir='ltr'><em>angelis</em></span> 
     </span>
    </p>
   </div>
   <div class='ocr_carea' id='block_1_62' title="bbox 2050 1863 3692 1940">
    <p class='ocr_par' dir='ltr' id='par_1_62' title="bbox 2050 1863 3692 1940">
     <span class='ocr_line' id='line_1_62' title="bbox 2050 1863 3692 1940; baseline 0.002 -23"><span class='ocrx_word' id='word_1_435' title='bbox 2050 1863 2398 1922; x_wconf 89' lang='lat' dir='ltr'><em>vinceretur.</em></span> <span class='ocrx_word' id='word_1_436' title='bbox 2433 1865 2550 1920; x_wconf 90' lang='lat' dir='ltr'><em>Hoc</em></span> <span class='ocrx_word' id='word_1_437' title='bbox 2598 1881 2734 1938; x_wconf 90' lang='lat' dir='ltr'><em>ergo</em></span> <span class='ocrx_word' id='word_1_438' title='bbox 2783 1865 3038 1938; x_wconf 77' lang='lat' dir='ltr'><em>primam</em></span> <span class='ocrx_word' id='word_1_439' title='bbox 3088 1863 3300 1938; x_wconf 88' lang='lat' dir='ltr'><em>cogita,</em></span> <span class='ocrx_word' id='word_1_440' title='bbox 3329 1865 3564 1940; x_wconf 90' lang='lat' dir='ltr'><em>quando</em></span> <span class='ocrx_word' id='word_1_441' title='bbox 3599 1883 3692 1921; x_wconf 86' lang='lat' dir='ltr'><em>ar-</em></span> 
     </span>
    </p>
   </div>
   <div class='ocr_carea' id='block_1_63' title="bbox 2054 1952 3694 2027">
    <p class='ocr_par' dir='ltr' id='par_1_63' title="bbox 2054 1952 3694 2027">
     <span class='ocr_line' id='line_1_63' title="bbox 2054 1952 3694 2027; baseline 0.002 -20"><span class='ocrx_word' id='word_1_442' title='bbox 2054 1952 2233 2008; x_wconf 89' lang='lat' dir='ltr'><em>maris</em></span> <span class='ocrx_word' id='word_1_443' title='bbox 2264 1953 2336 2008; x_wconf 88' lang='lat' dir='ltr'><em>ad</em></span> <span class='ocrx_word' id='word_1_444' title='bbox 2359 1953 2788 2027; x_wconf 86' lang='lat' dir='ltr'><em>pugnam,quia</em></span> <span class='ocrx_word' id='word_1_445' title='bbox 2816 1952 3001 2009; x_wconf 88' lang='lat' dir='ltr'><em>virtus</em></span> <span class='ocrx_word' id='word_1_446' title='bbox 3030 1957 3134 2010; x_wconf 89' lang='lat' dir='ltr'><em>tua</em></span> <span class='ocrx_word' id='word_1_447' title='bbox 3153 1953 3329 2010; x_wconf 89' lang='lat' dir='ltr'><em>etiam</em></span> <span class='ocrx_word' id='word_1_448' title='bbox 3350 1954 3479 2027; x_wconf 87' lang='lat' dir='ltr'><em>ipsa</em></span> <span class='ocrx_word' id='word_1_449' title='bbox 3497 1970 3694 2026; x_wconf 86' lang='lat' dir='ltr'><em>corpo-</em></span> 
     </span>
    </p>
   </div>
   <div class='ocr_carea' id='block_1_64' title="bbox 2051 2040 3692 2114">
    <p class='ocr_par' dir='ltr' id='par_1_64' title="bbox 2051 2040 3692 2114">
     <span class='ocr_line' id='line_1_64' title="bbox 2051 2040 3692 2114; baseline 0.002 -19"><span class='ocrx_word' id='word_1_450' title='bbox 2051 2040 2189 2096; x_wconf 89' lang='lat' dir='ltr'><em>ralis</em></span> <span class='ocrx_word' id='word_1_451' title='bbox 2219 2042 2438 2097; x_wconf 90' lang='lat' dir='ltr'><em>donum</em></span> <span class='ocrx_word' id='word_1_452' title='bbox 2470 2041 2572 2098; x_wconf 90' lang='lat' dir='ltr'><em>Dei</em></span> <span class='ocrx_word' id='word_1_453' title='bbox 2601 2041 2809 2098; x_wconf 89' lang='lat' dir='ltr'><em>est.Sic</em></span> <span class='ocrx_word' id='word_1_454' title='bbox 2837 2043 2996 2098; x_wconf 89' lang='lat' dir='ltr'><em>enim</em></span> <span class='ocrx_word' id='word_1_455' title='bbox 3026 2041 3312 2114; x_wconf 87' lang='lat' dir='ltr'><em>cogitabis</em></span> <span class='ocrx_word' id='word_1_456' title='bbox 3325 2043 3397 2098; x_wconf 91' lang='lat' dir='ltr'><em>de</em></span> <span class='ocrx_word' id='word_1_457' title='bbox 3417 2041 3568 2098; x_wconf 91' lang='lat' dir='ltr'><em>dono</em></span> <span class='ocrx_word' id='word_1_458' title='bbox 3588 2041 3692 2098; x_wconf 89' lang='lat' dir='ltr'><em>Dei</em></span> 
     </span>
    </p>
   </div>
   <div class='ocr_carea' id='block_1_65' title="bbox 2049 2130 3693 2204">
    <p class='ocr_par' dir='ltr' id='par_1_65' title="bbox 2049 2130 3693 2204">
     <span class='ocr_line' id='line_1_65' title="bbox 2049 2130 3693 2204; baseline 0.002 -21"><span class='ocrx_word' id='word_1_459' title='bbox 2049 2147 2164 2184; x_wconf 89' lang='lat' dir='ltr'><em>non</em></span> <span class='ocrx_word' id='word_1_460' title='bbox 2197 2132 2383 2186; x_wconf 80' lang='lat' dir='ltr'><em>facere</em></span> <span class='ocrx_word' id='word_1_461' title='bbox 2412 2134 2614 2186; x_wconf 90' lang='lat' dir='ltr'><em>contra</em></span> <span class='ocrx_word' id='word_1_462' title='bbox 2643 2131 2848 2186; x_wconf 88' lang='lat' dir='ltr'><em>Deum.</em></span> <span class='ocrx_word' id='word_1_463' title='bbox 2883 2131 3052 2186; x_wconf 90' lang='lat' dir='ltr'><em>Fides</em></span> <span class='ocrx_word' id='word_1_464' title='bbox 3081 2130 3238 2187; x_wconf 89' lang='lat' dir='ltr'><em>enim</em></span> <span class='ocrx_word' id='word_1_465' title='bbox 3285 2131 3521 2204; x_wconf 85' lang='lat' dir='ltr'><em>quando</em></span> <span class='ocrx_word' id='word_1_466' title='bbox 3561 2147 3693 2204; x_wconf 82' lang='lat' dir='ltr'><em>pro-</em></span> 
     </span>
    </p>
   </div>
   <div class='ocr_carea' id='block_1_66' title="bbox 2049 2217 3695 2292">
    <p class='ocr_par' dir='ltr' id='par_1_66' title="bbox 2049 2217 3695 2292">
     <span class='ocr_line' id='line_1_66' title="bbox 2049 2217 3695 2292; baseline 0.002 -21"><span class='ocrx_word' id='word_1_467' title='bbox 2049 2217 2503 2286; x_wconf 85' lang='lat' dir='ltr'><em>mittitur,etiam</em></span> <span class='ocrx_word' id='word_1_468' title='bbox 2534 2218 2689 2274; x_wconf 86' lang='lat' dir='ltr'><em>hosti</em></span> <span class='ocrx_word' id='word_1_469' title='bbox 2720 2219 3004 2275; x_wconf 85' lang='lat' dir='ltr'><em>servanda</em></span> <span class='ocrx_word' id='word_1_470' title='bbox 3021 2223 3116 2274; x_wconf 84' lang='lat' dir='ltr'><em>est</em></span> <span class='ocrx_word' id='word_1_471' title='bbox 3137 2223 3342 2274; x_wconf 90' lang='lat' dir='ltr'><em>contra</em></span> <span class='ocrx_word' id='word_1_472' title='bbox 3369 2235 3543 2292; x_wconf 87' lang='lat' dir='ltr'><em>quem</em></span> <span class='ocrx_word' id='word_1_473' title='bbox 3565 2218 3695 2274; x_wconf 82' lang='lat' dir='ltr'><em>hel-</em></span> 
     </span>
    </p>
   </div>
   <div class='ocr_carea' id='block_1_67' title="bbox 2048 2303 3696 2380">
    <p class='ocr_par' dir='ltr' id='par_1_67' title="bbox 2048 2303 3696 2380">
     <span class='ocr_line' id='line_1_67' title="bbox 2048 2303 3696 2380; baseline 0.002 -21"><span class='ocrx_word' id='word_1_474' title='bbox 2048 2303 2174 2360; x_wconf 90' lang='lat' dir='ltr'><em>lum</em></span> <span class='ocrx_word' id='word_1_475' title='bbox 2204 2305 2671 2380; x_wconf 87' lang='lat' dir='ltr'><em>geritur,quanto</em></span> <span class='ocrx_word' id='word_1_476' title='bbox 2692 2306 2880 2378; x_wconf 87' lang='lat' dir='ltr'><em>magis</em></span> <span class='ocrx_word' id='word_1_477' title='bbox 2897 2307 3086 2362; x_wconf 88' lang='lat' dir='ltr'><em>amico</em></span> <span class='ocrx_word' id='word_1_478' title='bbox 3113 2324 3216 2380; x_wconf 90' lang='lat' dir='ltr'><em>pro</em></span> <span class='ocrx_word' id='word_1_479' title='bbox 3233 2323 3348 2380; x_wconf 90' lang='lat' dir='ltr'><em>quo</em></span> <span class='ocrx_word' id='word_1_480' title='bbox 3367 2307 3696 2380; x_wconf 83' lang='lat' dir='ltr'><em>pugnatur?</em></span> 
     </span>
    </p>
   </div>
   <div class='ocr_carea' id='block_1_68' title="bbox 2051 2394 3698 2464">
    <p class='ocr_par' dir='ltr' id='par_1_68' title="bbox 2051 2394 3698 2464">
     <span class='ocr_line' id='line_1_68' title="bbox 2051 2394 3698 2464; baseline 0.001 -14"><span class='ocrx_word' id='word_1_481' title='bbox 2051 2395 2256 2450; x_wconf 89' lang='lat' dir='ltr'><em>Pacem</em></span> <span class='ocrx_word' id='word_1_482' title='bbox 2287 2394 2500 2450; x_wconf 87' lang='lat' dir='ltr'><em>habere</em></span> <span class='ocrx_word' id='word_1_483' title='bbox 2529 2394 2700 2450; x_wconf 87' lang='lat' dir='ltr'><em>debet</em></span> <span class='ocrx_word' id='word_1_484' title='bbox 2718 2394 3009 2464; x_wconf 87' lang='lat' dir='ltr'><em>voluntas,</em></span> <span class='ocrx_word' id='word_1_485' title='bbox 3039 2395 3262 2451; x_wconf 90' lang='lat' dir='ltr'><em>bellum</em></span> <span class='ocrx_word' id='word_1_486' title='bbox 3286 2395 3698 2462; x_wconf 81' lang='lat' dir='ltr'><em>necessitas,ut</em></span> 
     </span>
    </p>
   </div>
   <div class='ocr_carea' id='block_1_69' title="bbox 2048 2483 3695 2556">
    <p class='ocr_par' dir='ltr' id='par_1_69' title="bbox 2048 2483 3695 2556">
     <span class='ocr_line' id='line_1_69' title="bbox 2048 2483 3695 2556; baseline 0.001 -18"><span class='ocrx_word' id='word_1_487' title='bbox 2048 2483 2254 2539; x_wconf 88' lang='lat' dir='ltr'><em>liberet</em></span> <span class='ocrx_word' id='word_1_488' title='bbox 2283 2483 2437 2540; x_wconf 90' lang='lat' dir='ltr'><em>Deus</em></span> <span class='ocrx_word' id='word_1_489' title='bbox 2467 2499 2502 2539; x_wconf 92' lang='lat' dir='ltr'><em>a</em></span> <span class='ocrx_word' id='word_1_490' title='bbox 2531 2483 2957 2551; x_wconf 87' lang='lat' dir='ltr'><em>necessitate,et</em></span> <span class='ocrx_word' id='word_1_491' title='bbox 2987 2487 3286 2540; x_wconf 88' lang='lat' dir='ltr'><em>conservet</em></span> <span class='ocrx_word' id='word_1_492' title='bbox 3311 2483 3373 2539; x_wconf 92' lang='lat' dir='ltr'><em>in</em></span> <span class='ocrx_word' id='word_1_493' title='bbox 3402 2484 3695 2556; x_wconf 89' lang='lat' dir='ltr'><em>pace.Non</em></span> 
     </span>
    </p>
   </div>
   <div class='ocr_carea' id='block_1_70' title="bbox 2049 2571 3694 2644">
    <p class='ocr_par' dir='ltr' id='par_1_70' title="bbox 2049 2571 3694 2644">
     <span class='ocr_line' id='line_1_70' title="bbox 2049 2571 3694 2644; baseline 0.001 -17"><span class='ocrx_word' id='word_1_494' title='bbox 2049 2572 2204 2627; x_wconf 91' lang='lat' dir='ltr'><em>enim</em></span> <span class='ocrx_word' id='word_1_495' title='bbox 2240 2589 2352 2644; x_wconf 85' lang='lat' dir='ltr'><em>pax</em></span> <span class='ocrx_word' id='word_1_496' title='bbox 2379 2571 2662 2644; x_wconf 73' lang='lat' dir='ltr'><em>quaeritur</em></span> <span class='ocrx_word' id='word_1_497' title='bbox 2689 2577 2755 2627; x_wconf 90' lang='lat' dir='ltr'><em>ut</em></span> <span class='ocrx_word' id='word_1_498' title='bbox 2785 2571 3002 2627; x_wconf 90' lang='lat' dir='ltr'><em>bellum</em></span> <span class='ocrx_word' id='word_1_499' title='bbox 3032 2572 3332 2640; x_wconf 84' lang='lat' dir='ltr'><em>excitetur,</em></span> <span class='ocrx_word' id='word_1_500' title='bbox 3349 2573 3453 2628; x_wconf 89' lang='lat' dir='ltr'><em>sed</em></span> <span class='ocrx_word' id='word_1_501' title='bbox 3475 2571 3694 2629; x_wconf 89' lang='lat' dir='ltr'><em>bellum</em></span> 
     </span>
    </p>
   </div>
   <div class='ocr_carea' id='block_1_71' title="bbox 2049 2659 3694 2734">
    <p class='ocr_par' dir='ltr' id='par_1_71' title="bbox 2049 2659 3694 2734">
     <span class='ocr_line' id='line_1_71' title="bbox 2049 2659 3694 2734; baseline 0.001 -18"><span class='ocrx_word' id='word_1_502' title='bbox 2049 2661 2272 2734; x_wconf 85' lang='lat' dir='ltr'><em>geritur</em></span> <span class='ocrx_word' id='word_1_503' title='bbox 2315 2664 2380 2716; x_wconf 92' lang='lat' dir='ltr'><em>ut</em></span> <span class='ocrx_word' id='word_1_504' title='bbox 2423 2678 2533 2734; x_wconf 84' lang='lat' dir='ltr'><em>pax</em></span> <span class='ocrx_word' id='word_1_505' title='bbox 2591 2661 2945 2732; x_wconf 88' lang='lat' dir='ltr'><em>acquiratur.</em></span> <span class='ocrx_word' id='word_1_506' title='bbox 2994 2661 3130 2717; x_wconf 89' lang='lat' dir='ltr'><em>Esto</em></span> <span class='ocrx_word' id='word_1_507' title='bbox 3188 2661 3364 2717; x_wconf 88' lang='lat' dir='ltr'><em>etiam</em></span> <span class='ocrx_word' id='word_1_508' title='bbox 3423 2659 3694 2718; x_wconf 91' lang='lat' dir='ltr'><em>bellando</em></span> 
     </span>
    </p>
   </div>
   <div class='ocr_carea' id='block_1_72' title="bbox 2049 2747 3692 2823">
    <p class='ocr_par' dir='ltr' id='par_1_72' title="bbox 2049 2747 3692 2823">
     <span class='ocr_line' id='line_1_72' title="bbox 2049 2747 3692 2823; baseline 0.001 -19"><span class='ocrx_word' id='word_1_509' title='bbox 2049 2749 2332 2822; x_wconf 88' lang='lat' dir='ltr'><em>paciﬁcus</em></span> <span class='ocrx_word' id='word_1_510' title='bbox 2361 2753 2428 2804; x_wconf 88' lang='lat' dir='ltr'><em>ut</em></span> <span class='ocrx_word' id='word_1_511' title='bbox 2457 2765 2555 2806; x_wconf 89' lang='lat' dir='ltr'><em>eos</em></span> <span class='ocrx_word' id='word_1_512' title='bbox 2581 2765 2738 2821; x_wconf 30' lang='lat' dir='ltr'><em>quos»</em></span> <span class='ocrx_word' id='word_1_513' title='bbox 2753 2765 3054 2823; x_wconf 85' lang='lat' dir='ltr'><em>expugnas</em></span> <span class='ocrx_word' id='word_1_514' title='bbox 3082 2749 3154 2805; x_wconf 89' lang='lat' dir='ltr'><em>ad</em></span> <span class='ocrx_word' id='word_1_515' title='bbox 3185 2749 3346 2822; x_wconf 89' lang='lat' dir='ltr'><em>pacis</em></span> <span class='ocrx_word' id='word_1_516' title='bbox 3377 2747 3692 2806; x_wconf 84' lang='lat' dir='ltr'><em>utilitatem</em></span> 
     </span>
    </p>
   </div>
   <div class='ocr_carea' id='block_1_73' title="bbox 2048 2837 3690 2910">
    <p class='ocr_par' dir='ltr' id='par_1_73' title="bbox 2048 2837 3690 2910">
     <span class='ocr_line' id='line_1_73' title="bbox 2048 2837 3690 2910; baseline 0 -18"><span class='ocrx_word' id='word_1_517' title='bbox 2048 2837 2330 2894; x_wconf 88' lang='lat' dir='ltr'><em>vincendo</em></span> <span class='ocrx_word' id='word_1_518' title='bbox 2363 2838 2832 2910; x_wconf 86' lang='lat' dir='ltr'><em>perducas,Beati</em></span> <span class='ocrx_word' id='word_1_519' title='bbox 2859 2839 3008 2892; x_wconf 86' lang='lat' dir='ltr'><em>enim</em></span> <span class='ocrx_word' id='word_1_520' title='bbox 3028 2837 3358 2909; x_wconf 82' lang='lat' dir='ltr'><em>paciﬁci,ait</em></span> <span class='ocrx_word' id='word_1_521' title='bbox 3385 2837 3690 2905; x_wconf 87' lang='lat' dir='ltr'><em>Dominus,</em></span> 
     </span>
    </p>
   </div>
   <div class='ocr_carea' id='block_1_74' title="bbox 2047 2925 3692 2999">
    <p class='ocr_par' dir='ltr' id='par_1_74' title="bbox 2047 2925 3692 2999">
     <span class='ocr_line' id='line_1_74' title="bbox 2047 2925 3692 2999; baseline 0 -17"><span class='ocrx_word' id='word_1_522' title='bbox 2047 2928 2309 2998; x_wconf 75' lang='lat' dir='ltr'><em>quoniam</em></span> <span class='ocrx_word' id='word_1_523' title='bbox 2335 2927 2447 2997; x_wconf 73' lang='lat' dir='ltr'><em>ﬁlii</em></span> <span class='ocrx_word' id='word_1_524' title='bbox 2472 2927 2572 2981; x_wconf 85' lang='lat' dir='ltr'><em>Dei</em></span> <span class='ocrx_word' id='word_1_525' title='bbox 2597 2926 2932 2982; x_wconf 85' lang='lat' dir='ltr'><em>vocabuntur</em></span> <span class='ocrx_word' id='word_1_526' title='bbox 2968 2925 3191 2999; x_wconf 80' lang='lat' dir='ltr'><em>(Matth.-</em></span> <span class='ocrx_word' id='word_1_527' title='bbox 3210 2943 3269 2993; x_wconf 89' lang='lat' dir='ltr'><em>v,</em></span> <span class='ocrx_word' id='word_1_528' title='bbox 3297 2925 3373 2995; x_wconf 87' lang='lat'><strong>9).</strong></span> <span class='ocrx_word' id='word_1_529' title='bbox 3407 2925 3466 2982; x_wconf 88' lang='lat' dir='ltr'><em>Si</em></span> <span class='ocrx_word' id='word_1_530' title='bbox 3495 2929 3692 2982; x_wconf 87' lang='lat' dir='ltr'><em>autem</em></span> 
     </span>
    </p>
   </div>
   <div class='ocr_carea' id='block_1_75' title="bbox 2047 3012 3696 3087">
    <p class='ocr_par' dir='ltr' id='par_1_75' title="bbox 2047 3012 3696 3087">
     <span class='ocr_line' id='line_1_75' title="bbox 2047 3012 3696 3087; baseline 0.001 -18"><span class='ocrx_word' id='word_1_531' title='bbox 2047 3031 2160 3087; x_wconf 86' lang='lat' dir='ltr'><em>pax</em></span> <span class='ocrx_word' id='word_1_532' title='bbox 2186 3013 2447 3069; x_wconf 87' lang='lat' dir='ltr'><em>humana</em></span> <span class='ocrx_word' id='word_1_533' title='bbox 2475 3017 2597 3069; x_wconf 88' lang='lat' dir='ltr'><em>tam</em></span> <span class='ocrx_word' id='word_1_534' title='bbox 2628 3012 2816 3068; x_wconf 89' lang='lat' dir='ltr'><em>dulcis</em></span> <span class='ocrx_word' id='word_1_535' title='bbox 2861 3017 2950 3069; x_wconf 91' lang='lat' dir='ltr'><em>est</em></span> <span class='ocrx_word' id='word_1_536' title='bbox 2995 3030 3097 3086; x_wconf 92' lang='lat' dir='ltr'><em>pro</em></span> <span class='ocrx_word' id='word_1_537' title='bbox 3150 3012 3456 3086; x_wconf 81' lang='lat' dir='ltr'><em>temporali</em></span> <span class='ocrx_word' id='word_1_538' title='bbox 3502 3013 3696 3071; x_wconf 84' lang='lat' dir='ltr'><em>salute</em></span> 
     </span>
    </p>
   </div>
   <div class='ocr_carea' id='block_1_76' title="bbox 2048 3101 3695 3176">
    <p class='ocr_par' dir='ltr' id='par_1_76' title="bbox 2048 3101 3695 3176">
     <span class='ocr_line' id='line_1_76' title="bbox 2048 3101 3695 3176; baseline 0 -17"><span class='ocrx_word' id='word_1_539' title='bbox 2048 3103 2634 3174; x_wconf 82' lang='lat' dir='ltr'><em>mortalium,quanto</em></span> <span class='ocrx_word' id='word_1_540' title='bbox 2645 3107 2736 3158; x_wconf 88' lang='lat' dir='ltr'><em>est</em></span> <span class='ocrx_word' id='word_1_541' title='bbox 2745 3101 2974 3158; x_wconf 90' lang='lat' dir='ltr'><em>dulcior</em></span> <span class='ocrx_word' id='word_1_542' title='bbox 2993 3119 3104 3174; x_wconf 79' lang='lat' dir='ltr'><em>pax</em></span> <span class='ocrx_word' id='word_1_543' title='bbox 3120 3101 3316 3159; x_wconf 89' lang='lat' dir='ltr'><em>divina</em></span> <span class='ocrx_word' id='word_1_544' title='bbox 3334 3119 3439 3176; x_wconf 90' lang='lat' dir='ltr'><em>pro</em></span> <span class='ocrx_word' id='word_1_545' title='bbox 3457 3105 3695 3160; x_wconf 84' lang='lat' dir='ltr'><em>externa</em></span> 
     </span>
    </p>
   </div>
   <div class='ocr_carea' id='block_1_77' title="bbox 2047 3191 3697 3264">
    <p class='ocr_par' dir='ltr' id='par_1_77' title="bbox 2047 3191 3697 3264">
     <span class='ocr_line' id='line_1_77' title="bbox 2047 3191 3697 3264; baseline 0 -16"><span class='ocrx_word' id='word_1_546' title='bbox 2047 3191 2235 3248; x_wconf 86' lang='lat' dir='ltr'><em>salute</em></span> <span class='ocrx_word' id='word_1_547' title='bbox 2245 3191 2626 3264; x_wconf 84' lang='lat' dir='ltr'><em>angelorum?</em></span> <span class='ocrx_word' id='word_1_548' title='bbox 2652 3192 2852 3263; x_wconf 89' lang='lat' dir='ltr'><em>Itaque</em></span> <span class='ocrx_word' id='word_1_549' title='bbox 2873 3191 3101 3247; x_wconf 87' lang='lat' dir='ltr'><em>hostem</em></span> <span class='ocrx_word' id='word_1_550' title='bbox 3122 3195 3480 3264; x_wconf 88' lang='lat' dir='ltr'><em>pugnantem</em></span> <span class='ocrx_word' id='word_1_551' title='bbox 3504 3207 3697 3248; x_wconf 71' lang='lat' dir='ltr'><em>neces-&#39;</em></span> 
     </span>
    </p>
   </div>
   <div class='ocr_carea' id='block_1_78' title="bbox 2048 3278 3696 3352">
    <p class='ocr_par' dir='ltr' id='par_1_78' title="bbox 2048 3278 3696 3352">
     <span class='ocr_line' id='line_1_78' title="bbox 2048 3278 3696 3352; baseline 0 -15"><span class='ocrx_word' id='word_1_552' title='bbox 2048 3280 2192 3337; x_wconf 87' lang='lat' dir='ltr'><em>sitas</em></span> <span class='ocrx_word' id='word_1_553' title='bbox 2222 3280 2490 3352; x_wconf 84' lang='lat' dir='ltr'><em>perimat,</em></span> <span class='ocrx_word' id='word_1_554' title='bbox 2524 3297 2639 3336; x_wconf 89' lang='lat' dir='ltr'><em>non</em></span> <span class='ocrx_word' id='word_1_555' title='bbox 2667 3279 2956 3336; x_wconf 89' lang='lat' dir='ltr'><em>voluntas.</em></span> <span class='ocrx_word' id='word_1_556' title='bbox 2983 3279 3147 3336; x_wconf 90' lang='lat' dir='ltr'><em>Sicut</em></span> <span class='ocrx_word' id='word_1_557' title='bbox 3188 3278 3491 3336; x_wconf 88' lang='lat' dir='ltr'><em>rebellanti</em></span> <span class='ocrx_word' id='word_1_558' title='bbox 3521 3284 3579 3336; x_wconf 89' lang='lat' dir='ltr'><em>et</em></span> <span class='ocrx_word' id='word_1_559' title='bbox 3606 3290 3696 3337; x_wconf 83' lang='lat' dir='ltr'><em>re-</em></span> 
     </span>
    </p>
   </div>
   <div class='ocr_carea' id='block_1_79' title="bbox 2052 3367 3698 3442">
    <p class='ocr_par' dir='ltr' id='par_1_79' title="bbox 2052 3367 3698 3442">
     <span class='ocr_line' id='line_1_79' title="bbox 2052 3367 3698 3442; baseline 0 -17"><span class='ocrx_word' id='word_1_560' title='bbox 2052 3369 2280 3426; x_wconf 88' lang='lat' dir='ltr'><em>sistenti</em></span> <span class='ocrx_word' id='word_1_561' title='bbox 2311 3367 2588 3424; x_wconf 87' lang='lat' dir='ltr'><em>violentia</em></span> <span class='ocrx_word' id='word_1_562' title='bbox 2616 3369 2898 3437; x_wconf 88' lang='lat' dir='ltr'><em>redditur,</em></span> <span class='ocrx_word' id='word_1_563' title='bbox 2929 3367 3013 3424; x_wconf 89' lang='lat' dir='ltr'><em>ita</em></span> <span class='ocrx_word' id='word_1_564' title='bbox 3035 3367 3186 3424; x_wconf 88' lang='lat' dir='ltr'><em>victo</em></span> <span class='ocrx_word' id='word_1_565' title='bbox 3213 3367 3304 3424; x_wconf 90' lang='lat' dir='ltr'><em>vel</em></span> <span class='ocrx_word' id='word_1_566' title='bbox 3330 3371 3499 3442; x_wconf 87' lang='lat' dir='ltr'><em>capto</em></span> <span class='ocrx_word' id='word_1_567' title='bbox 3522 3368 3698 3425; x_wconf 78' lang='lat' dir='ltr'><em>mise-</em></span> 
     </span>
    </p>
   </div>
   <div class='ocr_carea' id='block_1_80' title="bbox 2053 3455 3698 3530">
    <p class='ocr_par' dir='ltr' id='par_1_80' title="bbox 2053 3455 3698 3530">
     <span class='ocr_line' id='line_1_80' title="bbox 2053 3455 3698 3530; baseline 0.001 -18"><span class='ocrx_word' id='word_1_568' title='bbox 2053 3457 2305 3514; x_wconf 89' lang='lat' dir='ltr'><em>ricordia</em></span> <span class='ocrx_word' id='word_1_569' title='bbox 2323 3457 2452 3528; x_wconf 90' lang='lat' dir='ltr'><em>jam</em></span> <span class='ocrx_word' id='word_1_570' title='bbox 2475 3457 3000 3525; x_wconf 77' lang='lat' dir='ltr'><em>debetur,maxi&#39;me</em></span> <span class='ocrx_word' id='word_1_571' title='bbox 3026 3455 3087 3512; x_wconf 91' lang='lat' dir='ltr'><em>in</em></span> <span class='ocrx_word' id='word_1_572' title='bbox 3120 3473 3236 3530; x_wconf 91' lang='lat' dir='ltr'><em>quo</em></span> <span class='ocrx_word' id='word_1_573' title='bbox 3265 3457 3428 3530; x_wconf 88' lang='lat' dir='ltr'><em>pacis</em></span> <span class='ocrx_word' id='word_1_574' title='bbox 3470 3462 3698 3530; x_wconf 85' lang='lat' dir='ltr'><em>pertur-</em></span> 
     </span>
    </p>
   </div>
   <div class='ocr_carea' id='block_1_81' title="bbox 2053 3545 3699 3620">
    <p class='ocr_par' dir='ltr' id='par_1_81' title="bbox 2053 3545 3699 3620">
     <span class='ocr_line' id='line_1_81' title="bbox 2053 3545 3699 3620; baseline 0 -16"><span class='ocrx_word' id='word_1_575' title='bbox 2053 3547 2208 3604; x_wconf 88' lang='lat' dir='ltr'><em>batio</em></span> <span class='ocrx_word' id='word_1_576' title='bbox 2235 3563 2351 3602; x_wconf 89' lang='lat' dir='ltr'><em>non</em></span> <span class='ocrx_word' id='word_1_577' title='bbox 2382 3545 2638 3602; x_wconf 90' lang='lat' dir='ltr'><em>timetur.</em></span> <span class='ocrx_word' id='word_1_578' title='bbox 2678 3568 2707 3595; x_wconf 83' lang='lat'><strong>»</strong></span> <span class='ocrx_word' id='word_1_579' title='bbox 2734 3547 2804 3601; x_wconf 90' lang='lat' dir='ltr'><em>Et</em></span> <span class='ocrx_word' id='word_1_580' title='bbox 2833 3546 3220 3620; x_wconf 76' lang='lat' dir='ltr'><em>Hieronymus</em></span> <span class='ocrx_word' id='word_1_581' title='bbox 3252 3563 3313 3602; x_wconf 85' lang='lat'><em>:«</em></span> <span class='ocrx_word' id='word_1_582' title='bbox 3343 3545 3618 3620; x_wconf 88' lang='lat' dir='ltr'><em>Legimus</em></span> <span class='ocrx_word' id='word_1_583' title='bbox 3640 3547 3699 3604; x_wconf 89' lang='lat' dir='ltr'><em>in</em></span> 
     </span>
    </p>
   </div>
   <div class='ocr_carea' id='block_1_82' title="bbox 2050 3633 3698 3708">
    <p class='ocr_par' dir='ltr' id='par_1_82' title="bbox 2050 3633 3698 3708">
     <span class='ocr_line' id='line_1_82' title="bbox 2050 3633 3698 3708; baseline 0 -16"><span class='ocrx_word' id='word_1_584' title='bbox 2050 3637 2201 3692; x_wconf 84' lang='lat' dir='ltr'><em>libro</em></span> <span class='ocrx_word' id='word_1_585' title='bbox 2232 3635 2711 3708; x_wconf 87' lang='lat' dir='ltr'><em>Paralipomenon</em></span> <span class='ocrx_word' id='word_1_586' title='bbox 2741 3634 2894 3690; x_wconf 88' lang='lat' dir='ltr'><em>ﬁlios</em></span> <span class='ocrx_word' id='word_1_587' title='bbox 2943 3633 3119 3690; x_wconf 86' lang='lat' dir='ltr'><em>Israel</em></span> <span class='ocrx_word' id='word_1_588' title='bbox 3171 3635 3242 3690; x_wconf 89' lang='lat' dir='ltr'><em>ad</em></span> <span class='ocrx_word' id='word_1_589' title='bbox 3291 3651 3550 3708; x_wconf 86' lang='lat' dir='ltr'><em>pugnam</em></span> <span class='ocrx_word' id='word_1_590' title='bbox 3580 3635 3698 3692; x_wconf 90' lang='lat' dir='ltr'><em>isse</em></span> 
     </span>
    </p>
   </div>
   <div class='ocr_carea' id='block_1_83' title="bbox 2051 3722 3802 3796">
    <p class='ocr_par' dir='ltr' id='par_1_83' title="bbox 2051 3722 3802 3796">
     <span class='ocr_line' id='line_1_83' title="bbox 2051 3722 3802 3796; baseline -0.001 -15"><span class='ocrx_word' id='word_1_591' title='bbox 2051 3728 2244 3781; x_wconf 87' lang='lat' dir='ltr'><em>mente</em></span> <span class='ocrx_word' id='word_1_592' title='bbox 2273 3723 2535 3796; x_wconf 85' lang='lat' dir='ltr'><em>paciﬁca,</em></span> <span class='ocrx_word' id='word_1_593' title='bbox 2571 3723 2710 3795; x_wconf 87' lang='lat' dir='ltr'><em>quia</em></span> <span class='ocrx_word' id='word_1_594' title='bbox 2739 3739 2855 3778; x_wconf 90' lang='lat' dir='ltr'><em>non</em></span> <span class='ocrx_word' id='word_1_595' title='bbox 2885 3739 2989 3794; x_wconf 90' lang='lat' dir='ltr'><em>pro</em></span> <span class='ocrx_word' id='word_1_596' title='bbox 3017 3722 3284 3778; x_wconf 89' lang='lat' dir='ltr'><em>vincendi</em></span> <span class='ocrx_word' id='word_1_597' title='bbox 3321 3723 3564 3780; x_wconf 87' lang='lat' dir='ltr'><em>libidine</em></span> <span class='ocrx_word' id='word_1_598' title='bbox 3594 3723 3749 3780; x_wconf 84' lang='lat' dir='ltr'><em>sed&quot;</em></span> <span class='ocrx_word' id='word_1_599' title='bbox 3798 3786 3802 3790; x_wconf 45' lang='grc'><strong>,</strong></span> 
     </span>
    </p>
   </div>
   <div class='ocr_carea' id='block_1_84' title="bbox 2052 3811 3168 3886">
    <p class='ocr_par' dir='ltr' id='par_1_84' title="bbox 2052 3811 3168 3886">
     <span class='ocr_line' id='line_1_84' title="bbox 2052 3811 3168 3886; baseline -0.006 -17"><span class='ocrx_word' id='word_1_600' title='bbox 2052 3829 2155 3886; x_wconf 89' lang='lat' dir='ltr'><em>pro</em></span> <span class='ocrx_word' id='word_1_601' title='bbox 2188 3813 2545 3884; x_wconf 89' lang='lat' dir='ltr'><em>acquirenda</em></span> <span class='ocrx_word' id='word_1_602' title='bbox 2572 3828 2714 3883; x_wconf 90' lang='lat' dir='ltr'><em>pace</em></span> <span class='ocrx_word' id='word_1_603' title='bbox 2745 3811 3105 3883; x_wconf 86' lang='lat' dir='ltr'><em>pugnabant.</em></span> <span class='ocrx_word' id='word_1_604' title='bbox 3140 3832 3168 3860; x_wconf 88' lang='lat'><strong>»</strong></span> 
     </span>
    </p>
   </div>
   <div class='ocr_carea' id='block_1_85' title="bbox 2051 3908 3694 3984">
    <p class='ocr_par' dir='ltr' id='par_1_85' title="bbox 2051 3908 3694 3984">
     <span class='ocr_line' id='line_1_85' title="bbox 2051 3908 3694 3984; baseline 0 -16"><span class='ocrx_word' id='word_1_605' title='bbox 2051 3914 2184 3968; x_wconf 79' lang='lat' dir='ltr'><em>CAP.</em></span> <span class='ocrx_word' id='word_1_606' title='bbox 2217 3910 2310 3966; x_wconf 88' lang='lat' dir='ltr'><em>XI.</em></span> <span class='ocrx_word' id='word_1_607' title='bbox 2343 3941 2412 3950; x_wconf 94' lang='lat'><strong>—</strong></span> <span class='ocrx_word' id='word_1_608' title='bbox 2440 3909 2669 3984; x_wconf 66' lang='lat' dir='ltr'><em>Militem</em></span> <span class='ocrx_word' id='word_1_609' title='bbox 2679 3910 2958 3984; x_wconf 85' lang='lat' dir='ltr'><em>potestatis</em></span> <span class='ocrx_word' id='word_1_610' title='bbox 2981 3908 3315 3984; x_wconf 81' lang='lat' dir='ltr'><em>obedientem</em></span> <span class='ocrx_word' id='word_1_611' title='bbox 3337 3925 3448 3969; x_wconf 83' lang='lat' dir='ltr'><em>non</em></span> <span class='ocrx_word' id='word_1_612' title='bbox 3471 3926 3694 3984; x_wconf 83' lang='lat' dir='ltr'><em>peccare</em></span> 
     </span>
    </p>
   </div>
   <div class='ocr_carea' id='block_1_86' title="bbox 2200 3980 3174 4036">
    <p class='ocr_par' dir='ltr' id='par_1_86' title="bbox 2200 3980 3174 4036">
     <span class='ocr_line' id='line_1_86' title="bbox 2200 3980 3174 4036; baseline 0.001 -1"><span class='ocrx_word' id='word_1_613' title='bbox 2200 3993 2209 3996; x_wconf 70' lang='lat'><em>‘</em></span> <span class='ocrx_word' id='word_1_614' title='bbox 2573 3982 2622 4036; x_wconf 88' lang='lat' dir='ltr'><em>si</em></span> <span class='ocrx_word' id='word_1_615' title='bbox 2649 3981 2919 4036; x_wconf 81' lang='lat' dir='ltr'><em>hominem</em></span> <span class='ocrx_word' id='word_1_616' title='bbox 2949 3980 3174 4036; x_wconf 83' lang='lat' dir='ltr'><em>occidat.</em></span> 
     </span>
    </p>
   </div>
   <div class='ocr_carea' id='block_1_87' title="bbox 2123 4076 3696 4155">
    <p class='ocr_par' dir='ltr' id='par_1_87' title="bbox 2123 4076 3696 4155">
     <span class='ocr_line' id='line_1_87' title="bbox 2123 4076 3696 4155; baseline 0.001 -19"><span class='ocrx_word' id='word_1_617' title='bbox 2123 4079 2366 4136; x_wconf 89' lang='lat' dir='ltr'><em>Militem</em></span> <span class='ocrx_word' id='word_1_618' title='bbox 2389 4077 2661 4152; x_wconf 87' lang='lat' dir='ltr'><em>potestati</em></span> <span class='ocrx_word' id='word_1_619' title='bbox 2679 4077 2790 4133; x_wconf 90' lang='lat' dir='ltr'><em>sub</em></span> <span class='ocrx_word' id='word_1_620' title='bbox 2805 4094 2924 4150; x_wconf 90' lang='lat' dir='ltr'><em>qua</em></span> <span class='ocrx_word' id='word_1_621' title='bbox 2939 4080 3028 4133; x_wconf 88' lang='lat' dir='ltr'><em>est</em></span> <span class='ocrx_word' id='word_1_622' title='bbox 3043 4076 3410 4135; x_wconf 90' lang='lat' dir='ltr'><em>obedientem</em></span> <span class='ocrx_word' id='word_1_623' title='bbox 3432 4097 3549 4136; x_wconf 88' lang='lat' dir='ltr'><em>non</em></span> <span class='ocrx_word' id='word_1_624' title='bbox 3570 4095 3696 4155; x_wconf 90' lang='lat' dir='ltr'><em>pec-</em></span> 
     </span>
    </p>
   </div>
   <div class='ocr_carea' id='block_1_88' title="bbox 2051 4165 3704 4240">
    <p class='ocr_par' dir='ltr' id='par_1_88' title="bbox 2051 4165 3704 4240">
     <span class='ocr_line' id='line_1_88' title="bbox 2051 4165 3704 4240; baseline 0.001 -16"><span class='ocrx_word' id='word_1_625' title='bbox 2051 4184 2184 4224; x_wconf 89' lang='lat' dir='ltr'><em>care</em></span> <span class='ocrx_word' id='word_1_626' title='bbox 2212 4168 2260 4224; x_wconf 90' lang='lat' dir='ltr'><em>si</em></span> <span class='ocrx_word' id='word_1_627' title='bbox 2291 4166 2588 4222; x_wconf 87' lang='lat' dir='ltr'><em>hominem</em></span> <span class='ocrx_word' id='word_1_628' title='bbox 2628 4165 2872 4222; x_wconf 90' lang='lat' dir='ltr'><em>occidat.</em></span> <span class='ocrx_word' id='word_1_629' title='bbox 2902 4165 3268 4240; x_wconf 84' lang='lat' dir='ltr'><em>Augustinus</em></span> <span class='ocrx_word' id='word_1_630' title='bbox 3315 4168 3375 4224; x_wconf 91' lang='lat' dir='ltr'><em>in</em></span> <span class='ocrx_word' id='word_1_631' title='bbox 3423 4167 3572 4226; x_wconf 89' lang='lat' dir='ltr'><em>libro</em></span> <span class='ocrx_word' id='word_1_632' title='bbox 3625 4169 3704 4226; x_wconf 58' lang='lat' dir='ltr'><em>de-</em></span> 
     </span>
    </p>
   </div>
   <div class='ocr_carea' id='block_1_89' title="bbox 2051 4253 3696 4326">
    <p class='ocr_par' dir='ltr' id='par_1_89' title="bbox 2051 4253 3696 4326">
     <span class='ocr_line' id='line_1_89' title="bbox 2051 4253 3696 4326; baseline 0 -12"><span class='ocrx_word' id='word_1_633' title='bbox 2051 4257 2290 4314; x_wconf 86' lang='lat' dir='ltr'><em>Civitate</em></span> <span class='ocrx_word' id='word_1_634' title='bbox 2319 4255 2421 4312; x_wconf 92' lang='lat' dir='ltr'><em>Dei</em></span> <span class='ocrx_word' id='word_1_635' title='bbox 2453 4256 2572 4324; x_wconf 87' lang='lat' dir='ltr'><em>(lib.</em></span> <span class='ocrx_word' id='word_1_636' title='bbox 2603 4273 2643 4326; x_wconf 83' lang='lat'><em>1,</em></span> <span class='ocrx_word' id='word_1_637' title='bbox 2675 4271 2726 4310; x_wconf 92' lang='lat' dir='ltr'><em>c.</em></span> <span class='ocrx_word' id='word_1_638' title='bbox 2758 4255 2851 4323; x_wconf 78' lang='lat'><em>26)</em></span> <span class='ocrx_word' id='word_1_639' title='bbox 2883 4271 2896 4310; x_wconf 90' lang='lat'><em>:</em></span> <span class='ocrx_word' id='word_1_640' title='bbox 2931 4277 2959 4306; x_wconf 86' lang='lat'><strong>«</strong></span> <span class='ocrx_word' id='word_1_641' title='bbox 2997 4253 3186 4324; x_wconf 88' lang='lat' dir='ltr'><em>Miles,</em></span> <span class='ocrx_word' id='word_1_642' title='bbox 3231 4273 3367 4312; x_wconf 89' lang='lat' dir='ltr'><em>cum</em></span> <span class='ocrx_word' id='word_1_643' title='bbox 3417 4257 3696 4314; x_wconf 63' lang='lat' dir='ltr'><em>obcd&#39;iens</em></span> 
     </span>
    </p>
   </div>
   <div class='ocr_carea' id='block_1_90' title="bbox 2053 4342 3696 4420">
    <p class='ocr_par' dir='ltr' id='par_1_90' title="bbox 2053 4342 3696 4420">
     <span class='ocr_line' id='line_1_90' title="bbox 2053 4342 3696 4420; baseline 0 -18"><span class='ocrx_word' id='word_1_644' title='bbox 2053 4345 2465 4420; x_wconf 88' lang='lat' dir='ltr'><em>potestati,sub</em></span> <span class='ocrx_word' id='word_1_645' title='bbox 2495 4361 2613 4416; x_wconf 89' lang='lat' dir='ltr'><em>qua</em></span> <span class='ocrx_word' id='word_1_646' title='bbox 2631 4342 2889 4417; x_wconf 88' lang='lat' dir='ltr'><em>legitime</em></span> <span class='ocrx_word' id='word_1_647' title='bbox 2909 4343 3264 4400; x_wconf 86' lang='lat' dir='ltr'><em>constitutus</em></span> <span class='ocrx_word' id='word_1_648' title='bbox 3281 4345 3696 4412; x_wconf 88' lang='lat' dir='ltr'><em>cst,hominem</em></span> 
     </span>
    </p>
   </div>
   <div class='ocr_carea' id='block_1_91' title="bbox 2053 4431 3693 4506">
    <p class='ocr_par' dir='ltr' id='par_1_91' title="bbox 2053 4431 3693 4506">
     <span class='ocr_line' id='line_1_91' title="bbox 2053 4431 3693 4506; baseline 0 -14"><span class='ocrx_word' id='word_1_649' title='bbox 2053 4433 2451 4502; x_wconf 87' lang='lat' dir='ltr'><em>occidit,nulla</em></span> <span class='ocrx_word' id='word_1_650' title='bbox 2482 4433 2732 4489; x_wconf 87' lang='lat' dir='ltr'><em>civitatis</em></span> <span class='ocrx_word' id='word_1_651' title='bbox 2761 4449 2881 4489; x_wconf 72' lang='grc' dir='ltr'><em>ευω</em></span> <span class='ocrx_word' id='word_1_652' title='bbox 2907 4431 3034 4506; x_wconf 89' lang='lat' dir='ltr'><em>lege</em></span> <span class='ocrx_word' id='word_1_653' title='bbox 3064 4450 3198 4490; x_wconf 90' lang='lat' dir='ltr'><em>reus</em></span> <span class='ocrx_word' id='word_1_654' title='bbox 3228 4439 3318 4491; x_wconf 88' lang='lat' dir='ltr'><em>est</em></span> <span class='ocrx_word' id='word_1_655' title='bbox 3345 4434 3646 4492; x_wconf 89' lang='lat' dir='ltr'><em>homicidii</em></span> <span class='ocrx_word' id='word_1_656' title='bbox 3680 4453 3693 4492; x_wconf 87' lang='lat'><em>:</em></span> 
     </span>
    </p>
   </div>
   <div class='ocr_carea' id='block_1_92' title="bbox 2051 4521 3700 4598">
    <p class='ocr_par' dir='ltr' id='par_1_92' title="bbox 2051 4521 3700 4598">
     <span class='ocr_line' id='line_1_92' title="bbox 2051 4521 3700 4598; baseline 0.001 -18"><span class='ocrx_word' id='word_1_657' title='bbox 2051 4525 2171 4580; x_wconf 90' lang='lat' dir='ltr'><em>imo</em></span> <span class='ocrx_word' id='word_1_658' title='bbox 2203 4523 2314 4578; x_wconf 90' lang='lat' dir='ltr'><em>nisi</em></span> <span class='ocrx_word' id='word_1_659' title='bbox 2348 4521 2564 4590; x_wconf 87' lang='lat' dir='ltr'><em>fecerit,</em></span> <span class='ocrx_word' id='word_1_660' title='bbox 2592 4538 2727 4578; x_wconf 88' lang='lat' dir='ltr'><em>reus</em></span> <span class='ocrx_word' id='word_1_661' title='bbox 2751 4524 2842 4577; x_wconf 90' lang='lat' dir='ltr'><em>est</em></span> <span class='ocrx_word' id='word_1_662' title='bbox 2865 4521 3098 4594; x_wconf 89' lang='lat' dir='ltr'><em>imperii</em></span> <span class='ocrx_word' id='word_1_663' title='bbox 3129 4522 3342 4580; x_wconf 89' lang='lat' dir='ltr'><em>deserti</em></span> <span class='ocrx_word' id='word_1_664' title='bbox 3373 4528 3548 4598; x_wconf 85' lang='lat' dir='ltr'><em>atque</em></span> <span class='ocrx_word' id='word_1_665' title='bbox 3569 4541 3700 4582; x_wconf 88' lang='lat' dir='ltr'><em>con-</em></span> 
     </span>
    </p>
   </div>
   <div class='ocr_carea' id='block_1_93' title="bbox 2053 4601 3765 4684">
    <p class='ocr_par' dir='ltr' id='par_1_93' title="bbox 2053 4601 3765 4684">
     <span class='ocr_line' id='line_1_93' title="bbox 2053 4601 3765 4684; baseline 0.001 -16"><span class='ocrx_word' id='word_1_666' title='bbox 2053 4612 2280 4684; x_wconf 89' lang='lat' dir='ltr'><em>tempti.</em></span> <span class='ocrx_word' id='word_1_667' title='bbox 2305 4611 2466 4677; x_wconf 89' lang='lat' dir='ltr'><em>Quod</em></span> <span class='ocrx_word' id='word_1_668' title='bbox 2499 4609 2550 4666; x_wconf 92' lang='lat' dir='ltr'><em>si</em></span> <span class='ocrx_word' id='word_1_669' title='bbox 2579 4627 2689 4666; x_wconf 89' lang='lat' dir='ltr'><em>sua</em></span> <span class='ocrx_word' id='word_1_670' title='bbox 2717 4613 2924 4682; x_wconf 88' lang='lat' dir='ltr'><em>sponte</em></span> <span class='ocrx_word' id='word_1_671' title='bbox 2954 4614 3129 4684; x_wconf 88' lang='lat' dir='ltr'><em>atque</em></span> <span class='ocrx_word' id='word_1_672' title='bbox 3155 4613 3500 4670; x_wconf 87' lang='lat' dir='ltr'><em>auctoritate</em></span> <span class='ocrx_word' id='word_1_673' title='bbox 3530 4613 3698 4670; x_wconf 87' lang='lat' dir='ltr'><em>fecis-</em></span> <span class='ocrx_word' id='word_1_674' title='bbox 3755 4601 3765 4605; x_wconf 61' lang='grc'><strong>’</strong></span> 
     </span>
    </p>
   </div>
   <div class='ocr_carea' id='block_1_94' title="bbox 279 4693 3696 4785">
    <p class='ocr_par' dir='ltr' id='par_1_94' title="bbox 279 4693 3696 4785">
     <span class='ocr_line' id='line_1_94' title="bbox 279 4693 3696 4785; baseline 0.001 -31"><span class='ocrx_word' id='word_1_675' title='bbox 279 4697 458 4772; x_wconf 83' lang='lat' dir='ltr'><em>justi.</em></span> <span class='ocrx_word' id='word_1_676' title='bbox 490 4703 555 4752; x_wconf 85' lang='lat' dir='ltr'><em>In</em></span> <span class='ocrx_word' id='word_1_677' title='bbox 584 4697 681 4754; x_wconf 88' lang='lat' dir='ltr'><em>his</em></span> <span class='ocrx_word' id='word_1_678' title='bbox 700 4699 828 4754; x_wconf 87' lang='lat' dir='ltr'><em>erat</em></span> <span class='ocrx_word' id='word_1_679' title='bbox 851 4699 911 4752; x_wconf 91' lang='lat' dir='ltr'><em>et</em></span> <span class='ocrx_word' id='word_1_680' title='bbox 937 4693 1040 4752; x_wconf 90' lang='lat' dir='ltr'><em>ille</em></span> <span class='ocrx_word' id='word_1_681' title='bbox 1067 4693 1460 4767; x_wconf 89' lang='lat' dir='ltr'><em>centurio,qui</em></span> <span class='ocrx_word' id='word_1_682' title='bbox 1490 4695 1734 4752; x_wconf 88' lang='lat' dir='ltr'><em>Domino</em></span> <span class='ocrx_word' id='word_1_683' title='bbox 1757 4695 1937 4753; x_wconf 84' lang='lat' dir='ltr'><em>dixit:</em></span> <span class='ocrx_word' id='word_1_684' title='bbox 1970 4721 2020 4785; x_wconf 73' lang='grc' dir='ltr'><strong>Β</strong></span> <span class='ocrx_word' id='word_1_685' title='bbox 2051 4705 2160 4767; x_wconf 88' lang='lat' dir='ltr'><em>set,</em></span> <span class='ocrx_word' id='word_1_686' title='bbox 2191 4699 2251 4755; x_wconf 88' lang='lat' dir='ltr'><em>in</em></span> <span class='ocrx_word' id='word_1_687' title='bbox 2283 4699 2504 4754; x_wconf 90' lang='lat' dir='ltr'><em>crimen</em></span> <span class='ocrx_word' id='word_1_688' title='bbox 2535 4697 2706 4754; x_wconf 76' lang='lat' dir='ltr'><em>effusi</em></span> <span class='ocrx_word' id='word_1_689' title='bbox 2734 4697 2980 4754; x_wconf 90' lang='lat' dir='ltr'><em>humani</em></span> <span class='ocrx_word' id='word_1_690' title='bbox 3019 4701 3326 4773; x_wconf 88' lang='lat' dir='ltr'><em>sanguinis</em></span> <span class='ocrx_word' id='word_1_691' title='bbox 3373 4700 3696 4758; x_wconf 88' lang='lat' dir='ltr'><em>incidisset.</em></span> 
     </span>
    </p>
   </div>
   <div class='ocr_carea' id='block_1_95' title="bbox 285 4785 1938 4864">
    <p class='ocr_par' dir='ltr' id='par_1_95' title="bbox 285 4785 1938 4864">
     <span class='ocr_line' id='line_1_95' title="bbox 285 4785 1938 4864; baseline -0.002 -20"><span class='ocrx_word' id='word_1_692' title='bbox 285 4787 411 4844; x_wconf 85' lang='lat' dir='ltr'><em>Non</em></span> <span class='ocrx_word' id='word_1_693' title='bbox 439 4803 566 4842; x_wconf 86' lang='lat' dir='ltr'><em>sum</em></span> <span class='ocrx_word' id='word_1_694' title='bbox 588 4785 786 4858; x_wconf 85' lang='lat' dir='ltr'><em>dignus</em></span> <span class='ocrx_word' id='word_1_695' title='bbox 814 4793 875 4840; x_wconf 89' lang='lat' dir='ltr'><em>ut</em></span> <span class='ocrx_word' id='word_1_696' title='bbox 906 4785 1078 4840; x_wconf 84' lang='lat' dir='ltr'><em>intres</em></span> <span class='ocrx_word' id='word_1_697' title='bbox 1105 4785 1206 4840; x_wconf 86' lang='lat' dir='ltr'><em>sub</em></span> <span class='ocrx_word' id='word_1_698' title='bbox 1235 4790 1432 4864; x_wconf 79' lang='lat' dir='ltr'><em>tectum</em></span> <span class='ocrx_word' id='word_1_699' title='bbox 1457 4800 1662 4864; x_wconf 79' lang='lat' dir='ltr'><em>meum,</em></span> <span class='ocrx_word' id='word_1_700' title='bbox 1694 4785 1788 4840; x_wconf 87' lang='lat' dir='ltr'><em>sed</em></span> <span class='ocrx_word' id='word_1_701' title='bbox 1817 4793 1938 4842; x_wconf 86' lang='lat' dir='ltr'><em>tan-</em></span> 
     </span>
    </p>
   </div>
   <div class='ocr_carea' id='block_1_96' title="bbox 289 4861 1944 4946">
    <p class='ocr_par' dir='ltr' id='par_1_96' title="bbox 289 4861 1944 4946">
     <span class='ocr_line' id='line_1_96' title="bbox 289 4861 1944 4946; baseline 0 -14"><span class='ocrx_word' id='word_1_702' title='bbox 289 4885 413 4933; x_wconf 89' lang='lat' dir='ltr'><em>tum</em></span> <span class='ocrx_word' id='word_1_703' title='bbox 443 4875 534 4932; x_wconf 90' lang='lat' dir='ltr'><em>die</em></span> <span class='ocrx_word' id='word_1_704' title='bbox 560 4877 741 4942; x_wconf 83' lang='lat' dir='ltr'><em>verbo,</em></span> <span class='ocrx_word' id='word_1_705' title='bbox 771 4883 824 4930; x_wconf 91' lang='lat' dir='ltr'><em>et</em></span> <span class='ocrx_word' id='word_1_706' title='bbox 849 4874 1134 4930; x_wconf 85' lang='lat' dir='ltr'><em>sanabitur</em></span> <span class='ocrx_word' id='word_1_707' title='bbox 1177 4861 1321 4946; x_wconf 28' lang='lat' dir='ltr'><em>puer.</em></span> <span class='ocrx_word' id='word_1_708' title='bbox 1361 4890 1530 4928; x_wconf 88' lang='lat' dir='ltr'><em>meus.</em></span> <span class='ocrx_word' id='word_1_709' title='bbox 1560 4861 1718 4929; x_wconf 30' lang='lat' dir='ltr'><em>&#39;Nam</em></span> <span class='ocrx_word' id='word_1_710' title='bbox 1753 4883 1805 4930; x_wconf 87' lang='lat' dir='ltr'><em>et</em></span> <span class='ocrx_word' id='word_1_711' title='bbox 1848 4892 1944 4944; x_wconf 87' lang='lat' dir='ltr'><em>ego</em></span> 
     </span>
    </p>
   </div>
   <div class='ocr_carea' id='block_1_97' title="bbox 289 4962 1946 5036">
    <p class='ocr_par' dir='ltr' id='par_1_97' title="bbox 289 4962 1946 5036">
     <span class='ocr_line' id='line_1_97' title="bbox 289 4962 1946 5036; baseline -0.001 -15"><span class='ocrx_word' id='word_1_712' title='bbox 289 4967 454 5022; x_wconf 85' lang='lat' dir='ltr'><em>homo</em></span> <span class='ocrx_word' id='word_1_713' title='bbox 481 4979 606 5020; x_wconf 86' lang='lat' dir='ltr'><em>sum</em></span> <span class='ocrx_word' id='word_1_714' title='bbox 631 4965 733 5020; x_wconf 86' lang='lat' dir='ltr'><em>sub</em></span> <span class='ocrx_word' id='word_1_715' title='bbox 777 4971 1036 5036; x_wconf 86' lang='lat' dir='ltr'><em>potestate</em></span> <span class='ocrx_word' id='word_1_716' title='bbox 1081 4964 1425 5028; x_wconf 86' lang='lat' dir='ltr'><em>constitutus,</em></span> <span class='ocrx_word' id='word_1_717' title='bbox 1471 4962 1672 5018; x_wconf 85' lang='lat' dir='ltr'><em>habens</em></span> <span class='ocrx_word' id='word_1_718' title='bbox 1717 4965 1815 5019; x_wconf 88' lang='lat' dir='ltr'><em>sub</em></span> <span class='ocrx_word' id='word_1_719' title='bbox 1860 4982 1946 5020; x_wconf 88' lang='lat' dir='ltr'><em>me</em></span> 
     </span>
    </p>
   </div>
   <div class='ocr_carea' id='block_1_98' title="bbox 287 5051 1944 5122">
    <p class='ocr_par' dir='ltr' id='par_1_98' title="bbox 287 5051 1944 5122">
     <span class='ocr_line' id='line_1_98' title="bbox 287 5051 1944 5122; baseline 0 -13"><span class='ocrx_word' id='word_1_720' title='bbox 287 5055 523 5122; x_wconf 83' lang='lat' dir='ltr'><em>milites,</em></span> <span class='ocrx_word' id='word_1_721' title='bbox 555 5061 607 5108; x_wconf 91' lang='lat' dir='ltr'><em>et</em></span> <span class='ocrx_word' id='word_1_722' title='bbox 635 5053 755 5109; x_wconf 88' lang='lat' dir='ltr'><em>dico</em></span> <span class='ocrx_word' id='word_1_723' title='bbox 784 5053 916 5108; x_wconf 86' lang='lat' dir='ltr'><em>huic</em></span> <span class='ocrx_word' id='word_1_724' title='bbox 944 5069 962 5107; x_wconf 94' lang='lat'><em>:</em></span> <span class='ocrx_word' id='word_1_725' title='bbox 991 5051 1149 5120; x_wconf 87' lang='lat' dir='ltr'><em>Vade,</em></span> <span class='ocrx_word' id='word_1_726' title='bbox 1202 5058 1254 5106; x_wconf 89' lang='lat' dir='ltr'><em>et</em></span> <span class='ocrx_word' id='word_1_727' title='bbox 1300 5051 1476 5118; x_wconf 87' lang='lat' dir='ltr'><em>vadit;</em></span> <span class='ocrx_word' id='word_1_728' title='bbox 1507 5059 1558 5107; x_wconf 88' lang='lat' dir='ltr'><em>et</em></span> <span class='ocrx_word' id='word_1_729' title='bbox 1608 5053 1714 5108; x_wconf 80' lang='lat' dir='ltr'><em>alii</em></span> <span class='ocrx_word' id='word_1_730' title='bbox 1741 5070 1760 5107; x_wconf 91' lang='lat'><em>:</em></span> <span class='ocrx_word' id='word_1_731' title='bbox 1795 5053 1944 5120; x_wconf 79' lang='lat' dir='ltr'><em>Veni,</em></span> 
     </span>
    </p>
   </div>
   <div class='ocr_carea' id='block_1_99' title="bbox 291 5140 1947 5214">
    <p class='ocr_par' dir='ltr' id='par_1_99' title="bbox 291 5140 1947 5214">
     <span class='ocr_line' id='line_1_99' title="bbox 291 5140 1947 5214; baseline -0.001 -15"><span class='ocrx_word' id='word_1_732' title='bbox 291 5143 554 5209; x_wconf 72' lang='lat' dir='ltr'><em>etvenit;</em></span> <span class='ocrx_word' id='word_1_733' title='bbox 582 5149 635 5198; x_wconf 91' lang='lat' dir='ltr'><em>et</em></span> <span class='ocrx_word' id='word_1_734' title='bbox 660 5158 814 5198; x_wconf 82' lang='lat' dir='ltr'><em>servo</em></span> <span class='ocrx_word' id='word_1_735' title='bbox 841 5157 960 5197; x_wconf 87' lang='lat' dir='ltr'><em>meo</em></span> <span class='ocrx_word' id='word_1_736' title='bbox 993 5159 1012 5196; x_wconf 92' lang='lat'><em>:</em></span> <span class='ocrx_word' id='word_1_737' title='bbox 1043 5142 1148 5196; x_wconf 85' lang='lat' dir='ltr'><em>Fac</em></span> <span class='ocrx_word' id='word_1_738' title='bbox 1177 5140 1294 5208; x_wconf 85' lang='lat' dir='ltr'><em>hoc,</em></span> <span class='ocrx_word' id='word_1_739' title='bbox 1325 5148 1376 5194; x_wconf 87' lang='lat' dir='ltr'><em>et</em></span> <span class='ocrx_word' id='word_1_740' title='bbox 1403 5141 1558 5211; x_wconf 79' lang='lat' dir='ltr'><em>facit.</em></span> <span class='ocrx_word' id='word_1_741' title='bbox 1601 5140 1680 5197; x_wconf 91' lang='lat' dir='ltr'><em>De</em></span> <span class='ocrx_word' id='word_1_742' title='bbox 1727 5158 1843 5214; x_wconf 88' lang='lat' dir='ltr'><em>quo</em></span> <span class='ocrx_word' id='word_1_743' title='bbox 1889 5146 1947 5198; x_wconf 89' lang='lat' dir='ltr'><em>et</em></span> 
     </span>
    </p>
   </div>
   <div class='ocr_carea' id='block_1_100' title="bbox 293 5228 1948 5302">
    <p class='ocr_par' dir='ltr' id='par_1_100' title="bbox 293 5228 1948 5302">
     <span class='ocr_line' id='line_1_100' title="bbox 293 5228 1948 5302; baseline 0.001 -17"><span class='ocrx_word' id='word_1_744' title='bbox 293 5228 585 5286; x_wconf 81' lang='lat' dir='ltr'><em>Dominus</em></span> <span class='ocrx_word' id='word_1_745' title='bbox 613 5247 627 5284; x_wconf 89' lang='lat'><em>:</em></span> <span class='ocrx_word' id='word_1_746' title='bbox 661 5229 828 5285; x_wconf 80' lang='lat' dir='ltr'><em>Amen</em></span> <span class='ocrx_word' id='word_1_747' title='bbox 857 5229 976 5284; x_wconf 90' lang='lat' dir='ltr'><em>dico</em></span> <span class='ocrx_word' id='word_1_748' title='bbox 1002 5229 1173 5294; x_wconf 78' lang='lat' dir='ltr'><em>vobis,</em></span> <span class='ocrx_word' id='word_1_749' title='bbox 1195 5244 1317 5284; x_wconf 70' lang='lat' dir='ltr'><em>non&#39;</em></span> <span class='ocrx_word' id='word_1_750' title='bbox 1336 5229 1524 5283; x_wconf 80' lang='lat' dir='ltr'><em>inveni</em></span> <span class='ocrx_word' id='word_1_751' title='bbox 1551 5237 1759 5284; x_wconf 80' lang='lat' dir='ltr'><em>tantum</em></span> <span class='ocrx_word' id='word_1_752' title='bbox 1787 5231 1948 5302; x_wconf 79' lang='lat' dir='ltr'><em>ﬁdem</em></span> 
     </span>
    </p>
   </div>
   <div class='ocr_carea' id='block_1_101' title="bbox 292 5315 1944 5388">
    <p class='ocr_par' dir='ltr' id='par_1_101' title="bbox 292 5315 1944 5388">
     <span class='ocr_line' id='line_1_101' title="bbox 292 5315 1944 5388; baseline -0.001 -14"><span class='ocrx_word' id='word_1_753' title='bbox 292 5321 361 5374; x_wconf 86' lang='lat' dir='ltr'><em>in</em></span> <span class='ocrx_word' id='word_1_754' title='bbox 390 5318 564 5374; x_wconf 83' lang='lat' dir='ltr'><em>Israel</em></span> <span class='ocrx_word' id='word_1_755' title='bbox 593 5317 800 5388; x_wconf 65' lang='lat' dir='ltr'><em>(ﬂatth.</em></span> <span class='ocrx_word' id='word_1_756' title='bbox 830 5334 955 5388; x_wconf 86' lang='lat' dir='ltr'><em>vm,</em></span> <span class='ocrx_word' id='word_1_757' title='bbox 986 5317 1155 5386; x_wconf 72' lang='lat'><strong>8-10).</strong></span> <span class='ocrx_word' id='word_1_758' title='bbox 1189 5317 1252 5372; x_wconf 83' lang='lat' dir='ltr'><em>In</em></span> <span class='ocrx_word' id='word_1_759' title='bbox 1300 5315 1393 5371; x_wconf 89' lang='lat' dir='ltr'><em>his</em></span> <span class='ocrx_word' id='word_1_760' title='bbox 1435 5322 1560 5372; x_wconf 89' lang='lat' dir='ltr'><em>erat</em></span> <span class='ocrx_word' id='word_1_761' title='bbox 1587 5323 1645 5373; x_wconf 90' lang='lat' dir='ltr'><em>et</em></span> <span class='ocrx_word' id='word_1_762' title='bbox 1682 5318 1779 5374; x_wconf 89' lang='lat' dir='ltr'><em>ille</em></span> <span class='ocrx_word' id='word_1_763' title='bbox 1809 5319 1944 5375; x_wconf 86' lang='lat' dir='ltr'><em>Cor-</em></span> 
     </span>
    </p>
   </div>
   <div class='ocr_carea' id='block_1_102' title="bbox 293 5403 1954 5478">
    <p class='ocr_par' dir='ltr' id='par_1_102' title="bbox 293 5403 1954 5478">
     <span class='ocr_line' id='line_1_102' title="bbox 293 5403 1954 5478; baseline -0.001 -14"><span class='ocrx_word' id='word_1_764' title='bbox 293 5405 597 5475; x_wconf 85' lang='lat' dir='ltr'><em>nelius,ad</em></span> <span class='ocrx_word' id='word_1_765' title='bbox 629 5423 806 5478; x_wconf 89' lang='lat' dir='ltr'><em>quem</em></span> <span class='ocrx_word' id='word_1_766' title='bbox 837 5404 1058 5464; x_wconf 88' lang='lat' dir='ltr'><em>missus</em></span> <span class='ocrx_word' id='word_1_767' title='bbox 1101 5403 1345 5478; x_wconf 88' lang='lat' dir='ltr'><em>angelus</em></span> <span class='ocrx_word' id='word_1_768' title='bbox 1375 5404 1521 5459; x_wconf 84' lang='lat' dir='ltr'><em>dixit</em></span> <span class='ocrx_word' id='word_1_769' title='bbox 1553 5423 1566 5460; x_wconf 90' lang='lat'><em>:</em></span> <span class='ocrx_word' id='word_1_770' title='bbox 1619 5407 1836 5463; x_wconf 81' lang='lat' dir='ltr'><em>Corneli</em></span> <span class='ocrx_word' id='word_1_771' title='bbox 1869 5425 1954 5463; x_wconf 89' lang='lat' dir='ltr'><em>ac-</em></span> 
     </span>
    </p>
   </div>
   <div class='ocr_carea' id='block_1_103' title="bbox 291 5493 1951 5568">
    <p class='ocr_par' dir='ltr' id='par_1_103' title="bbox 291 5493 1951 5568">
     <span class='ocr_line' id='line_1_103' title="bbox 291 5493 1951 5568; baseline 0.001 -17"><span class='ocrx_word' id='word_1_772' title='bbox 291 5503 468 5568; x_wconf 75' lang='lat' dir='ltr'><em>ceptae</em></span> <span class='ocrx_word' id='word_1_773' title='bbox 493 5503 626 5551; x_wconf 82' lang='lat' dir='ltr'><em>sunt</em></span> <span class='ocrx_word' id='word_1_774' title='bbox 645 5496 1006 5567; x_wconf 72' lang='lat' dir='ltr'><em>elemosynae</em></span> <span class='ocrx_word' id='word_1_775' title='bbox 1035 5500 1168 5561; x_wconf 67' lang='lat' dir='ltr'><em>tuae,</em></span> <span class='ocrx_word' id='word_1_776' title='bbox 1201 5501 1251 5550; x_wconf 89' lang='lat' dir='ltr'><em>et</em></span> <span class='ocrx_word' id='word_1_777' title='bbox 1279 5493 1562 5550; x_wconf 72' lang='lat' dir='ltr'><em>exauditae</em></span> <span class='ocrx_word' id='word_1_778' title='bbox 1587 5503 1716 5550; x_wconf 83' lang='lat' dir='ltr'><em>sunt</em></span> <span class='ocrx_word' id='word_1_779' title='bbox 1742 5498 1951 5552; x_wconf 84' lang='lat' dir='ltr'><em>oratio-</em></span> 
     </span>
    </p>
   </div>
   <div class='ocr_carea' id='block_1_104' title="bbox 291 5581 1954 5654">
    <p class='ocr_par' dir='ltr' id='par_1_104' title="bbox 291 5581 1954 5654">
     <span class='ocr_line' id='line_1_104' title="bbox 291 5581 1954 5654; baseline 0 -14"><span class='ocrx_word' id='word_1_780' title='bbox 291 5600 392 5640; x_wconf 86' lang='lat' dir='ltr'><em>nes</em></span> <span class='ocrx_word' id='word_1_781' title='bbox 421 5591 538 5641; x_wconf 75' lang='lat' dir='ltr'><em>tuae</em></span> <span class='ocrx_word' id='word_1_782' title='bbox 565 5586 700 5654; x_wconf 80' lang='lat' dir='ltr'><em>(Act.</em></span> <span class='ocrx_word' id='word_1_783' title='bbox 733 5601 790 5650; x_wconf 74' lang='grc' dir='ltr'><em>κ,</em></span> <span class='ocrx_word' id='word_1_784' title='bbox 821 5583 899 5653; x_wconf 87' lang='grc'><em>5).</em></span> <span class='ocrx_word' id='word_1_785' title='bbox 925 5581 1035 5638; x_wconf 92' lang='lat' dir='ltr'><em>Ubi</em></span> <span class='ocrx_word' id='word_1_786' title='bbox 1065 5599 1201 5638; x_wconf 87' lang='lat' dir='ltr'><em>eum</em></span> <span class='ocrx_word' id='word_1_787' title='bbox 1242 5581 1569 5650; x_wconf 88' lang='lat' dir='ltr'><em>admonuit,</em></span> <span class='ocrx_word' id='word_1_788' title='bbox 1608 5587 1674 5638; x_wconf 90' lang='lat' dir='ltr'><em>ut</em></span> <span class='ocrx_word' id='word_1_789' title='bbox 1707 5584 1778 5638; x_wconf 91' lang='lat' dir='ltr'><em>ad</em></span> <span class='ocrx_word' id='word_1_790' title='bbox 1811 5585 1954 5640; x_wconf 88' lang='lat' dir='ltr'><em>Bea-</em></span> 
     </span>
    </p>
   </div>
   <div class='ocr_carea' id='block_1_105' title="bbox 293 5670 1954 5745">
    <p class='ocr_par' dir='ltr' id='par_1_105' title="bbox 293 5670 1954 5745">
     <span class='ocr_line' id='line_1_105' title="bbox 293 5670 1954 5745; baseline 0.001 -17"><span class='ocrx_word' id='word_1_791' title='bbox 293 5677 426 5728; x_wconf 88' lang='lat' dir='ltr'><em>tum</em></span> <span class='ocrx_word' id='word_1_792' title='bbox 460 5671 700 5728; x_wconf 85' lang='lat' dir='ltr'><em>Petrum</em></span> <span class='ocrx_word' id='word_1_793' title='bbox 732 5670 1064 5745; x_wconf 88' lang='lat' dir='ltr'><em>apostolum</em></span> <span class='ocrx_word' id='word_1_794' title='bbox 1096 5671 1372 5740; x_wconf 90' lang='lat' dir='ltr'><em>mitteret,</em></span> <span class='ocrx_word' id='word_1_795' title='bbox 1407 5675 1464 5728; x_wconf 85' lang='lat' dir='ltr'><em>et</em></span> <span class='ocrx_word' id='word_1_796' title='bbox 1493 5672 1566 5728; x_wconf 92' lang='lat' dir='ltr'><em>ab</em></span> <span class='ocrx_word' id='word_1_797' title='bbox 1598 5671 1695 5727; x_wconf 89' lang='lat' dir='ltr'><em>illo</em></span> <span class='ocrx_word' id='word_1_798' title='bbox 1727 5673 1954 5730; x_wconf 88' lang='lat' dir='ltr'><em>audiret</em></span> 
     </span>
    </p>
   </div>
   <div class='ocr_carea' id='block_1_106' title="bbox 299 5760 1953 5836">
    <p class='ocr_par' dir='ltr' id='par_1_106' title="bbox 299 5760 1953 5836">
     <span class='ocr_line' id='line_1_106' title="bbox 299 5760 1953 5836; baseline 0.002 -18"><span class='ocrx_word' id='word_1_799' title='bbox 299 5777 433 5836; x_wconf 65' lang='lat' dir='ltr'><em>quae</em></span> <span class='ocrx_word' id='word_1_800' title='bbox 465 5760 656 5818; x_wconf 83' lang='lat' dir='ltr'><em>facere</em></span> <span class='ocrx_word' id='word_1_801' title='bbox 697 5761 980 5818; x_wconf 86' lang='lat' dir='ltr'><em>deberet:</em></span> <span class='ocrx_word' id='word_1_802' title='bbox 1015 5761 1087 5816; x_wconf 89' lang='lat' dir='ltr'><em>ad</em></span> <span class='ocrx_word' id='word_1_803' title='bbox 1138 5777 1314 5835; x_wconf 87' lang='lat' dir='ltr'><em>quem</em></span> <span class='ocrx_word' id='word_1_804' title='bbox 1363 5760 1714 5836; x_wconf 85' lang='lat' dir='ltr'><em>apostolum,</em></span> <span class='ocrx_word' id='word_1_805' title='bbox 1767 5766 1834 5821; x_wconf 88' lang='lat' dir='ltr'><em>ut</em></span> <span class='ocrx_word' id='word_1_806' title='bbox 1881 5763 1953 5822; x_wconf 89' lang='lat' dir='ltr'><em>ad</em></span> 
     </span>
    </p>
   </div>
   <div class='ocr_carea' id='block_1_107' title="bbox 625 5887 1176 5954">
    <p class='ocr_par' dir='ltr' id='par_1_107' title="bbox 625 5887 1176 5954">
     <span class='ocr_line' id='line_1_107' title="bbox 625 5887 1176 5954; baseline -0.002 -4"><span class='ocrx_word' id='word_1_807' title='bbox 625 5889 900 5952; x_wconf 75' lang='lat' dir='ltr'><em>PATROL.</em></span> <span class='ocrx_word' id='word_1_808' title='bbox 945 5887 1176 5954; x_wconf 80' lang='lat' dir='ltr'><strong><em>CXXV.</em></strong></span> 
     </span>
    </p>
   </div>
   <div class='ocr_carea' id='block_1_108' title="bbox 2051 4787 3698 4862">
    <p class='ocr_par' dir='ltr' id='par_1_108' title="bbox 2051 4787 3698 4862">
     <span class='ocr_line' id='line_1_108' title="bbox 2051 4787 3698 4862; baseline -0.001 -15"><span class='ocrx_word' id='word_1_809' title='bbox 2051 4793 2252 4862; x_wconf 84' lang='lat' dir='ltr'><em>Itaque</em></span> <span class='ocrx_word' id='word_1_810' title='bbox 2275 4788 2428 4844; x_wconf 91' lang='lat' dir='ltr'><em>unde</em></span> <span class='ocrx_word' id='word_1_811' title='bbox 2452 4787 2700 4860; x_wconf 88' lang='lat' dir='ltr'><em>punitur</em></span> <span class='ocrx_word' id='word_1_812' title='bbox 2718 4787 2767 4842; x_wconf 89' lang='lat' dir='ltr'><em>si</em></span> <span class='ocrx_word' id='word_1_813' title='bbox 2791 4787 3024 4844; x_wconf 88' lang='lat' dir='ltr'><em>fecisset</em></span> <span class='ocrx_word' id='word_1_814' title='bbox 3053 4789 3480 4860; x_wconf 86' lang='lat' dir='ltr'><em>injussus,inde</em></span> <span class='ocrx_word' id='word_1_815' title='bbox 3499 4789 3698 4862; x_wconf 90' lang='lat' dir='ltr'><em>punie-</em></span> 
     </span>
    </p>
   </div>
   <div class='ocr_carea' id='block_1_109' title="bbox 2053 4877 3695 4950">
    <p class='ocr_par' dir='ltr' id='par_1_109' title="bbox 2053 4877 3695 4950">
     <span class='ocr_line' id='line_1_109' title="bbox 2053 4877 3695 4950; baseline 0 -16"><span class='ocrx_word' id='word_1_816' title='bbox 2053 4885 2151 4935; x_wconf 90' lang='lat' dir='ltr'><em>tur</em></span> <span class='ocrx_word' id='word_1_817' title='bbox 2182 4877 2294 4934; x_wconf 88' lang='lat' dir='ltr'><em>nisi</em></span> <span class='ocrx_word' id='word_1_818' title='bbox 2327 4878 2525 4933; x_wconf 88' lang='lat' dir='ltr'><em>fecerit</em></span> <span class='ocrx_word' id='word_1_819' title='bbox 2544 4878 2945 4949; x_wconf 88' lang='lat' dir='ltr'><em>jussus.Quod</em></span> <span class='ocrx_word' id='word_1_820' title='bbox 2979 4877 3030 4932; x_wconf 88' lang='lat' dir='ltr'><em>si</em></span> <span class='ocrx_word' id='word_1_821' title='bbox 3060 4877 3142 4933; x_wconf 87' lang='lat' dir='ltr'><em>ita</em></span> <span class='ocrx_word' id='word_1_822' title='bbox 3169 4883 3260 4934; x_wconf 83' lang='lat' dir='ltr'><em>est</em></span> <span class='ocrx_word' id='word_1_823' title='bbox 3279 4878 3525 4950; x_wconf 90' lang='lat' dir='ltr'><em>jubente</em></span> <span class='ocrx_word' id='word_1_824' title='bbox 3541 4894 3695 4950; x_wconf 88' lang='lat' dir='ltr'><em>rege,</em></span> 
     </span>
    </p>
   </div>
   <div class='ocr_carea' id='block_1_110' title="bbox 2053 4965 3698 5040">
    <p class='ocr_par' dir='ltr' id='par_1_110' title="bbox 2053 4965 3698 5040">
     <span class='ocr_line' id='line_1_110' title="bbox 2053 4965 3698 5040; baseline -0.001 -17"><span class='ocrx_word' id='word_1_825' title='bbox 2053 4971 2272 5040; x_wconf 87' lang='lat' dir='ltr'><em>quanto</em></span> <span class='ocrx_word' id='word_1_826' title='bbox 2302 4965 2492 5037; x_wconf 85' lang='lat' dir='ltr'><em>magis</em></span> <span class='ocrx_word' id='word_1_827' title='bbox 2505 4967 2748 5038; x_wconf 89' lang='lat' dir='ltr'><em>jubente</em></span> <span class='ocrx_word' id='word_1_828' title='bbox 2769 4965 3078 5022; x_wconf 81' lang='lat' dir='ltr'><em>Creatore?</em></span> <span class='ocrx_word' id='word_1_829' title='bbox 3111 4967 3219 5032; x_wconf 88' lang='lat' dir='ltr'><em>Qui</em></span> <span class='ocrx_word' id='word_1_830' title='bbox 3241 4982 3377 5039; x_wconf 90' lang='lat' dir='ltr'><em>ergo</em></span> <span class='ocrx_word' id='word_1_831' title='bbox 3398 4967 3563 5022; x_wconf 89' lang='lat' dir='ltr'><em>audit</em></span> <span class='ocrx_word' id='word_1_832' title='bbox 3583 4977 3698 5022; x_wconf 87' lang='lat' dir='ltr'><em>non</em></span> 
     </span>
    </p>
   </div>
   <div class='ocr_carea' id='block_1_111' title="bbox 2054 5054 3702 5126">
    <p class='ocr_par' dir='ltr' id='par_1_111' title="bbox 2054 5054 3702 5126">
     <span class='ocr_line' id='line_1_111' title="bbox 2054 5054 3702 5126; baseline 0 -15"><span class='ocrx_word' id='word_1_833' title='bbox 2054 5058 2228 5112; x_wconf 89' lang='lat' dir='ltr'><em>licere</em></span> <span class='ocrx_word' id='word_1_834' title='bbox 2259 5073 2321 5111; x_wconf 90' lang='lat' dir='ltr'><em>se</em></span> <span class='ocrx_word' id='word_1_835' title='bbox 2352 5055 2632 5122; x_wconf 89' lang='lat' dir='ltr'><em>occidere,</em></span> <span class='ocrx_word' id='word_1_836' title='bbox 2666 5055 2840 5110; x_wconf 87' lang='lat' dir='ltr'><em>faciat</em></span> <span class='ocrx_word' id='word_1_837' title='bbox 2877 5055 2926 5110; x_wconf 88' lang='lat' dir='ltr'><em>si</em></span> <span class='ocrx_word' id='word_1_838' title='bbox 2947 5055 3132 5126; x_wconf 88' lang='lat' dir='ltr'><em>jussit</em></span> <span class='ocrx_word' id='word_1_839' title='bbox 3177 5055 3348 5126; x_wconf 88' lang='lat' dir='ltr'><em>cujus</em></span> <span class='ocrx_word' id='word_1_840' title='bbox 3393 5072 3510 5110; x_wconf 90' lang='lat' dir='ltr'><em>non</em></span> <span class='ocrx_word' id='word_1_841' title='bbox 3563 5054 3702 5111; x_wconf 88' lang='lat' dir='ltr'><em>licet</em></span> 
     </span>
    </p>
   </div>
   <div class='ocr_carea' id='block_1_112' title="bbox 2047 5143 3699 5218">
    <p class='ocr_par' dir='ltr' id='par_1_112' title="bbox 2047 5143 3699 5218">
     <span class='ocr_line' id='line_1_112' title="bbox 2047 5143 3699 5218; baseline 0 -18"><span class='ocrx_word' id='word_1_842' title='bbox 2047 5148 2219 5218; x_wconf 81' lang='lat' dir='ltr'><em>jussu</em></span> <span class='ocrx_word' id='word_1_843' title='bbox 2269 5149 2662 5200; x_wconf 86' lang='lat' dir='ltr'><em>contemnere.</em></span> <span class='ocrx_word' id='word_1_844' title='bbox 2695 5143 3126 5198; x_wconf 88' lang='lat' dir='ltr'><em>Tantummodo</em></span> <span class='ocrx_word' id='word_1_845' title='bbox 3155 5144 3352 5199; x_wconf 88' lang='lat' dir='ltr'><em>videat</em></span> <span class='ocrx_word' id='word_1_846' title='bbox 3383 5148 3581 5200; x_wconf 90' lang='lat' dir='ltr'><em>utrum</em></span> <span class='ocrx_word' id='word_1_847' title='bbox 3613 5144 3699 5200; x_wconf 84' lang='lat' dir='ltr'><em>di-</em></span> 
     </span>
    </p>
   </div>
   <div class='ocr_carea' id='block_1_113' title="bbox 2051 5231 3701 5305">
    <p class='ocr_par' dir='ltr' id='par_1_113' title="bbox 2051 5231 3701 5305">
     <span class='ocr_line' id='line_1_113' title="bbox 2051 5231 3701 5305; baseline -0.001 -16"><span class='ocrx_word' id='word_1_848' title='bbox 2051 5233 2186 5290; x_wconf 86' lang='lat' dir='ltr'><em>vina</em></span> <span class='ocrx_word' id='word_1_849' title='bbox 2207 5232 2400 5304; x_wconf 87' lang='lat' dir='ltr'><em>jussio</em></span> <span class='ocrx_word' id='word_1_850' title='bbox 2432 5231 2594 5286; x_wconf 88' lang='lat' dir='ltr'><em>nullo</em></span> <span class='ocrx_word' id='word_1_851' title='bbox 2626 5235 2791 5286; x_wconf 90' lang='lat' dir='ltr'><em>nutet</em></span> <span class='ocrx_word' id='word_1_852' title='bbox 2822 5232 3184 5288; x_wconf 89' lang='lat' dir='ltr'><em>incerto.Nos</em></span> <span class='ocrx_word' id='word_1_853' title='bbox 3214 5249 3317 5305; x_wconf 91' lang='lat' dir='ltr'><em>per</em></span> <span class='ocrx_word' id='word_1_854' title='bbox 3340 5249 3542 5290; x_wconf 88' lang='lat' dir='ltr'><em>aurem</em></span> <span class='ocrx_word' id='word_1_855' title='bbox 3563 5249 3701 5289; x_wconf 90' lang='lat' dir='ltr'><em>con-</em></span> 
     </span>
    </p>
   </div>
   <div class='ocr_carea' id='block_1_114' title="bbox 2055 5319 3702 5394">
    <p class='ocr_par' dir='ltr' id='par_1_114' title="bbox 2055 5319 3702 5394">
     <span class='ocr_line' id='line_1_114' title="bbox 2055 5319 3702 5394; baseline 0 -16"><span class='ocrx_word' id='word_1_856' title='bbox 2055 5321 2361 5378; x_wconf 89' lang='lat' dir='ltr'><em>scientiam</em></span> <span class='ocrx_word' id='word_1_857' title='bbox 2393 5321 2790 5388; x_wconf 82' lang='lat' dir='ltr'><em>convenimus,</em></span> <span class='ocrx_word' id='word_1_858' title='bbox 2824 5319 3183 5376; x_wconf 88' lang='lat' dir='ltr'><em>occultorum</em></span> <span class='ocrx_word' id='word_1_859' title='bbox 3216 5319 3386 5377; x_wconf 90' lang='lat' dir='ltr'><em>nobis</em></span> <span class='ocrx_word' id='word_1_860' title='bbox 3407 5321 3702 5394; x_wconf 90' lang='lat' dir='ltr'><em>judicium</em></span> 
     </span>
    </p>
   </div>
   <div class='ocr_carea' id='block_1_115' title="bbox 2061 5408 3700 5482">
    <p class='ocr_par' dir='ltr' id='par_1_115' title="bbox 2061 5408 3700 5482">
     <span class='ocr_line' id='line_1_115' title="bbox 2061 5408 3700 5482; baseline 0.001 -15"><span class='ocrx_word' id='word_1_861' title='bbox 2061 5429 2175 5467; x_wconf 89' lang='lat' dir='ltr'><em>non</em></span> <span class='ocrx_word' id='word_1_862' title='bbox 2206 5426 2585 5482; x_wconf 89' lang='lat' dir='ltr'><em>usurpamus,</em></span> <span class='ocrx_word' id='word_1_863' title='bbox 2612 5425 2784 5463; x_wconf 89' lang='lat' dir='ltr'><em>nemo</em></span> <span class='ocrx_word' id='word_1_864' title='bbox 2813 5408 2924 5464; x_wconf 88' lang='lat' dir='ltr'><em>scit</em></span> <span class='ocrx_word' id='word_1_865' title='bbox 2954 5408 3095 5480; x_wconf 91' lang='lat' dir='ltr'><em>quid</em></span> <span class='ocrx_word' id='word_1_866' title='bbox 3117 5413 3324 5482; x_wconf 88' lang='lat' dir='ltr'><em>agatur</em></span> <span class='ocrx_word' id='word_1_867' title='bbox 3351 5409 3412 5465; x_wconf 91' lang='lat' dir='ltr'><em>in</em></span> <span class='ocrx_word' id='word_1_868' title='bbox 3442 5409 3700 5482; x_wconf 89' lang='lat' dir='ltr'><em>homine,</em></span> 
     </span>
    </p>
   </div>
   <div class='ocr_carea' id='block_1_116' title="bbox 2062 5495 3630 5571">
    <p class='ocr_par' dir='ltr' id='par_1_116' title="bbox 2062 5495 3630 5571">
     <span class='ocr_line' id='line_1_116' title="bbox 2062 5495 3630 5571; baseline -0.004 -16"><span class='ocrx_word' id='word_1_869' title='bbox 2062 5499 2173 5555; x_wconf 90' lang='lat' dir='ltr'><em>nisi</em></span> <span class='ocrx_word' id='word_1_870' title='bbox 2205 5498 2446 5571; x_wconf 89' lang='lat' dir='ltr'><em>spiritus</em></span> <span class='ocrx_word' id='word_1_871' title='bbox 2474 5495 2734 5551; x_wconf 85' lang='lat' dir='ltr'><em>hominis</em></span> <span class='ocrx_word' id='word_1_872' title='bbox 2762 5495 2862 5568; x_wconf 90' lang='lat' dir='ltr'><em>qui</em></span> <span class='ocrx_word' id='word_1_873' title='bbox 2894 5495 2954 5550; x_wconf 92' lang='lat' dir='ltr'><em>in</em></span> <span class='ocrx_word' id='word_1_874' title='bbox 2985 5495 3113 5568; x_wconf 87' lang='lat' dir='ltr'><em>ipso</em></span> <span class='ocrx_word' id='word_1_875' title='bbox 3143 5501 3230 5552; x_wconf 90' lang='lat' dir='ltr'><em>est</em></span> <span class='ocrx_word' id='word_1_876' title='bbox 3257 5498 3307 5567; x_wconf 88' lang='grc' dir='ltr'><em>(Ι</em></span> <span class='ocrx_word' id='word_1_877' title='bbox 3333 5496 3452 5554; x_wconf 87' lang='lat' dir='ltr'><em>Cor.</em></span> <span class='ocrx_word' id='word_1_878' title='bbox 3484 5499 3569 5568; x_wconf 83' lang='lat' dir='ltr'><strong>II).</strong></span> <span class='ocrx_word' id='word_1_879' title='bbox 3600 5519 3630 5549; x_wconf 82' lang='lat'>»</span> 
     </span>
    </p>
   </div>
   <div class='ocr_carea' id='block_1_117' title="bbox 2062 5593 3706 5669">
    <p class='ocr_par' dir='ltr' id='par_1_117' title="bbox 2062 5593 3706 5669">
     <span class='ocr_line' id='line_1_117' title="bbox 2062 5593 3706 5669; baseline 0.001 -17"><span class='ocrx_word' id='word_1_880' title='bbox 2062 5597 2197 5652; x_wconf 75' lang='lat' dir='ltr'><em>CAP.</em></span> <span class='ocrx_word' id='word_1_881' title='bbox 2231 5595 2348 5650; x_wconf 89' lang='lat' dir='ltr'><em>XII.</em></span> <span class='ocrx_word' id='word_1_882' title='bbox 2382 5623 2450 5636; x_wconf 86' lang='lat'><em>-—</em></span> <span class='ocrx_word' id='word_1_883' title='bbox 2503 5593 2795 5669; x_wconf 80' lang='lat' dir='ltr'><em>Victoriam</em></span> <span class='ocrx_word' id='word_1_884' title='bbox 2840 5595 2900 5669; x_wconf 82' lang='lat' dir='ltr'><em>in</em></span> <span class='ocrx_word' id='word_1_885' title='bbox 2950 5593 3104 5669; x_wconf 5' lang='lat' dir='ltr'><em>bello,</em></span> <span class='ocrx_word' id='word_1_886' title='bbox 3131 5611 3232 5666; x_wconf 84' lang='lat' dir='ltr'><em>per</em></span> <span class='ocrx_word' id='word_1_887' title='bbox 3278 5593 3706 5669; x_wconf 77' lang='lat' dir='ltr'><em>Omnipotentem</em></span> 
     </span>
    </p>
   </div>
   <div class='ocr_carea' id='block_1_118' title="bbox 2620 5664 3145 5721">
    <p class='ocr_par' dir='ltr' id='par_1_118' title="bbox 2620 5664 3145 5721">
     <span class='ocr_line' id='line_1_118' title="bbox 2620 5664 3145 5721; baseline 0.002 -2"><span class='ocrx_word' id='word_1_888' title='bbox 2620 5665 2749 5720; x_wconf 86' lang='lat' dir='ltr'><em>dari</em></span> <span class='ocrx_word' id='word_1_889' title='bbox 2774 5666 2868 5720; x_wconf 89' lang='lat' dir='ltr'><em>cui</em></span> <span class='ocrx_word' id='word_1_890' title='bbox 2892 5664 3145 5721; x_wconf 60' lang='lat' dir='ltr'><em>voluerit;</em></span> 
     </span>
    </p>
   </div>
   <div class='ocr_carea' id='block_1_119' title="bbox 2133 5761 3710 5842">
    <p class='ocr_par' dir='ltr' id='par_1_119' title="bbox 2133 5761 3710 5842">
     <span class='ocr_line' id='line_1_119' title="bbox 2133 5761 3710 5842; baseline 0.001 -20"><span class='ocrx_word' id='word_1_891' title='bbox 2133 5763 2452 5822; x_wconf 87' lang='lat' dir='ltr'><em>Victoriam</em></span> <span class='ocrx_word' id='word_1_892' title='bbox 2483 5763 2542 5821; x_wconf 91' lang='lat' dir='ltr'><em>in</em></span> <span class='ocrx_word' id='word_1_893' title='bbox 2572 5761 2724 5820; x_wconf 91' lang='lat' dir='ltr'><em>bello</em></span> <span class='ocrx_word' id='word_1_894' title='bbox 2755 5762 2828 5821; x_wconf 90' lang='lat' dir='ltr'><em>ab</em></span> <span class='ocrx_word' id='word_1_895' title='bbox 2857 5762 3268 5838; x_wconf 87' lang='lat' dir='ltr'><em>Omnipotents</em></span> <span class='ocrx_word' id='word_1_896' title='bbox 3296 5781 3402 5841; x_wconf 89' lang='lat' dir='ltr'><em>per</em></span> <span class='ocrx_word' id='word_1_897' title='bbox 3431 5765 3710 5842; x_wconf 82' lang='lat' dir='ltr'><em>angelum</em></span> 
     </span>
    </p>
   </div>
   <div class='ocr_carea' id='block_1_120' title="bbox 3307 5893 3386 5956">
    <p class='ocr_par' dir='ltr' id='par_1_120' title="bbox 3307 5893 3386 5956">
     <span class='ocr_line' id='line_1_120' title="bbox 3307 5893 3386 5956; baseline 0.025 -2"><span class='ocrx_word' id='word_1_898' title='bbox 3307 5893 3386 5956; x_wconf 75' lang='lat'><em>27</em></span> 
     </span>
    </p>
   </div>
  </div>
