4204 6458
521 448 639 510 843

1292 449 1678 512 HINCMARI
1729 453 1969 513 RHEM.
2015 451 2378 513 ARCHIEP.
2426 451 2834 514 OPUSCULA
2880 449 3142 512 VARIA.

3797 448 3920 509 8M

521 598 693 635 suum
719 581 810 635 cui
838 579 1690 651 volueritetcuijusseritdari,
1714 587 2083 656 Augusttnus
2103 583 2161 640 in
2190 585 2246 652 Α
2274 601 2388 656 que
2419 584 2530 656 ipsi
2562 585 2879 655 Spartanos
2910 583 3134 638 mutuis
3164 583 3290 639 suis
3319 581 3600 652 cadibuo,
3614 580 3918 652 adjuvant.

520 670 668 726 libro
699 671 769 724 de
795 670 1034 724 Civitate
1069 669 1161 723 hei
1196 671 1583 739 demonstrat,
1616 672 1817 727 dicens
1847 673 1968 744 (lib.
2001 691 2078 739 ιν,
2110 692 2160 729 c.

522 763 610 827 17)
643 777 694 816 :u
729 759 1042 814 Victoriam
1075 759 1457 830 Omnipotens
1488 759 1688 830 mittit,
1720 766 1894 833 atque
1925 761 2026 816 illa
2044 766 2168 817 tan-

520 867 698 923 quam
735 847 851 920 regi
885 849 1127 902 deorum
1161 848 1574 920 obtemperans
1611 849 1679 903 ad
1730 867 1879 920 quos
1917 851 2166 920 jusserit

519 939 698 1006 venit,
729 941 787 992 et
816 935 874 990 in
905 953 1105 990 eorum
1141 940 1301 1008 parte
1332 936 1604 991 considit.
1642 939 1755 992 lloc
1785 955 1916 993 vero
1963 940 2035 994 de
2067 939 2164 996 illo

521 1043 655 1084 vero
686 1042 817 1097 rege
866 1023 1208 1079 saeculorum
1241 1023 1476 1089 dicitur,
1501 1025 1655 1096 quod
1707 1025 1902 1082 mittat
1931 1045 2044 1082 non
2077 1028 2166 1083 vi-

523 1115 791 1182 ctoriam,
825 1130 950 1185 qua:
1002 1111 1163 1167 nulla
1211 1113 1544 1168 substantia
1598 1117 1706 1179 est,
1740 1114 1840 1168 sed
1890 1115 2162 1186 angelum

525 1219 722 1269 suum,
751 1206 809 1256 et
837 1201 974 1256 facit
1003 1200 1228 1256 vincere
1275 1217 1448 1272 quem
1495 1200 1762 1256 voluerit.
1811 1202 1992 1272 Cujus
2031 1221 2168 1258 con-

524 1291 725 1347 silium
757 1289 1048 1344 occultum
1083 1305 1213 1344 esse
1245 1293 1452 1361 potest,
1477 1288 1745 1360 iniquum
1773 1307 1886 1345 non
1919 1298 2166 1362 potest.»

523 1417 659 1472 Cap.
711 1414 862 1496 XIII.
904 1445 974 1497 -ῖ-
1029 1415 1198 1497 Deum
1251 1413 1474 1497 quando
1525 1423 1816 1486 pugnatur
1864 1423 2062 1483 astare,
2119 1428 2172 1476 et

833 1493 1005 1557 justse
1028 1493 1177 1556 parti
1205 1493 1486 1540 victoriam
1514 1500 1849 1557 prwparare.

596 1600 838 1666 Quando
871 1573 1185 1672 pugnatnr,
1224 1603 1399 1654 Deum
1433 1599 1650 1670 apertis
1679 1600 1840 1656 cwlis
1871 1608 2080 1673 astare,
2113 1610 2170 1661 et

517 1693 692 1764 justas
725 1687 873 1762 parti
900 1687 1198 1742 victoriam
1222 1687 1786 1762 prmstaremihilque
1817 1691 1887 1746 de
1917 1694 2170 1766 propriis

523 1779 745 1834 viribus
775 1777 1270 1851 praesumendum,
1301 1777 1670 1848 Augustinus
1709 1779 1766 1833 in
1799 1779 2047 1852 epistola
2095 1783 2168 1839 ad

2273 673 2542 745 Spartani
2575 677 2899 744 quaerentes
2927 688 3255 743 regem,nec
3286 669 3665 733 invenientes,
3686 670 3926 724 caedunt

2273 765 2662 833 sternuntque
2691 760 2908 828 omnia,
2931 764 3122 833 castra
3152 761 3540 832 pervagantur
3567 759 3932 822 universa,et

2274 848 2428 904 inter
2457 831 2671 904 densas
2700 853 2894 903 strues
2921 831 3226 920 cbrporum
3252 831 3413 903 raros
3436 846 3704 902 homines
3722 846 3816 902 vix
3836 862 3927 902 se-

2274 941 2557 1009 quuntur,
2589 936 2833 992 victores
2863 936 2988 997 sine
3018 936 3196 992 dubio
3229 935 3340 992 nisi
3373 934 3520 991 mori
3551 934 3846 1008 elegisset.

2274 1079 2410 1136 CAP.
2444 1078 2557 1135 XV.
2598 1110 2666 1120 —
2714 1078 2871 1204 (Zuod
2911 1095 3010 1150 pro
3059 1079 3129 1132 iis
3173 1079 3271 1161 qui
3316 1079 3377 1132 in
3427 1077 3563 1133 bello
3609 1076 3929 1133 ceciderunt

2699 1166 2730 1204 ο
2768 1151 2996 1204 lationes
3025 1149 3210 1204 oﬂ'em
3239 1149 3484 1204 debeant.

2699 1149 2996 1206 oblationes
3025 1149 3212 1222 offerri
3239 1149 3484 1204 debeant.

2346 1265 2508 1331 Quod
2538 1281 2640 1336 pro
2671 1264 2764 1320 his
2795 1265 2892 1337 qui
2919 1263 2978 1318 in
3011 1262 3162 1320 bello
3195 1263 3444 1319 ﬁdeliter
3472 1263 3758 1320 bellantes
3778 1262 3926 1319 ceci-

2275 1354 2506 1422 derunt,
2536 1353 2858 1408 oblationes
2888 1351 3408 1425 eleemosynarum,
3457 1353 3813 1420 orationum,
3865 1356 3926 1407 et

2277 1459 2452 1498 sacra:
2485 1441 2686 1498 hostia:
2719 1438 3068 1497 ﬁducialiter
3096 1441 3288 1496 oIl'erri
3315 1442 3586 1509 debeant,
3619 1441 3928 1514 Scriptura

2277 1531 2637 1587 demonstrat
2665 1531 2867 1586 dicens
2893 1547 2906 1585 :
2945 1531 3038 1586 Vir
3060 1531 3395 1602 fortissimus
3424 1529 3585 1596 Iuda,
3606 1530 3924 1586 collectione

2273 1623 2439 1692 facta,
2470 1619 2750 1674 duodecim
2777 1619 2962 1674 millia
3003 1618 3288 1674 drachmas
3335 1619 3552 1688 argenti
3592 1619 3749 1674 misit
3792 1619 3925 1675 Hie-

2275 1709 2605 1780 rosolymam
2631 1707 2824 1780 oﬂ’erre
2853 1723 2915 1762 ea
2945 1707 3026 1762 ibi
3049 1723 3148 1778 pro
3191 1708 3419 1778 peccatis
3448 1714 3804 1776 mortuorum,
3825 1708 3924 1780 ju-

2276 1805 2356 1852 ste
2383 1805 2434 1852 et
2461 1797 2716 1864 religiose
2743 1797 2984 1864 cogitans
3009 1795 3075 1852 de
3101 1797 3498 1852 resurrectione
3525 1797 3600 1864 (II
3625 1795 3790 1852 Marc.
3819 1813 3922 1864 ιιι,

525 1866 888 1926 Bonifacium
920 1866 1303 1931 demonstrat,
1337 1865 1536 1920 dicens
1570 1867 1744 1938 (epist.
1775 1870 1903 1937 205)
1937 1885 1988 1922 ζα
2021 1870 2168 1926 Utile

2282 1887 2460 1953 43),ut
2491 1883 2660 1940 multi
2687 1883 2946 1940 dicerent
2972 1901 3188 1940 vanum
3219 1889 3278 1940 et
3303 1884 3667 1956 superﬂuum
3687 1901 3818 1942 esse
3838 1886 3924 1941 of-

526 1956 632 2013 tibi
657 1956 898 2046 tuisque
928 1954 1078 2046 dabo
1107 1953 1658 2046 consilium.Arripe
1689 1957 1961 2046 manibus
1987 1975 2169 2028 arma,
2201 1949 2251 2015 Β
2282 1949 2428 2030 τρέε-ο
2460 1990 2562 2046 pro
2586 1972 3234 2030 mortuis,con5[derava
3261 1949 3407 2029 εηίνίι
3428 1972 3568 2046 quod
3596 1973 3785 2046 hiﬂm'
3801 1989 3925 2030 cum

525 2045 708 2102 oratio
733 2060 905 2100 aures
935 2041 1129 2115 pulset
1152 2041 1832 2116 auctoris,quia,quando
1853 2053 2168 2119 pugnatur,

526 2135 680 2190 Deus
712 2131 929 2204 apertis
958 2129 1119 2186 cmlis
1152 2135 1396 2202 spectat,
1428 2136 1486 2186 et
1519 2135 1740 2202 partem
1769 2150 1946 2205 quam
1989 2135 2171 2208 inspi-

526 2224 624 2289 cit,
647 2223 897 2293 justam,
930 2219 1008 2273 ibi
1042 2219 1143 2273 dat
1173 2217 1450 2290 palmam.
1484 2219 1638 2274 Nihil
1671 2221 1742 2275 de
1771 2221 1992 2278 viribus
2039 2241 2171 2295 pro-

528 2311 673 2384 priis
697 2324 1039 2382 praesumus,
1073 2308 1143 2360 de
1189 2312 1424 2361 auctore
1481 2306 1729 2378 gloriare
1779 2310 2081 2380 virtutum,
2114 2318 2173 2367 et

526 2398 755 2455 nullum
787 2395 1020 2453 curabis
1050 2395 1284 2467 penitus
1311 2395 1638 2452 inimicum.
1672 2421 1699 2448 ››

527 2526 663 2582 CAP.
697 2522 940 2598 XlV._—:
969 2520 1117 2598 Quod
1165 2537 1276 2576 non
1321 2537 1427 2598 pro
1471 2523 1744 2598 paucitate
1789 2523 2169 2598 difﬁdendum,

809 2596 861 2650 si
887 2595 1149 2648 Dominus
1178 2609 1301 2647 cum
1323 2591 1669 2648 bellatoribus
1697 2591 1885 2666 fuerit;

599 2711 760 2777 Quod
791 2726 906 2764 non
942 2709 999 2762 in
1027 2707 1356 2762 multudine
1385 2709 1703 2777 Iidendum,
1737 2728 1840 2766 nec
1882 2729 1984 2784 pro
2023 2731 2173 2785 pau-

527 2801 702 2857 citate
731 2797 1118 2853 diI‘ﬁdendum
1151 2795 1208 2850 in
1243 2795 1392 2850 bello
1423 2796 1572 2864 sit,si
1599 2797 1880 2855 Dominus
1902 2818 2036 2857 cum
2062 2804 2175 2858 bel-

527 2889 811 2946 latoribus
841 2885 1034 2956 I‘uerit,
1065 2890 1122 2940 et
1152 2884 1612 2942 famosissimum
1664 2888 1879 2944 bellum
1929 2907 2034 2962 per
2061 2894 2175 2948 Ge-

528 2979 773 3034 deonem
806 2975 1046 3030 Domino
1079 2973 1420 3045 disponente
1452 2980 1668 3043 actum,
1693 2982 1751 3032 et
1780 2977 1912 3033 libri
1937 2981 2174 3036 Macha-

528 3067 871 3131 baaorum,et
901 3062 1144 3118 historia
1175 3062 1362 3117 Orosii
1394 3063 1780 3132 demonstrat,
1812 3067 1868 3120 in
1901 3084 2018 3139 qua
2037 3069 2175 3124 scri-

529 3159 694 3227 ptum
725 3156 816 3208 est
843 3151 962 3221 (tu).
994 3168 1071 3215 XI,
1104 3166 1156 3203 c.
1187 3151 1264 3218 9).
1299 3174 1326 3199 ‹‹
1359 3151 1569 3206 Xerxes
1603 3170 1699 3207 rex
1731 3153 2036 3210 Persarum
2085 3174 2173 3212 se-

527 3239 823 3316 ptinginta
851 3237 1036 3293 millia
1065 3243 1424 3292 armatorum
1446 3239 1516 3294 de
1538 3245 1800 3310 regno,et
1827 3246 2086 3300 trecenta
2105 3245 2176 3300 de

2277 2065 2475 2135 pietate
2520 2062 2904 2118 dormitionem
2957 2070 3290 2134 acceperant,
3355 2065 3614 2134 optimam
3669 2061 3936 2120 haberent

2278 2152 2569 2222 repositam
2597 2151 2854 2220 gratiam.
2887 2150 3088 2205 Sancta
3127 2167 3256 2219 ergo
3303 2159 3354 2207 et
3397 2150 3636 2206 salubris
3665 2158 3746 2206 est
3773 2153 3928 2220 cogi-

2279 2241 2408 2294 tatio
2434 2239 2628 2318 olferre
2660 2239 2996 2310 sacriﬁcium
3042 2255 3142 2310 pro
3188 2237 3479 2310 defunctis,
3531 2246 3592 2294 ut
3640 2255 3676 2294 a
3719 2248 3932 2312 peccat:

2279 2328 2562 2384 solvantur
2589 2327 2769 2400 (ibid,
2795 2327 2882 2395 45,
2915 2327 3025 2396 46).

2315 2455 2449 2507 CAP.
2481 2451 2622 2506 XVI.
2657 2481 2723 2491 —
2758 2449 2907 2523 Quod
2934 2467 3092 2523 reges
3142 2467 3334 2519 regum
3379 2452 3607 2508 Domino
3633 2455 3898 2521 serviant,

2685 2523 2850 2578 etiam
2881 2521 3022 2591 leges
3052 2521 3231 2578 dando
3259 2539 3356 2594 pro
3388 2524 3526 2594 ipso.

2351 2639 2512 2704 Quod
2547 2654 2660 2692 non
2693 2637 2884 2692 solum
2917 2637 2975 2692 in
3009 2637 3122 2705 his,
3156 2654 3284 2710 quas
3315 2638 3736 2710 praemisimus,
3769 2654 3936 2713 reges

2285 2727 2423 2800 Regi
2455 2743 2656 2799 regum
2688 2725 2944 2782 serviant
2960 2726 3339 2794 mmino,sed
3361 2731 3419 2783 et
3439 2726 3598 2800 leges
3615 2728 3811 2784 dando
3830 2743 3936 2800 pro

2283 2814 2798 2888 ipso,Augustinus
2825 2814 2885 2869 in
2915 2814 3163 2886 epistola
3193 2816 3264 2871 ad
3301 2815 3663 2872 Bonifacium
3689 2817 3934 2872 demon-

2282 2908 2399 2959 trat
2438 2903 2639 2959 dicens
2687 2905 2864 2975 (epist.
2917 2903 3008 2974 50)
3041 2920 3056 2960 :
3089 2926 3118 2954 «
3165 2903 3451 2972 Serviant,
3503 2904 3722 2982 inquit,
3766 2920 3936 2979 reges

2281 2997 2444 3047 terrae
2505 2991 2756 3058 Christo,
2807 2991 2982 3046 etiam
3041 2990 3198 3064 leges
3244 2992 3480 3048 ferendo
3525 3010 3628 3065 pro
3675 2992 3930 3050 Christo.

2282 3080 2580 3146 Quomodo
2627 3097 2764 3152 ergo
2822 3097 2986 3152 reges
3034 3079 3282 3135 Domino
3312 3081 3572 3137 serviunt
3599 3081 3658 3136 in
3694 3081 3927 3148 timore,

2283 3167 2396 3224 nisi
2417 3185 2486 3224 ea
2509 3185 2637 3240 quae
2668 3173 2882 3224 contra!
2899 3167 3128 3224 Domini
3151 3168 3325 3240 jussa
3354 3169 3523 3234 fiunt,
3554 3167 3830 3242 religiosa
3847 3187 3935 3226 se-

2282 3257 2521 3313 veritate
2552 3257 2912 3330 prohibendo
2943 3261 3116 3330 atque
3173 3255 3517 3330 plectendo‘?
3544 3257 3727 3314 Aliter
3771 3258 3930 3314 etim

529 3329 765 3386 auxiliis
796 3332 1075 3384 rostratas
1105 3326 1281 3381 etiam
1314 3344 1490 3382 naves
1523 3329 1680 3385 mille
1709 3331 2011 3402 ducentas,
2036 3351 2170 3390 one-
2203 3313 2248 3382 (ἶ
2286 3345 2462 3402 servit
2486 3313 2626 3418 (μίξει
2654 3345 2829 3401 homo
2858 3313 3144 3412 δμώων
3164 3313 3305 3418 ἔμιξε
3333 3346 3510 3403 etiam
3541 3364 3639 3402 rex
3667 3346 3936 3414 estnouia

531 3419 716 3476 rarias
745 3422 942 3474 autem
967 3416 1078 3471 tria
1097 3415 1280 3470 millia
1299 3433 1542 3471 numero
1575 3417 1852 3475 habuisse
1883 3426 2171 3478 narratur.

530 3513 597 3565 ut
625 3507 834 3564 merito
865 3505 1163 3577 inopinato
1193 3505 1471 3560 exercitui
1521 3507 1938 3580 immensasque
1976 3510 2172 3578 classi,

527 3599 621 3654 vix
652 3597 724 3652 ad
755 3599 956 3668 potum
987 3593 1348 3660 ﬂumina,vix
1379 3598 1562 3651 terras
1592 3597 1661 3650 ad
1697 3596 2049 3670 ingressum,
2081 3600 2175 3655 vix

528 3687 715 3743 maria
743 3686 814 3741 ad
846 3701 1086 3740 cursum
1119 3683 1420 3739 sullecisse
1449 3690 1836 3740 memoratum
1885 3686 1980 3743 sit.
2029 3688 2174 3744 Huic

529 3781 648 3832 tam
664 3771 990 3829 incredibili
1012 3771 1372 3842 temporibus
1397 3771 1612 3828 nostris
1632 3773 2050 3846 agmini,cujus
2071 3793 2175 3832 nu-

527 3879 754 3919 merum
787 3877 943 3916 nunc
973 3858 1270 3915 difﬁcilius
1301 3864 1389 3914 est
1417 3859 1622 3925 astrui,
1658 3879 1833 3932 quam
1883 3869 2023 3918 tunc
2062 3864 2174 3920 fuit

523 3949 961 4019 vinci,Leonida
991 3966 1088 4003 rex
1116 3949 1534 4018 Spartanorum
1566 3966 1700 4003 cum
1741 3954 1993 4020 quatuor
2039 3952 2171 4008 mil-

525 4041 682 4096 libus
694 4037 1000 4094 hominum
1018 4036 1076 4090 in
1090 4036 1377 4108 angustiis
1394 4035 1910 4108 Thermopylarum
1924 4041 2168 4096 obstitit.

525 4130 737 4186 Xerxes
768 4131 987 4192 autem,
1010 4131 1347 4198 contemptu
1401 4125 1714 4196 paucitatis
1742 4128 2001 4199 objecta,
2035 4129 2170 4184 iniri

526 4233 808 4292 pugnam,
839 4214 1064 4271 conseri
1097 4230 1334 4268 manum
1370 4213 1639 4286 imperat,
1672 4232 1738 4269 ac
1769 4233 1870 4287 per
1909 4217 2170 4274 triduum

524 4307 869 4364 continuum
903 4321 1016 4359 non
1049 4304 1299 4359 duorum
1323 4303 1648 4374 pugna,sed
1673 4305 1857 4359 cmdes
1878 4305 2055 4362 unius
2077 4323 2172 4378 po-

525 4395 648 4469 puli
679 4394 1033 4460 fuit.Quarto
1065 4396 1257 4447 autem
1279 4391 1372 4444 die
1394 4407 1527 4445 cum
1548 4391 1766 4448 videret
1799 4393 2052 4449 Leonida
2069 4413 2171 4450 un-

524 4485 700 4556 dique
729 4483 956 4539 hostem
996 4478 1409 4544 circumfundi,
1443 4478 1710 4535 hortatur
1738 4481 2046 4539 auxiliares
2076 4502 2168 4540 so-

525 4573 666 4641 cios,
699 4576 765 4627 ut
791 4569 1200 4626 subtrahentes
1231 4585 1294 4622 se
1325 4584 1530 4639 pugna:
1555 4569 1612 4623 in
1644 4586 1923 4626 cacumen
1951 4574 2169 4629 montis

2283 3434 2458 3490 homo
2487 3435 2650 3500 est,ei
2683 3434 2861 3490 servit
2880 3434 3122 3490 vivendo
3145 3433 3419 3490 ﬁdeliter:
3444 3435 3582 3508 quia
3599 3451 3735 3491 vero
3753 3434 3933 3491 etiam

2283 3541 2380 3579 rex
2411 3528 2520 3591 est,
2553 3522 2728 3578 servit
2755 3522 2912 3594 leges
2935 3524 3100 3594 justa
3129 3522 3528 3595 praecipientes
3555 3527 3614 3578 et
3642 3523 3937 3578 contraria

2281 3611 2656 3684 prohibentes
2677 3610 3043 3668 convenienti
3063 3610 3258 3684 vigore
3288 3611 3796 3668 sanciendo.Sicut
3817 3627 3939 3666 ser-

2280 3701 2420 3756 vivit
2449 3700 2740 3768 Ezechias,
2776 3699 2939 3756 lucos
2969 3704 3026 3755 et
3046 3698 3265 3772 templa
3292 3698 3605 3768 idolorum,
3624 3703 3682 3756 et
3705 3697 3807 3755 illa
3832 3714 3938 3755 ex-

2281 3788 2456 3856 celsa,
2472 3806 2597 3862 qua:
2628 3793 2831 3845 contra
2860 3788 2960 3844 Dei
2992 3792 3281 3861 praecepta
3311 3789 3546 3844 fuerunt
3573 3792 3934 3857 constructa,

2281 3877 2634 3934 destruendo
2683 3879 2771 3949 (IV
2818 3878 2946 3946 Reg.
2993 3878 3176 3944 xxiii).
3227 3877 3393 3932 Sicut
3439 3875 3672 3933 servivit
3713 3875 3932 3943 Josias,

2280 3965 2422 4022 talia
2451 3971 2510 4021 et
2549 3966 2672 4039 ipse
2705 3965 2966 4022 faciende
2997 3966 3085 4038 (IV
3126 3966 3252 4035 Reg.
3303 3968 3452 4034 xxv).
3505 3965 3669 4022 Sicut
3696 3965 3934 4022 servivit

2279 4071 2380 4110 rex
2404 4053 3148 4122 Ninivitarum,universam
3170 4053 3458 4110 civitatem
3483 4054 3552 4109 ad
3573 4052 3932 4125 placandum

2280 4143 2594 4198 Dominum
2625 4141 3025 4214 compellendo
3055 4144 3197 4214 (Jon.
3231 4143 3336 4216 III).
3356 4143 3522 4200 Sicut
3549 4141 3784 4198 servivit
3820 4143 3929 4199 Da-

2279 4232 2422 4300 rius,
2443 4231 2667 4288 idolum
2687 4231 3145 4304 t'rangendumin
3163 4235 3508 4304 potestatem
3525 4229 3752 4286 Danieli
3781 4231 3928 4287 dan-

2277 4321 2436 4388 do,et
2455 4319 2722 4376 inimicos
2740 4321 2870 4391 ejus
2885 4319 3155 4377 leonibus
3169 4319 3926 4394 ingerendo(Dan.xxv).Sic-

2278 4415 2344 4464 ut
2375 4408 2608 4464 servivit
2639 4407 3194 4478 Nabuchodonosor,
3226 4424 3430 4465 omnes
3481 4409 3540 4464 in
3591 4425 3771 4482 regno
3819 4425 3929 4465 suo

2277 4497 2498 4570 positos
2529 4514 2563 4552 a
2595 4497 3059 4570 blasphemando
3088 4497 3272 4554 Deum
3299 4497 3425 4571 lege
3454 4497 3698 4553 terribili
3731 4497 3926 4570 prohi-

2277 4587 2467 4642 bendo
2497 4587 2772 4654 (Dan.m).
2809 4586 2870 4641 ln
2903 4585 3012 4641 hoc
3042 4586 3241 4658 itaque
3269 4586 3531 4642 serviunt
3563 4585 3810 4642 Domino
3839 4601 3927 4642 re-

523 4663 791 4726 evadant,
827 4676 891 4715 DC
924 4676 984 4714 SC
1015 4657 1086 4713 ad
1109 4656 1647 4748 melioratempora
1687 4665 1977 4715 reservent
2009 4677 2021 4714 Ζ
2201 4681 2246 4745 D
2277 4691 2400 4747 ges,
2433 4675 2784 4747 inquantum
2814 4678 2956 4730 sunt
2982 4656 3166 4748 rcges;
3200 4691 3334 4730 cum
3366 4689 3435 4730 ea
3463 4674 3688 4730 faciunt
3717 4674 3790 4730 ad
3811 4691 3928 4731 εδδ

522 4768 656 4807 vero
687 4766 819 4805 cum
853 4745 1156 4820 Spartanis
1178 4744 1302 4800 suis
1331 4744 1504 4799 aliam
1528 4749 1742 4801 sortem
1765 4763 1892 4802 esse
1917 4749 2165 4804 subeun-

524 4840 681 4904 dam,
715 4835 846 4908 plus
879 4851 940 4889 se
971 4832 1168 4905 patriae
1217 4831 1426 4886 debere
1474 4847 1652 4902 quam
1704 4831 1852 4888 vitae.
1892 4834 2164 4892 Dimissis

523 4927 699 4984 sociis
730 4926 1048 4997 Spartanos
1079 4921 1352 4976 admonet
1395 4921 1465 4975 de
1495 4919 1680 4992 gloria
1719 4920 2060 4993 plurimum,
2093 4925 2165 4982 de

521 5018 640 5073 vita
669 5014 812 5070 nihil
836 5011 1190 5084 sperandum
1223 5027 1235 5065 :
1272 5027 1460 5081 neque
1481 5011 1936 5082 exspectandum
1961 5012 2046 5068 vel
2071 5013 2168 5068 ho-

521 5111 693 5172 stem,
725 5102 812 5158 vel
843 5102 1020 5167 diem,
1054 5100 1153 5155 sed
1187 5098 1487 5154 occasione
1521 5098 1707 5152 noctis
1737 5101 2168 5173 perrumpenda

520 5199 733 5259 castra,
767 5189 1202 5246 commiscenda
1250 5203 1432 5254 arma,
1481 5187 1884 5242 conturbanda
1931 5189 2168 5261 agmina

521 5285 663 5338 fore.
699 5281 998 5352 Nusquam
1030 5279 1274 5332 victores
1305 5275 1609 5331 honestius
1640 5291 1816 5346 quam
1851 5276 1908 5331 in
1957 5277 2166 5333 castris

521 5370 782 5425 hostium
810 5387 937 5425 esse
970 5364 1556 5440 perituros.Persuasi
1593 5364 1770 5435 igitur
1797 5365 1943 5420 mori
1969 5364 2162 5433 malle,

518 5457 581 5513 in
613 5458 891 5514 ultionem
925 5459 1131 5512 t'uturce
1163 5453 1369 5508 mortis
1401 5458 1726 5520 armantur,
1750 5458 2029 5526 tanquam
2051 5455 2164 5527 ipsi

521 5546 822 5602 interitum
844 5563 1016 5602 suum
1049 5549 1106 5600 et
1135 5543 1428 5615 exigerent
1456 5548 1514 5598 et
1541 5541 1919 5597 vindicarent.
1953 5543 2162 5600 Mirum

519 5634 962 5701 dictu,scxcenti
988 5632 1092 5689 viri
1123 5637 1314 5687 castra
1347 5635 1752 5686 sexcentarum
1787 5631 2037 5688 millium
2087 5634 2161 5689 ir-

521 5721 1142 5801 rumpunt.Tumultus
1174 5721 1311 5776 totis
1343 5720 1550 5777 castris
1581 5718 1978 5780 oritur.Persze
2019 5739 2160 5797 quo-

2275 4762 2548 4818 viendum
2579 4761 2684 4831 illi,
2717 4779 2845 4834 qua:
2875 4779 2992 4819 non
3020 4767 3268 4834 possunt
3297 4763 3483 4820 facere
3513 4761 3628 4818 nisi
3666 4779 3853 4836 reges.
3897 4785 3926 4813 ιι

2272 4905 2406 4961 CAP.
2439 4905 2606 4960 XVII.
2641 4937 2706 4946 —
2740 4905 2886 4974 Quod
2912 4905 2982 4961 ad
3000 4907 3242 4978 justitia:
3287 4907 3714 4962 observationem
3760 4909 3927 4963 etiam

2821 4977 3246 5049 compellendum
3275 4980 3366 5034 sit.

2345 5100 2506 5166 Quod
2531 5100 2602 5155 ad
2616 5101 2862 5172 justitiae
2887 5101 3347 5158 observationem
3368 5100 3542 5157 etiam
3567 5101 3924 5174 compellen-

2275 5189 2415 5244 dum
2449 5187 2916 5262 sit,Augustinus
2944 5190 3017 5245 ad
3047 5189 3420 5246 Vincentium
3448 5189 3818 5245 demonstrat
3837 5189 3925 5245 di-

2274 5295 2412 5333 cens
2440 5279 2617 5350 (epist.
2653 5279 2740 5350 48)
2774 5295 2787 5333 :
2823 5302 2850 5329 «
2886 5279 3081 5348 Putas,
3129 5277 3342 5350 inquit,
3376 5277 3672 5334 neminem
3712 5277 3924 5334 debere

2274 5365 2399 5437 cogi
2433 5365 2505 5420 ad
2528 5365 2988 5436 justitiam,cum
3018 5365 3177 5438 legas
3200 5365 3687 5438 patremfamilias
3707 5365 3926 5421 dixisse

2275 5454 2453 5510 servis
2488 5471 2502 5509 :
2538 5454 2907 5526 Quoscumque
2931 5457 3252 5511 inveneritis
3288 5457 3461 5525 cogite
3497 5453 3744 5510 intrare?
3774 5455 3926 5523 (Luc.

2272 5561 2388 5609 xxv,
2419 5545 2536 5612 23.)
2567 5559 2702 5598 cum
2733 5541 2892 5614 legas
2939 5543 3118 5599 etiam
3165 5543 3363 5615 ipsum
3413 5543 3605 5616 primo
3653 5542 3924 5609 Saulum,

2273 5638 2474 5706 postea
2503 5631 2847 5695 Paulum,ad
2879 5633 3344 5704 cognoscendam
3366 5637 3425 5688 et
3446 5631 3764 5687 tenendam
3785 5629 3928 5686 veri-

2271 5726 2450 5779 tatem
2482 5736 2697 5793 magna
2711 5719 2982 5778 violentia
3001 5720 3216 5779 Christi
3237 5721 3499 5795 cogentis
3516 5735 3646 5776 esse
3665 5717 3925 5793 compul-
