4204 6456
494 457 612 526 847

1275 459 1654 530 HINCMARI
1699 456 1941 520 RHEM.
1989 454 2348 520 ARCHIEP.
2397 456 2802 519 OPUSCULA
2842 457 3103 518 VARIA.

494 589 624 646 CAP.
657 589 764 644 ΧΧ.
800 621 866 630 -
899 590 1004 648 Cui
1039 591 1187 646 licite
1226 592 1510 674 ignoscere
1557 591 1716 646 liceat
1755 590 2002 660 principi
2049 586 2133 642 vel
2159 585 2216 654 Α
2243 589 2492 644 cubiculo
2521 589 2663 660 quod
2689 597 2830 674 erat.
2854 591 3002 648 intra
3047 589 3406 658 cubiculum.,
3419 589 3793 660 Dixerunth
3837 587 3895 646 ei

1207 661 1407 733 judici.

562 792 666 853 Cui
686 809 822 866 ergo
854 793 1332 865 licite,ignoscere
1363 792 1534 848 liceat
1555 792 1801 864 principi
1826 792 1910 847 vel
1921 791 2133 862 judici,

493 882 604 938 sub
628 883 793 952 justo
821 885 880 937 et
905 880 1266 936 misericordi
1288 881 1507 952 judice,
1541 881 1640 952 qui
1693 880 2048 935 convertenti
2079 883 2140 933 et

492 969 793 1042 paenitenti
843 969 1112 1042 ignoscit,
1161 971 1368 1026 beatus
1418 969 1731 1042 Gregorius
1785 969 1844 1024 in
1895 967 2140 1022 homilia

491 1056 786 1129 Evangelii
817 1057 1179 1114 demonstrat
1209 1059 1373 1125 (hom.
1405 1059 1496 1130 32)
1528 1073 1542 1112 :
1579 1081 1607 1108 «
1641 1059 1805 1123 Ecce,
1839 1056 2132 1129 inquiens,

493 1144 591 1216 qui
623 1145 912 1216 superbus
934 1145 1116 1212 fuit,si
1148 1163 1461 1201 conversus
1482 1146 1554 1200 ad
1577 1145 1872 1201 Christum
1893 1145 2136 1200 humilis

490 1233 682 1289 faétus
697 1233 1011 1301 est,semcti
1019 1250 1189 1305 psum
1204 1233 1524 1306 reliquit.Si
1541 1233 1875 1289 luxuriosus
1886 1233 2135 1305 quisque

492 1321 563 1377 ad
605 1320 1022 1377 continentiam
1060 1321 1241 1377 vitam
1287 1323 1556 1389 mutavit,
1589 1322 1895 1394 abnegavit
1933 1322 2134 1392 utique

491 1409 645 1483 quod
662 1407 788 1470 fuit.
805 1409 866 1464 Si
879 1426 1089 1472 avarus
1102 1411 1354 1482 quisque
1365 1427 1456 1466 am
1465 1411 1716 1482 birejam
1729 1409 1922 1474 desiit,
1948 1414 2006 1464 et
2027 1409 2136 1464 lar-

489 1495 817 1570 girididicit
837 1497 1070 1570 propria
1089 1498 1187 1570 qui
1217 1499 1378 1570 prius
1409 1497 1602 1555 aliena
1625 1499 1906 1571 rapiebat,
1931 1497 2134 1570 procul

491 1585 671 1652 dubio
695 1586 1076 1658 semetipsum
1101 1586 1284 1658 reliqu
1295 1587 1493 1659 it.lpse
1509 1585 1744 1658 quidem
1758 1591 1846 1641 est
1859 1590 2134 1658 pernatuv

491 1673 750 1741 ram,sed.
769 1690 884 1734 non
907 1679 996 1733 est
1029 1674 1154 1746 ipse
1175 1692 1278 1746 per
1298 1674 1605 1732 malitiam.
1633 1675 1776 1732 Hinc
1802 1674 1958 1730 enim
1990 1674 2132 1730 scri-

490 1765 662 1835 ptum
687 1778 701 1817 :
739 1763 886 1830 Verte
915 1765 1129 1834 impios,
1150 1772 1200 1820 et
1229 1781 1341 1820 non
1368 1773 1530 1824 emat
1560 1765 1742 1836 (Prov.
1765 1781 1864 1830 xu,
1886 1766 1964 1832 7).
1985 1761 2132 1818 Con-

487 1851 637 1919 versi
670 1867 924 1923 namque
955 1851 1120 1924 impii
1153 1869 1266 1908 non
1298 1857 1612 1922 erunt,non
1645 1852 1785 1924 quia
1813 1869 1930 1907 non
1960 1857 2136 1906 erunt

489 1937 732 2011 omnino
760 1939 820 1994 in
849 1940 1122 2008 essentia,
1156 1941 1256 2003 sed
1291 1939 1516 1998 scilicet
1545 1957 1662 1996 non
1693 1946 1868 1998 erunt
1895 1939 2134 1996 omnino
2163 1947 2211 2011 B

489 2026 550 2096 in
582 2026 901 2102 impietatis
919 2027 1281 2100 culpa.Tunc
1296 2045 1432 2100 ergo
1451 2029 1842 2101 nosmetipsos
1857 2028 2131 2100 relinqui-

488 2130 644 2182 mus,
673 2119 813 2173 tunc
843 2116 1232 2188 nosmetipsos
1275 2119 1657 2190 abnegamus,
1690 2134 1824 2173 cum
1873 2117 2130 2173 vitamus

489 2203 643 2276 quod
661 2221 766 2275 per
783 2209 1130 2260 vetustatem
1154 2207 1396 2272 fuimus,
1414 2211 1472 2261 et
1493 2207 1564 2262 ad
1588 2207 1696 2261 hoc
1717 2206 2128 2278 nitimurquod

487 2307 594 2362 per
639 2291 954 2350 novitatem
1001 2310 1297 2349 vocamur.
1351 2295 1667 2352 Pensemus
1724 2295 2015 2368 quomodo
2065 2309 2130 2349 se

489 2377 707 2442 Paulus
736 2380 1141 2453 abnegaverat,
1173 2381 1272 2454 qui
1299 2382 1530 2438 dicebat
1560 2400 1573 2438 :
1611 2384 1736 2440 Vivo
1779 2392 1983 2448 autem,
2007 2383 2130 2454 jam

485 2484 598 2525 non
624 2483 723 2538 ego
751 2468 894 2538 (Gal.
913 2487 976 2536 ιι,
996 2472 1117 2542 20):
1138 2471 1471 2528 Exstinctos
1493 2472 1710 2544 quippe
1733 2473 1922 2527 fuerat
1941 2488 2128 2526 saevus

487 2555 586 2614 ille
614 2563 968 2630 persecutor,
997 2564 1058 2616 et
1085 2559 1270 2615 vivere
1319 2566 1570 2632 emperat
1599 2561 1942 2634 praedicator
1971 2560 2124 2633 pius.

489 2643 549 2702 Si
578 2645 732 2704 enim
766 2647 891 2718 ipse
919 2649 1264 2721 esset,prius
1292 2651 1549 2721 profecto
1569 2667 1684 2705 non
1715 2649 2005 2705 esset.Sed
2026 2648 2128 2720 qui

487 2749 552 2792 se
576 2735 766 2792 vivere
795 2736 1226 2809 denegat,dicat
1249 2739 1402 2794 unde
1431 2739 1702 2810 est,quod
1725 2743 1926 2794 sancta
1955 2738 2133 2793 verba.

485 2841 590 2898 per
616 2823 944 2882 doctrinam
971 2825 1232 2881 veritatis
1263 2827 1568 2896 clamanti;
1604 2827 1870 2898 protinus
1891 2827 2123 2882 subdit:

487 2914 628 2971 Vivit
653 2929 778 2970 vero
808 2915 870 2969 in
896 2930 984 2970 me
1013 2915 1280 2970 Christus.
1310 2917 1390 2970 Ac
1438 2915 1485 2970 si
1536 2921 1731 2987 aperte
1781 2915 1974 2971 dicat:
2009 2916 2128 2989 Ego

484 3001 722 3075 quidem
770 3019 806 3060 a
855 3002 1076 3075 meipso
1124 3005 1470 3070 exstinctus,
1502 3005 1641 3076 quia
1669 3004 1984 3060 carnaliter
2009 3021 2128 3060 non

483 3090 784 3164 sum,quia
813 3091 872 3148 in
904 3091 1132 3149 Christo
1157 3091 1498 3163 spiritaliter
1525 3092 1842 3148 vivo.Dicat
1863 3109 1998 3165 ergo
2025 3093 2130 3149 Ve-

482 3180 648 3247 ritas,
681 3179 882 3236 dicat:
935 3179 1000 3235 Si
1048 3182 1173 3251 quis
1219 3181 1337 3236 vult
1378 3189 1499 3252 post
1543 3198 1630 3236 me
1665 3183 1868 3248 venire,
1904 3184 2127 3253 abneget

479 3269 826 3339 sanetipsum
854 3267 1057 3340 (Matth.
1082 3285 1198 3338 xw,
1226 3270 1348 3339 2/1);
1380 3269 1519 3342 quia
1548 3269 1663 3325 nisi
1693 3269 1826 3341 quis
1852 3287 1888 3325 a
1914 3276 2126 3326 semet-

483 3355 615 3436 ipso
643 3355 892 3422 deﬁciat,
925 3357 996 3413 ad
1028 3373 1164 3415 eum
1194 3357 1292 3428 qui
1325 3374 1504 3429 super
1533 3359 1730 3430 ipsum
1759 3364 1849 3414 est
1877 3376 1994 3414 non
2019 3377 2128 3432 ap-

483 3442 876 3516 propinquat:
903 3459 1007 3498 nee
1037 3444 1190 3500 valet
1215 3447 1650 3517 apprehendere
1691 3449 1844 3519 quod
1869 3447 2024 3503 ultra
2040 3449 2125 3521 ip-

483 3547 618 3591 sum
648 3535 756 3599 est,
777 3530 828 3588 si
859 3532 1132 3590 nescierit
1161 3539 1416 3590 mactare
1446 3535 1601 3607 quod
1634 3542 1742 3591 est.
1779 3559 1806 3585 ››
1837 3537 1950 3592 Sed
1983 3539 2129 3593 forte

481 3619 620 3692 quis
647 3620 1129 3687 dicatzouomodo
1159 3623 1342 3678 sciam
1373 3624 1422 3679 si
1455 3641 1516 3680 se
1547 3625 1679 3698 quis
1703 3627 1795 3681 cui
1818 3643 2127 3698 perpecero

480 3708 812 3779 corrcxit,et
840 3709 902 3766 in
931 3711 1284 3767 correctione
1317 3715 1740 3785 permanserit?
1761 3716 1976 3771 Redeat
2005 3715 2127 3772 hac

479 3797 754 3871 inquiens
783 3799 856 3854 ad
887 3799 1236 3856 sententiam
1271 3801 1516 3868 Domini,
1550 3807 1614 3858 ut
1643 3803 1690 3858 si
1723 3803 2049 3876 evangelica
2070 3809 2128 3859 et

477 3888 737 3952 secundo
759 3904 828 3942 ac
853 3877 1023 3944 tertio
1046 3895 1344 3961 correptus
1366 3907 1479 3947 non
1503 3909 1565 3948 se
1585 3892 2020 3964 correxerit,qui
2053 3893 2126 3948 ab

459 3975 578 4046 illo
589 3963 1022 4042 sicutethnicus
1039 3983 1096 4033 et
1113 3978 1463 4048 publicanus
1478 3980 1677 4036 haberi
1694 3963 2128 4052 praecipiturJe-

477 4065 572 4137 gis
589 4064 954 4130 severitatem
973 4082 1008 4120 a
1027 4066 1289 4138 principe
1310 4085 1546 4123 necesse
1558 4073 1647 4124 est
1658 4069 1947 4124 sustinere
1963 4084 2127 4142 coga-

476 4157 673 4221 ιρι-,ιω
693 4153 796 4224 qui
825 4152 937 4210 sibi
959 4154 1260 4212 consulere
1281 4155 1560 4222 noluit,in
1577 4173 1716 4228 pace
1726 4156 2125 4225 vivereivoleno

477 4239 640 4299 tibus
665 4257 872 4298 nocere
894 4241 1173 4313 possit.At
1202 4243 1250 4298 si
1280 4245 1414 4316 quis
1441 4244 1578 4298 huic
1598 4243 1852 4317 capitulo
1873 4245 2125 4316 objicere

474 4327 901 4403 voluerit,quod
935 4331 1215 4389 Dominus
1241 4333 1500 4406 peccanti
1527 4332 1585 4388 in
1609 4332 1777 4389 nobis
1799 4350 1912 4389 non
1931 4333 2122 4390 solum

475 4417 822 4490 septies,sed
853 4423 910 4476 et
930 4420 1263 4494 septuagies
1293 4421 1508 4493 septies
1525 4421 1738 4478 dimitti
1765 4423 2121 4495 praeceperit,

475 4505 626 4562 sciat
651 4505 770 4572 hoc.
785 4507 856 4574 de
887 4509 1244 4577 nostris,non
1277 4509 1347 4564 de
1377 4509 1590 4564 divinis
1621 4515 1973 4583 prmccptum
1995 4528 2124 4568 esse

474 4593 873 4666 injuriiszquia
898 4601 962 4652 ut
979 4597 1222 4667 Prosper
1242 4598 1314 4652 de
1331 4597 1519 4652 verbis
1551 4598 1702 4654 beati
1735 4599 2038 4673 Augustini
2063 4601 2120 4655 in

2241 678 2388 732 servi
2413 679 2504 733 sui
2534 696 2552 732 :
2582 678 2712 732 Ecce
2744 678 3057 734 audivimus
3105 678 3247 750 quod
3293 693 3446 746 reges
3489 677 3680 738 domus
3723 675 3896 735 Israel

2241 765 2524 821 clementes
2552 767 2664 821 sint
2693 785 2713 822 :
2740 783 3015 838 ponamus
3047 769 3230 838 itaque
3255 783 3434 842 saccos
3475 767 3536 822 in
3565 765 3771 824 lumbis.
3796 781 3900 820 no-

2242 855 2394 919 stris,
2425 863 2474 909 et
2500 856 2779 926 funiculos
2810 857 2870 910 in
2913 856 3185 926 capitibus
3212 857 3433 922 nostris,
3461 862 3514 909 et
3541 853 3899 922 egrediantur

2242 941 2316 998 ad
2358 958 2536 1014 regem
2588 943 2798 1008 Israel;
2837 945 3072 1014 forsitan
3116 944 3350 1000 salvabil
3393 943 3610 1002 animus
3653 949 3891 1001 nostras.

2243 1031 2612 1086 Accinxerunt
2633 1033 2802 1086 saccis
2834 1032 3044 1088 lumbos
3073 1047 3216 1096 suos,
3247 1039 3300 1087 et
3340 1038 3640 1102 posuerunt
3662 1031 3895 1101 funicu-

2245 1119 2323 1174 los
2372 1121 2433 1173 in
2477 1121 2748 1190 capitibus
2805 1121 2942 1186 suis,
2977 1127 3340 1190 veneruutque
3380 1118 3450 1174 ad
3488 1134 3672 1187 regem
3699 1117 3892 1179 Israel.

2241 1207 2448 1269 scilicet
2503 1207 2702 1272 Achab,
2746 1214 2800 1262 et
2837 1207 3099 1262 dixerunt
3137 1225 3155 1260 :
3201 1207 3400 1268 Servus
3455 1214 3582 1266 tuus
3635 1204 3893 1262 Benadab

2243 1294 2378 1350 dicit
2409 1313 2427 1350 :
2456 1295 2630 1362 Vivat,
2673 1311 2767 1350 oro
2798 1303 2866 1362 te,
2899 1297 3090 1350 anima
3132 1311 3275 1352 mea.
3302 1295 3366 1350 Et
3402 1295 3504 1359 ille.
3525 1296 3608 1352 ait
3637 1311 3656 1349 :
3686 1293 3749 1350 Si
3786 1291 3894 1354 ad-

2243 1381 2349 1438 huc
2390 1385 2540 1451 vivit,
2573 1385 2748 1454 frater
2790 1400 2941 1439 meus
2981 1391 3076 1440 est.
3110 1383 3267 1456 Quod
3308 1389 3631 1455 acceperunt
3653 1383 3765 1438 viri
3785 1398 3894 1453 pro

2242 1472 2442 1536 omine,
2473 1479 2522 1526 ct
2551 1473 2872 1540 festinantes
2903 1479 3203 1544 rapuerunt
3230 1473 3451 1528 verbum
3497 1487 3567 1528 ea:
3612 1486 3704 1528 ore
3748 1471 3890 1542 ejus,

2241 1567 2400 1631 atque
2426 1559 2690 1616 dicarunt
2721 1579 2738 1613 :
2769 1561 2956 1616 Frater
2983 1569 3108 1617 tuus
3157 1559 3431 1618 Benadab.
3464 1560 3529 1616 Et
3575 1559 3724 1616 dicit
3766 1561 3845 1614 eis
3869 1576 3890 1614 :

2243 1648 2338 1716 Ite,
2369 1647 2620 1704 adducite
2648 1665 2793 1704 cum.
2825 1650 3080 1719 Egressus
3126 1657 3206 1706 est
3249 1665 3376 1717 ergo
3424 1647 3496 1704 ad
3538 1663 3664 1704 eum
3712 1647 3894 1706 Bena—

2241 1736 2370 1805 dab,
2402 1745 2453 1792 et
2482 1737 2677 1793 levavit
2699 1755 2824 1793 eum
2855 1739 2913 1793 in
2952 1754 3180 1793 currum
3225 1753 3407 1796 suum.
3442 1737 3548 1806 Qui
3592 1735 3740 1796 dicit
3789 1737 3845 1794 ei
3873 1753 3894 1791 :

2243 1825 2520 1887 Civitates,
2551 1841 2687 1897 quas
2716 1827 2844 1882 tulit
2871 1835 3028 1898 pater
3053 1843 3205 1884 meus
3235 1842 3271 1882 a
3293 1832 3449 1897 patre
3485 1833 3596 1893 tuo,
3629 1823 3896 1892 reddam;

2241 1920 2293 1968 et
2317 1921 2522 1984 ptateas
2548 1916 2640 1984 fac
2669 1914 2777 1969 tibi
2807 1916 2868 1969 in
2891 1915 3179 1980 Damasco,
3209 1914 3350 1970 sicut
3379 1914 3510 1985 fecit
3551 1922 3712 1986 pater
3739 1929 3896 1970 meus

2243 2003 2303 2056 in
2349 2003 2627 2070 Samaria,
2661 2010 2712 2058 et
2757 2019 2854 2071 ego
2893 2002 3186 2074 [redemtus
3228 2001 3474 2058 recedam
3507 2017 3542 2057 a
3571 2009 3640 2058 te.
3674 2002 3908 2072 Pepigit,

2238 2107 2366 2160 ergo
2393 2091 2588 2162 foedus,
2621 2099 2672 2145 et
2701 2091 2914 2146 dimisit
2941 2107 3085 2146 eum.
3124 2092 3268 2146 Tunc
3295 2091 3384 2146 vir
3410 2089 3635 2162 quidam
3663 2090 3730 2148 de
3753 2090 3893 2161 ﬁliis

2233 2179 2625 2252 prophetarum
2652 2179 2798 2234 dicit
2827 2179 2897 2234 ad
2924 2181 3140 2236 socium
3180 2196 3346 2236 suum
3389 2180 3452 2235 in
3495 2195 3740 2235 sermone
3787 2181 3892 2235 Do-

2239 2269 2382 2326 mini
2409 2286 2428 2323 :
2459 2273 2684 2324 Pcrcute
2712 2285 2818 2324 me.
2848 2269 2914 2324 At
2943 2269 3039 2326 ille
3065 2269 3245 2324 noluit
3283 2275 3583 2340 percutere.
3613 2266 3720 2322 Cui
3756 2269 3838 2324 ait
3868 2286 3889 2322 :

2241 2357 2382 2425 Quia
2423 2357 2656 2412 noluisti
2700 2357 2894 2413 audire
2942 2373 3122 2414 vocem
3162 2357 3410 2425 Domini,
3451 2373 3569 2413 ecce
3614 2355 3826 2412 recedes
3853 2373 3890 2414 α

2235 2462 2343 2514 me,
2375 2453 2428 2502 et
2449 2447 2714 2517 percutiet
2743 2453 2792 2501 te
2822 2446 2923 2502 leo.
2961 2447 3206 2517 Cumque
3247 2445 3550 2517 paululum
3589 2447 3897 2504 recessisset

2239 2535 2307 2590 ab
2335 2551 2416 2602 eo,
2449 2535 2658 2590 invenit
2685 2551 2810 2590 eum
2838 2535 3104 2606 leo,atque
3119 2537 3407 2607 percussit.
3439 2533 3543 2592 Sed
3569 2541 3622 2591 et
3651 2534 3890 2599 alterum

2239 2624 2520 2680 inveniens
2552 2624 2753 2688 virum,
2783 2622 2929 2678 dicit
2959 2623 3029 2678 ad
3055 2639 3181 2679 eum
3210 2641 3230 2679 :
3257 2628 3484 2680 Pcrcute
3504 2639 3610 2678 me.
3631 2623 3750 2694 Qui
3767 2638 3888 2694 per-

2237 2713 2406 2767 cussit
2433 2728 2578 2778 eum,
2608 2719 2659 2766 et
2684 2711 3012 2766 vulneravit.
3055 2712 3204 2768 Abiit
3230 2727 3356 2783 ergo
3401 2711 3680 2782 propheta,
3712 2719 3766 2766 et
3791 2726 3886 2766 oc-

2236 2802 2414 2856 currit
2442 2801 2558 2870 regi
2589 2801 2646 2854 in
2677 2801 2789 2864 via,
2819 2807 2871 2856 et
2898 2802 3133 2855 mutavit
3157 2801 3468 2870 aspersione
3487 2799 3733 2871 pulveris
3758 2814 3815 2855 os
3831 2805 3888 2864 et

2237 2889 2418 2944 oculos
2448 2905 2594 2944 suos.
2631 2889 2869 2960 Cumque
2897 2889 3176 2953 transiret,
3208 2889 3468 2944 clamavit
3502 2886 3572 2942 ad
3599 2902 3809 2956 regem,
3833 2894 3888 2948 et

2235 2979 2361 3033 ait:
2385 2977 2584 3032 Servus
2632 2985 2758 3032 tuus
2801 2992 3046 3046 egressus
3091 2984 3170 3032 est
3219 2976 3290 3031 ad
3313 2975 3692 3047 praeliandum
3715 2977 3885 3034 cerni-

2235 3083 2381 3133 nus;
2411 3082 2638 3138 cumque
2664 3067 2895 3136 fugisset
2920 3066 3008 3120 vir
3036 3081 3204 3132 unus,
3233 3064 3466 3120 adduxit
3506 3081 3634 3121 eum
3660 3064 3886 3136 quidam

2237 3154 2308 3210 ad
2341 3171 2449 3220 me,
2482 3162 2532 3209 et
2583 3155 2662 3208 ait
2687 3171 2707 3209 :
2738 3153 2956 3209 Custodi
3005 3155 3189 3209 virum
3236 3155 3400 3210 istttm
3429 3171 3448 3208 :
3479 3155 3578 3225 qui
3620 3154 3674 3208 si
3699 3153 3884 3224 lapsus

2235 3244 2421 3314 fuerit,
2454 3243 2559 3298 erit
2591 3243 2783 3296 anima
2811 3249 2905 3297 tua
2932 3257 3030 3313 pro
3073 3243 3265 3298 anima
3301 3242 3438 3314 ejus,
3471 3249 3568 3297 aut
3614 3241 3885 3297 talentum

2157 3307 2201 3374 (ἶ
2235 3307 2452 3401 argenti
2474 3330 2763 3403 appendes.
2793 3307 2945 3386 Πατη-
2977 3339 3159 3386 autem
3184 3347 3281 3400 ego
3311 3307 3559 3386 turbatus
3587 3329 3694 3386 huc
3721 3328 3883 3388 illuc-

2235 3437 2336 3492 que
2361 3437 2448 3476 me
2492 3429 2772 3486 verterem,
2802 3419 2980 3474 subito
3028 3434 3140 3475 non
3179 3419 3503 3490 comparuit.
3543 3418 3609 3472 Et
3655 3419 3738 3474 ait
3783 3433 3885 3476 res:

2233 3510 2406 3564 Israel
2435 3509 2505 3564 ad
2545 3525 2671 3564 eum
2695 3527 2713 3563 :
2759 3509 2868 3564 Hoc
2913 3516 2994 3564 est
3032 3506 3306 3579 judicium
3355 3515 3530 3573 tuum,
3580 3505 3722 3577 quod
3769 3508 3884 3578 ipse

2234 3597 2532 3654 decrevisti.
2583 3598 2647 3652 At
2694 3597 2790 3652 ille
2835 3598 3021 3652 statim
3048 3597 3300 3653 abstersit
3324 3595 3608 3668 pulverem
3642 3594 3708 3651 de
3733 3597 3880 3666 facit

2231 3703 2353 3754 sua,
2379 3696 2431 3742 et
2457 3688 2702 3759 cognovit
2746 3703 2872 3742 eum
2915 3701 3016 3741 rex
3061 3685 3246 3752 Israel,
3279 3683 3420 3756 quod
3464 3690 3598 3738 esset
3641 3682 3708 3740 de
3747 3700 3881 3755 pro-

2229 3777 2425 3847 phetis.
2461 3776 2569 3843 Qui
2611 3777 2692 3830 ait
2729 3774 2800 3830 ad
2844 3791 2970 3829 eum
2999 3791 3018 3828 :
3069 3774 3192 3828 Hice
3241 3771 3376 3828 dicit
3422 3772 3708 3840 Dominus,
3745 3774 3884 3844 quia

2232 3865 2497 3921 dimisisti
2523 3867 2707 3919 virum
2733 3863 2965 3934 dignum
2990 3869 3163 3918 morte
3190 3860 3255 3916 de
3281 3877 3452 3920 manu
3481 3867 3599 3926 tua,
3619 3861 3726 3917 erit
3751 3862 3880 3916 ani-

2231 3971 2325 4008 ma
2371 3961 2466 4016 tua
2508 3969 2609 4025 pro
2657 3953 2848 4006 anima
2885 3952 3027 4024 ejus,
3058 3958 3108 4005 et
3134 3949 3368 4022 populus
3397 3957 3523 4005 tuus
3549 3965 3651 4021 pro
3677 3949 3879 4022 populo

2231 4045 2348 4115 ejus
2377 4043 2478 4114 (III
2503 4043 2630 4110 Reg.
2663 4058 2757 4107 xx,
2788 4040 2995 4110 30-42).

2233 4196 2368 4252 CAP.
2401 4193 2568 4249 ΧΧΙΙ.
2600 4224 2668 4233 -
2700 4189 3003 4248 Cavendum
3028 4190 3466 4262 principibus,ne
3492 4189 3880 4246 sceleratorum

2691 4264 2954 4318 amicitiis
2981 4261 3410 4333 conjungantur.

2304 4397 2414 4456 Sed
2446 4402 2503 4452 et
2530 4396 2854 4452 cavendum
2883 4399 2975 4452 est
2993 4394 3460 4468 principibus,ne
3473 4394 3653 4450 etiam
3675 4393 3883 4465 huius-

2231 4488 2390 4548 modi
2417 4485 2830 4544 sceleratorum
2864 4483 3144 4540 amicitiis
3174 4483 3632 4556 conjungantur,
3651 4481 3741 4539 vel
3775 4481 3882 4540 hu-

2222 4576 2486 4650 jusmodi
2530 4575 2588 4630 in
2629 4573 3087 4630 familiaritatem
3119 4572 3467 4645 suscipiant.
3503 4593 3532 4622 α
3561 4569 3884 4640 Malorum.

473 4660 622 4740 libro
653 4660 1088 4740 Sententiarum
1121 4660 1282 4740 dicit
1313 4687 1468 4757 (sent.
1491 4689 1621 4756 210)
1654 4703 1668 4742 :
1705 4660 1963 4758 Pecdata,
1994 4689 2114 4745 sive

2233 4667 2417 4740 inquit
2439 4665 2645 4720 beatus
2665 4660 2978 4734 Gregorius
3003 4661 3320 4732 (Pastoral.,
3334 4663 3587 4758 parum,
3754 4660 3877 4727 23),

473 4788 672 4844 parva,
693 4773 814 4828 sive
831 4790 1064 4846 magna,
1090 4773 1380 4846 impunita
1395 4792 1524 4830 esse
1549 4793 1666 4831 non
1697 4782 1962 4848 possunt,
1977 4779 2117 4850 quia

473 4866 576 4918 aut
589 4860 825 4918 homine
838 4863 1170 4934 poenitente,
1191 4864 1419 4919 autDeo
1423 4863 1664 4934 judican
1673 4869 1726 4921 te
1756 4864 2111 4936 plectuntur.

471 4950 1378 5018 Cessatautemvindietadivina,
1403 4952 1450 5007 si
1474 4953 1773 5008 conversio
1800 4961 2117 5026 prmeurrat

472 5037 751 5096 humana.
779 5041 895 5094 Aut
922 5041 1080 5095 enim
1110 5041 1264 5096 Deus
1313 5041 1726 5097 conﬁtentibus
1773 5059 2027 5114 parcere,
2059 5049 2116 5099 et

472 5143 572 5184 eos
600 5127 699 5200 qui
733 5127 1372 5206 semetipsosjudicant
1402 5147 1516 5184 non
1539 5129 1826 5201 judicare.
1858 5152 1885 5179 »

472 5257 606 5314 CAP.
640 5261 780 5316 XXI.
814 5295 881 5302 --
918 5264 1118 5319 Timent
1143 5265 1392 5336 princeps
1420 5281 1488 5318 ne
1524 5265 1771 5319 scelerati
1798 5266 2116 5336 cujusquam

689 5336 1013 5390 muneribus
1042 5337 1124 5390 vel
1145 5335 1560 5392 adulationibus
1589 5335 1912 5407 decipiatur.

545 5455 886 5532 Timeatque
917 5460 1186 5532 princeps
1217 5461 1370 5534 quod
1404 5461 1461 5516 in
1494 5461 1718 5534 Regum
1759 5460 2004 5516 historia
2033 5459 2112 5518 le-

473 5542 650 5626 gitur,
685 5564 756 5602 ne
786 5550 1129 5605 muneribus
1160 5549 1246 5605 vel
1277 5550 1576 5606 blanditiis
1606 5551 1958 5621 cujusquam
1991 5567 2112 5606 sce-

471 5631 640 5718 lerati
670 5634 1021 5708 pelliciatur,
1053 5638 1140 5695 vel
1170 5638 1605 5694 adulationibus
1635 5637 1992 5710 decipiatur:
2021 5641 2114 5696 Be-

470 5719 674 5793 nadab,
728 5723 940 5798 inquit,
989 5729 1209 5798 fugiens
1268 5731 1545 5797 ingressus
1589 5735 1666 5784 est
1726 5729 1997 5786 civitatem
2053 5733 2114 5788 in

2224 4771 2360 4813 cum
2390 4754 2622 4808 incaute
2651 4749 2928 4806 amicitiis
2951 4746 3876 4822 conjungimur,culpisligamur.

2223 4845 2386 4901 Unde
2415 4839 2717 4911 Josapbat,
2751 4838 2852 4910 qui
2885 4843 2966 4894 tot
2993 4838 3065 4893 de
3097 4839 3362 4893 anteacta
3398 4836 3518 4892 vita
3567 4835 3878 4908 praeconiis

2223 4931 2528 4995 attollitur,
2560 4929 2632 4982 de
2662 4927 2858 4983 Achab
2891 4926 3043 4996 regis
3075 4923 3349 4982 amicitiis
3381 4941 3527 4998 pene
3577 4923 3878 4997 periturus

2220 5020 2575 5090 increpatur.
2608 5016 2778 5070 Cuia
2818 5015 3064 5070 Domino
3112 5031 3216 5086 per
3263 5013 3608 5086 prophetam
3658 5012 3879 5070 dicitur

2223 5110 2394 5180 lmpio
2419 5105 2632 5176 prazbes
2661 5105 2959 5170 auxilium,
2989 5111 3042 5160 et
3073 5105 3160 5158 his
3188 5104 3288 5174 qui
3324 5100 3552 5157 oderunt
3580 5103 3878 5160 Dominum

2221 5197 2472 5253 amicitia
2492 5195 2822 5265 jungeris,et
2855 5193 3056 5248 idcirco
3087 5194 3230 5248 iram
3257 5190 3475 5264 quidem
3503 5190 3726 5249 Domini
3758 5207 3877 5248 me-

2221 5284 2451 5350 rebaris,
2477 5281 2568 5337 sed
2601 5283 2742 5336 bona
2765 5298 2929 5353 opera
2977 5283 3197 5337 inventa
3235 5288 3365 5336 sunt
3412 5281 3474 5334 in
3522 5287 3592 5345 te,
3622 5293 3686 5333 eo
3732 5276 3876 5350 quad

2221 5372 2508 5430 abstuleris
2533 5371 2680 5426 lucos
2709 5369 2775 5426 de
2821 5377 2968 5425 terra
3011 5369 3149 5426 Iuda
3181 5369 3255 5438 (ll
3281 5369 3413 5424 Par.
3445 5384 3562 5434 xxx,
3589 5369 3645 5435 2,
3677 5366 3754 5438 3).
3787 5365 3873 5432 Ab

2223 5463 2322 5518 illo
2351 5460 2508 5517 enim
2539 5457 2640 5531 qui
2672 5473 2902 5512 summe
2935 5461 3129 5513 rectus
3151 5461 3333 5521 est,eo
3355 5455 3483 5529 ipso
3501 5457 3632 5527 jam
3662 5454 3878 5510 discre-

2221 5556 2342 5625 pat,
2369 5566 2485 5622 quo
2515 5562 2920 5619 perversorum
2951 5544 3226 5601 amicitiis
3257 5543 3380 5601 vita
3403 5548 3604 5600 nostra
3631 5558 3874 5599 concor-

2222 5641 2342 5697 dat.
2375 5660 2403 5688 »
2440 5635 2581 5692 Dine
2612 5634 2811 5703 David,
2845 5635 2989 5690 dum
3015 5639 3207 5690 totum
3238 5648 3300 5688 se
3331 5631 3405 5688 ad
3456 5630 3675 5688 fmdera
3711 5629 3876 5703 pacis

2220 5730 2462 5790 internae
2511 5723 2956 5798 constringeret,
3008 5726 3257 5782 testatur
3303 5720 3461 5798 quod
3513 5735 3650 5779 cum
3697 5718 3874 5782 malis
