  <div class='ocr_page' id='page_1' title='image "/cluster/home/n/w/nwhite01/storage/ocr_20150623/125/umn.31951002477418t/468.png"; bbox 0 0 4204 6466; ppageno 0'>
   <div class='ocr_carea' id='block_1_1' title="bbox 381 443 500 510">
    <p class='ocr_par' dir='ltr' id='par_1_1' title="bbox 381 443 500 510">
     <span class='ocr_line' id='line_1_1' title="bbox 381 443 500 510; baseline 0 -2"><span class='ocrx_word' id='word_1_1' title='bbox 381 443 500 510; x_wconf 69' lang='lat'><strong>819</strong></span> 
     </span>
    </p>
   </div>
   <div class='ocr_carea' id='block_1_2' title="bbox 1222 451 2945 521">
    <p class='ocr_par' dir='ltr' id='par_1_2' title="bbox 1222 451 2945 521">
     <span class='ocr_line' id='line_1_2' title="bbox 1222 451 2945 521; baseline 0.004 -8"><span class='ocrx_word' id='word_1_2' title='bbox 1222 451 1324 514; x_wconf 83' lang='lat' dir='ltr'><strong>DE</strong></span> <span class='ocrx_word' id='word_1_3' title='bbox 1367 453 1594 515; x_wconf 81' lang='lat' dir='ltr'><strong>REGIS</strong></span> <span class='ocrx_word' id='word_1_4' title='bbox 1635 454 1996 517; x_wconf 70' lang='lat' dir='ltr'><strong>PERSON&#39;A</strong></span> <span class='ocrx_word' id='word_1_5' title='bbox 2042 454 2144 516; x_wconf 76' lang='lat' dir='ltr'><strong>ET</strong></span> <span class='ocrx_word' id='word_1_6' title='bbox 2186 456 2424 520; x_wconf 73' lang='lat' dir='ltr'><strong>&#39;REGIO</strong></span> <span class='ocrx_word' id='word_1_7' title='bbox 2468 456 2945 521; x_wconf 81' lang='lat' dir='ltr'><strong>MINISTERIO.</strong></span> 
     </span>
    </p>
   </div>
   <div class='ocr_carea' id='block_1_3' title="bbox 379 576 3789 661">
    <p class='ocr_par' dir='ltr' id='par_1_3' title="bbox 379 576 3789 661">
     <span class='ocr_line' id='line_1_3' title="bbox 379 576 3789 661; baseline 0.006 -28"><span class='ocrx_word' id='word_1_8' title='bbox 379 576 755 636; x_wconf 80' lang='lat' dir='ltr'><strong>concordi-am</strong></span> <span class='ocrx_word' id='word_1_9' title='bbox 785 596 902 638; x_wconf 88' lang='lat' dir='ltr'><strong>non</strong></span> <span class='ocrx_word' id='word_1_10' title='bbox 932 579 1184 651; x_wconf 85' lang='lat' dir='ltr'><strong>timeret,</strong></span> <span class='ocrx_word' id='word_1_11' title='bbox 1216 582 1417 640; x_wconf 89' lang='lat' dir='ltr'><strong>dicens</strong></span> <span class='ocrx_word' id='word_1_12' title='bbox 1451 599 1462 640; x_wconf 94' lang='lat'><strong>:</strong></span> <span class='ocrx_word' id='word_1_13' title='bbox 1495 585 1684 642; x_wconf 78' lang='lat' dir='ltr'><strong>Nonne</strong></span> <span class='ocrx_word' id='word_1_14' title='bbox 1713 587 1880 658; x_wconf 79' lang='lat' dir='ltr'><strong>quite</strong></span> <span class='ocrx_word' id='word_1_15' title='bbox 1906 585 2029 642; x_wconf 83' lang='lat' dir='ltr'><strong>ode-</strong></span> <span class='ocrx_word' id='word_1_16' title='bbox 2059 585 2117 654; x_wconf 78' lang='grc' dir='ltr'><strong>Α</strong></span> <span class='ocrx_word' id='word_1_17' title='bbox 2144 587 2324 655; x_wconf 91' lang='lat' dir='ltr'><strong>cium,</strong></span> <span class='ocrx_word' id='word_1_18' title='bbox 2345 587 2600 644; x_wconf 88' lang='lat' dir='ltr'><strong>animam</strong></span> <span class='ocrx_word' id='word_1_19' title='bbox 2621 589 2750 660; x_wconf 85' lang='lat' dir='ltr'><strong>ejus</strong></span> <span class='ocrx_word' id='word_1_20' title='bbox 2768 593 2965 646; x_wconf 91' lang='lat' dir='ltr'><strong>tamen</strong></span> <span class='ocrx_word' id='word_1_21' title='bbox 2983 591 3574 661; x_wconf 84' lang='lat' dir='ltr'><strong>commendavit,utin</strong></span> <span class='ocrx_word' id='word_1_22' title='bbox 3591 593 3789 654; x_wconf 64' lang='lat' dir='ltr'><strong>futuit)</strong></span> 
     </span>
    </p>
   </div>
   <div class='ocr_carea' id='block_1_4' title="bbox 379 667 2029 743">
    <p class='ocr_par' dir='ltr' id='par_1_4' title="bbox 379 667 2029 743">
     <span class='ocr_line' id='line_1_4' title="bbox 379 667 2029 743; baseline 0.005 -21"><span class='ocrx_word' id='word_1_23' title='bbox 379 671 532 734; x_wconf 64' lang='lat' dir='ltr'><strong>ﬂuat,</strong></span> <span class='ocrx_word' id='word_1_24' title='bbox 563 669 728 735; x_wconf 72' lang='lat' dir='ltr'><strong>Deus,</strong></span> <span class='ocrx_word' id='word_1_25' title='bbox 759 667 982 724; x_wconf 84' lang='lat' dir='ltr'><strong>oderam</strong></span> <span class='ocrx_word' id='word_1_26' title='bbox 1010 669 1156 738; x_wconf 76' lang='lat' dir='ltr'><strong>illos,</strong></span> <span class='ocrx_word' id='word_1_27' title='bbox 1188 678 1240 728; x_wconf 76' lang='lat' dir='ltr'><strong>et</strong></span> <span class='ocrx_word' id='word_1_28' title='bbox 1265 688 1428 743; x_wconf 77' lang='lat' dir='ltr'><strong>super</strong></span> <span class='ocrx_word' id='word_1_29' title='bbox 1455 673 1710 730; x_wconf 76' lang='lat' dir='ltr'><strong>inimicos</strong></span> <span class='ocrx_word' id='word_1_30' title='bbox 1738 681 1854 730; x_wconf 75' lang='lat' dir='ltr'><strong>tuos</strong></span> <span class='ocrx_word' id='word_1_31' title='bbox 1881 673 2029 730; x_wconf 80' lang='lat' dir='ltr'><strong>tabe-</strong></span> 
     </span>
    </p>
   </div>
   <div class='ocr_carea' id='block_1_5' title="bbox 377 755 2032 835">
    <p class='ocr_par' dir='ltr' id='par_1_5' title="bbox 377 755 2032 835">
     <span class='ocr_line' id='line_1_5' title="bbox 377 755 2032 835; baseline 0.006 -25"><span class='ocrx_word' id='word_1_32' title='bbox 377 755 592 811; x_wconf 68' lang='lat' dir='ltr'><strong>scobem</strong></span> <span class='ocrx_word' id='word_1_33' title='bbox 603 760 636 810; x_wconf 66' lang='lat'><strong>1&#39;</strong></span> <span class='ocrx_word' id='word_1_34' title='bbox 680 759 922 829; x_wconf 77' lang='lat' dir='ltr'><strong>Perfecto</strong></span> <span class='ocrx_word' id='word_1_35' title='bbox 980 759 1102 815; x_wconf 80' lang='lat' dir='ltr'><strong>adio</strong></span> <span class='ocrx_word' id='word_1_36' title='bbox 1157 761 1379 816; x_wconf 87' lang='lat' dir='ltr'><strong>oderam</strong></span> <span class='ocrx_word' id='word_1_37' title='bbox 1435 762 1581 830; x_wconf 76' lang='lat' dir='ltr'><strong>illos,</strong></span> <span class='ocrx_word' id='word_1_38' title='bbox 1630 763 1849 818; x_wconf 79' lang='lat' dir='ltr'>inimici</span> <span class='ocrx_word' id='word_1_39' title='bbox 1897 764 2032 835; x_wconf 77' lang='lat' dir='ltr'><strong>facti</strong></span> 
     </span>
    </p>
   </div>
   <div class='ocr_carea' id='block_1_6' title="bbox 375 846 2028 918">
    <p class='ocr_par' dir='ltr' id='par_1_6' title="bbox 375 846 2028 918">
     <span class='ocr_line' id='line_1_6' title="bbox 375 846 2028 918; baseline 0.004 -19"><span class='ocrx_word' id='word_1_40' title='bbox 375 849 509 900; x_wconf 73' lang='lat' dir='ltr'><strong>sunt</strong></span> <span class='ocrx_word' id='word_1_41' title='bbox 549 846 696 900; x_wconf 78' lang='lat' dir='ltr'>mihi</span> <span class='ocrx_word' id='word_1_42' title='bbox 735 847 912 913; x_wconf 81' lang='lat' dir='ltr'><strong>(Psal.</strong></span> <span class='ocrx_word' id='word_1_43' title='bbox 945 863 1211 915; x_wconf 84' lang='lat' dir='ltr'><strong>cxxxvm,</strong></span> <span class='ocrx_word' id='word_1_44' title='bbox 1242 851 1332 917; x_wconf 85' lang='lat' dir='ltr'><strong>2t,</strong></span> <span class='ocrx_word' id='word_1_45' title='bbox 1365 852 1478 918; x_wconf 84' lang='lat'><strong>22).</strong></span> <span class='ocrx_word' id='word_1_46' title='bbox 1532 851 1805 906; x_wconf 91' lang='lat' dir='ltr'><strong>Inimicos</strong></span> <span class='ocrx_word' id='word_1_47' title='bbox 1852 851 2028 906; x_wconf 90' lang='lat' dir='ltr'><strong>etiam</strong></span> 
     </span>
    </p>
   </div>
   <div class='ocr_carea' id='block_1_7' title="bbox 377 932 2030 1010">
    <p class='ocr_par' dir='ltr' id='par_1_7' title="bbox 377 932 2030 1010">
     <span class='ocr_line' id='line_1_7' title="bbox 377 932 2030 1010; baseline 0.003 -21"><span class='ocrx_word' id='word_1_48' title='bbox 377 932 482 989; x_wconf 90' lang='lat' dir='ltr'><strong>Dei</strong></span> <span class='ocrx_word' id='word_1_49' title='bbox 511 935 765 1006; x_wconf 84' lang='lat' dir='ltr'><strong>perfecto</strong></span> <span class='ocrx_word' id='word_1_50' title='bbox 795 935 928 992; x_wconf 89' lang='lat' dir='ltr'><strong>odio</strong></span> <span class='ocrx_word' id='word_1_51' title='bbox 957 936 1149 993; x_wconf 89' lang='lat' dir='ltr'><strong>odisse</strong></span> <span class='ocrx_word' id='word_1_52' title='bbox 1177 941 1287 1005; x_wconf 88' lang='lat' dir='ltr'><strong>est,</strong></span> <span class='ocrx_word' id='word_1_53' title='bbox 1321 939 1392 994; x_wconf 91' lang='lat' dir='ltr'><strong>ad</strong></span> <span class='ocrx_word' id='word_1_54' title='bbox 1425 940 1580 1010; x_wconf 87' lang='lat' dir='ltr'><strong>quod</strong></span> <span class='ocrx_word' id='word_1_55' title='bbox 1613 939 1748 995; x_wconf 83' lang='lat' dir='ltr'><strong>facti</strong></span> <span class='ocrx_word' id='word_1_56' title='bbox 1781 943 1920 994; x_wconf 85' lang='lat' dir='ltr'><strong>sunt</strong></span> <span class='ocrx_word' id='word_1_57' title='bbox 1947 940 2030 995; x_wconf 86' lang='lat' dir='ltr'><strong>di-</strong></span> 
     </span>
    </p>
   </div>
   <div class='ocr_carea' id='block_1_8' title="bbox 374 1019 2025 1100">
    <p class='ocr_par' dir='ltr' id='par_1_8' title="bbox 374 1019 2025 1100">
     <span class='ocr_line' id='line_1_8' title="bbox 374 1019 2025 1100; baseline 0.005 -25"><span class='ocrx_word' id='word_1_58' title='bbox 374 1019 578 1094; x_wconf 90' lang='lat' dir='ltr'><strong>ligere,</strong></span> <span class='ocrx_word' id='word_1_59' title='bbox 611 1025 670 1078; x_wconf 91' lang='lat' dir='ltr'><strong>et</strong></span> <span class='ocrx_word' id='word_1_60' title='bbox 698 1024 853 1095; x_wconf 84' lang='lat' dir='ltr'><strong>quod</strong></span> <span class='ocrx_word' id='word_1_61' title='bbox 885 1025 1108 1081; x_wconf 83' lang='lat' dir='ltr'><strong>faciunt</strong></span> <span class='ocrx_word' id='word_1_62' title='bbox 1135 1024 1458 1099; x_wconf 82' lang='lat' dir='ltr'><strong>increpare,</strong></span> <span class='ocrx_word' id='word_1_63' title='bbox 1491 1043 1682 1084; x_wconf 92' lang='lat' dir='ltr'><strong>mores</strong></span> <span class='ocrx_word' id='word_1_64' title='bbox 1714 1045 2025 1100; x_wconf 89' lang='lat' dir='ltr'><strong>pravorum</strong></span> 
     </span>
    </p>
   </div>
   <div class='ocr_carea' id='block_1_9' title="bbox 375 1110 1149 1184">
    <p class='ocr_par' dir='ltr' id='par_1_9' title="bbox 375 1110 1149 1184">
     <span class='ocr_line' id='line_1_9' title="bbox 375 1110 1149 1184; baseline 0.005 -21"><span class='ocrx_word' id='word_1_65' title='bbox 375 1117 662 1181; x_wconf 75' lang='lat' dir='ltr'><strong>premere,</strong></span> <span class='ocrx_word' id='word_1_66' title='bbox 693 1110 822 1166; x_wconf 68' lang='lat' dir='ltr'><strong>vitae</strong></span> <span class='ocrx_word' id='word_1_67' title='bbox 853 1113 1149 1184; x_wconf 77' lang='lat' dir='ltr'><strong>prodesse.</strong></span> 
     </span>
    </p>
   </div>
   <div class='ocr_carea' id='block_1_10' title="bbox 374 1268 2024 1341">
    <p class='ocr_par' dir='ltr' id='par_1_10' title="bbox 374 1268 2024 1341">
     <span class='ocr_line' id='line_1_10' title="bbox 374 1268 2024 1341; baseline 0.003 -16"><span class='ocrx_word' id='word_1_68' title='bbox 374 1268 512 1325; x_wconf 74' lang='lat' dir='ltr'><strong>CAP.</strong></span> <span class='ocrx_word' id='word_1_69' title='bbox 545 1269 740 1326; x_wconf 87' lang='lat' dir='ltr'><strong>XXIII.</strong></span> <span class='ocrx_word' id='word_1_70' title='bbox 773 1303 843 1312; x_wconf 91' lang='lat'><strong>-—</strong></span> <span class='ocrx_word' id='word_1_71' title='bbox 875 1272 1025 1341; x_wconf 80' lang='lat' dir='ltr'><strong>Quod</strong></span> <span class='ocrx_word' id='word_1_72' title='bbox 1069 1277 1247 1330; x_wconf 73' lang='lat' dir='ltr'><strong>sancti</strong></span> <span class='ocrx_word' id='word_1_73' title='bbox 1273 1276 1384 1330; x_wconf 80' lang='lat' dir='ltr'>viri</span> <span class='ocrx_word' id='word_1_74' title='bbox 1409 1275 1480 1330; x_wconf 82' lang='lat' dir='ltr'><strong>ad</strong></span> <span class='ocrx_word' id='word_1_75' title='bbox 1509 1277 1885 1332; x_wconf 62' lang='lat' dir='ltr'><strong>muniendum</strong></span> <span class='ocrx_word' id='word_1_76' title='bbox 1909 1291 2024 1331; x_wconf 83' lang='lat' dir='ltr'><strong>me-</strong></span> 
     </span>
    </p>
   </div>
   <div class='ocr_carea' id='block_1_11' title="bbox 715 1347 1683 1418">
    <p class='ocr_par' dir='ltr' id='par_1_11' title="bbox 715 1347 1683 1418">
     <span class='ocr_line' id='line_1_11' title="bbox 715 1347 1683 1418; baseline 0.004 -20"><span class='ocrx_word' id='word_1_77' title='bbox 715 1349 832 1398; x_wconf 79' lang='lat' dir='ltr'><strong>tum</strong></span> <span class='ocrx_word' id='word_1_78' title='bbox 859 1360 974 1400; x_wconf 78' lang='lat' dir='ltr'><strong>reos</strong></span> <span class='ocrx_word' id='word_1_79' title='bbox 1000 1353 1170 1401; x_wconf 80' lang='lat' dir='ltr'><strong>morte</strong></span> <span class='ocrx_word' id='word_1_80' title='bbox 1186 1347 1320 1416; x_wconf 84' lang='lat' dir='ltr'><strong>jure</strong></span> <span class='ocrx_word' id='word_1_81' title='bbox 1345 1348 1683 1418; x_wconf 60' lang='lat' dir='ltr'><strong>puniat-rint.</strong></span> 
     </span>
    </p>
   </div>
   <div class='ocr_carea' id='block_1_12' title="bbox 445 1463 2024 1533">
    <p class='ocr_par' dir='ltr' id='par_1_12' title="bbox 445 1463 2024 1533">
     <span class='ocr_line' id='line_1_12' title="bbox 445 1463 2024 1533; baseline 0.004 -15"><span class='ocrx_word' id='word_1_82' title='bbox 445 1463 596 1530; x_wconf 88' lang='lat' dir='ltr'><strong>Quia</strong></span> <span class='ocrx_word' id='word_1_83' title='bbox 613 1465 771 1520; x_wconf 90' lang='lat' dir='ltr'><strong>enim</strong></span> <span class='ocrx_word' id='word_1_84' title='bbox 793 1465 981 1522; x_wconf 84' lang='lat' dir='ltr'><strong>sancti</strong></span> <span class='ocrx_word' id='word_1_85' title='bbox 1001 1466 1250 1533; x_wconf 89' lang='lat' dir='ltr'><strong>viri,non</strong></span> <span class='ocrx_word' id='word_1_86' title='bbox 1275 1467 1466 1524; x_wconf 91' lang='lat' dir='ltr'><strong>solum</strong></span> <span class='ocrx_word' id='word_1_87' title='bbox 1497 1468 1703 1523; x_wconf 91' lang='lat' dir='ltr'><strong>talium</strong></span> <span class='ocrx_word' id='word_1_88' title='bbox 1731 1469 2024 1524; x_wconf 82' lang='lat' dir='ltr'><strong>amicitias</strong></span> 
     </span>
    </p>
   </div>
   <div class='ocr_carea' id='block_1_13' title="bbox 369 1551 2021 1625">
    <p class='ocr_par' dir='ltr' id='par_1_13' title="bbox 369 1551 2021 1625">
     <span class='ocr_line' id='line_1_13' title="bbox 369 1551 2021 1625; baseline 0.004 -19"><span class='ocrx_word' id='word_1_89' title='bbox 369 1551 722 1620; x_wconf 80' lang='lat' dir='ltr'><strong>vitaverunt,</strong></span> <span class='ocrx_word' id='word_1_90' title='bbox 745 1553 846 1610; x_wconf 91' lang='lat' dir='ltr'><strong>sed</strong></span> <span class='ocrx_word' id='word_1_91' title='bbox 880 1556 952 1610; x_wconf 86' lang='lat' dir='ltr'><strong>ad</strong></span> <span class='ocrx_word' id='word_1_92' title='bbox 983 1554 1386 1612; x_wconf 90' lang='lat' dir='ltr'><strong>incutiendum</strong></span> <span class='ocrx_word' id='word_1_93' title='bbox 1418 1556 1745 1614; x_wconf 84' lang='lat' dir='ltr'><strong>viventibus</strong></span> <span class='ocrx_word' id='word_1_94' title='bbox 1774 1563 2021 1625; x_wconf 89' lang='lat' dir='ltr'><strong>metum,</strong></span> 
     </span>
    </p>
   </div>
   <div class='ocr_carea' id='block_1_14' title="bbox 369 1641 2026 1719">
    <p class='ocr_par' dir='ltr' id='par_1_14' title="bbox 369 1641 2026 1719">
     <span class='ocr_line' id='line_1_14' title="bbox 369 1641 2026 1719; baseline 0.002 -21"><span class='ocrx_word' id='word_1_95' title='bbox 369 1641 550 1698; x_wconf 88' lang='lat' dir='ltr'><strong>etiam</strong></span> <span class='ocrx_word' id='word_1_96' title='bbox 563 1641 700 1712; x_wconf 85' lang='lat' dir='ltr'><strong>jure</strong></span> <span class='ocrx_word' id='word_1_97' title='bbox 721 1659 852 1698; x_wconf 90' lang='lat' dir='ltr'><strong>reos</strong></span> <span class='ocrx_word' id='word_1_98' title='bbox 873 1649 1059 1700; x_wconf 90' lang='lat' dir='ltr'><strong>morte</strong></span> <span class='ocrx_word' id='word_1_99' title='bbox 1080 1643 2026 1719; x_wconf 88' lang='lat' dir='ltr'><strong>punierunt,sicutbeatusAugus—</strong></span> 
     </span>
    </p>
   </div>
   <div class='ocr_carea' id='block_1_15' title="bbox 367 1729 2022 1791">
    <p class='ocr_par' dir='ltr' id='par_1_15' title="bbox 367 1729 2022 1791">
     <span class='ocr_line' id='line_1_15' title="bbox 367 1729 2022 1791; baseline 0.003 -5"><span class='ocrx_word' id='word_1_100' title='bbox 367 1729 535 1786; x_wconf 88' lang='lat' dir='ltr'><strong>tinus</strong></span> <span class='ocrx_word' id='word_1_101' title='bbox 557 1729 618 1786; x_wconf 92' lang='lat' dir='ltr'><strong>in</strong></span> <span class='ocrx_word' id='word_1_102' title='bbox 645 1729 796 1786; x_wconf 86' lang='lat' dir='ltr'><strong>libro</strong></span> <span class='ocrx_word' id='word_1_103' title='bbox 817 1731 888 1788; x_wconf 92' lang='lat' dir='ltr'><strong>de</strong></span> <span class='ocrx_word' id='word_1_104' title='bbox 907 1732 1186 1788; x_wconf 81' lang='lat' dir='ltr'><strong>Sermrne</strong></span> <span class='ocrx_word' id='word_1_105' title='bbox 1208 1733 1441 1790; x_wconf 87' lang='lat' dir='ltr'>Domini</span> <span class='ocrx_word' id='word_1_106' title='bbox 1469 1733 1528 1788; x_wconf 93' lang='lat' dir='ltr'><strong>in</strong></span> <span class='ocrx_word' id='word_1_107' title='bbox 1559 1739 1757 1790; x_wconf 90' lang='lat' dir='ltr'><strong>monte</strong></span> <span class='ocrx_word' id='word_1_108' title='bbox 1788 1737 2022 1791; x_wconf 89' lang='lat' dir='ltr'><strong>demon-</strong></span> 
     </span>
    </p>
   </div>
   <div class='ocr_carea' id='block_1_16' title="bbox 368 1818 2018 1895">
    <p class='ocr_par' dir='ltr' id='par_1_16' title="bbox 368 1818 2018 1895">
     <span class='ocr_line' id='line_1_16' title="bbox 368 1818 2018 1895; baseline 0.002 -20"><span class='ocrx_word' id='word_1_109' title='bbox 368 1821 538 1889; x_wconf 80' lang='lat' dir='ltr'><strong>strat,</strong></span> <span class='ocrx_word' id='word_1_110' title='bbox 571 1818 776 1874; x_wconf 83' lang='lat' dir='ltr'><strong>dicens</strong></span> <span class='ocrx_word' id='word_1_111' title='bbox 803 1821 1115 1892; x_wconf 79' lang='lat' dir='ltr'><strong>(lib.1,cap.</strong></span> <span class='ocrx_word' id='word_1_112' title='bbox 1133 1821 1226 1892; x_wconf 86' lang='lat'><strong>20)</strong></span> <span class='ocrx_word' id='word_1_113' title='bbox 1258 1837 1272 1876; x_wconf 91' lang='lat'><strong>:</strong></span> <span class='ocrx_word' id='word_1_114' title='bbox 1303 1843 1331 1872; x_wconf 88' lang='lat'>«</span> <span class='ocrx_word' id='word_1_115' title='bbox 1365 1823 1557 1895; x_wconf 85' lang='lat' dir='ltr'><strong>Magni</strong></span> <span class='ocrx_word' id='word_1_116' title='bbox 1588 1827 1645 1878; x_wconf 91' lang='lat' dir='ltr'><strong>et</strong></span> <span class='ocrx_word' id='word_1_117' title='bbox 1673 1823 1861 1879; x_wconf 91' lang='lat' dir='ltr'><strong>sancti</strong></span> <span class='ocrx_word' id='word_1_118' title='bbox 1890 1823 2018 1892; x_wconf 89' lang='lat' dir='ltr'><strong>viri,</strong></span> 
     </span>
    </p>
   </div>
   <div class='ocr_carea' id='block_1_17' title="bbox 367 1907 2098 2012">
    <p class='ocr_par' dir='ltr' id='par_1_17' title="bbox 367 1907 2098 2012">
     <span class='ocr_line' id='line_1_17' title="bbox 367 1907 2098 2012; baseline 0.002 -50"><span class='ocrx_word' id='word_1_119' title='bbox 367 1907 471 1980; x_wconf 90' lang='lat' dir='ltr'><strong>qui</strong></span> <span class='ocrx_word' id='word_1_120' title='bbox 485 1907 613 1978; x_wconf 85' lang='lat' dir='ltr'><strong>jam</strong></span> <span class='ocrx_word' id='word_1_121' title='bbox 634 1907 854 1980; x_wconf 88' lang='lat' dir='ltr'><strong>optime</strong></span> <span class='ocrx_word' id='word_1_122' title='bbox 880 1907 1098 1964; x_wconf 76' lang='lat' dir='ltr'><strong>scirent</strong></span> <span class='ocrx_word' id='word_1_123' title='bbox 1126 1915 1373 1966; x_wconf 89' lang='lat' dir='ltr'><strong>mortem</strong></span> <span class='ocrx_word' id='word_1_124' title='bbox 1403 1909 1733 1984; x_wconf 78' lang='lat' dir='ltr'><strong>istam,quae</strong></span> <span class='ocrx_word' id='word_1_125' title='bbox 1759 1912 2016 1968; x_wconf 89' lang='lat' dir='ltr'><strong>animam</strong></span> <span class='ocrx_word' id='word_1_126' title='bbox 2048 1947 2098 2012; x_wconf 78' lang='grc' dir='ltr'>Β</span> 
     </span>
    </p>
   </div>
   <div class='ocr_carea' id='block_1_18' title="bbox 367 1995 2018 2069">
    <p class='ocr_par' dir='ltr' id='par_1_18' title="bbox 367 1995 2018 2069">
     <span class='ocr_line' id='line_1_18' title="bbox 367 1995 2018 2069; baseline 0.002 -17"><span class='ocrx_word' id='word_1_127' title='bbox 367 1995 640 2053; x_wconf 87' lang='lat' dir='ltr'><strong>dissolvit</strong></span> <span class='ocrx_word' id='word_1_128' title='bbox 651 2012 686 2052; x_wconf 90' lang='lat' dir='ltr'><strong>a</strong></span> <span class='ocrx_word' id='word_1_129' title='bbox 699 2013 1081 2069; x_wconf 88' lang='lat' dir='ltr'><strong>corpore,ncn</strong></span> <span class='ocrx_word' id='word_1_130' title='bbox 1093 2015 1221 2055; x_wconf 90' lang='lat' dir='ltr'><strong>esse</strong></span> <span class='ocrx_word' id='word_1_131' title='bbox 1237 1999 2018 2069; x_wconf 85' lang='lat' dir='ltr'><strong>formidandam,sccundum</strong></span> 
     </span>
    </p>
   </div>
   <div class='ocr_carea' id='block_1_19' title="bbox 365 2085 2020 2158">
    <p class='ocr_par' dir='ltr' id='par_1_19' title="bbox 365 2085 2020 2158">
     <span class='ocr_line' id='line_1_19' title="bbox 365 2085 2020 2158; baseline 0.002 -17"><span class='ocrx_word' id='word_1_132' title='bbox 365 2098 572 2141; x_wconf 85' lang='lat' dir='ltr'><strong>eorum</strong></span> <span class='ocrx_word' id='word_1_133' title='bbox 591 2089 788 2141; x_wconf 86' lang='lat' dir='ltr'><strong>tamen</strong></span> <span class='ocrx_word' id='word_1_134' title='bbox 807 2085 1137 2142; x_wconf 89' lang='lat' dir='ltr'><strong>animarum</strong></span> <span class='ocrx_word' id='word_1_135' title='bbox 1153 2087 1251 2158; x_wconf 87' lang='lat' dir='ltr'><strong>qui</strong></span> <span class='ocrx_word' id='word_1_136' title='bbox 1264 2087 1424 2143; x_wconf 88' lang='lat' dir='ltr'><strong>illam</strong></span> <span class='ocrx_word' id='word_1_137' title='bbox 1437 2088 2020 2155; x_wconf 89' lang='lat' dir='ltr'><strong>timerent,nonnulla</strong></span> 
     </span>
    </p>
   </div>
   <div class='ocr_carea' id='block_1_20' title="bbox 363 2173 2020 2248">
    <p class='ocr_par' dir='ltr' id='par_1_20' title="bbox 363 2173 2020 2248">
     <span class='ocr_line' id='line_1_20' title="bbox 363 2173 2020 2248; baseline 0.002 -19"><span class='ocrx_word' id='word_1_138' title='bbox 363 2176 604 2248; x_wconf 82' lang='lat' dir='ltr'><strong>peccata</strong></span> <span class='ocrx_word' id='word_1_139' title='bbox 624 2177 810 2229; x_wconf 86' lang='lat' dir='ltr'><strong>morte</strong></span> <span class='ocrx_word' id='word_1_140' title='bbox 830 2173 1290 2247; x_wconf 88' lang='lat' dir='ltr'><strong>punierunt,quo</strong></span> <span class='ocrx_word' id='word_1_141' title='bbox 1311 2181 1366 2231; x_wconf 90' lang='lat' dir='ltr'><strong>et</strong></span> <span class='ocrx_word' id='word_1_142' title='bbox 1380 2175 1710 2232; x_wconf 82' lang='lat' dir='ltr'><strong>viventibus</strong></span> <span class='ocrx_word' id='word_1_143' title='bbox 1731 2177 1892 2233; x_wconf 87' lang='lat' dir='ltr'><strong>utilis</strong></span> <span class='ocrx_word' id='word_1_144' title='bbox 1905 2195 2020 2233; x_wconf 76' lang='lat' dir='ltr'><strong>me~</strong></span> 
     </span>
    </p>
   </div>
   <div class='ocr_carea' id='block_1_21' title="bbox 363 2261 2016 2336">
    <p class='ocr_par' dir='ltr' id='par_1_21' title="bbox 363 2261 2016 2336">
     <span class='ocr_line' id='line_1_21' title="bbox 363 2261 2016 2336; baseline 0.002 -18"><span class='ocrx_word' id='word_1_145' title='bbox 363 2265 465 2318; x_wconf 75' lang='lat' dir='ltr'><strong>bus</strong></span> <span class='ocrx_word' id='word_1_146' title='bbox 487 2261 865 2330; x_wconf 83' lang='lat' dir='ltr'><strong>incuteretur,</strong></span> <span class='ocrx_word' id='word_1_147' title='bbox 891 2267 949 2318; x_wconf 91' lang='lat' dir='ltr'><strong>et</strong></span> <span class='ocrx_word' id='word_1_148' title='bbox 966 2261 1086 2318; x_wconf 89' lang='lat' dir='ltr'><strong>illis</strong></span> <span class='ocrx_word' id='word_1_149' title='bbox 1108 2264 1207 2336; x_wconf 88' lang='lat' dir='ltr'><strong>qui</strong></span> <span class='ocrx_word' id='word_1_150' title='bbox 1237 2269 1422 2320; x_wconf 91' lang='lat' dir='ltr'><strong>morte</strong></span> <span class='ocrx_word' id='word_1_151' title='bbox 1453 2264 1866 2336; x_wconf 78' lang='lat' dir='ltr'><strong>puniebantur,</strong></span> <span class='ocrx_word' id='word_1_152' title='bbox 1900 2284 2016 2321; x_wconf 90' lang='lat' dir='ltr'><strong>non</strong></span> 
     </span>
    </p>
   </div>
   <div class='ocr_carea' id='block_1_22' title="bbox 363 2349 2018 2426">
    <p class='ocr_par' dir='ltr' id='par_1_22' title="bbox 363 2349 2018 2426">
     <span class='ocr_line' id='line_1_22' title="bbox 363 2349 2018 2426; baseline 0.002 -20"><span class='ocrx_word' id='word_1_153' title='bbox 363 2349 498 2422; x_wconf 86' lang='lat' dir='ltr'><strong>ipsa</strong></span> <span class='ocrx_word' id='word_1_154' title='bbox 515 2365 677 2406; x_wconf 88' lang='lat' dir='ltr'><strong>mors</strong></span> <span class='ocrx_word' id='word_1_155' title='bbox 697 2354 948 2418; x_wconf 83' lang='lat' dir='ltr'><strong>noceret,</strong></span> <span class='ocrx_word' id='word_1_156' title='bbox 962 2351 1064 2407; x_wconf 91' lang='lat' dir='ltr'><strong>sed</strong></span> <span class='ocrx_word' id='word_1_157' title='bbox 1089 2353 1576 2424; x_wconf 90' lang='lat' dir='ltr'><strong>peccatum,quod</strong></span> <span class='ocrx_word' id='word_1_158' title='bbox 1598 2354 1796 2425; x_wconf 82' lang='lat' dir='ltr'><strong>augeri</strong></span> <span class='ocrx_word' id='word_1_159' title='bbox 1821 2358 2018 2426; x_wconf 84' lang='lat' dir='ltr'><strong>posset</strong></span> 
     </span>
    </p>
   </div>
   <div class='ocr_carea' id='block_1_23' title="bbox 363 2435 2015 2513">
    <p class='ocr_par' dir='ltr' id='par_1_23' title="bbox 363 2435 2015 2513">
     <span class='ocr_line' id='line_1_23' title="bbox 363 2435 2015 2513; baseline 0.001 -19"><span class='ocrx_word' id='word_1_160' title='bbox 363 2435 415 2494; x_wconf 84' lang='lat' dir='ltr'><strong>si</strong></span> <span class='ocrx_word' id='word_1_161' title='bbox 443 2437 721 2495; x_wconf 85' lang='lat' dir='ltr'><strong>viverent.</strong></span> <span class='ocrx_word' id='word_1_162' title='bbox 757 2438 882 2495; x_wconf 89' lang='lat' dir='ltr'><strong>Non</strong></span> <span class='ocrx_word' id='word_1_163' title='bbox 913 2442 1130 2496; x_wconf 89' lang='lat' dir='ltr'><strong>temere</strong></span> <span class='ocrx_word' id='word_1_164' title='bbox 1160 2439 1245 2494; x_wconf 89' lang='lat' dir='ltr'><strong>illi</strong></span> <span class='ocrx_word' id='word_1_165' title='bbox 1268 2439 1639 2511; x_wconf 87' lang='lat' dir='ltr'><strong>judicabant,</strong></span> <span class='ocrx_word' id='word_1_166' title='bbox 1663 2441 1878 2513; x_wconf 88' lang='lat' dir='ltr'><strong>quibus</strong></span> <span class='ocrx_word' id='word_1_167' title='bbox 1899 2441 2015 2497; x_wconf 87' lang='lat' dir='ltr'><strong>tale</strong></span> 
     </span>
    </p>
   </div>
   <div class='ocr_carea' id='block_1_24' title="bbox 353 2525 2014 2602">
    <p class='ocr_par' dir='ltr' id='par_1_24' title="bbox 353 2525 2014 2602">
     <span class='ocr_line' id='line_1_24' title="bbox 353 2525 2014 2602; baseline 0.002 -20"><span class='ocrx_word' id='word_1_168' title='bbox 353 2525 654 2598; x_wconf 79' lang='lat' dir='ltr'><strong>judicium</strong></span> <span class='ocrx_word' id='word_1_169' title='bbox 668 2528 982 2583; x_wconf 81' lang='lat' dir='ltr'><strong>donaverat</strong></span> <span class='ocrx_word' id='word_1_170' title='bbox 993 2527 1316 2584; x_wconf 89' lang='lat' dir='ltr'><strong>Deus.Inde</strong></span> <span class='ocrx_word' id='word_1_171' title='bbox 1331 2533 1419 2585; x_wconf 90' lang='lat' dir='ltr'><strong>est</strong></span> <span class='ocrx_word' id='word_1_172' title='bbox 1440 2531 1594 2602; x_wconf 91' lang='lat' dir='ltr'><strong>quod</strong></span> <span class='ocrx_word' id='word_1_173' title='bbox 1615 2529 1774 2586; x_wconf 90' lang='lat' dir='ltr'><strong>Elias</strong></span> <span class='ocrx_word' id='word_1_174' title='bbox 1797 2530 2014 2586; x_wconf 88' lang='lat' dir='ltr'><strong>multos</strong></span> 
     </span>
    </p>
   </div>
   <div class='ocr_carea' id='block_1_25' title="bbox 361 2614 2016 2692">
    <p class='ocr_par' dir='ltr' id='par_1_25' title="bbox 361 2614 2016 2692">
     <span class='ocr_line' id='line_1_25' title="bbox 361 2614 2016 2692; baseline 0.002 -20"><span class='ocrx_word' id='word_1_175' title='bbox 361 2618 552 2672; x_wconf 87' lang='lat' dir='ltr'><strong>morte</strong></span> <span class='ocrx_word' id='word_1_176' title='bbox 597 2614 809 2684; x_wconf 70' lang='lat' dir='ltr'><strong>adecit,</strong></span> <span class='ocrx_word' id='word_1_177' title='bbox 854 2619 912 2672; x_wconf 92' lang='lat' dir='ltr'><strong>et</strong></span> <span class='ocrx_word' id='word_1_178' title='bbox 960 2616 1197 2689; x_wconf 87' lang='lat' dir='ltr'><strong>propria</strong></span> <span class='ocrx_word' id='word_1_179' title='bbox 1249 2634 1428 2673; x_wconf 90' lang='lat' dir='ltr'><strong>manu</strong></span> <span class='ocrx_word' id='word_1_180' title='bbox 1457 2620 1556 2684; x_wconf 85' lang='grc' dir='ltr'><strong>(ΙΙΙ</strong></span> <span class='ocrx_word' id='word_1_181' title='bbox 1585 2620 1712 2687; x_wconf 80' lang='lat' dir='ltr'><strong>Reg.</strong></span> <span class='ocrx_word' id='word_1_182' title='bbox 1745 2619 1925 2692; x_wconf 83' lang='lat' dir='ltr'><strong>xvm),</strong></span> <span class='ocrx_word' id='word_1_183' title='bbox 1957 2623 2016 2676; x_wconf 89' lang='lat' dir='ltr'><strong>et</strong></span> 
     </span>
    </p>
   </div>
   <div class='ocr_carea' id='block_1_26' title="bbox 362 2701 2010 2780">
    <p class='ocr_par' dir='ltr' id='par_1_26' title="bbox 362 2701 2010 2780">
     <span class='ocr_line' id='line_1_26' title="bbox 362 2701 2010 2780; baseline 0.002 -21"><span class='ocrx_word' id='word_1_184' title='bbox 362 2701 502 2776; x_wconf 84' lang='lat' dir='ltr'><strong>igne</strong></span> <span class='ocrx_word' id='word_1_185' title='bbox 559 2703 842 2760; x_wconf 90' lang='lat' dir='ltr'><strong>divinitus</strong></span> <span class='ocrx_word' id='word_1_186' title='bbox 903 2705 1212 2777; x_wconf 89' lang='lat' dir='ltr'><strong>impetrato</strong></span> <span class='ocrx_word' id='word_1_187' title='bbox 1243 2707 1332 2776; x_wconf 84' lang='lat' dir='ltr'><strong>(IV</strong></span> <span class='ocrx_word' id='word_1_188' title='bbox 1359 2708 1492 2780; x_wconf 83' lang='lat' dir='ltr'><strong>Reg.</strong></span> <span class='ocrx_word' id='word_1_189' title='bbox 1526 2709 1588 2774; x_wconf 83' lang='lat'><strong>1),</strong></span> <span class='ocrx_word' id='word_1_190' title='bbox 1622 2725 1755 2763; x_wconf 92' lang='lat' dir='ltr'><strong>cum</strong></span> <span class='ocrx_word' id='word_1_191' title='bbox 1805 2713 1865 2764; x_wconf 88' lang='lat' dir='ltr'><strong>et</strong></span> <span class='ocrx_word' id='word_1_192' title='bbox 1912 2707 2010 2763; x_wconf 89' lang='lat' dir='ltr'><strong>alii</strong></span> 
     </span>
    </p>
   </div>
   <div class='ocr_carea' id='block_1_27' title="bbox 360 2791 2014 2868">
    <p class='ocr_par' dir='ltr' id='par_1_27' title="bbox 360 2791 2014 2868">
     <span class='ocr_line' id='line_1_27' title="bbox 360 2791 2014 2868; baseline 0.001 -20"><span class='ocrx_word' id='word_1_193' title='bbox 360 2791 557 2860; x_wconf 88' lang='lat' dir='ltr'><strong>multi,</strong></span> <span class='ocrx_word' id='word_1_194' title='bbox 592 2795 650 2848; x_wconf 91' lang='lat' dir='ltr'><strong>et</strong></span> <span class='ocrx_word' id='word_1_195' title='bbox 678 2793 861 2848; x_wconf 86' lang='lat' dir='ltr'><strong>divini</strong></span> <span class='ocrx_word' id='word_1_196' title='bbox 891 2793 1089 2865; x_wconf 87' lang='lat' dir='ltr'><strong>magni</strong></span> <span class='ocrx_word' id='word_1_197' title='bbox 1120 2793 1229 2849; x_wconf 91' lang='lat' dir='ltr'><strong>viri</strong></span> <span class='ocrx_word' id='word_1_198' title='bbox 1259 2795 1464 2850; x_wconf 90' lang='lat' dir='ltr'><strong>eodem</strong></span> <span class='ocrx_word' id='word_1_199' title='bbox 1491 2794 1700 2867; x_wconf 82' lang='lat' dir='ltr'><strong>spiritu</strong></span> <span class='ocrx_word' id='word_1_200' title='bbox 1733 2795 2014 2868; x_wconf 85' lang='lat' dir='ltr'><strong>tranquil-</strong></span> 
     </span>
    </p>
   </div>
   <div class='ocr_carea' id='block_1_28' title="bbox 359 2878 2010 2956">
    <p class='ocr_par' dir='ltr' id='par_1_28' title="bbox 359 2878 2010 2956">
     <span class='ocr_line' id='line_1_28' title="bbox 359 2878 2010 2956; baseline 0.002 -20"><span class='ocrx_word' id='word_1_201' title='bbox 359 2878 559 2936; x_wconf 72' lang='lat' dir='ltr'><strong>landis</strong></span> <span class='ocrx_word' id='word_1_202' title='bbox 588 2880 766 2936; x_wconf 82' lang='lat' dir='ltr'><strong>rebus</strong></span> <span class='ocrx_word' id='word_1_203' title='bbox 796 2881 1074 2937; x_wconf 86' lang='lat' dir='ltr'><strong>humanis</strong></span> <span class='ocrx_word' id='word_1_204' title='bbox 1105 2898 1221 2938; x_wconf 92' lang='lat' dir='ltr'><strong>non</strong></span> <span class='ocrx_word' id='word_1_205' title='bbox 1250 2887 1466 2939; x_wconf 87' lang='lat' dir='ltr'><strong>temere</strong></span> <span class='ocrx_word' id='word_1_206' title='bbox 1499 2881 1756 2938; x_wconf 84' lang='lat' dir='ltr'><strong>fecerint.</strong></span> <span class='ocrx_word' id='word_1_207' title='bbox 1791 2889 1870 2940; x_wconf 87' lang='lat' dir='ltr'><strong>De</strong></span> <span class='ocrx_word' id='word_1_208' title='bbox 1893 2899 2010 2956; x_wconf 89' lang='lat' dir='ltr'><strong>quo</strong></span> 
     </span>
    </p>
   </div>
   <div class='ocr_carea' id='block_1_29' title="bbox 357 2968 2008 3044">
    <p class='ocr_par' dir='ltr' id='par_1_29' title="bbox 357 2968 2008 3044">
     <span class='ocr_line' id='line_1_29' title="bbox 357 2968 2008 3044; baseline 0.002 -18"><span class='ocrx_word' id='word_1_209' title='bbox 357 2968 488 3026; x_wconf 86' lang='lat' dir='ltr'><strong>Elia</strong></span> <span class='ocrx_word' id='word_1_210' title='bbox 515 2985 652 3025; x_wconf 90' lang='lat' dir='ltr'><strong>cum</strong></span> <span class='ocrx_word' id='word_1_211' title='bbox 683 2969 1016 3042; x_wconf 83' lang='lat' dir='ltr'><strong>exemplum</strong></span> <span class='ocrx_word' id='word_1_212' title='bbox 1059 2971 1363 3028; x_wconf 81' lang='lat' dir='ltr'><strong>dedissent</strong></span> <span class='ocrx_word' id='word_1_213' title='bbox 1412 2971 1684 3044; x_wconf 89' lang='lat' dir='ltr'><strong>discipuli</strong></span> <span class='ocrx_word' id='word_1_214' title='bbox 1739 2973 2008 3040; x_wconf 91' lang='lat' dir='ltr'><strong>Domino,</strong></span> 
     </span>
    </p>
   </div>
   <div class='ocr_carea' id='block_1_30' title="bbox 357 3059 2008 3130">
    <p class='ocr_par' dir='ltr' id='par_1_30' title="bbox 357 3059 2008 3130">
     <span class='ocr_line' id='line_1_30' title="bbox 357 3059 2008 3130; baseline 0.001 -16"><span class='ocrx_word' id='word_1_215' title='bbox 357 3062 891 3114; x_wconf 85' lang='lat' dir='ltr'><strong>commemorantes</strong></span> <span class='ocrx_word' id='word_1_216' title='bbox 948 3059 1103 3130; x_wconf 92' lang='lat' dir='ltr'><strong>quod</strong></span> <span class='ocrx_word' id='word_1_217' title='bbox 1151 3059 1224 3115; x_wconf 93' lang='lat' dir='ltr'><strong>ab</strong></span> <span class='ocrx_word' id='word_1_218' title='bbox 1264 3076 1332 3114; x_wconf 92' lang='lat' dir='ltr'><strong>eo</strong></span> <span class='ocrx_word' id='word_1_219' title='bbox 1363 3061 1580 3115; x_wconf 90' lang='lat' dir='ltr'><strong>factum</strong></span> <span class='ocrx_word' id='word_1_220' title='bbox 1612 3060 1708 3127; x_wconf 88' lang='lat' dir='ltr'><strong>sit,</strong></span> <span class='ocrx_word' id='word_1_221' title='bbox 1737 3065 1804 3116; x_wconf 90' lang='lat' dir='ltr'><strong>ut</strong></span> <span class='ocrx_word' id='word_1_222' title='bbox 1831 3061 2008 3116; x_wconf 91' lang='lat' dir='ltr'><strong>etiam</strong></span> 
     </span>
    </p>
   </div>
   <div class='ocr_carea' id='block_1_31' title="bbox 355 3145 2007 3220">
    <p class='ocr_par' dir='ltr' id='par_1_31' title="bbox 355 3145 2007 3220">
     <span class='ocr_line' id='line_1_31' title="bbox 355 3145 2007 3220; baseline 0.001 -17"><span class='ocrx_word' id='word_1_223' title='bbox 355 3145 506 3220; x_wconf 83' lang='lat' dir='ltr'><strong>ipsis</strong></span> <span class='ocrx_word' id='word_1_224' title='bbox 534 3147 700 3202; x_wconf 88' lang='lat' dir='ltr'><strong>daret</strong></span> <span class='ocrx_word' id='word_1_225' title='bbox 751 3151 1097 3219; x_wconf 89' lang='lat' dir='ltr'><strong>potestatem</strong></span> <span class='ocrx_word' id='word_1_226' title='bbox 1147 3146 1378 3220; x_wconf 90' lang='lat' dir='ltr'><strong>petendi</strong></span> <span class='ocrx_word' id='word_1_227' title='bbox 1409 3148 1480 3204; x_wconf 93' lang='lat' dir='ltr'><strong>de</strong></span> <span class='ocrx_word' id='word_1_228' title='bbox 1511 3147 1653 3204; x_wconf 77' lang='lat' dir='ltr'><strong>cmlo</strong></span> <span class='ocrx_word' id='word_1_229' title='bbox 1683 3149 1900 3220; x_wconf 88' lang='lat' dir='ltr'><strong>ignem,</strong></span> <span class='ocrx_word' id='word_1_230' title='bbox 1933 3149 2007 3205; x_wconf 90' lang='lat' dir='ltr'><strong>ad</strong></span> 
     </span>
    </p>
   </div>
   <div class='ocr_carea' id='block_1_32' title="bbox 355 3233 2005 3308">
    <p class='ocr_par' dir='ltr' id='par_1_32' title="bbox 355 3233 2005 3308">
     <span class='ocr_line' id='line_1_32' title="bbox 355 3233 2005 3308; baseline 0 -18"><span class='ocrx_word' id='word_1_231' title='bbox 355 3235 790 3291; x_wconf 83' lang='lat' dir='ltr'><strong>consumendos</strong></span> <span class='ocrx_word' id='word_1_232' title='bbox 808 3247 907 3292; x_wconf 89' lang='lat' dir='ltr'><strong>eos</strong></span> <span class='ocrx_word' id='word_1_233' title='bbox 928 3235 1026 3307; x_wconf 89' lang='lat' dir='ltr'><strong>qui</strong></span> <span class='ocrx_word' id='word_1_234' title='bbox 1055 3233 1168 3291; x_wconf 90' lang='lat' dir='ltr'><strong>sibi</strong></span> <span class='ocrx_word' id='word_1_235' title='bbox 1189 3233 1510 3308; x_wconf 83' lang='lat' dir='ltr'><strong>hospitium</strong></span> <span class='ocrx_word' id='word_1_236' title='bbox 1529 3251 1644 3292; x_wconf 92' lang='lat' dir='ltr'><strong>non</strong></span> <span class='ocrx_word' id='word_1_237' title='bbox 1663 3236 2005 3308; x_wconf 76' lang='lat' dir='ltr'><strong>praeberent,</strong></span> 
     </span>
    </p>
   </div>
   <div class='ocr_carea' id='block_1_33' title="bbox 355 3322 2006 3396">
    <p class='ocr_par' dir='ltr' id='par_1_33' title="bbox 355 3322 2006 3396">
     <span class='ocr_line' id='line_1_33' title="bbox 355 3322 2006 3396; baseline 0.001 -18"><span class='ocrx_word' id='word_1_238' title='bbox 355 3322 737 3394; x_wconf 76' lang='lat' dir='ltr'><strong>reprehendit</strong></span> <span class='ocrx_word' id='word_1_239' title='bbox 766 3323 826 3378; x_wconf 93' lang='lat' dir='ltr'><strong>in</strong></span> <span class='ocrx_word' id='word_1_240' title='bbox 857 3323 942 3379; x_wconf 89' lang='lat' dir='ltr'><strong>eis</strong></span> <span class='ocrx_word' id='word_1_241' title='bbox 989 3323 1296 3390; x_wconf 88' lang='lat' dir='ltr'><strong>Dominus,</strong></span> <span class='ocrx_word' id='word_1_242' title='bbox 1331 3340 1445 3380; x_wconf 91' lang='lat' dir='ltr'><strong>non</strong></span> <span class='ocrx_word' id='word_1_243' title='bbox 1495 3323 1826 3396; x_wconf 84' lang='lat' dir='ltr'><strong>exemplum</strong></span> <span class='ocrx_word' id='word_1_244' title='bbox 1875 3341 2006 3396; x_wconf 89' lang='lat' dir='ltr'><strong>pro-</strong></span> 
     </span>
    </p>
   </div>
   <div class='ocr_carea' id='block_1_34' title="bbox 355 3410 2006 3486">
    <p class='ocr_par' dir='ltr' id='par_1_34' title="bbox 355 3410 2006 3486">
     <span class='ocr_line' id='line_1_34' title="bbox 355 3410 2006 3486; baseline 0.001 -19"><span class='ocrx_word' id='word_1_245' title='bbox 355 3410 545 3484; x_wconf 64' lang='lat' dir='ltr'><strong>phetis</strong></span> <span class='ocrx_word' id='word_1_246' title='bbox 607 3410 818 3476; x_wconf 86' lang='lat' dir='ltr'><strong>sancti,</strong></span> <span class='ocrx_word' id='word_1_247' title='bbox 871 3412 975 3468; x_wconf 91' lang='lat' dir='ltr'><strong>sed</strong></span> <span class='ocrx_word' id='word_1_248' title='bbox 1033 3411 1425 3484; x_wconf 89' lang='lat' dir='ltr'><strong>ignorantiam</strong></span> <span class='ocrx_word' id='word_1_249' title='bbox 1477 3411 1832 3479; x_wconf 89' lang='lat' dir='ltr'><strong>vindicandi,</strong></span> <span class='ocrx_word' id='word_1_250' title='bbox 1881 3430 2006 3486; x_wconf 68' lang='lat' dir='ltr'><strong>quas</strong></span> 
     </span>
    </p>
   </div>
   <div class='ocr_carea' id='block_1_35' title="bbox 356 3498 2007 3569">
    <p class='ocr_par' dir='ltr' id='par_1_35' title="bbox 356 3498 2007 3569">
     <span class='ocr_line' id='line_1_35' title="bbox 356 3498 2007 3569; baseline 0 -11"><span class='ocrx_word' id='word_1_251' title='bbox 356 3498 553 3558; x_wconf 81' lang='lat' dir='ltr'><strong>adhuc</strong></span> <span class='ocrx_word' id='word_1_252' title='bbox 605 3505 734 3556; x_wconf 88' lang='lat' dir='ltr'><strong>erat</strong></span> <span class='ocrx_word' id='word_1_253' title='bbox 777 3500 835 3555; x_wconf 92' lang='lat' dir='ltr'><strong>in</strong></span> <span class='ocrx_word' id='word_1_254' title='bbox 886 3499 1156 3569; x_wconf 89' lang='lat' dir='ltr'><strong>rudibus,</strong></span> <span class='ocrx_word' id='word_1_255' title='bbox 1206 3499 1678 3558; x_wconf 87' lang='lat' dir='ltr'><strong>animadvertens</strong></span> <span class='ocrx_word' id='word_1_256' title='bbox 1735 3518 1833 3558; x_wconf 91' lang='lat' dir='ltr'><strong>eos</strong></span> <span class='ocrx_word' id='word_1_257' title='bbox 1891 3519 2007 3558; x_wconf 91' lang='lat' dir='ltr'><strong>non</strong></span> 
     </span>
    </p>
   </div>
   <div class='ocr_carea' id='block_1_36' title="bbox 355 3588 2006 3660">
    <p class='ocr_par' dir='ltr' id='par_1_36' title="bbox 355 3588 2006 3660">
     <span class='ocr_line' id='line_1_36' title="bbox 355 3588 2006 3660; baseline -0.001 -14"><span class='ocrx_word' id='word_1_258' title='bbox 355 3603 558 3646; x_wconf 87' lang='lat' dir='ltr'><strong>amore</strong></span> <span class='ocrx_word' id='word_1_259' title='bbox 612 3588 1061 3660; x_wconf 88' lang='lat' dir='ltr'><strong>corrcptionem,</strong></span> <span class='ocrx_word' id='word_1_260' title='bbox 1105 3590 1202 3646; x_wconf 86' lang='lat' dir='ltr'><strong>sed</strong></span> <span class='ocrx_word' id='word_1_261' title='bbox 1255 3590 1387 3646; x_wconf 93' lang='lat' dir='ltr'><strong>odio</strong></span> <span class='ocrx_word' id='word_1_262' title='bbox 1435 3588 1767 3646; x_wconf 89' lang='lat' dir='ltr'><strong>desiderare</strong></span> <span class='ocrx_word' id='word_1_263' title='bbox 1819 3589 2006 3646; x_wconf 89' lang='lat' dir='ltr'><strong>vindi-‘</strong></span> 
     </span>
    </p>
   </div>
   <div class='ocr_carea' id='block_1_37' title="bbox 352 3675 2004 3750">
    <p class='ocr_par' dir='ltr' id='par_1_37' title="bbox 352 3675 2004 3750">
     <span class='ocr_line' id='line_1_37' title="bbox 352 3675 2004 3750; baseline 0.001 -17"><span class='ocrx_word' id='word_1_264' title='bbox 352 3679 510 3733; x_wconf 85' lang='lat' dir='ltr'><strong>ctam</strong></span> <span class='ocrx_word' id='word_1_265' title='bbox 545 3677 696 3749; x_wconf 81' lang='lat' dir='ltr'><strong>(Luc.</strong></span> <span class='ocrx_word' id='word_1_266' title='bbox 730 3675 830 3748; x_wconf 80' lang='lat' dir='ltr'><strong>ix).</strong></span> <span class='ocrx_word' id='word_1_267' title='bbox 865 3678 1068 3749; x_wconf 89' lang='lat' dir='ltr'><strong>Itaque</strong></span> <span class='ocrx_word' id='word_1_268' title='bbox 1097 3681 1481 3750; x_wconf 89' lang='lat' dir='ltr'><strong>posteaquam</strong></span> <span class='ocrx_word' id='word_1_269' title='bbox 1513 3695 1612 3734; x_wconf 90' lang='lat' dir='ltr'><strong>eos</strong></span> <span class='ocrx_word' id='word_1_270' title='bbox 1643 3677 1841 3736; x_wconf 88' lang='lat' dir='ltr'><strong>docuit</strong></span> <span class='ocrx_word' id='word_1_271' title='bbox 1864 3678 2004 3750; x_wconf 91' lang='lat' dir='ltr'><strong>quid</strong></span> 
     </span>
    </p>
   </div>
   <div class='ocr_carea' id='block_1_38' title="bbox 313 3762 2006 3838">
    <p class='ocr_par' dir='ltr' id='par_1_38' title="bbox 313 3762 2006 3838">
     <span class='ocr_line' id='line_1_38' title="bbox 313 3762 2006 3838; baseline 0.001 -18"><span class='ocrx_word' id='word_1_272' title='bbox 313 3762 319 3766; x_wconf 81' lang='grc'><em>’</em></span> <span class='ocrx_word' id='word_1_273' title='bbox 351 3768 512 3820; x_wconf 86' lang='lat' dir='ltr'><strong>esset</strong></span> <span class='ocrx_word' id='word_1_274' title='bbox 539 3763 785 3836; x_wconf 82' lang='lat' dir='ltr'><strong>diligere</strong></span> <span class='ocrx_word' id='word_1_275' title='bbox 814 3765 1148 3836; x_wconf 79' lang='lat' dir='ltr'><strong>proximum</strong></span> <span class='ocrx_word' id='word_1_276' title='bbox 1179 3770 1464 3836; x_wconf 89' lang='lat' dir='ltr'><strong>tanquam</strong></span> <span class='ocrx_word' id='word_1_277' title='bbox 1496 3765 1780 3838; x_wconf 90' lang='lat' dir='ltr'><strong>seipsum,</strong></span> <span class='ocrx_word' id='word_1_278' title='bbox 1812 3765 2006 3822; x_wconf 88' lang='lat' dir='ltr'><strong>infuso</strong></span> 
     </span>
    </p>
   </div>
   <div class='ocr_carea' id='block_1_39' title="bbox 351 3851 2006 3926">
    <p class='ocr_par' dir='ltr' id='par_1_39' title="bbox 351 3851 2006 3926">
     <span class='ocr_line' id='line_1_39' title="bbox 351 3851 2006 3926; baseline 0.001 -18"><span class='ocrx_word' id='word_1_279' title='bbox 351 3851 534 3908; x_wconf 87' lang='lat' dir='ltr'><strong>etiam</strong></span> <span class='ocrx_word' id='word_1_280' title='bbox 563 3852 789 3925; x_wconf 84' lang='lat' dir='ltr'><strong>Spiritu</strong></span> <span class='ocrx_word' id='word_1_281' title='bbox 819 3857 1227 3925; x_wconf 90' lang='lat' dir='ltr'><strong>sancto,quem</strong></span> <span class='ocrx_word' id='word_1_282' title='bbox 1247 3854 1449 3910; x_wconf 88' lang='lat' dir='ltr'><strong>decem</strong></span> <span class='ocrx_word' id='word_1_283' title='bbox 1472 3853 1680 3910; x_wconf 89' lang='lat' dir='ltr'><strong>diebus</strong></span> <span class='ocrx_word' id='word_1_284' title='bbox 1701 3853 2006 3926; x_wconf 89' lang='lat' dir='ltr'><strong>completis</strong></span> 
     </span>
    </p>
   </div>
   <div class='ocr_carea' id='block_1_40' title="bbox 350 3939 2009 4014">
    <p class='ocr_par' dir='ltr' id='par_1_40' title="bbox 350 3939 2009 4014">
     <span class='ocr_line' id='line_1_40' title="bbox 350 3939 2009 4014; baseline 0.001 -18"><span class='ocrx_word' id='word_1_285' title='bbox 350 3945 488 4014; x_wconf 89' lang='lat' dir='ltr'><strong>post</strong></span> <span class='ocrx_word' id='word_1_286' title='bbox 508 3939 912 3998; x_wconf 88' lang='lat' dir='ltr'><strong>ascensionem</strong></span> <span class='ocrx_word' id='word_1_287' title='bbox 944 3957 1114 3997; x_wconf 91' lang='lat' dir='ltr'><strong>suam</strong></span> <span class='ocrx_word' id='word_1_288' title='bbox 1136 3942 1389 4012; x_wconf 88' lang='lat' dir='ltr'><strong>desuper</strong></span> <span class='ocrx_word' id='word_1_289' title='bbox 1403 3945 1468 3997; x_wconf 92' lang='lat' dir='ltr'><strong>ut</strong></span> <span class='ocrx_word' id='word_1_290' title='bbox 1485 3941 1834 4014; x_wconf 88' lang='lat' dir='ltr'><strong>promiserat</strong></span> <span class='ocrx_word' id='word_1_291' title='bbox 1846 3941 2009 3997; x_wconf 91' lang='lat' dir='ltr'><strong>misit</strong></span> 
     </span>
    </p>
   </div>
   <div class='ocr_carea' id='block_1_41' title="bbox 350 4029 2006 4102">
    <p class='ocr_par' dir='ltr' id='par_1_41' title="bbox 350 4029 2006 4102">
     <span class='ocr_line' id='line_1_41' title="bbox 350 4029 2006 4102; baseline 0.001 -17"><span class='ocrx_word' id='word_1_292' title='bbox 350 4029 494 4099; x_wconf 73' lang='lat' dir='ltr'><strong>(Act.</strong></span> <span class='ocrx_word' id='word_1_293' title='bbox 528 4032 615 4100; x_wconf 81' lang='grc' dir='ltr'><strong>ιι),</strong></span> <span class='ocrx_word' id='word_1_294' title='bbox 669 4044 786 4086; x_wconf 88' lang='lat' dir='ltr'><strong>non</strong></span> <span class='ocrx_word' id='word_1_295' title='bbox 844 4030 1160 4086; x_wconf 89' lang='lat' dir='ltr'><strong>defuerunt</strong></span> <span class='ocrx_word' id='word_1_296' title='bbox 1207 4029 1354 4086; x_wconf 85' lang='lat' dir='ltr'><strong>tales</strong></span> <span class='ocrx_word' id='word_1_297' title='bbox 1399 4029 1687 4098; x_wconf 64' lang='lat' dir='ltr'><strong>vindictae,</strong></span> <span class='ocrx_word' id='word_1_298' title='bbox 1737 4031 2006 4102; x_wconf 90' lang='lat' dir='ltr'><strong>quamvis</strong></span> 
     </span>
    </p>
   </div>
   <div class='ocr_carea' id='block_1_42' title="bbox 349 4117 2003 4190">
    <p class='ocr_par' dir='ltr' id='par_1_42' title="bbox 349 4117 2003 4190">
     <span class='ocr_line' id='line_1_42' title="bbox 349 4117 2003 4190; baseline 0.001 -17"><span class='ocrx_word' id='word_1_299' title='bbox 349 4117 542 4174; x_wconf 84' lang='lat' dir='ltr'><strong>multo</strong></span> <span class='ocrx_word' id='word_1_300' title='bbox 573 4117 768 4174; x_wconf 88' lang='lat' dir='ltr'><strong>rarius</strong></span> <span class='ocrx_word' id='word_1_301' title='bbox 796 4133 972 4190; x_wconf 88' lang='lat' dir='ltr'><strong>quam</strong></span> <span class='ocrx_word' id='word_1_302' title='bbox 1006 4119 1066 4174; x_wconf 91' lang='lat' dir='ltr'><strong>in</strong></span> <span class='ocrx_word' id='word_1_303' title='bbox 1096 4118 1288 4174; x_wconf 87' lang='lat' dir='ltr'><strong>Veteri</strong></span> <span class='ocrx_word' id='word_1_304' title='bbox 1319 4119 1714 4174; x_wconf 88' lang='lat' dir='ltr'><strong>Testamento.</strong></span> <span class='ocrx_word' id='word_1_305' title='bbox 1739 4119 1823 4174; x_wconf 92' lang='lat' dir='ltr'><strong>Ibi</strong></span> <span class='ocrx_word' id='word_1_306' title='bbox 1846 4119 2003 4175; x_wconf 89' lang='lat' dir='ltr'><strong>enim</strong></span> 
     </span>
    </p>
   </div>
   <div class='ocr_carea' id='block_1_43' title="bbox 351 4206 2006 4278">
    <p class='ocr_par' dir='ltr' id='par_1_43' title="bbox 351 4206 2006 4278">
     <span class='ocr_line' id='line_1_43' title="bbox 351 4206 2006 4278; baseline 0.001 -16"><span class='ocrx_word' id='word_1_307' title='bbox 351 4221 426 4262; x_wconf 81' lang='lat' dir='ltr'><strong>ex</strong></span> <span class='ocrx_word' id='word_1_308' title='bbox 442 4206 664 4278; x_wconf 81' lang='lat' dir='ltr'><strong>majore</strong></span> <span class='ocrx_word' id='word_1_309' title='bbox 686 4211 850 4278; x_wconf 85' lang='lat' dir='ltr'><strong>parte</strong></span> <span class='ocrx_word' id='word_1_310' title='bbox 871 4206 1189 4263; x_wconf 86' lang='lat' dir='ltr'><strong>servientes</strong></span> <span class='ocrx_word' id='word_1_311' title='bbox 1207 4206 1416 4262; x_wconf 87' lang='lat' dir='ltr'><strong>timore</strong></span> <span class='ocrx_word' id='word_1_312' title='bbox 1435 4207 1851 4278; x_wconf 86' lang='lat' dir='ltr'><strong>premebantur</strong></span> <span class='ocrx_word' id='word_1_313' title='bbox 1871 4225 1885 4263; x_wconf 93' lang='lat'>:</span> <span class='ocrx_word' id='word_1_314' title='bbox 1909 4207 2006 4263; x_wconf 90' lang='lat' dir='ltr'><strong>hic</strong></span> 
     </span>
    </p>
   </div>
   <div class='ocr_carea' id='block_1_44' title="bbox 350 4293 2004 4351">
    <p class='ocr_par' dir='ltr' id='par_1_44' title="bbox 350 4293 2004 4351">
     <span class='ocr_line' id='line_1_44' title="bbox 350 4293 2004 4351; baseline 0 -1"><span class='ocrx_word' id='word_1_315' title='bbox 350 4298 552 4350; x_wconf 87' lang='lat' dir='ltr'><strong>autem</strong></span> <span class='ocrx_word' id='word_1_316' title='bbox 585 4293 845 4350; x_wconf 84' lang='lat' dir='ltr'><strong>maxima</strong></span> <span class='ocrx_word' id='word_1_317' title='bbox 873 4294 1184 4351; x_wconf 87' lang='lat' dir='ltr'><strong>dilectione</strong></span> <span class='ocrx_word' id='word_1_318' title='bbox 1207 4294 1371 4350; x_wconf 91' lang='lat' dir='ltr'><strong>liberi</strong></span> <span class='ocrx_word' id='word_1_319' title='bbox 1401 4293 1832 4351; x_wconf 89' lang='lat' dir='ltr'><strong>nutriebantur.</strong></span> <span class='ocrx_word' id='word_1_320' title='bbox 1857 4296 2004 4351; x_wconf 91' lang='lat' dir='ltr'><strong>Nam</strong></span> 
     </span>
    </p>
   </div>
   <div class='ocr_carea' id='block_1_45' title="bbox 349 4382 2006 4455">
    <p class='ocr_par' dir='ltr' id='par_1_45' title="bbox 349 4382 2006 4455">
     <span class='ocr_line' id='line_1_45' title="bbox 349 4382 2006 4455; baseline 0.001 -16"><span class='ocrx_word' id='word_1_321' title='bbox 349 4387 407 4440; x_wconf 83' lang='lat' dir='ltr'><strong>et</strong></span> <span class='ocrx_word' id='word_1_322' title='bbox 424 4383 621 4439; x_wconf 84' lang='lat' dir='ltr'><strong>verbis</strong></span> <span class='ocrx_word' id='word_1_323' title='bbox 655 4382 907 4455; x_wconf 85' lang='lat' dir='ltr'><strong>apostoli</strong></span> <span class='ocrx_word' id='word_1_324' title='bbox 940 4383 1111 4452; x_wconf 88' lang='lat' dir='ltr'><strong>Petri,</strong></span> <span class='ocrx_word' id='word_1_325' title='bbox 1132 4383 1389 4438; x_wconf 87' lang='lat' dir='ltr'><strong>Ananias</strong></span> <span class='ocrx_word' id='word_1_326' title='bbox 1409 4387 1467 4439; x_wconf 90' lang='lat' dir='ltr'><strong>et</strong></span> <span class='ocrx_word' id='word_1_327' title='bbox 1497 4399 1640 4438; x_wconf 82' lang='lat' dir='ltr'><strong>uxor</strong></span> <span class='ocrx_word' id='word_1_328' title='bbox 1667 4384 1818 4455; x_wconf 86' lang='lat' dir='ltr'><strong>ejus,</strong></span> <span class='ocrx_word' id='word_1_329' title='bbox 1851 4383 2006 4440; x_wconf 86' lang='lat' dir='ltr'><strong>sicut</strong></span> 
     </span>
    </p>
   </div>
   <div class='ocr_carea' id='block_1_46' title="bbox 349 4470 2002 4544">
    <p class='ocr_par' dir='ltr' id='par_1_46' title="bbox 349 4470 2002 4544">
     <span class='ocr_line' id='line_1_46' title="bbox 349 4470 2002 4544; baseline 0.001 -18"><span class='ocrx_word' id='word_1_330' title='bbox 349 4471 413 4528; x_wconf 87' lang='lat' dir='ltr'><strong>in</strong></span> <span class='ocrx_word' id='word_1_331' title='bbox 443 4470 686 4528; x_wconf 82' lang='lat' dir='ltr'><strong>Actibus</strong></span> <span class='ocrx_word' id='word_1_332' title='bbox 715 4471 1112 4544; x_wconf 89' lang='lat' dir='ltr'><strong>apostolorum</strong></span> <span class='ocrx_word' id='word_1_333' title='bbox 1143 4470 1418 4544; x_wconf 87' lang='lat' dir='ltr'><strong>legimus,</strong></span> <span class='ocrx_word' id='word_1_334' title='bbox 1451 4471 1751 4528; x_wconf 86' lang='lat' dir='ltr'><strong>exanimes</strong></span> <span class='ocrx_word' id='word_1_335' title='bbox 1781 4471 2002 4528; x_wconf 90' lang='lat' dir='ltr'><strong>cecide-</strong></span> 
     </span>
    </p>
   </div>
   <div class='ocr_carea' id='block_1_47' title="bbox 351 4558 2006 4630">
    <p class='ocr_par' dir='ltr' id='par_1_47' title="bbox 351 4558 2006 4630">
     <span class='ocr_line' id='line_1_47' title="bbox 351 4558 2006 4630; baseline -0.001 -14"><span class='ocrx_word' id='word_1_336' title='bbox 351 4565 512 4624; x_wconf 90' lang='lat' dir='ltr'><strong>runt,</strong></span> <span class='ocrx_word' id='word_1_337' title='bbox 547 4575 653 4616; x_wconf 93' lang='lat' dir='ltr'><strong>nec</strong></span> <span class='ocrx_word' id='word_1_338' title='bbox 705 4559 1038 4616; x_wconf 88' lang='lat' dir='ltr'><strong>resuscitati</strong></span> <span class='ocrx_word' id='word_1_339' title='bbox 1085 4563 1243 4627; x_wconf 88' lang='lat' dir='ltr'><strong>sunt,</strong></span> <span class='ocrx_word' id='word_1_340' title='bbox 1278 4560 1380 4615; x_wconf 89' lang='lat' dir='ltr'><strong>sed</strong></span> <span class='ocrx_word' id='word_1_341' title='bbox 1419 4558 1629 4630; x_wconf 90' lang='lat' dir='ltr'><strong>sepulti</strong></span> <span class='ocrx_word' id='word_1_342' title='bbox 1663 4559 1793 4625; x_wconf 80' lang='lat' dir='ltr'><strong>(Act.</strong></span> <span class='ocrx_word' id='word_1_343' title='bbox 1825 4562 1902 4628; x_wconf 93' lang='lat' dir='ltr'><strong>v).</strong></span> <span class='ocrx_word' id='word_1_344' title='bbox 1935 4561 2006 4614; x_wconf 90' lang='lat' dir='ltr'><strong>Et</strong></span> 
     </span>
    </p>
   </div>
   <div class='ocr_carea' id='block_1_48' title="bbox 351 4645 2082 4734">
    <p class='ocr_par' dir='ltr' id='par_1_48' title="bbox 351 4645 2082 4734">
     <span class='ocr_line' id='line_1_48' title="bbox 351 4645 2082 4734; baseline -0.001 -30"><span class='ocrx_word' id='word_1_345' title='bbox 351 4645 400 4704; x_wconf 89' lang='lat' dir='ltr'><strong>si</strong></span> <span class='ocrx_word' id='word_1_346' title='bbox 427 4647 567 4703; x_wconf 91' lang='lat' dir='ltr'><strong>huic</strong></span> <span class='ocrx_word' id='word_1_347' title='bbox 589 4646 740 4704; x_wconf 89' lang='lat' dir='ltr'><strong>libro</strong></span> <span class='ocrx_word' id='word_1_348' title='bbox 773 4647 1155 4720; x_wconf 64' lang='lat' dir='ltr'><strong>beeretici,qui</strong></span> <span class='ocrx_word' id='word_1_349' title='bbox 1187 4648 1568 4702; x_wconf 86' lang='lat' dir='ltr'><strong>adversantur</strong></span> <span class='ocrx_word' id='word_1_350' title='bbox 1595 4651 1654 4702; x_wconf 88' lang='lat' dir='ltr'><strong>et</strong></span> <span class='ocrx_word' id='word_1_351' title='bbox 1680 4646 1870 4734; x_wconf 80' lang='lat' dir='ltr'><strong>Veteri</strong></span> <span class='ocrx_word' id='word_1_352' title='bbox 1902 4649 2005 4703; x_wconf 85' lang='lat' dir='ltr'><strong>Tc—</strong></span> <span class='ocrx_word' id='word_1_353' title='bbox 2040 4670 2082 4734; x_wconf 70' lang='grc' dir='ltr'>ο</span> 
     </span>
    </p>
   </div>
   <div class='ocr_carea' id='block_1_49' title="bbox 349 4733 2004 4807">
    <p class='ocr_par' dir='ltr' id='par_1_49' title="bbox 349 4733 2004 4807">
     <span class='ocr_line' id='line_1_49' title="bbox 349 4733 2004 4807; baseline -0.002 -14"><span class='ocrx_word' id='word_1_354' title='bbox 349 4741 675 4804; x_wconf 86' lang='lat' dir='ltr'><strong>stamento,</strong></span> <span class='ocrx_word' id='word_1_355' title='bbox 699 4735 909 4792; x_wconf 91' lang='lat' dir='ltr'><strong>nolunt</strong></span> <span class='ocrx_word' id='word_1_356' title='bbox 923 4737 1176 4804; x_wconf 85' lang='lat' dir='ltr'><strong>credere,</strong></span> <span class='ocrx_word' id='word_1_357' title='bbox 1201 4734 1442 4792; x_wconf 89' lang='lat' dir='ltr'><strong>Paulum</strong></span> <span class='ocrx_word' id='word_1_358' title='bbox 1475 4733 1806 4807; x_wconf 90' lang='lat' dir='ltr'><strong>apostolum</strong></span> <span class='ocrx_word' id='word_1_359' title='bbox 1828 4751 2004 4807; x_wconf 89' lang='lat' dir='ltr'><strong>quem</strong></span> 
     </span>
    </p>
   </div>
   <div class='ocr_carea' id='block_1_50' title="bbox 349 4824 2006 4898">
    <p class='ocr_par' dir='ltr' id='par_1_50' title="bbox 349 4824 2006 4898">
     <span class='ocr_line' id='line_1_50' title="bbox 349 4824 2006 4898; baseline -0.001 -16"><span class='ocrx_word' id='word_1_360' title='bbox 349 4825 665 4882; x_wconf 90' lang='lat' dir='ltr'><strong>nobiscum</strong></span> <span class='ocrx_word' id='word_1_361' title='bbox 697 4824 902 4898; x_wconf 90' lang='lat' dir='ltr'><strong>legunt</strong></span> <span class='ocrx_word' id='word_1_362' title='bbox 937 4825 1298 4892; x_wconf 88' lang='lat' dir='ltr'><strong>intueantur,</strong></span> <span class='ocrx_word' id='word_1_363' title='bbox 1331 4825 1619 4880; x_wconf 87' lang='lat' dir='ltr'><strong>dicentem</strong></span> <span class='ocrx_word' id='word_1_364' title='bbox 1651 4825 1720 4880; x_wconf 89' lang='lat' dir='ltr'><strong>de</strong></span> <span class='ocrx_word' id='word_1_365' title='bbox 1751 4825 2006 4896; x_wconf 90' lang='lat' dir='ltr'><strong>quodam</strong></span> 
     </span>
    </p>
   </div>
   <div class='ocr_carea' id='block_1_51' title="bbox 349 4914 2044 4988">
    <p class='ocr_par' dir='ltr' id='par_1_51' title="bbox 349 4914 2044 4988">
     <span class='ocr_line' id='line_1_51' title="bbox 349 4914 2044 4988; baseline -0.005 -14"><span class='ocrx_word' id='word_1_366' title='bbox 349 4919 654 4988; x_wconf 84' lang='lat' dir='ltr'><strong>peccatore</strong></span> <span class='ocrx_word' id='word_1_367' title='bbox 678 4931 692 4969; x_wconf 91' lang='lat'><strong>:</strong></span> <span class='ocrx_word' id='word_1_368' title='bbox 724 4914 893 4983; x_wconf 79' lang='lat' dir='ltr'><strong>Quem</strong></span> <span class='ocrx_word' id='word_1_369' title='bbox 913 4914 1118 4971; x_wconf 76' lang='lat' dir='ltr'><strong>tradidi</strong></span> <span class='ocrx_word' id='word_1_370' title='bbox 1145 4915 1370 4971; x_wconf 71' lang='lat' dir='ltr'><strong>Satanaz</strong></span> <span class='ocrx_word' id='word_1_371' title='bbox 1397 4915 1458 4970; x_wconf 79' lang='lat' dir='ltr'><strong>in</strong></span> <span class='ocrx_word' id='word_1_372' title='bbox 1487 4915 1773 4970; x_wconf 76' lang='lat' dir='ltr'><strong>interitum</strong></span> <span class='ocrx_word' id='word_1_373' title='bbox 1799 4916 2006 4981; x_wconf 59' lang='lat' dir='ltr'><strong>carnis,</strong></span> <span class='ocrx_word' id='word_1_374' title='bbox 2040 4941 2044 4946; x_wconf 92' lang='lat'><strong>-</strong></span> 
     </span>
    </p>
   </div>
   <div class='ocr_carea' id='block_1_52' title="bbox 349 5001 2011 5072">
    <p class='ocr_par' dir='ltr' id='par_1_52' title="bbox 349 5001 2011 5072">
     <span class='ocr_line' id='line_1_52' title="bbox 349 5001 2011 5072; baseline -0.001 -13"><span class='ocrx_word' id='word_1_375' title='bbox 349 5011 413 5059; x_wconf 78' lang='lat' dir='ltr'><strong>ut</strong></span> <span class='ocrx_word' id='word_1_376' title='bbox 461 5005 656 5058; x_wconf 69' lang='lat' dir='ltr'><strong>anima</strong></span> <span class='ocrx_word' id='word_1_377' title='bbox 706 5003 864 5059; x_wconf 74' lang='lat' dir='ltr'><strong>salva</strong></span> <span class='ocrx_word' id='word_1_378' title='bbox 911 5005 987 5059; x_wconf 75' lang='lat' dir='ltr'><strong>sit</strong></span> <span class='ocrx_word' id='word_1_379' title='bbox 1029 5005 1081 5072; x_wconf 89' lang='grc' dir='ltr'><strong>(Ι</strong></span> <span class='ocrx_word' id='word_1_380' title='bbox 1129 5003 1251 5058; x_wconf 86' lang='lat' dir='ltr'><strong>Cor.</strong></span> <span class='ocrx_word' id='word_1_381' title='bbox 1283 5021 1337 5071; x_wconf 93' lang='lat' dir='ltr'><strong>v,</strong></span> <span class='ocrx_word' id='word_1_382' title='bbox 1369 5004 1446 5070; x_wconf 89' lang='lat'><strong>5).</strong></span> <span class='ocrx_word' id='word_1_383' title='bbox 1498 5003 1568 5058; x_wconf 88' lang='lat' dir='ltr'><strong>Et</strong></span> <span class='ocrx_word' id='word_1_384' title='bbox 1597 5002 1646 5058; x_wconf 89' lang='lat' dir='ltr'>si</span> <span class='ocrx_word' id='word_1_385' title='bbox 1679 5001 1886 5057; x_wconf 90' lang='lat' dir='ltr'><strong>nolunt</strong></span> <span class='ocrx_word' id='word_1_386' title='bbox 1915 5001 2011 5058; x_wconf 87' lang='lat' dir='ltr'><strong>hic</strong></span> 
     </span>
    </p>
   </div>
   <div class='ocr_carea' id='block_1_53' title="bbox 333 5090 2010 5164">
    <p class='ocr_par' dir='ltr' id='par_1_53' title="bbox 333 5090 2010 5164">
     <span class='ocr_line' id='line_1_53' title="bbox 333 5090 2010 5164; baseline -0.001 -17"><span class='ocrx_word' id='word_1_387' title='bbox 333 5090 610 5147; x_wconf 72' lang='lat' dir='ltr'><strong>&#39;mortem</strong></span> <span class='ocrx_word' id='word_1_388' title='bbox 643 5091 966 5164; x_wconf 81' lang='lat' dir='ltr'><strong>intelligere</strong></span> <span class='ocrx_word' id='word_1_389' title='bbox 997 5092 1268 5164; x_wconf 86' lang='lat' dir='ltr'><strong>(fortasse</strong></span> <span class='ocrx_word' id='word_1_390' title='bbox 1327 5091 1482 5146; x_wconf 85' lang='lat' dir='ltr'><strong>enim</strong></span> <span class='ocrx_word' id='word_1_391' title='bbox 1541 5090 1830 5145; x_wconf 87' lang='lat' dir='ltr'><strong>incertum</strong></span> <span class='ocrx_word' id='word_1_392' title='bbox 1879 5091 2010 5161; x_wconf 88' lang='lat' dir='ltr'><strong>est),</strong></span> 
     </span>
    </p>
   </div>
   <div class='ocr_carea' id='block_1_54' title="bbox 353 5179 2012 5252">
    <p class='ocr_par' dir='ltr' id='par_1_54' title="bbox 353 5179 2012 5252">
     <span class='ocr_line' id='line_1_54' title="bbox 353 5179 2012 5252; baseline 0.001 -18"><span class='ocrx_word' id='word_1_393' title='bbox 353 5179 682 5252; x_wconf 86' lang='lat' dir='ltr'><strong>quamlibet</strong></span> <span class='ocrx_word' id='word_1_394' title='bbox 693 5179 1010 5236; x_wconf 89' lang='lat' dir='ltr'><strong>vindictam</strong></span> <span class='ocrx_word' id='word_1_395' title='bbox 1025 5197 1128 5252; x_wconf 86' lang='lat' dir='ltr'><strong>per</strong></span> <span class='ocrx_word' id='word_1_396' title='bbox 1140 5181 1414 5236; x_wconf 75' lang='lat' dir='ltr'><strong>Satanam</strong></span> <span class='ocrx_word' id='word_1_397' title='bbox 1429 5180 1642 5234; x_wconf 84' lang='lat' dir='ltr'><strong>factam</strong></span> <span class='ocrx_word' id='word_1_398' title='bbox 1655 5181 1726 5234; x_wconf 86' lang='lat' dir='ltr'><strong>ab</strong></span> <span class='ocrx_word' id='word_1_399' title='bbox 1738 5181 2012 5252; x_wconf 87' lang='lat' dir='ltr'><strong>Apostolo</strong></span> 
     </span>
    </p>
   </div>
   <div class='ocr_carea' id='block_1_55' title="bbox 355 5263 2011 5340">
    <p class='ocr_par' dir='ltr' id='par_1_55' title="bbox 355 5263 2011 5340">
     <span class='ocr_line' id='line_1_55' title="bbox 355 5263 2011 5340; baseline 0 -18"><span class='ocrx_word' id='word_1_400' title='bbox 355 5269 659 5324; x_wconf 89' lang='lat' dir='ltr'><strong>tateantur</strong></span> <span class='ocrx_word' id='word_1_401' title='bbox 691 5283 704 5323; x_wconf 88' lang='lat'>:</span> <span class='ocrx_word' id='word_1_402' title='bbox 739 5268 898 5340; x_wconf 90' lang='lat' dir='ltr'><strong>quod</strong></span> <span class='ocrx_word' id='word_1_403' title='bbox 927 5263 1043 5323; x_wconf 85' lang='lat' dir='ltr'><strong>non</strong></span> <span class='ocrx_word' id='word_1_404' title='bbox 1073 5283 1202 5323; x_wconf 90' lang='lat' dir='ltr'><strong>eam</strong></span> <span class='ocrx_word' id='word_1_405' title='bbox 1233 5267 1366 5322; x_wconf 91' lang='lat' dir='ltr'><strong>odio</strong></span> <span class='ocrx_word' id='word_1_406' title='bbox 1397 5267 1500 5322; x_wconf 85' lang='lat' dir='ltr'><strong>sed</strong></span> <span class='ocrx_word' id='word_1_407' title='bbox 1544 5283 1740 5322; x_wconf 86' lang='lat' dir='ltr'><strong>amore</strong></span> <span class='ocrx_word' id='word_1_408' title='bbox 1783 5266 2011 5333; x_wconf 87' lang='lat' dir='ltr'><strong>fecisse,</strong></span> 
     </span>
    </p>
   </div>
   <div class='ocr_carea' id='block_1_56' title="bbox 355 5354 2012 5428">
    <p class='ocr_par' dir='ltr' id='par_1_56' title="bbox 355 5354 2012 5428">
     <span class='ocr_line' id='line_1_56' title="bbox 355 5354 2012 5428; baseline -0.001 -17"><span class='ocrx_word' id='word_1_409' title='bbox 355 5355 699 5412; x_wconf 85' lang='lat' dir='ltr'><strong>manifestat</strong></span> <span class='ocrx_word' id='word_1_410' title='bbox 712 5354 858 5411; x_wconf 89' lang='lat' dir='ltr'><strong>illud</strong></span> <span class='ocrx_word' id='word_1_411' title='bbox 878 5356 1191 5428; x_wconf 89' lang='lat' dir='ltr'><strong>adjectum,</strong></span> <span class='ocrx_word' id='word_1_412' title='bbox 1219 5363 1279 5410; x_wconf 79' lang='lat' dir='ltr'><strong>ut</strong></span> <span class='ocrx_word' id='word_1_413' title='bbox 1295 5357 1488 5410; x_wconf 78' lang='lat' dir='ltr'><strong>animo</strong></span> <span class='ocrx_word' id='word_1_414' title='bbox 1513 5355 1668 5409; x_wconf 79' lang='lat' dir='ltr'><strong>salva</strong></span> <span class='ocrx_word' id='word_1_415' title='bbox 1695 5357 1789 5410; x_wconf 74' lang='lat' dir='ltr'><strong>sit.</strong></span> <span class='ocrx_word' id='word_1_416' title='bbox 1807 5357 1922 5410; x_wconf 88' lang='lat' dir='ltr'><strong>Aut</strong></span> <span class='ocrx_word' id='word_1_417' title='bbox 1953 5355 2012 5410; x_wconf 91' lang='lat' dir='ltr'><strong>in</strong></span> 
     </span>
    </p>
   </div>
   <div class='ocr_carea' id='block_1_57' title="bbox 357 5441 2015 5517">
    <p class='ocr_par' dir='ltr' id='par_1_57' title="bbox 357 5441 2015 5517">
     <span class='ocr_line' id='line_1_57' title="bbox 357 5441 2015 5517; baseline 0.001 -19"><span class='ocrx_word' id='word_1_418' title='bbox 357 5441 478 5500; x_wconf 89' lang='lat' dir='ltr'><strong>illis</strong></span> <span class='ocrx_word' id='word_1_419' title='bbox 508 5443 699 5515; x_wconf 87' lang='lat' dir='ltr'><strong>libris,</strong></span> <span class='ocrx_word' id='word_1_420' title='bbox 721 5443 936 5516; x_wconf 89' lang='lat' dir='ltr'><strong>quibus</strong></span> <span class='ocrx_word' id='word_1_421' title='bbox 960 5444 1070 5517; x_wconf 91' lang='lat' dir='ltr'><strong>ipsi</strong></span> <span class='ocrx_word' id='word_1_422' title='bbox 1104 5460 1380 5516; x_wconf 84' lang='lat' dir='ltr'><strong>magnam</strong></span> <span class='ocrx_word' id='word_1_423' title='bbox 1413 5441 1680 5498; x_wconf 89' lang='lat' dir='ltr'><strong>tribuunt</strong></span> <span class='ocrx_word' id='word_1_424' title='bbox 1709 5443 2015 5499; x_wconf 83' lang='lat' dir='ltr'><strong>auctorita-</strong></span> 
     </span>
    </p>
   </div>
   <div class='ocr_carea' id='block_1_58' title="bbox 355 5529 2010 5605">
    <p class='ocr_par' dir='ltr' id='par_1_58' title="bbox 355 5529 2010 5605">
     <span class='ocr_line' id='line_1_58' title="bbox 355 5529 2010 5605; baseline -0.001 -17"><span class='ocrx_word' id='word_1_425' title='bbox 355 5537 504 5604; x_wconf 91' lang='lat' dir='ltr'><strong>tem,</strong></span> <span class='ocrx_word' id='word_1_426' title='bbox 520 5532 992 5588; x_wconf 84' lang='lat' dir='ltr'><strong>animadvertant</strong></span> <span class='ocrx_word' id='word_1_427' title='bbox 1015 5533 1170 5605; x_wconf 91' lang='lat' dir='ltr'><strong>quod</strong></span> <span class='ocrx_word' id='word_1_428' title='bbox 1193 5529 1572 5599; x_wconf 86' lang='lat' dir='ltr'><strong>dicimus,ubi</strong></span> <span class='ocrx_word' id='word_1_429' title='bbox 1596 5531 1880 5602; x_wconf 89' lang='lat' dir='ltr'><strong>scriptum</strong></span> <span class='ocrx_word' id='word_1_430' title='bbox 1903 5535 2010 5597; x_wconf 90' lang='lat' dir='ltr'><strong>est,</strong></span> 
     </span>
    </p>
   </div>
   <div class='ocr_carea' id='block_1_59' title="bbox 357 5619 2013 5692">
    <p class='ocr_par' dir='ltr' id='par_1_59' title="bbox 357 5619 2013 5692">
     <span class='ocr_line' id='line_1_59' title="bbox 357 5619 2013 5692; baseline 0 -16"><span class='ocrx_word' id='word_1_431' title='bbox 357 5619 695 5692; x_wconf 88' lang='lat' dir='ltr'><strong>apostolum</strong></span> <span class='ocrx_word' id='word_1_432' title='bbox 755 5620 1043 5676; x_wconf 88' lang='lat' dir='ltr'><strong>Thomam</strong></span> <span class='ocrx_word' id='word_1_433' title='bbox 1102 5621 1488 5692; x_wconf 87' lang='lat' dir='ltr'><strong>imprecatum</strong></span> <span class='ocrx_word' id='word_1_434' title='bbox 1547 5619 2013 5692; x_wconf 87' lang='lat' dir='ltr'><strong>cuidam,aquo</strong></span> 
     </span>
    </p>
   </div>
   <div class='ocr_carea' id='block_1_60' title="bbox 362 5706 2013 5782">
    <p class='ocr_par' dir='ltr' id='par_1_60' title="bbox 362 5706 2013 5782">
     <span class='ocr_line' id='line_1_60' title="bbox 362 5706 2013 5782; baseline 0 -18"><span class='ocrx_word' id='word_1_435' title='bbox 362 5707 565 5780; x_wconf 86' lang='lat' dir='ltr'><strong>palma</strong></span> <span class='ocrx_word' id='word_1_436' title='bbox 588 5725 906 5782; x_wconf 86' lang='lat' dir='ltr'><strong>percussus</strong></span> <span class='ocrx_word' id='word_1_437' title='bbox 937 5714 1110 5778; x_wconf 86' lang='lat' dir='ltr'><strong>esset,</strong></span> <span class='ocrx_word' id='word_1_438' title='bbox 1143 5707 1518 5766; x_wconf 70' lang='lat' dir='ltr'><strong>atrocissima:</strong></span> <span class='ocrx_word' id='word_1_439' title='bbox 1551 5706 1756 5764; x_wconf 90' lang='lat' dir='ltr'><strong>mortis</strong></span> <span class='ocrx_word' id='word_1_440' title='bbox 1787 5708 2013 5782; x_wconf 90' lang='lat' dir='ltr'><strong>suppli-</strong></span> 
     </span>
    </p>
   </div>
   <div class='ocr_carea' id='block_1_61' title="bbox 2138 675 3790 750">
    <p class='ocr_par' dir='ltr' id='par_1_61' title="bbox 2138 675 3790 750">
     <span class='ocr_line' id='line_1_61' title="bbox 2138 675 3790 750; baseline 0.007 -20"><span class='ocrx_word' id='word_1_441' title='bbox 2138 675 2190 730; x_wconf 93' lang='lat' dir='ltr'><strong>ei</strong></span> <span class='ocrx_word' id='word_1_442' title='bbox 2223 675 2433 732; x_wconf 67' lang='lat' dir='ltr'><strong>saeculo</strong></span> <span class='ocrx_word' id='word_1_443' title='bbox 2462 679 2832 748; x_wconf 87' lang='lat' dir='ltr'><strong>parceretur:</strong></span> <span class='ocrx_word' id='word_1_444' title='bbox 2867 678 3036 750; x_wconf 88' lang='lat' dir='ltr'><strong>cujus</strong></span> <span class='ocrx_word' id='word_1_445' title='bbox 3067 695 3102 734; x_wconf 89' lang='lat' dir='ltr'><strong>a</strong></span> <span class='ocrx_word' id='word_1_446' title='bbox 3126 677 3291 735; x_wconf 90' lang='lat' dir='ltr'><strong>leone</strong></span> <span class='ocrx_word' id='word_1_447' title='bbox 3320 680 3495 737; x_wconf 90' lang='lat' dir='ltr'><strong>occisi</strong></span> <span class='ocrx_word' id='word_1_448' title='bbox 3523 699 3559 738; x_wconf 89' lang='lat' dir='ltr'><strong>a</strong></span> <span class='ocrx_word' id='word_1_449' title='bbox 3584 687 3790 741; x_wconf 70' lang='lat' dir='ltr'><strong>caatero</strong></span> 
     </span>
    </p>
   </div>
   <div class='ocr_carea' id='block_1_62' title="bbox 2138 765 3787 840">
    <p class='ocr_par' dir='ltr' id='par_1_62' title="bbox 2138 765 3787 840">
     <span class='ocr_line' id='line_1_62' title="bbox 2138 765 3787 840; baseline 0.007 -23"><span class='ocrx_word' id='word_1_450' title='bbox 2138 779 2378 835; x_wconf 89' lang='lat' dir='ltr'><strong>corpore</strong></span> <span class='ocrx_word' id='word_1_451' title='bbox 2409 765 2760 836; x_wconf 79' lang='lat' dir='ltr'><strong>discerptum</strong></span> <span class='ocrx_word' id='word_1_452' title='bbox 2795 783 3034 822; x_wconf 88' lang='lat' dir='ltr'><strong>manum</strong></span> <span class='ocrx_word' id='word_1_453' title='bbox 3069 767 3234 822; x_wconf 89' lang='lat' dir='ltr'><strong>canis</strong></span> <span class='ocrx_word' id='word_1_454' title='bbox 3255 769 3457 824; x_wconf 89' lang='lat' dir='ltr'><strong>intulit</strong></span> <span class='ocrx_word' id='word_1_455' title='bbox 3477 771 3787 840; x_wconf 81' lang='lat' dir='ltr'><strong>mensi’s,in</strong></span> 
     </span>
    </p>
   </div>
   <div class='ocr_carea' id='block_1_63' title="bbox 2138 851 3788 930">
    <p class='ocr_par' dir='ltr' id='par_1_63' title="bbox 2138 851 3788 930">
     <span class='ocr_line' id='line_1_63' title="bbox 2138 851 3788 930; baseline 0.007 -25"><span class='ocrx_word' id='word_1_456' title='bbox 2138 851 2355 922; x_wconf 85' lang='lat' dir='ltr'><strong>quibus</strong></span> <span class='ocrx_word' id='word_1_457' title='bbox 2393 853 2811 910; x_wconf 91' lang='lat' dir='ltr'><strong>convivabatur</strong></span> <span class='ocrx_word' id='word_1_458' title='bbox 2840 855 3162 926; x_wconf 85' lang='lat' dir='ltr'><strong>apostolus.</strong></span> <span class='ocrx_word' id='word_1_459' title='bbox 3185 855 3289 911; x_wconf 90' lang='lat' dir='ltr'><strong>Cui</strong></span> <span class='ocrx_word' id='word_1_460' title='bbox 3321 857 3620 930; x_wconf 64' lang='lat' dir='ltr'><strong>scripturae</strong></span> <span class='ocrx_word' id='word_1_461' title='bbox 3649 857 3788 916; x_wconf 86' lang='lat' dir='ltr'><strong>licet</strong></span> 
     </span>
    </p>
   </div>
   <div class='ocr_carea' id='block_1_64' title="bbox 2139 939 3783 1003">
    <p class='ocr_par' dir='ltr' id='par_1_64' title="bbox 2139 939 3783 1003">
     <span class='ocr_line' id='line_1_64' title="bbox 2139 939 3783 1003; baseline 0.005 -10"><span class='ocrx_word' id='word_1_462' title='bbox 2139 939 2309 996; x_wconf 90' lang='lat' dir='ltr'><strong>nobis</strong></span> <span class='ocrx_word' id='word_1_463' title='bbox 2355 955 2473 995; x_wconf 91' lang='lat' dir='ltr'><strong>non</strong></span> <span class='ocrx_word' id='word_1_464' title='bbox 2523 942 2754 997; x_wconf 88' lang='lat' dir='ltr'><strong>credere</strong></span> <span class='ocrx_word' id='word_1_465' title='bbox 2786 959 2800 996; x_wconf 90' lang='lat'><strong>:</strong></span> <span class='ocrx_word' id='word_1_466' title='bbox 2835 959 2951 998; x_wconf 92' lang='lat' dir='ltr'><strong>non</strong></span> <span class='ocrx_word' id='word_1_467' title='bbox 2982 943 3138 998; x_wconf 92' lang='lat' dir='ltr'><strong>enim</strong></span> <span class='ocrx_word' id='word_1_468' title='bbox 3171 948 3260 999; x_wconf 90' lang='lat' dir='ltr'><strong>est</strong></span> <span class='ocrx_word' id='word_1_469' title='bbox 3288 945 3346 998; x_wconf 84' lang='lat' dir='ltr'><strong>in</strong></span> <span class='ocrx_word' id='word_1_470' title='bbox 3377 945 3660 1002; x_wconf 86' lang='lat' dir='ltr'><strong>catholico</strong></span> <span class='ocrx_word' id='word_1_471' title='bbox 3687 963 3783 1003; x_wconf 88' lang='lat' dir='ltr'><strong>ca-</strong></span> 
     </span>
    </p>
   </div>
   <div class='ocr_carea' id='block_1_65' title="bbox 2135 1027 3784 1104">
    <p class='ocr_par' dir='ltr' id='par_1_65' title="bbox 2135 1027 3784 1104">
     <span class='ocr_line' id='line_1_65' title="bbox 2135 1027 3784 1104; baseline 0.004 -22"><span class='ocrx_word' id='word_1_472' title='bbox 2135 1043 2288 1082; x_wconf 88' lang='lat' dir='ltr'><strong>none</strong></span> <span class='ocrx_word' id='word_1_473' title='bbox 2312 1046 2326 1083; x_wconf 91' lang='lat'><strong>:</strong></span> <span class='ocrx_word' id='word_1_474' title='bbox 2353 1027 2438 1082; x_wconf 89' lang='lat' dir='ltr'><strong>illi</strong></span> <span class='ocrx_word' id='word_1_475' title='bbox 2476 1033 2672 1085; x_wconf 91' lang='lat' dir='ltr'><strong>tamen</strong></span> <span class='ocrx_word' id='word_1_476' title='bbox 2701 1047 2828 1085; x_wconf 89' lang='lat' dir='ltr'><strong>eam</strong></span> <span class='ocrx_word' id='word_1_477' title='bbox 2865 1035 2923 1086; x_wconf 93' lang='lat' dir='ltr'><strong>et</strong></span> <span class='ocrx_word' id='word_1_478' title='bbox 2947 1030 3170 1103; x_wconf 91' lang='lat' dir='ltr'><strong>legunt,</strong></span> <span class='ocrx_word' id='word_1_479' title='bbox 3196 1035 3254 1088; x_wconf 90' lang='lat' dir='ltr'><strong>et</strong></span> <span class='ocrx_word' id='word_1_480' title='bbox 3281 1036 3566 1104; x_wconf 88' lang='lat' dir='ltr'><strong>tanquam</strong></span> <span class='ocrx_word' id='word_1_481' title='bbox 3595 1033 3784 1090; x_wconf 86' lang='lat' dir='ltr'><strong>incor-</strong></span> 
     </span>
    </p>
   </div>
   <div class='ocr_carea' id='block_1_66' title="bbox 2135 1116 3784 1192">
    <p class='ocr_par' dir='ltr' id='par_1_66' title="bbox 2135 1116 3784 1192">
     <span class='ocr_line' id='line_1_66' title="bbox 2135 1116 3784 1192; baseline 0.005 -23"><span class='ocrx_word' id='word_1_482' title='bbox 2135 1116 2539 1187; x_wconf 80' lang='lat' dir='ltr'><strong>ruptissimum</strong></span> <span class='ocrx_word' id='word_1_483' title='bbox 2559 1117 3042 1190; x_wconf 88' lang='lat' dir='ltr'><strong>verissimamque</strong></span> <span class='ocrx_word' id='word_1_484' title='bbox 3064 1118 3482 1192; x_wconf 82' lang='lat' dir='ltr'><strong>honorant,qui</strong></span> <span class='ocrx_word' id='word_1_485' title='bbox 3504 1121 3784 1178; x_wconf 87' lang='lat' dir='ltr'><strong>adversus</strong></span> 
     </span>
    </p>
   </div>
   <div class='ocr_carea' id='block_1_67' title="bbox 2135 1203 3780 1278">
    <p class='ocr_par' dir='ltr' id='par_1_67' title="bbox 2135 1203 3780 1278">
     <span class='ocr_line' id='line_1_67' title="bbox 2135 1203 3780 1278; baseline 0.003 -18"><span class='ocrx_word' id='word_1_486' title='bbox 2135 1203 2465 1276; x_wconf 87' lang='lat' dir='ltr'><strong>corporales</strong></span> <span class='ocrx_word' id='word_1_487' title='bbox 2485 1205 2774 1262; x_wconf 87' lang='lat' dir='ltr'><strong>vindictas</strong></span> <span class='ocrx_word' id='word_1_488' title='bbox 2795 1225 2921 1278; x_wconf 77' lang='lat' dir='ltr'><strong>quae</strong></span> <span class='ocrx_word' id='word_1_489' title='bbox 2945 1213 3084 1262; x_wconf 88' lang='lat' dir='ltr'><strong>sunt</strong></span> <span class='ocrx_word' id='word_1_490' title='bbox 3102 1207 3162 1262; x_wconf 92' lang='lat' dir='ltr'><strong>in</strong></span> <span class='ocrx_word' id='word_1_491' title='bbox 3179 1208 3372 1264; x_wconf 82' lang='lat' dir='ltr'><strong>Veteri</strong></span> <span class='ocrx_word' id='word_1_492' title='bbox 3385 1210 3780 1278; x_wconf 85' lang='lat' dir='ltr'><strong>Testamento,</strong></span> 
     </span>
    </p>
   </div>
   <div class='ocr_carea' id='block_1_68' title="bbox 2135 1292 3784 1368">
    <p class='ocr_par' dir='ltr' id='par_1_68' title="bbox 2135 1292 3784 1368">
     <span class='ocr_line' id='line_1_68' title="bbox 2135 1292 3784 1368; baseline 0.004 -22"><span class='ocrx_word' id='word_1_493' title='bbox 2135 1292 2330 1348; x_wconf 90' lang='lat' dir='ltr'><strong>nescio</strong></span> <span class='ocrx_word' id='word_1_494' title='bbox 2351 1309 2468 1364; x_wconf 90' lang='lat' dir='ltr'><strong>qua</strong></span> <span class='ocrx_word' id='word_1_495' title='bbox 2487 1293 2746 1349; x_wconf 73' lang='lat' dir='ltr'><strong>caecitate</strong></span> <span class='ocrx_word' id='word_1_496' title='bbox 2777 1295 3058 1351; x_wconf 89' lang='lat' dir='ltr'><strong>acerrime</strong></span> <span class='ocrx_word' id='word_1_497' title='bbox 3086 1296 3475 1368; x_wconf 67' lang='lat' dir='ltr'><strong>saeviunt,quo</strong></span> <span class='ocrx_word' id='word_1_498' title='bbox 3507 1297 3704 1354; x_wconf 89' lang='lat' dir='ltr'><strong>animo</strong></span> <span class='ocrx_word' id='word_1_499' title='bbox 3723 1301 3784 1353; x_wconf 83' lang='lat' dir='ltr'><strong>et</strong></span> 
     </span>
    </p>
   </div>
   <div class='ocr_carea' id='block_1_69' title="bbox 2133 1381 3786 1456">
    <p class='ocr_par' dir='ltr' id='par_1_69' title="bbox 2133 1381 3786 1456">
     <span class='ocr_line' id='line_1_69' title="bbox 2133 1381 3786 1456; baseline 0.004 -20"><span class='ocrx_word' id='word_1_500' title='bbox 2133 1397 2252 1451; x_wconf 90' lang='lat' dir='ltr'><strong>qua</strong></span> <span class='ocrx_word' id='word_1_501' title='bbox 2271 1381 2683 1437; x_wconf 88' lang='lat' dir='ltr'><strong>distributione</strong></span> <span class='ocrx_word' id='word_1_502' title='bbox 2711 1388 3041 1456; x_wconf 90' lang='lat' dir='ltr'><strong>temporum</strong></span> <span class='ocrx_word' id='word_1_503' title='bbox 3067 1385 3231 1440; x_wconf 69' lang='lat' dir='ltr'><strong>tactae</strong></span> <span class='ocrx_word' id='word_1_504' title='bbox 3259 1389 3400 1440; x_wconf 88' lang='lat' dir='ltr'><strong>sunt</strong></span> <span class='ocrx_word' id='word_1_505' title='bbox 3427 1385 3669 1442; x_wconf 87' lang='lat' dir='ltr'><strong>omnino</strong></span> <span class='ocrx_word' id='word_1_506' title='bbox 3692 1402 3786 1442; x_wconf 91' lang='lat' dir='ltr'><strong>ne-</strong></span> 
     </span>
    </p>
   </div>
   <div class='ocr_carea' id='block_1_70' title="bbox 2132 1468 3778 1547">
    <p class='ocr_par' dir='ltr' id='par_1_70' title="bbox 2132 1468 3778 1547">
     <span class='ocr_line' id='line_1_70' title="bbox 2132 1468 3778 1547; baseline 0.005 -25"><span class='ocrx_word' id='word_1_507' title='bbox 2132 1468 2405 1525; x_wconf 86' lang='lat' dir='ltr'><strong>scientes.</strong></span> <span class='ocrx_word' id='word_1_508' title='bbox 2428 1470 2742 1526; x_wconf 89' lang='lat' dir='ltr'><strong>Tencbitur</strong></span> <span class='ocrx_word' id='word_1_509' title='bbox 2771 1488 2908 1543; x_wconf 86' lang='lat' dir='ltr'><strong>ergo</strong></span> <span class='ocrx_word' id='word_1_510' title='bbox 2938 1471 2998 1527; x_wconf 89' lang='lat' dir='ltr'><strong>in</strong></span> <span class='ocrx_word' id='word_1_511' title='bbox 3027 1471 3136 1528; x_wconf 91' lang='lat' dir='ltr'><strong>hoc</strong></span> <span class='ocrx_word' id='word_1_512' title='bbox 3165 1471 3518 1542; x_wconf 87' lang='lat' dir='ltr'><strong>injuriarum</strong></span> <span class='ocrx_word' id='word_1_513' title='bbox 3548 1489 3778 1547; x_wconf 85' lang='lat' dir='ltr'><strong>genere,</strong></span> 
     </span>
    </p>
   </div>
   <div class='ocr_carea' id='block_1_71' title="bbox 2132 1557 3779 1629">
    <p class='ocr_par' dir='ltr' id='par_1_71' title="bbox 2132 1557 3779 1629">
     <span class='ocr_line' id='line_1_71' title="bbox 2132 1557 3779 1629; baseline 0.005 -19"><span class='ocrx_word' id='word_1_514' title='bbox 2132 1557 2287 1627; x_wconf 89' lang='lat' dir='ltr'><strong>quod</strong></span> <span class='ocrx_word' id='word_1_515' title='bbox 2310 1574 2413 1629; x_wconf 92' lang='lat' dir='ltr'><strong>per</strong></span> <span class='ocrx_word' id='word_1_516' title='bbox 2432 1557 2746 1614; x_wconf 88' lang='lat' dir='ltr'><strong>vindictam</strong></span> <span class='ocrx_word' id='word_1_517' title='bbox 2769 1558 2972 1628; x_wconf 90' lang='lat' dir='ltr'><strong>luitur,</strong></span> <span class='ocrx_word' id='word_1_518' title='bbox 2996 1560 3104 1616; x_wconf 88' lang='lat' dir='ltr'><strong>iste</strong></span> <span class='ocrx_word' id='word_1_519' title='bbox 3125 1577 3160 1616; x_wconf 89' lang='lat' dir='ltr'><strong>a</strong></span> <span class='ocrx_word' id='word_1_520' title='bbox 3180 1560 3530 1617; x_wconf 85' lang='lat' dir='ltr'><strong>Christianis</strong></span> <span class='ocrx_word' id='word_1_521' title='bbox 3546 1562 3779 1629; x_wconf 87' lang='lat' dir='ltr'><strong>modus,</strong></span> 
     </span>
    </p>
   </div>
   <div class='ocr_carea' id='block_1_72' title="bbox 2132 1645 3780 1720">
    <p class='ocr_par' dir='ltr' id='par_1_72' title="bbox 2132 1645 3780 1720">
     <span class='ocr_line' id='line_1_72' title="bbox 2132 1645 3780 1720; baseline 0.004 -22"><span class='ocrx_word' id='word_1_522' title='bbox 2132 1648 2198 1698; x_wconf 91' lang='lat' dir='ltr'><strong>ut</strong></span> <span class='ocrx_word' id='word_1_523' title='bbox 2222 1648 2458 1716; x_wconf 89' lang='lat' dir='ltr'><strong>accepta</strong></span> <span class='ocrx_word' id='word_1_524' title='bbox 2486 1645 2706 1717; x_wconf 86' lang='lat' dir='ltr'><strong>injuria</strong></span> <span class='ocrx_word' id='word_1_525' title='bbox 2749 1663 2862 1701; x_wconf 92' lang='lat' dir='ltr'><strong>non</strong></span> <span class='ocrx_word' id='word_1_526' title='bbox 2907 1652 3113 1720; x_wconf 86' lang='lat' dir='ltr'><strong>surgat</strong></span> <span class='ocrx_word' id='word_1_527' title='bbox 3140 1647 3200 1702; x_wconf 93' lang='lat' dir='ltr'><strong>in</strong></span> <span class='ocrx_word' id='word_1_528' title='bbox 3229 1648 3452 1717; x_wconf 91' lang='lat' dir='ltr'><strong>odium,</strong></span> <span class='ocrx_word' id='word_1_529' title='bbox 3487 1649 3588 1705; x_wconf 87' lang='lat' dir='ltr'><strong>sed</strong></span> <span class='ocrx_word' id='word_1_530' title='bbox 3618 1650 3780 1704; x_wconf 79' lang='lat' dir='ltr'><strong>inﬁr-</strong></span> 
     </span>
    </p>
   </div>
   <div class='ocr_carea' id='block_1_73' title="bbox 2131 1732 3874 1815">
    <p class='ocr_par' dir='ltr' id='par_1_73' title="bbox 2131 1732 3874 1815">
     <span class='ocr_line' id='line_1_73' title="bbox 2131 1732 3874 1815; baseline 0.003 -28"><span class='ocrx_word' id='word_1_531' title='bbox 2131 1732 2353 1788; x_wconf 83' lang='lat' dir='ltr'><strong>mitatis</strong></span> <span class='ocrx_word' id='word_1_532' title='bbox 2385 1733 2785 1790; x_wconf 90' lang='lat' dir='ltr'><strong>misericordia</strong></span> <span class='ocrx_word' id='word_1_533' title='bbox 2816 1739 3057 1808; x_wconf 89' lang='lat' dir='ltr'><strong>paratus</strong></span> <span class='ocrx_word' id='word_1_534' title='bbox 3087 1737 3164 1791; x_wconf 89' lang='lat' dir='ltr'><strong>sit</strong></span> <span class='ocrx_word' id='word_1_535' title='bbox 3195 1736 3432 1794; x_wconf 88' lang='lat' dir='ltr'><strong>animus</strong></span> <span class='ocrx_word' id='word_1_536' title='bbox 3463 1735 3634 1808; x_wconf 89' lang='lat' dir='ltr'><strong>plura</strong></span> <span class='ocrx_word' id='word_1_537' title='bbox 3654 1754 3781 1810; x_wconf 86' lang='lat' dir='ltr'><strong>per-</strong></span> <span class='ocrx_word' id='word_1_538' title='bbox 3869 1807 3874 1815; x_wconf 87' lang='lat'><em>_</em></span> 
     </span>
    </p>
   </div>
   <div class='ocr_carea' id='block_1_74' title="bbox 2130 1821 3770 1897">
    <p class='ocr_par' dir='ltr' id='par_1_74' title="bbox 2130 1821 3770 1897">
     <span class='ocr_line' id='line_1_74' title="bbox 2130 1821 3770 1897; baseline 0.004 -22"><span class='ocrx_word' id='word_1_539' title='bbox 2130 1821 2272 1892; x_wconf 89' lang='lat' dir='ltr'><strong>peti,</strong></span> <span class='ocrx_word' id='word_1_540' title='bbox 2303 1838 2409 1878; x_wconf 90' lang='lat' dir='ltr'><strong>nec</strong></span> <span class='ocrx_word' id='word_1_541' title='bbox 2454 1823 2878 1894; x_wconf 85' lang='lat' dir='ltr'><strong>correptionem</strong></span> <span class='ocrx_word' id='word_1_542' title='bbox 2927 1823 3202 1896; x_wconf 83' lang='lat' dir='ltr'><strong>negligat,</strong></span> <span class='ocrx_word' id='word_1_543' title='bbox 3237 1842 3353 1897; x_wconf 91' lang='lat' dir='ltr'><strong>qua</strong></span> <span class='ocrx_word' id='word_1_544' title='bbox 3378 1823 3469 1882; x_wconf 89' lang='lat' dir='ltr'><strong>vel</strong></span> <span class='ocrx_word' id='word_1_545' title='bbox 3500 1823 3770 1893; x_wconf 88' lang='lat' dir='ltr'><strong>consilio,</strong></span> 
     </span>
    </p>
   </div>
   <div class='ocr_carea' id='block_1_75' title="bbox 2130 1909 3464 1984">
    <p class='ocr_par' dir='ltr' id='par_1_75' title="bbox 2130 1909 3464 1984">
     <span class='ocr_line' id='line_1_75' title="bbox 2130 1909 3464 1984; baseline 0.004 -21"><span class='ocrx_word' id='word_1_546' title='bbox 2130 1909 2217 1965; x_wconf 90' lang='lat' dir='ltr'><strong>vel</strong></span> <span class='ocrx_word' id='word_1_547' title='bbox 2248 1910 2612 1977; x_wconf 88' lang='lat' dir='ltr'><strong>auctoritate,</strong></span> <span class='ocrx_word' id='word_1_548' title='bbox 2645 1911 2730 1967; x_wconf 90' lang='lat' dir='ltr'><strong>vel</strong></span> <span class='ocrx_word' id='word_1_549' title='bbox 2761 1915 3044 1984; x_wconf 87' lang='lat' dir='ltr'><strong>potestate</strong></span> <span class='ocrx_word' id='word_1_550' title='bbox 3073 1911 3157 1968; x_wconf 89' lang='lat' dir='ltr'><strong>uti</strong></span> <span class='ocrx_word' id='word_1_551' title='bbox 3189 1917 3398 1984; x_wconf 88' lang='lat' dir='ltr'><strong>potest.</strong></span> <span class='ocrx_word' id='word_1_552' title='bbox 3434 1935 3464 1962; x_wconf 85' lang='lat'><strong>»</strong></span> 
     </span>
    </p>
   </div>
   <div class='ocr_carea' id='block_1_76' title="bbox 2130 2033 3778 2120">
    <p class='ocr_par' dir='ltr' id='par_1_76' title="bbox 2130 2033 3778 2120">
     <span class='ocr_line' id='line_1_76' title="bbox 2130 2033 3778 2120; baseline 0.003 -31"><span class='ocrx_word' id='word_1_553' title='bbox 2130 2033 2265 2090; x_wconf 79' lang='lat' dir='ltr'><strong>CAP.</strong></span> <span class='ocrx_word' id='word_1_554' title='bbox 2295 2034 2485 2090; x_wconf 85' lang='lat' dir='ltr'><strong>XXIV.</strong></span> <span class='ocrx_word' id='word_1_555' title='bbox 2518 2067 2584 2074; x_wconf 96' lang='lat'><strong>—</strong></span> <span class='ocrx_word' id='word_1_556' title='bbox 2617 2036 2796 2119; x_wconf 61' lang='lat' dir='ltr'><strong>Quod</strong></span> <span class='ocrx_word' id='word_1_557' title='bbox 2823 2036 3066 2119; x_wconf 79' lang='lat' dir='ltr'><strong>occidere</strong></span> <span class='ocrx_word' id='word_1_558' title='bbox 3114 2039 3387 2120; x_wconf 53' lang='lat' dir='ltr'><strong>hominem</strong></span> <span class='ocrx_word' id='word_1_559' title='bbox 3430 2054 3540 2094; x_wconf 82' lang='lat' dir='ltr'><strong>non</strong></span> <span class='ocrx_word' id='word_1_560' title='bbox 3569 2044 3778 2110; x_wconf 66' lang='lat' dir='ltr'><strong>semiper</strong></span> 
     </span>
    </p>
   </div>
   <div class='ocr_carea' id='block_1_77' title="bbox 2711 2116 3189 2164">
    <p class='ocr_par' dir='ltr' id='par_1_77' title="bbox 2711 2116 3189 2164">
     <span class='ocr_line' id='line_1_77' title="bbox 2711 2116 3189 2164; baseline 0.002 -3"><span class='ocrx_word' id='word_1_561' title='bbox 2711 2116 3070 2163; x_wconf 75' lang='lat' dir='ltr'><strong>criminosum</strong></span> <span class='ocrx_word' id='word_1_562' title='bbox 3097 2116 3189 2164; x_wconf 72' lang='lat' dir='ltr'><strong>sit.</strong></span> 
     </span>
    </p>
   </div>
   <div class='ocr_carea' id='block_1_78' title="bbox 2199 2220 3778 2294">
    <p class='ocr_par' dir='ltr' id='par_1_78' title="bbox 2199 2220 3778 2294">
     <span class='ocr_line' id='line_1_78' title="bbox 2199 2220 3778 2294; baseline 0.003 -19"><span class='ocrx_word' id='word_1_563' title='bbox 2199 2221 2360 2286; x_wconf 88' lang='lat' dir='ltr'><strong>Quod</strong></span> <span class='ocrx_word' id='word_1_564' title='bbox 2393 2221 2654 2276; x_wconf 91' lang='lat' dir='ltr'><strong>occidere</strong></span> <span class='ocrx_word' id='word_1_565' title='bbox 2685 2220 2982 2277; x_wconf 89' lang='lat' dir='ltr'><strong>hominem</strong></span> <span class='ocrx_word' id='word_1_566' title='bbox 3002 2239 3115 2277; x_wconf 92' lang='lat' dir='ltr'><strong>non</strong></span> <span class='ocrx_word' id='word_1_567' title='bbox 3133 2239 3367 2294; x_wconf 88' lang='lat' dir='ltr'><strong>semper</strong></span> <span class='ocrx_word' id='word_1_568' title='bbox 3395 2222 3778 2279; x_wconf 90' lang='lat' dir='ltr'><strong>criminosum</strong></span> 
     </span>
    </p>
   </div>
   <div class='ocr_carea' id='block_1_79' title="bbox 2125 2307 3777 2381">
    <p class='ocr_par' dir='ltr' id='par_1_79' title="bbox 2125 2307 3777 2381">
     <span class='ocr_line' id='line_1_79' title="bbox 2125 2307 3777 2381; baseline 0.001 -17"><span class='ocrx_word' id='word_1_569' title='bbox 2125 2308 2223 2373; x_wconf 87' lang='lat' dir='ltr'><strong>sit,</strong></span> <span class='ocrx_word' id='word_1_570' title='bbox 2255 2309 2356 2364; x_wconf 91' lang='lat' dir='ltr'><strong>sed</strong></span> <span class='ocrx_word' id='word_1_571' title='bbox 2404 2307 2630 2364; x_wconf 86' lang='lat' dir='ltr'><strong>malitia</strong></span> <span class='ocrx_word' id='word_1_572' title='bbox 2675 2325 2794 2363; x_wconf 91' lang='lat' dir='ltr'><strong>non</strong></span> <span class='ocrx_word' id='word_1_573' title='bbox 2846 2308 3073 2381; x_wconf 88' lang='lat' dir='ltr'><strong>legibus</strong></span> <span class='ocrx_word' id='word_1_574' title='bbox 3103 2310 3364 2366; x_wconf 76' lang='lat' dir='ltr'><strong>occidam</strong></span> <span class='ocrx_word' id='word_1_575' title='bbox 3390 2309 3777 2367; x_wconf 87' lang='lat' dir='ltr'><strong>criminosum</strong></span> 
     </span>
    </p>
   </div>
   <div class='ocr_carea' id='block_1_80' title="bbox 2125 2395 3775 2469">
    <p class='ocr_par' dir='ltr' id='par_1_80' title="bbox 2125 2395 3775 2469">
     <span class='ocr_line' id='line_1_80' title="bbox 2125 2395 3775 2469; baseline 0.002 -19"><span class='ocrx_word' id='word_1_576' title='bbox 2125 2397 2224 2466; x_wconf 89' lang='lat' dir='ltr'><strong>sit,</strong></span> <span class='ocrx_word' id='word_1_577' title='bbox 2259 2395 2398 2468; x_wconf 89' lang='lat' dir='ltr'><strong>quia</strong></span> <span class='ocrx_word' id='word_1_578' title='bbox 2430 2413 2544 2451; x_wconf 90' lang='lat' dir='ltr'><strong>non</strong></span> <span class='ocrx_word' id='word_1_579' title='bbox 2577 2397 2795 2451; x_wconf 87' lang='lat' dir='ltr'><strong>factum</strong></span> <span class='ocrx_word' id='word_1_580' title='bbox 2827 2397 2884 2451; x_wconf 91' lang='lat' dir='ltr'><strong>in</strong></span> <span class='ocrx_word' id='word_1_581' title='bbox 2909 2396 3148 2465; x_wconf 87' lang='lat' dir='ltr'><strong>talibus,</strong></span> <span class='ocrx_word' id='word_1_582' title='bbox 3169 2397 3446 2469; x_wconf 88' lang='lat' dir='ltr'><strong>quoniam</strong></span> <span class='ocrx_word' id='word_1_583' title='bbox 3478 2397 3775 2454; x_wconf 84' lang='lat' dir='ltr'><strong>interdum</strong></span> 
     </span>
    </p>
   </div>
   <div class='ocr_carea' id='block_1_81' title="bbox 2124 2484 3778 2556">
    <p class='ocr_par' dir='ltr' id='par_1_81' title="bbox 2124 2484 3778 2556">
     <span class='ocr_line' id='line_1_81' title="bbox 2124 2484 3778 2556; baseline 0.002 -17"><span class='ocrx_word' id='word_1_584' title='bbox 2124 2490 2181 2539; x_wconf 90' lang='lat' dir='ltr'><strong>et</strong></span> <span class='ocrx_word' id='word_1_585' title='bbox 2213 2489 2367 2539; x_wconf 87' lang='lat' dir='ltr'><strong>recte</strong></span> <span class='ocrx_word' id='word_1_586' title='bbox 2398 2485 2484 2551; x_wconf 84' lang='lat' dir='ltr'><strong>ﬁt,</strong></span> <span class='ocrx_word' id='word_1_587' title='bbox 2519 2485 2619 2540; x_wconf 90' lang='lat' dir='ltr'><strong>sed</strong></span> <span class='ocrx_word' id='word_1_588' title='bbox 2653 2484 2888 2540; x_wconf 90' lang='lat' dir='ltr'><strong>animus</strong></span> <span class='ocrx_word' id='word_1_589' title='bbox 2921 2485 3074 2540; x_wconf 89' lang='lat' dir='ltr'><strong>male</strong></span> <span class='ocrx_word' id='word_1_590' title='bbox 3103 2485 3416 2542; x_wconf 85' lang='lat' dir='ltr'><strong>consulens</strong></span> <span class='ocrx_word' id='word_1_591' title='bbox 3440 2487 3778 2556; x_wconf 89' lang='lat' dir='ltr'><strong>damnetur,</strong></span> 
     </span>
    </p>
   </div>
   <div class='ocr_carea' id='block_1_82' title="bbox 2121 2571 3774 2644">
    <p class='ocr_par' dir='ltr' id='par_1_82' title="bbox 2121 2571 3774 2644">
     <span class='ocr_line' id='line_1_82' title="bbox 2121 2571 3774 2644; baseline 0.002 -17"><span class='ocrx_word' id='word_1_592' title='bbox 2121 2573 2487 2644; x_wconf 86' lang='lat' dir='ltr'><strong>Augustinus</strong></span> <span class='ocrx_word' id='word_1_593' title='bbox 2516 2571 2575 2627; x_wconf 91' lang='lat' dir='ltr'><strong>in</strong></span> <span class='ocrx_word' id='word_1_594' title='bbox 2608 2571 2754 2628; x_wconf 88' lang='lat' dir='ltr'><strong>libro</strong></span> <span class='ocrx_word' id='word_1_595' title='bbox 2788 2574 2859 2628; x_wconf 89' lang='lat' dir='ltr'><strong>de</strong></span> <span class='ocrx_word' id='word_1_596' title='bbox 2890 2573 3132 2630; x_wconf 89' lang='lat' dir='ltr'><strong>Civitate</strong></span> <span class='ocrx_word' id='word_1_597' title='bbox 3161 2573 3260 2629; x_wconf 88' lang='lat' dir='ltr'><strong>Dei</strong></span> <span class='ocrx_word' id='word_1_598' title='bbox 3294 2575 3774 2642; x_wconf 83' lang='lat' dir='ltr'><strong>demonstrat,di-</strong></span> 
     </span>
    </p>
   </div>
   <div class='ocr_carea' id='block_1_83' title="bbox 2122 2661 3769 2734">
    <p class='ocr_par' dir='ltr' id='par_1_83' title="bbox 2122 2661 3769 2734">
     <span class='ocr_line' id='line_1_83' title="bbox 2122 2661 3769 2734; baseline 0.001 -18"><span class='ocrx_word' id='word_1_599' title='bbox 2122 2679 2262 2716; x_wconf 89' lang='lat' dir='ltr'><strong>cens</strong></span> <span class='ocrx_word' id='word_1_600' title='bbox 2286 2677 2299 2714; x_wconf 89' lang='lat'>:</span> <span class='ocrx_word' id='word_1_601' title='bbox 2325 2684 2351 2709; x_wconf 85' lang='lat'><strong>«</strong></span> <span class='ocrx_word' id='word_1_602' title='bbox 2379 2661 2437 2716; x_wconf 87' lang='lat' dir='ltr'><strong>Si</strong></span> <span class='ocrx_word' id='word_1_603' title='bbox 2461 2661 2595 2732; x_wconf 85' lang='lat' dir='ltr'><strong>quis</strong></span> <span class='ocrx_word' id='word_1_604' title='bbox 2626 2661 2846 2716; x_wconf 89' lang='lat' dir='ltr'><strong>bonum</strong></span> <span class='ocrx_word' id='word_1_605' title='bbox 2882 2661 3171 2732; x_wconf 88' lang='lat' dir='ltr'><strong>putaverit</strong></span> <span class='ocrx_word' id='word_1_606' title='bbox 3199 2680 3328 2718; x_wconf 88' lang='lat' dir='ltr'><strong>esse</strong></span> <span class='ocrx_word' id='word_1_607' title='bbox 3357 2663 3515 2734; x_wconf 85' lang='lat' dir='ltr'><strong>quod</strong></span> <span class='ocrx_word' id='word_1_608' title='bbox 3546 2661 3769 2720; x_wconf 84' lang='lat' dir='ltr'><strong>maium</strong></span> 
     </span>
    </p>
   </div>
   <div class='ocr_carea' id='block_1_84' title="bbox 2121 2748 3770 2822">
    <p class='ocr_par' dir='ltr' id='par_1_84' title="bbox 2121 2748 3770 2822">
     <span class='ocr_line' id='line_1_84' title="bbox 2121 2748 3770 2822; baseline 0 -16"><span class='ocrx_word' id='word_1_609' title='bbox 2121 2755 2231 2815; x_wconf 89' lang='lat' dir='ltr'><strong>est,</strong></span> <span class='ocrx_word' id='word_1_610' title='bbox 2257 2753 2315 2804; x_wconf 88' lang='lat' dir='ltr'><strong>et</strong></span> <span class='ocrx_word' id='word_1_611' title='bbox 2332 2749 2534 2804; x_wconf 87' lang='lat' dir='ltr'><strong>tecerit</strong></span> <span class='ocrx_word' id='word_1_612' title='bbox 2553 2748 2663 2805; x_wconf 92' lang='lat' dir='ltr'><strong>hoc</strong></span> <span class='ocrx_word' id='word_1_613' title='bbox 2685 2749 2963 2820; x_wconf 86' lang='lat' dir='ltr'><strong>putando,</strong></span> <span class='ocrx_word' id='word_1_614' title='bbox 2987 2749 3191 2820; x_wconf 90' lang='lat' dir='ltr'><strong>utique</strong></span> <span class='ocrx_word' id='word_1_615' title='bbox 3220 2754 3437 2822; x_wconf 87' lang='lat' dir='ltr'><strong>peccat,</strong></span> <span class='ocrx_word' id='word_1_616' title='bbox 3461 2754 3522 2806; x_wconf 89' lang='lat' dir='ltr'><strong>et</strong></span> <span class='ocrx_word' id='word_1_617' title='bbox 3541 2768 3610 2807; x_wconf 88' lang='lat' dir='ltr'><strong>ea</strong></span> <span class='ocrx_word' id='word_1_618' title='bbox 3628 2754 3770 2808; x_wconf 91' lang='lat' dir='ltr'><strong>sunt</strong></span> 
     </span>
    </p>
   </div>
   <div class='ocr_carea' id='block_1_85' title="bbox 2119 2836 3766 2911">
    <p class='ocr_par' dir='ltr' id='par_1_85' title="bbox 2119 2836 3766 2911">
     <span class='ocr_line' id='line_1_85' title="bbox 2119 2836 3766 2911; baseline 0.002 -18"><span class='ocrx_word' id='word_1_619' title='bbox 2119 2837 2318 2894; x_wconf 88' lang='lat' dir='ltr'><strong>omnia</strong></span> <span class='ocrx_word' id='word_1_620' title='bbox 2365 2841 2601 2909; x_wconf 84' lang='lat' dir='ltr'><strong>peccata</strong></span> <span class='ocrx_word' id='word_1_621' title='bbox 2658 2836 3020 2908; x_wconf 83' lang='lat' dir='ltr'><strong>ignorantiae,</strong></span> <span class='ocrx_word' id='word_1_622' title='bbox 3053 2838 3289 2910; x_wconf 89' lang='lat' dir='ltr'><strong>quando</strong></span> <span class='ocrx_word' id='word_1_623' title='bbox 3337 2839 3586 2911; x_wconf 89' lang='lat' dir='ltr'><strong>quisque</strong></span> <span class='ocrx_word' id='word_1_624' title='bbox 3617 2839 3766 2896; x_wconf 88' lang='lat' dir='ltr'><strong>bene</strong></span> 
     </span>
    </p>
   </div>
   <div class='ocr_carea' id='block_1_86' title="bbox 2120 2923 3762 2997">
    <p class='ocr_par' dir='ltr' id='par_1_86' title="bbox 2120 2923 3762 2997">
     <span class='ocr_line' id='line_1_86' title="bbox 2120 2923 3762 2997; baseline 0 -15"><span class='ocrx_word' id='word_1_625' title='bbox 2120 2925 2244 2982; x_wconf 83' lang='lat' dir='ltr'><strong>ﬁeri</strong></span> <span class='ocrx_word' id='word_1_626' title='bbox 2268 2929 2435 2997; x_wconf 87' lang='lat' dir='ltr'><strong>putat</strong></span> <span class='ocrx_word' id='word_1_627' title='bbox 2463 2925 2616 2997; x_wconf 89' lang='lat' dir='ltr'><strong>quod</strong></span> <span class='ocrx_word' id='word_1_628' title='bbox 2651 2923 2802 2980; x_wconf 92' lang='lat' dir='ltr'><strong>male</strong></span> <span class='ocrx_word' id='word_1_629' title='bbox 2832 2927 2917 2979; x_wconf 86' lang='lat' dir='ltr'><strong>lit.</strong></span> <span class='ocrx_word' id='word_1_630' title='bbox 2942 2926 3022 2980; x_wconf 90' lang='lat' dir='ltr'><strong>De</strong></span> <span class='ocrx_word' id='word_1_631' title='bbox 3039 2924 3370 2982; x_wconf 87' lang='lat' dir='ltr'><strong>occidendis</strong></span> <span class='ocrx_word' id='word_1_632' title='bbox 3400 2925 3762 2995; x_wconf 83' lang='lat' dir='ltr'><strong>hominibus,</strong></span> 
     </span>
    </p>
   </div>
   <div class='ocr_carea' id='block_1_87' title="bbox 2119 3012 3764 3086">
    <p class='ocr_par' dir='ltr' id='par_1_87' title="bbox 2119 3012 3764 3086">
     <span class='ocr_line' id='line_1_87' title="bbox 2119 3012 3764 3086; baseline 0 -16"><span class='ocrx_word' id='word_1_633' title='bbox 2119 3031 2192 3070; x_wconf 90' lang='lat' dir='ltr'><strong>ne</strong></span> <span class='ocrx_word' id='word_1_634' title='bbox 2212 3015 2284 3070; x_wconf 90' lang='lat' dir='ltr'><strong>ab</strong></span> <span class='ocrx_word' id='word_1_635' title='bbox 2306 3013 2391 3070; x_wconf 90' lang='lat' dir='ltr'><strong>eis</strong></span> <span class='ocrx_word' id='word_1_636' title='bbox 2411 3012 2727 3085; x_wconf 89' lang='lat' dir='ltr'><strong>quisquam</strong></span> <span class='ocrx_word' id='word_1_637' title='bbox 2749 3013 3067 3082; x_wconf 87' lang='lat' dir='ltr'><strong>occidatur,</strong></span> <span class='ocrx_word' id='word_1_638' title='bbox 3090 3031 3206 3069; x_wconf 92' lang='lat' dir='ltr'><strong>non</strong></span> <span class='ocrx_word' id='word_1_639' title='bbox 3237 3013 3384 3069; x_wconf 85' lang='lat' dir='ltr'><strong>mihi</strong></span> <span class='ocrx_word' id='word_1_640' title='bbox 3409 3014 3600 3086; x_wconf 89' lang='lat' dir='ltr'><strong>placet</strong></span> <span class='ocrx_word' id='word_1_641' title='bbox 3618 3031 3764 3070; x_wconf 88' lang='lat' dir='ltr'><strong>con-</strong></span> 
     </span>
    </p>
   </div>
   <div class='ocr_carea' id='block_1_88' title="bbox 2119 3101 3763 3175">
    <p class='ocr_par' dir='ltr' id='par_1_88' title="bbox 2119 3101 3763 3175">
     <span class='ocr_line' id='line_1_88' title="bbox 2119 3101 3763 3175; baseline 0.001 -18"><span class='ocrx_word' id='word_1_642' title='bbox 2119 3102 2340 3172; x_wconf 91' lang='lat' dir='ltr'><strong>silium,</strong></span> <span class='ocrx_word' id='word_1_643' title='bbox 2373 3102 2484 3158; x_wconf 92' lang='lat' dir='ltr'><strong>nisi</strong></span> <span class='ocrx_word' id='word_1_644' title='bbox 2537 3103 2683 3157; x_wconf 86' lang='lat' dir='ltr'><strong>forte</strong></span> <span class='ocrx_word' id='word_1_645' title='bbox 2732 3102 2809 3156; x_wconf 90' lang='lat' dir='ltr'><strong>sit</strong></span> <span class='ocrx_word' id='word_1_646' title='bbox 2847 3101 3036 3170; x_wconf 88' lang='lat' dir='ltr'><strong>miles,</strong></span> <span class='ocrx_word' id='word_1_647' title='bbox 3071 3105 3174 3157; x_wconf 89' lang='lat' dir='ltr'><strong>aut</strong></span> <span class='ocrx_word' id='word_1_648' title='bbox 3201 3102 3438 3175; x_wconf 91' lang='lat' dir='ltr'><strong>publica</strong></span> <span class='ocrx_word' id='word_1_649' title='bbox 3467 3102 3763 3159; x_wconf 87' lang='lat' dir='ltr'><strong>functione</strong></span> 
     </span>
    </p>
   </div>
   <div class='ocr_carea' id='block_1_89' title="bbox 2117 3189 3763 3264">
    <p class='ocr_par' dir='ltr' id='par_1_89' title="bbox 2117 3189 3763 3264">
     <span class='ocr_line' id='line_1_89' title="bbox 2117 3189 3763 3264; baseline 0.001 -18"><span class='ocrx_word' id='word_1_650' title='bbox 2117 3195 2404 3257; x_wconf 88' lang='lat' dir='ltr'><strong>teneatur,</strong></span> <span class='ocrx_word' id='word_1_651' title='bbox 2425 3194 2488 3246; x_wconf 91' lang='lat' dir='ltr'><strong>ut</strong></span> <span class='ocrx_word' id='word_1_652' title='bbox 2515 3208 2629 3246; x_wconf 93' lang='lat' dir='ltr'><strong>non</strong></span> <span class='ocrx_word' id='word_1_653' title='bbox 2652 3207 2755 3262; x_wconf 86' lang='lat' dir='ltr'><strong>pro</strong></span> <span class='ocrx_word' id='word_1_654' title='bbox 2778 3207 2840 3246; x_wconf 89' lang='lat' dir='ltr'><strong>se</strong></span> <span class='ocrx_word' id='word_1_655' title='bbox 2863 3190 2970 3245; x_wconf 91' lang='lat' dir='ltr'><strong>hoc</strong></span> <span class='ocrx_word' id='word_1_656' title='bbox 2998 3190 3196 3256; x_wconf 83' lang='lat' dir='ltr'><strong>faciat,</strong></span> <span class='ocrx_word' id='word_1_657' title='bbox 3225 3189 3327 3247; x_wconf 88' lang='lat' dir='ltr'><strong>sed</strong></span> <span class='ocrx_word' id='word_1_658' title='bbox 3359 3207 3463 3264; x_wconf 89' lang='lat' dir='ltr'><strong>pro</strong></span> <span class='ocrx_word' id='word_1_659' title='bbox 3491 3190 3644 3260; x_wconf 88' lang='lat' dir='ltr'><strong>aliis,</strong></span> <span class='ocrx_word' id='word_1_660' title='bbox 3673 3189 3763 3247; x_wconf 89' lang='lat' dir='ltr'><strong>vel</strong></span> 
     </span>
    </p>
   </div>
   <div class='ocr_carea' id='block_1_90' title="bbox 2037 3277 3768 3374">
    <p class='ocr_par' dir='ltr' id='par_1_90' title="bbox 2037 3277 3768 3374">
     <span class='ocr_line' id='line_1_90' title="bbox 2037 3277 3768 3374; baseline 0.001 -40"><span class='ocrx_word' id='word_1_661' title='bbox 2037 3305 2082 3374; x_wconf 67' lang='grc' dir='ltr'>α</span> <span class='ocrx_word' id='word_1_662' title='bbox 2119 3289 2220 3352; x_wconf 85' lang='lat' dir='ltr'><strong>pro</strong></span> <span class='ocrx_word' id='word_1_663' title='bbox 2253 3277 2503 3344; x_wconf 87' lang='lat' dir='ltr'><strong>civitate,</strong></span> <span class='ocrx_word' id='word_1_664' title='bbox 2535 3279 2634 3334; x_wconf 91' lang='lat' dir='ltr'><strong>ubi</strong></span> <span class='ocrx_word' id='word_1_665' title='bbox 2687 3277 2864 3334; x_wconf 89' lang='lat' dir='ltr'><strong>etiam</strong></span> <span class='ocrx_word' id='word_1_666' title='bbox 2913 3277 3036 3374; x_wconf 75' lang='lat' dir='ltr'><strong>ipse</strong></span> <span class='ocrx_word' id='word_1_667' title='bbox 3083 3283 3189 3347; x_wconf 87' lang='lat' dir='ltr'><strong>est,</strong></span> <span class='ocrx_word' id='word_1_668' title='bbox 3223 3282 3460 3374; x_wconf 81' lang='lat' dir='ltr'><strong>accepta</strong></span> <span class='ocrx_word' id='word_1_669' title='bbox 3504 3278 3768 3374; x_wconf 71' lang='lat' dir='ltr'><strong>legitima</strong></span> 
     </span>
    </p>
   </div>
   <div class='ocr_carea' id='block_1_91' title="bbox 2119 3365 3764 3440">
    <p class='ocr_par' dir='ltr' id='par_1_91' title="bbox 2119 3365 3764 3440">
     <span class='ocr_line' id='line_1_91' title="bbox 2119 3365 3764 3440; baseline 0 -18"><span class='ocrx_word' id='word_1_670' title='bbox 2119 3371 2426 3440; x_wconf 87' lang='lat' dir='ltr'><strong>potestate,</strong></span> <span class='ocrx_word' id='word_1_671' title='bbox 2449 3366 2498 3422; x_wconf 90' lang='lat' dir='ltr'><strong>si</strong></span> <span class='ocrx_word' id='word_1_672' title='bbox 2520 3367 2648 3437; x_wconf 84' lang='lat' dir='ltr'><strong>ejus</strong></span> <span class='ocrx_word' id='word_1_673' title='bbox 2687 3365 2956 3440; x_wconf 89' lang='lat' dir='ltr'><strong>congruit</strong></span> <span class='ocrx_word' id='word_1_674' title='bbox 2985 3384 3264 3439; x_wconf 65' lang='lat' dir='ltr'><strong>personae.</strong></span> <span class='ocrx_word' id='word_1_675' title='bbox 3290 3365 3398 3432; x_wconf 86' lang='lat' dir='ltr'><strong>Qui</strong></span> <span class='ocrx_word' id='word_1_676' title='bbox 3419 3383 3552 3424; x_wconf 86' lang='lat' dir='ltr'><strong>vero</strong></span> <span class='ocrx_word' id='word_1_677' title='bbox 3578 3365 3764 3440; x_wconf 89' lang='lat' dir='ltr'><strong>repel-</strong></span> 
     </span>
    </p>
   </div>
   <div class='ocr_carea' id='block_1_92' title="bbox 2116 3454 3767 3529">
    <p class='ocr_par' dir='ltr' id='par_1_92' title="bbox 2116 3454 3767 3529">
     <span class='ocr_line' id='line_1_92' title="bbox 2116 3454 3767 3529; baseline 0.002 -19"><span class='ocrx_word' id='word_1_678' title='bbox 2116 3455 2318 3511; x_wconf 90' lang='lat' dir='ltr'><strong>luntur</strong></span> <span class='ocrx_word' id='word_1_679' title='bbox 2365 3455 2562 3528; x_wconf 70' lang='lat' dir='ltr'><strong>aliquo</strong></span> <span class='ocrx_word' id='word_1_680' title='bbox 2611 3458 2828 3511; x_wconf 89' lang='lat' dir='ltr'><strong>terrore</strong></span> <span class='ocrx_word' id='word_1_681' title='bbox 2863 3471 2934 3510; x_wconf 91' lang='lat' dir='ltr'><strong>nc</strong></span> <span class='ocrx_word' id='word_1_682' title='bbox 2962 3454 3112 3510; x_wconf 88' lang='lat' dir='ltr'><strong>male</strong></span> <span class='ocrx_word' id='word_1_683' title='bbox 3144 3455 3380 3522; x_wconf 76' lang='lat' dir='ltr'><strong>faciant,</strong></span> <span class='ocrx_word' id='word_1_684' title='bbox 3411 3455 3588 3512; x_wconf 90' lang='lat' dir='ltr'><strong>etiam</strong></span> <span class='ocrx_word' id='word_1_685' title='bbox 3619 3455 3767 3529; x_wconf 87' lang='lat' dir='ltr'><strong>ipsis</strong></span> 
     </span>
    </p>
   </div>
   <div class='ocr_carea' id='block_1_93' title="bbox 2117 3543 3760 3616">
    <p class='ocr_par' dir='ltr' id='par_1_93' title="bbox 2117 3543 3760 3616">
     <span class='ocr_line' id='line_1_93' title="bbox 2117 3543 3760 3616; baseline 0.001 -16"><span class='ocrx_word' id='word_1_686' title='bbox 2117 3543 2338 3616; x_wconf 88' lang='lat' dir='ltr'><strong>aliquid</strong></span> <span class='ocrx_word' id='word_1_687' title='bbox 2372 3545 2616 3600; x_wconf 84' lang='lat' dir='ltr'><strong>fortasse</strong></span> <span class='ocrx_word' id='word_1_688' title='bbox 2641 3548 2966 3616; x_wconf 74' lang='lat' dir='ltr'><strong>prmstalur.</strong></span> <span class='ocrx_word' id='word_1_689' title='bbox 2995 3544 3136 3599; x_wconf 90' lang='lat' dir='ltr'><strong>Ilinc</strong></span> <span class='ocrx_word' id='word_1_690' title='bbox 3167 3547 3362 3600; x_wconf 89' lang='lat' dir='ltr'><strong>autem</strong></span> <span class='ocrx_word' id='word_1_691' title='bbox 3395 3545 3618 3600; x_wconf 89' lang='lat' dir='ltr'><strong>dictum</strong></span> <span class='ocrx_word' id='word_1_692' title='bbox 3650 3549 3760 3614; x_wconf 85' lang='lat' dir='ltr'><strong>est,</strong></span> 
     </span>
    </p>
   </div>
   <div class='ocr_carea' id='block_1_94' title="bbox 2116 3631 3765 3702">
    <p class='ocr_par' dir='ltr' id='par_1_94' title="bbox 2116 3631 3765 3702">
     <span class='ocr_line' id='line_1_94' title="bbox 2116 3631 3765 3702; baseline 0.001 -14"><span class='ocrx_word' id='word_1_693' title='bbox 2116 3633 2234 3688; x_wconf 86' lang='lat' dir='ltr'><strong>Non</strong></span> <span class='ocrx_word' id='word_1_694' title='bbox 2264 3635 2580 3688; x_wconf 77' lang='lat' dir='ltr'><strong>resistamus</strong></span> <span class='ocrx_word' id='word_1_695' title='bbox 2609 3633 2754 3687; x_wconf 79' lang='lat' dir='ltr'><strong>mulo</strong></span> <span class='ocrx_word' id='word_1_696' title='bbox 2785 3632 2994 3700; x_wconf 76' lang='lat' dir='ltr'><strong>(Matth.</strong></span> <span class='ocrx_word' id='word_1_697' title='bbox 3027 3650 3080 3699; x_wconf 91' lang='lat' dir='ltr'><strong>v,</strong></span> <span class='ocrx_word' id='word_1_698' title='bbox 3112 3633 3226 3702; x_wconf 84' lang='lat'><strong>39),</strong></span> <span class='ocrx_word' id='word_1_699' title='bbox 3261 3650 3332 3688; x_wconf 89' lang='lat' dir='ltr'><strong>ne</strong></span> <span class='ocrx_word' id='word_1_700' title='bbox 3359 3650 3462 3688; x_wconf 88' lang='lat' dir='ltr'><strong>vos</strong></span> <span class='ocrx_word' id='word_1_701' title='bbox 3508 3631 3765 3690; x_wconf 85' lang='lat' dir='ltr'><strong>vindicta</strong></span> 
     </span>
    </p>
   </div>
   <div class='ocr_carea' id='block_1_95' title="bbox 2114 3719 3765 3793">
    <p class='ocr_par' dir='ltr' id='par_1_95' title="bbox 2114 3719 3765 3793">
     <span class='ocr_line' id='line_1_95' title="bbox 2114 3719 3765 3793; baseline 0.001 -17"><span class='ocrx_word' id='word_1_702' title='bbox 2114 3721 2380 3788; x_wconf 86' lang='lat' dir='ltr'><strong>delectet,</strong></span> <span class='ocrx_word' id='word_1_703' title='bbox 2415 3737 2542 3792; x_wconf 66' lang='lat' dir='ltr'><strong>qua:</strong></span> <span class='ocrx_word' id='word_1_704' title='bbox 2592 3719 2778 3775; x_wconf 87' lang='lat' dir='ltr'><strong>alieno</strong></span> <span class='ocrx_word' id='word_1_705' title='bbox 2829 3720 2982 3775; x_wconf 90' lang='lat' dir='ltr'><strong>malo</strong></span> <span class='ocrx_word' id='word_1_706' title='bbox 3015 3719 3278 3775; x_wconf 91' lang='lat' dir='ltr'><strong>animum</strong></span> <span class='ocrx_word' id='word_1_707' title='bbox 3309 3721 3518 3793; x_wconf 86' lang='lat' dir='ltr'><strong>pascit,</strong></span> <span class='ocrx_word' id='word_1_708' title='bbox 3551 3738 3665 3776; x_wconf 92' lang='lat' dir='ltr'><strong>non</strong></span> <span class='ocrx_word' id='word_1_709' title='bbox 3698 3724 3765 3777; x_wconf 83' lang='lat' dir='ltr'><strong>ut</strong></span> 
     </span>
    </p>
   </div>
   <div class='ocr_carea' id='block_1_96' title="bbox 2114 3807 3349 3881">
    <p class='ocr_par' dir='ltr' id='par_1_96' title="bbox 2114 3807 3349 3881">
     <span class='ocr_line' id='line_1_96' title="bbox 2114 3807 3349 3881; baseline -0.006 -16"><span class='ocrx_word' id='word_1_710' title='bbox 2114 3807 2528 3865; x_wconf 82' lang='lat' dir='ltr'><strong>correctionem</strong></span> <span class='ocrx_word' id='word_1_711' title='bbox 2563 3808 2866 3863; x_wconf 85' lang='lat' dir='ltr'><strong>hominum</strong></span> <span class='ocrx_word' id='word_1_712' title='bbox 2901 3808 3286 3881; x_wconf 78' lang='lat' dir='ltr'><strong>negligemus.</strong></span> <span class='ocrx_word' id='word_1_713' title='bbox 3321 3831 3349 3858; x_wconf 77' lang='lat' dir='ltr'><strong>n</strong></span> 
     </span>
    </p>
   </div>
   <div class='ocr_carea' id='block_1_97' title="bbox 2115 3932 3764 4059">
    <p class='ocr_par' dir='ltr' id='par_1_97' title="bbox 2115 3932 3764 4059">
     <span class='ocr_line' id='line_1_97' title="bbox 2115 3932 3764 4059; baseline 0.001 -71"><span class='ocrx_word' id='word_1_714' title='bbox 2115 3934 2225 3989; x_wconf 72' lang='lat' dir='ltr'><strong>CAP</strong></span> <span class='ocrx_word' id='word_1_715' title='bbox 2283 3932 2446 3988; x_wconf 78' lang='lat' dir='ltr'><strong>XXV.</strong></span> <span class='ocrx_word' id='word_1_716' title='bbox 2501 3964 2568 3972; x_wconf 94' lang='lat'><strong>-—</strong></span> <span class='ocrx_word' id='word_1_717' title='bbox 2623 3933 2816 4002; x_wconf 81' lang='lat' dir='ltr'><strong>Regem</strong></span> <span class='ocrx_word' id='word_1_718' title='bbox 2872 3934 3191 4059; x_wconf 51' lang='lat' dir='ltr'><strong>iniquorum</strong></span> <span class='ocrx_word' id='word_1_719' title='bbox 3243 3940 3593 3989; x_wconf 79' lang='lat' dir='ltr'><strong>correctorem</strong></span> <span class='ocrx_word' id='word_1_720' title='bbox 3649 3948 3764 3990; x_wconf 75' lang='lat' dir='ltr'><strong>esse</strong></span> 
     </span>
     <span class='ocr_line' id='line_1_98' title="bbox 2805 4019 3065 4059; baseline -0.004 0"><span class='ocrx_word' id='word_1_721' title='bbox 2805 4019 2936 4059; x_wconf 79' lang='lat' dir='ltr'><strong>onor</strong></span> <span class='ocrx_word' id='word_1_722' title='bbox 2989 4020 3065 4058; x_wconf 88' lang='lat' dir='ltr'><strong>re.</strong></span> 
     </span>
    </p>
   </div>
   <div class='ocr_carea' id='block_1_98' title="bbox 2805 4019 3065 4074">
    <p class='ocr_par' dir='ltr' id='par_1_98' title="bbox 2805 4019 3065 4074">
     <span class='ocr_line' id='line_1_99' title="bbox 2805 4019 3065 4074; baseline 0 -16"><span class='ocrx_word' id='word_1_723' title='bbox 2805 4019 3065 4074; x_wconf 74' lang='lat' dir='ltr'><strong>oportere.</strong></span> 
     </span>
    </p>
   </div>
   <div class='ocr_carea' id='block_1_99' title="bbox 2187 4117 3760 4191">
    <p class='ocr_par' dir='ltr' id='par_1_99' title="bbox 2187 4117 3760 4191">
     <span class='ocr_line' id='line_1_100' title="bbox 2187 4117 3760 4191; baseline 0 -16"><span class='ocrx_word' id='word_1_724' title='bbox 2187 4120 2332 4175; x_wconf 89' lang='lat' dir='ltr'><strong>Hinc</strong></span> <span class='ocrx_word' id='word_1_725' title='bbox 2354 4122 2594 4175; x_wconf 87' lang='lat' dir='ltr'><strong>sanctus</strong></span> <span class='ocrx_word' id='word_1_726' title='bbox 2623 4117 2948 4190; x_wconf 85' lang='lat' dir='ltr'><strong>Cyprianus</strong></span> <span class='ocrx_word' id='word_1_727' title='bbox 2971 4119 3029 4172; x_wconf 93' lang='lat' dir='ltr'><strong>in</strong></span> <span class='ocrx_word' id='word_1_728' title='bbox 3051 4135 3203 4172; x_wconf 91' lang='lat' dir='ltr'><strong>nono</strong></span> <span class='ocrx_word' id='word_1_729' title='bbox 3235 4117 3546 4174; x_wconf 85' lang='lat' dir='ltr'><strong>Abusionis</strong></span> <span class='ocrx_word' id='word_1_730' title='bbox 3575 4117 3760 4191; x_wconf 86' lang='lat' dir='ltr'><strong>gradu</strong></span> 
     </span>
    </p>
   </div>
   <div class='ocr_carea' id='block_1_100' title="bbox 2114 4205 3764 4278">
    <p class='ocr_par' dir='ltr' id='par_1_100' title="bbox 2114 4205 3764 4278">
     <span class='ocr_line' id='line_1_101' title="bbox 2114 4205 3764 4278; baseline 0.001 -16"><span class='ocrx_word' id='word_1_731' title='bbox 2114 4205 2256 4262; x_wconf 90' lang='lat' dir='ltr'><strong>dicit</strong></span> <span class='ocrx_word' id='word_1_732' title='bbox 2280 4206 2418 4278; x_wconf 83' lang='lat' dir='ltr'><strong>(cap.</strong></span> <span class='ocrx_word' id='word_1_733' title='bbox 2441 4205 2499 4274; x_wconf 90' lang='lat'><strong>9)</strong></span> <span class='ocrx_word' id='word_1_734' title='bbox 2522 4223 2536 4262; x_wconf 90' lang='lat'>:</span> <span class='ocrx_word' id='word_1_735' title='bbox 2573 4227 2600 4256; x_wconf 87' lang='grc'><strong>‹‹</strong></span> <span class='ocrx_word' id='word_1_736' title='bbox 2627 4206 2840 4278; x_wconf 76' lang='lat' dir='ltr'><strong>Regem</strong></span> <span class='ocrx_word' id='word_1_737' title='bbox 2871 4211 3252 4262; x_wconf 87' lang='lat' dir='ltr'><strong>correctorem</strong></span> <span class='ocrx_word' id='word_1_738' title='bbox 3276 4206 3614 4278; x_wconf 88' lang='lat' dir='ltr'><strong>iniquorum</strong></span> <span class='ocrx_word' id='word_1_739' title='bbox 3634 4222 3764 4264; x_wconf 85' lang='lat' dir='ltr'><strong>esse</strong></span> 
     </span>
    </p>
   </div>
   <div class='ocr_carea' id='block_1_101' title="bbox 2113 4293 3762 4370">
    <p class='ocr_par' dir='ltr' id='par_1_101' title="bbox 2113 4293 3762 4370">
     <span class='ocr_line' id='line_1_102' title="bbox 2113 4293 3762 4370; baseline 0 -20"><span class='ocrx_word' id='word_1_740' title='bbox 2113 4301 2384 4366; x_wconf 86' lang='lat' dir='ltr'><strong>oportet:</strong></span> <span class='ocrx_word' id='word_1_741' title='bbox 2421 4295 2594 4350; x_wconf 87' lang='lat' dir='ltr'><strong>debet</strong></span> <span class='ocrx_word' id='word_1_742' title='bbox 2649 4294 2805 4350; x_wconf 84' lang='lat' dir='ltr'><strong>furta</strong></span> <span class='ocrx_word' id='word_1_743' title='bbox 2861 4294 3150 4360; x_wconf 87' lang='lat' dir='ltr'><strong>cohibere,</strong></span> <span class='ocrx_word' id='word_1_744' title='bbox 3186 4293 3477 4350; x_wconf 84' lang='lat' dir='ltr'><strong>adulteria</strong></span> <span class='ocrx_word' id='word_1_745' title='bbox 3527 4294 3762 4370; x_wconf 85' lang='lat' dir='ltr'><strong>punire,</strong></span> 
     </span>
    </p>
   </div>
   <div class='ocr_carea' id='block_1_102' title="bbox 2115 4382 3763 4456">
    <p class='ocr_par' dir='ltr' id='par_1_102' title="bbox 2115 4382 3763 4456">
     <span class='ocr_line' id='line_1_103' title="bbox 2115 4382 3763 4456; baseline 0.002 -19"><span class='ocrx_word' id='word_1_746' title='bbox 2115 4383 2328 4456; x_wconf 86' lang='lat' dir='ltr'><strong>impios</strong></span> <span class='ocrx_word' id='word_1_747' title='bbox 2359 4384 2431 4438; x_wconf 90' lang='lat' dir='ltr'><strong>de</strong></span> <span class='ocrx_word' id='word_1_748' title='bbox 2458 4389 2612 4439; x_wconf 89' lang='lat' dir='ltr'><strong>terra</strong></span> <span class='ocrx_word' id='word_1_749' title='bbox 2655 4383 2918 4455; x_wconf 87' lang='lat' dir='ltr'><strong>perdere,</strong></span> <span class='ocrx_word' id='word_1_750' title='bbox 2955 4382 3278 4454; x_wconf 85' lang='lat' dir='ltr'><strong>parricidas</strong></span> <span class='ocrx_word' id='word_1_751' title='bbox 3309 4387 3367 4438; x_wconf 89' lang='lat' dir='ltr'><strong>et</strong></span> <span class='ocrx_word' id='word_1_752' title='bbox 3395 4384 3763 4455; x_wconf 89' lang='lat' dir='ltr'><strong>perjurantes</strong></span> 
     </span>
    </p>
   </div>
   <div class='ocr_carea' id='block_1_103' title="bbox 2112 4469 3763 4544">
    <p class='ocr_par' dir='ltr' id='par_1_103' title="bbox 2112 4469 3763 4544">
     <span class='ocr_line' id='line_1_104' title="bbox 2112 4469 3763 4544; baseline 0 -16"><span class='ocrx_word' id='word_1_753' title='bbox 2112 4471 2300 4528; x_wconf 89' lang='lat' dir='ltr'><strong>vivere</strong></span> <span class='ocrx_word' id='word_1_754' title='bbox 2322 4489 2435 4528; x_wconf 90' lang='lat' dir='ltr'><strong>non</strong></span> <span class='ocrx_word' id='word_1_755' title='bbox 2459 4471 2670 4528; x_wconf 90' lang='lat' dir='ltr'><strong>sinere.</strong></span> <span class='ocrx_word' id='word_1_756' title='bbox 2701 4494 2728 4520; x_wconf 85' lang='grc'><strong>››</strong></span> <span class='ocrx_word' id='word_1_757' title='bbox 2749 4473 2819 4527; x_wconf 90' lang='lat' dir='ltr'><strong>Et</strong></span> <span class='ocrx_word' id='word_1_758' title='bbox 2837 4472 2976 4527; x_wconf 90' lang='lat' dir='ltr'><strong>item</strong></span> <span class='ocrx_word' id='word_1_759' title='bbox 3002 4471 3154 4527; x_wconf 92' lang='lat' dir='ltr'><strong>idem</strong></span> <span class='ocrx_word' id='word_1_760' title='bbox 3179 4473 3318 4544; x_wconf 87' lang='lat' dir='ltr'><strong>(cap.</strong></span> <span class='ocrx_word' id='word_1_761' title='bbox 3346 4469 3432 4542; x_wconf 87' lang='grc'><strong>11)</strong></span> <span class='ocrx_word' id='word_1_762' title='bbox 3460 4488 3475 4528; x_wconf 89' lang='lat'>:</span> <span class='ocrx_word' id='word_1_763' title='bbox 3517 4495 3544 4523; x_wconf 85' lang='lat'><strong><em>«</em></strong></span> <span class='ocrx_word' id='word_1_764' title='bbox 3573 4471 3763 4528; x_wconf 85' lang='lat' dir='ltr'><strong>Unde-</strong></span> 
     </span>
    </p>
   </div>
   <div class='ocr_carea' id='block_1_104' title="bbox 2113 4559 3764 4634">
    <p class='ocr_par' dir='ltr' id='par_1_104' title="bbox 2113 4559 3764 4634">
     <span class='ocr_line' id='line_1_105' title="bbox 2113 4559 3764 4634; baseline 0 -18"><span class='ocrx_word' id='word_1_765' title='bbox 2113 4560 2304 4616; x_wconf 88' lang='lat' dir='ltr'><strong>cimus</strong></span> <span class='ocrx_word' id='word_1_766' title='bbox 2315 4577 2557 4633; x_wconf 85' lang='lat' dir='ltr'><strong>gramus</strong></span> <span class='ocrx_word' id='word_1_767' title='bbox 2570 4559 2872 4616; x_wconf 87' lang='lat' dir='ltr'><strong>abusionis</strong></span> <span class='ocrx_word' id='word_1_768' title='bbox 2883 4563 2974 4616; x_wconf 90' lang='lat' dir='ltr'><strong>est</strong></span> <span class='ocrx_word' id='word_1_769' title='bbox 2985 4559 3148 4632; x_wconf 90' lang='lat' dir='ltr'><strong>plebs</strong></span> <span class='ocrx_word' id='word_1_770' title='bbox 3161 4561 3287 4616; x_wconf 84' lang='lat' dir='ltr'><strong>sine</strong></span> <span class='ocrx_word' id='word_1_771' title='bbox 3297 4559 3764 4634; x_wconf 51' lang='lat' dir='ltr'><strong>disciplinaque!</strong></span> 
     </span>
    </p>
   </div>
   <div class='ocr_carea' id='block_1_105' title="bbox 2114 4647 3765 4724">
    <p class='ocr_par' dir='ltr' id='par_1_105' title="bbox 2114 4647 3765 4724">
     <span class='ocr_line' id='line_1_106' title="bbox 2114 4647 3765 4724; baseline 0 -20"><span class='ocrx_word' id='word_1_772' title='bbox 2114 4649 2258 4704; x_wconf 88' lang='lat' dir='ltr'><strong>dum</strong></span> <span class='ocrx_word' id='word_1_773' title='bbox 2287 4648 2611 4720; x_wconf 74' lang='lat' dir='ltr'><strong>disciplinae</strong></span> <span class='ocrx_word' id='word_1_774' title='bbox 2654 4647 3174 4705; x_wconf 87' lang='lat' dir='ltr'><strong>exercitationibus</strong></span> <span class='ocrx_word' id='word_1_775' title='bbox 3205 4666 3338 4724; x_wconf 47' lang='lat' dir='ltr'><strong>non.</strong></span> <span class='ocrx_word' id='word_1_776' title='bbox 3353 4648 3547 4716; x_wconf 89' lang='lat' dir='ltr'><strong>servit,</strong></span> <span class='ocrx_word' id='word_1_777' title='bbox 3579 4649 3765 4704; x_wconf 90' lang='lat' dir='ltr'><strong>Deum</strong></span> 
     </span>
    </p>
   </div>
   <div class='ocr_carea' id='block_1_106' title="bbox 2115 4735 3764 4810">
    <p class='ocr_par' dir='ltr' id='par_1_106' title="bbox 2115 4735 3764 4810">
     <span class='ocr_line' id='line_1_107' title="bbox 2115 4735 3764 4810; baseline -0.001 -17"><span class='ocrx_word' id='word_1_778' title='bbox 2115 4737 2337 4808; x_wconf 87' lang='lat' dir='ltr'><strong>absque</strong></span> <span class='ocrx_word' id='word_1_779' title='bbox 2380 4736 2702 4808; x_wconf 65' lang='lat' dir='ltr'><strong>disciplina:</strong></span> <span class='ocrx_word' id='word_1_780' title='bbox 2763 4735 2950 4810; x_wconf 89' lang='lat' dir='ltr'><strong>rigore</strong></span> <span class='ocrx_word' id='word_1_781' title='bbox 3011 4754 3126 4793; x_wconf 90' lang='lat' dir='ltr'><strong>non</strong></span> <span class='ocrx_word' id='word_1_782' title='bbox 3173 4737 3383 4793; x_wconf 89' lang='lat' dir='ltr'><strong>evadit.</strong></span> <span class='ocrx_word' id='word_1_783' title='bbox 3416 4736 3580 4794; x_wconf 92' lang='lat' dir='ltr'><strong>Sicut</strong></span> <span class='ocrx_word' id='word_1_784' title='bbox 3606 4735 3764 4792; x_wconf 91' lang='lat' dir='ltr'><strong>enim</strong></span> 
     </span>
    </p>
   </div>
   <div class='ocr_carea' id='block_1_107' title="bbox 2116 4821 3764 4898">
    <p class='ocr_par' dir='ltr' id='par_1_107' title="bbox 2116 4821 3764 4898">
     <span class='ocr_line' id='line_1_108' title="bbox 2116 4821 3764 4898; baseline -0.001 -18"><span class='ocrx_word' id='word_1_785' title='bbox 2116 4821 2316 4881; x_wconf 82' lang='lat' dir='ltr'><strong>tunica</strong></span> <span class='ocrx_word' id='word_1_786' title='bbox 2334 4829 2520 4880; x_wconf 91' lang='lat' dir='ltr'><strong>totum</strong></span> <span class='ocrx_word' id='word_1_787' title='bbox 2545 4842 2760 4897; x_wconf 89' lang='lat' dir='ltr'><strong>corpus</strong></span> <span class='ocrx_word' id='word_1_788' title='bbox 2783 4825 3000 4898; x_wconf 84' lang='lat' dir='ltr'><strong>tegitur</strong></span> <span class='ocrx_word' id='word_1_789' title='bbox 3023 4830 3229 4898; x_wconf 71' lang='lat' dir='ltr'><strong>praeter</strong></span> <span class='ocrx_word' id='word_1_790' title='bbox 3264 4829 3458 4896; x_wconf 90' lang='lat' dir='ltr'><strong>caput,</strong></span> <span class='ocrx_word' id='word_1_791' title='bbox 3480 4823 3562 4878; x_wconf 91' lang='lat' dir='ltr'><strong>ita</strong></span> <span class='ocrx_word' id='word_1_792' title='bbox 3579 4822 3764 4880; x_wconf 84' lang='lat' dir='ltr'><strong>&#39;disci-</strong></span> 
     </span>
    </p>
   </div>
   <div class='ocr_carea' id='block_1_108' title="bbox 2119 4911 3768 4986">
    <p class='ocr_par' dir='ltr' id='par_1_108' title="bbox 2119 4911 3768 4986">
     <span class='ocr_line' id='line_1_109' title="bbox 2119 4911 3768 4986; baseline 0 -18"><span class='ocrx_word' id='word_1_793' title='bbox 2119 4913 2278 4986; x_wconf 84' lang='lat' dir='ltr'><strong>plina</strong></span> <span class='ocrx_word' id='word_1_794' title='bbox 2293 4913 2488 4969; x_wconf 91' lang='lat' dir='ltr'><strong>omnis</strong></span> <span class='ocrx_word' id='word_1_795' title='bbox 2509 4914 2784 4981; x_wconf 90' lang='lat' dir='ltr'><strong>Ecclesia,</strong></span> <span class='ocrx_word' id='word_1_796' title='bbox 2807 4919 3016 4986; x_wconf 77' lang='lat' dir='ltr'><strong>praeter</strong></span> <span class='ocrx_word' id='word_1_797' title='bbox 3035 4911 3496 4984; x_wconf 89' lang='lat' dir='ltr'><strong>Christum,quia</strong></span> <span class='ocrx_word' id='word_1_798' title='bbox 3511 4911 3768 4968; x_wconf 90' lang='lat' dir='ltr'><strong>Ecclesia</strong></span> 
     </span>
    </p>
   </div>
   <div class='ocr_carea' id='block_1_109' title="bbox 2119 4999 3769 5074">
    <p class='ocr_par' dir='ltr' id='par_1_109' title="bbox 2119 4999 3769 5074">
     <span class='ocr_line' id='line_1_110' title="bbox 2119 4999 3769 5074; baseline -0.001 -16"><span class='ocrx_word' id='word_1_799' title='bbox 2119 5007 2176 5058; x_wconf 89' lang='lat' dir='ltr'><strong>et</strong></span> <span class='ocrx_word' id='word_1_800' title='bbox 2205 5002 2316 5058; x_wconf 90' lang='lat' dir='ltr'><strong>sub</strong></span> <span class='ocrx_word' id='word_1_801' title='bbox 2345 4999 2658 5074; x_wconf 87' lang='lat' dir='ltr'><strong>disciplina</strong></span> <span class='ocrx_word' id='word_1_802' title='bbox 2707 5003 2837 5073; x_wconf 84' lang='lat' dir='ltr'><strong>ejus</strong></span> <span class='ocrx_word' id='word_1_803' title='bbox 2889 5000 3205 5074; x_wconf 84' lang='lat' dir='ltr'><strong>proteritur</strong></span> <span class='ocrx_word' id='word_1_804' title='bbox 3245 5005 3304 5056; x_wconf 92' lang='lat' dir='ltr'><strong>et</strong></span> <span class='ocrx_word' id='word_1_805' title='bbox 3339 5003 3599 5056; x_wconf 87' lang='lat' dir='ltr'><strong>ornatur.</strong></span> <span class='ocrx_word' id='word_1_806' title='bbox 3633 5000 3769 5072; x_wconf 88' lang='lat' dir='ltr'><strong>Ipsa</strong></span> 
     </span>
    </p>
   </div>
   <div class='ocr_carea' id='block_1_110' title="bbox 2119 5087 3768 5162">
    <p class='ocr_par' dir='ltr' id='par_1_110' title="bbox 2119 5087 3768 5162">
     <span class='ocr_line' id='line_1_111' title="bbox 2119 5087 3768 5162; baseline -0.001 -16"><span class='ocrx_word' id='word_1_807' title='bbox 2119 5109 2254 5146; x_wconf 89' lang='lat' dir='ltr'><strong>vero</strong></span> <span class='ocrx_word' id='word_1_808' title='bbox 2277 5090 2476 5146; x_wconf 85' lang='lat' dir='ltr'><strong>tunica</strong></span> <span class='ocrx_word' id='word_1_809' title='bbox 2495 5096 2765 5146; x_wconf 86' lang='lat' dir='ltr'><strong>contexta</strong></span> <span class='ocrx_word' id='word_1_810' title='bbox 2793 5092 3044 5162; x_wconf 80' lang='lat' dir='ltr'><strong>desuper</strong></span> <span class='ocrx_word' id='word_1_811' title='bbox 3063 5091 3249 5145; x_wconf 86' lang='lat' dir='ltr'><strong>fuerat</strong></span> <span class='ocrx_word' id='word_1_812' title='bbox 3267 5106 3370 5160; x_wconf 88' lang='lat' dir='ltr'><strong>per</strong></span> <span class='ocrx_word' id='word_1_813' title='bbox 3390 5092 3598 5154; x_wconf 90' lang='lat' dir='ltr'><strong>totum,</strong></span> <span class='ocrx_word' id='word_1_814' title='bbox 3630 5087 3768 5160; x_wconf 90' lang='lat' dir='ltr'><strong>quia</strong></span> 
     </span>
    </p>
   </div>
   <div class='ocr_carea' id='block_1_111' title="bbox 2121 5175 3766 5250">
    <p class='ocr_par' dir='ltr' id='par_1_111' title="bbox 2121 5175 3766 5250">
     <span class='ocr_line' id='line_1_112' title="bbox 2121 5175 3766 5250; baseline -0.002 -14"><span class='ocrx_word' id='word_1_815' title='bbox 2121 5181 2308 5236; x_wconf 89' lang='lat' dir='ltr'><strong>eidem</strong></span> <span class='ocrx_word' id='word_1_816' title='bbox 2337 5179 2604 5234; x_wconf 66' lang='lat' dir='ltr'><strong>Ecclesiae</strong></span> <span class='ocrx_word' id='word_1_817' title='bbox 2627 5178 2938 5250; x_wconf 84' lang='lat' dir='ltr'><strong>disciplina</strong></span> <span class='ocrx_word' id='word_1_818' title='bbox 2959 5196 2993 5233; x_wconf 91' lang='lat' dir='ltr'><strong>a</strong></span> <span class='ocrx_word' id='word_1_819' title='bbox 3014 5177 3258 5233; x_wconf 89' lang='lat' dir='ltr'><strong>Domino</strong></span> <span class='ocrx_word' id='word_1_820' title='bbox 3288 5177 3360 5233; x_wconf 90' lang='lat' dir='ltr'><strong>de</strong></span> <span class='ocrx_word' id='word_1_821' title='bbox 3391 5176 3532 5232; x_wconf 63' lang='lat' dir='ltr'><strong>caelo</strong></span> <span class='ocrx_word' id='word_1_822' title='bbox 3557 5175 3766 5233; x_wconf 88' lang='lat' dir='ltr'><strong>tribui-</strong></span> 
     </span>
    </p>
   </div>
   <div class='ocr_carea' id='block_1_112' title="bbox 2121 5264 3767 5337">
    <p class='ocr_par' dir='ltr' id='par_1_112' title="bbox 2121 5264 3767 5337">
     <span class='ocr_line' id='line_1_113' title="bbox 2121 5264 3767 5337; baseline -0.002 -13"><span class='ocrx_word' id='word_1_823' title='bbox 2121 5273 2220 5324; x_wconf 90' lang='lat' dir='ltr'><strong>tur</strong></span> <span class='ocrx_word' id='word_1_824' title='bbox 2248 5273 2305 5324; x_wconf 91' lang='lat' dir='ltr'><strong>et</strong></span> <span class='ocrx_word' id='word_1_825' title='bbox 2356 5269 2705 5337; x_wconf 79' lang='lat' dir='ltr'><strong>intcgrator.</strong></span> <span class='ocrx_word' id='word_1_826' title='bbox 2741 5267 2964 5321; x_wconf 88' lang='lat' dir='ltr'><strong>Tunica</strong></span> <span class='ocrx_word' id='word_1_827' title='bbox 3021 5264 3177 5320; x_wconf 92' lang='lat' dir='ltr'><strong>enim</strong></span> <span class='ocrx_word' id='word_1_828' title='bbox 3237 5265 3498 5337; x_wconf 88' lang='lat' dir='ltr'><strong>corporis</strong></span> <span class='ocrx_word' id='word_1_829' title='bbox 3548 5264 3767 5322; x_wconf 88' lang='lat' dir='ltr'><strong>Christi</strong></span> 
     </span>
    </p>
   </div>
   <div class='ocr_carea' id='block_1_113' title="bbox 2121 5347 3767 5428">
    <p class='ocr_par' dir='ltr' id='par_1_113' title="bbox 2121 5347 3767 5428">
     <span class='ocr_line' id='line_1_114' title="bbox 2121 5347 3767 5428; baseline -0.002 -16"><span class='ocrx_word' id='word_1_830' title='bbox 2121 5356 2433 5428; x_wconf 88' lang='lat' dir='ltr'><strong>disciplina</strong></span> <span class='ocrx_word' id='word_1_831' title='bbox 2451 5355 2716 5410; x_wconf 73' lang='lat' dir='ltr'><strong>Ecclesia:</strong></span> <span class='ocrx_word' id='word_1_832' title='bbox 2737 5359 2843 5409; x_wconf 79' lang='lat' dir='ltr'><strong>est.</strong></span> <span class='ocrx_word' id='word_1_833' title='bbox 2870 5354 2975 5420; x_wconf 75' lang='lat' dir='ltr'><strong>Qui</strong></span> <span class='ocrx_word' id='word_1_834' title='bbox 3000 5358 3193 5408; x_wconf 83' lang='lat' dir='ltr'><strong>autem</strong></span> <span class='ocrx_word' id='word_1_835' title='bbox 3216 5357 3375 5409; x_wconf 80' lang='lat' dir='ltr'><strong>extra</strong></span> <span class='ocrx_word' id='word_1_836' title='bbox 3395 5347 3767 5426; x_wconf 87' lang='lat' dir='ltr'><strong>disciplinam</strong></span> 
     </span>
    </p>
   </div>
   <div class='ocr_carea' id='block_1_114' title="bbox 2122 5441 3768 5514">
    <p class='ocr_par' dir='ltr' id='par_1_114' title="bbox 2122 5441 3768 5514">
     <span class='ocr_line' id='line_1_115' title="bbox 2122 5441 3768 5514; baseline -0.002 -12"><span class='ocrx_word' id='word_1_837' title='bbox 2122 5450 2230 5511; x_wconf 90' lang='lat' dir='ltr'><strong>est,</strong></span> <span class='ocrx_word' id='word_1_838' title='bbox 2259 5444 2486 5500; x_wconf 89' lang='lat' dir='ltr'><strong>alienus</strong></span> <span class='ocrx_word' id='word_1_839' title='bbox 2519 5461 2551 5498; x_wconf 90' lang='lat' dir='ltr'><strong>a</strong></span> <span class='ocrx_word' id='word_1_840' title='bbox 2581 5460 2817 5514; x_wconf 89' lang='lat' dir='ltr'><strong>corpore</strong></span> <span class='ocrx_word' id='word_1_841' title='bbox 2868 5441 3082 5496; x_wconf 84' lang='lat' dir='ltr'><strong>Christi</strong></span> <span class='ocrx_word' id='word_1_842' title='bbox 3131 5448 3239 5497; x_wconf 88' lang='lat' dir='ltr'><strong>est.</strong></span> <span class='ocrx_word' id='word_1_843' title='bbox 3273 5443 3395 5498; x_wconf 92' lang='lat' dir='ltr'><strong>Non</strong></span> <span class='ocrx_word' id='word_1_844' title='bbox 3429 5443 3768 5500; x_wconf 88' lang='lat' dir='ltr'><strong>scindamus</strong></span> 
     </span>
    </p>
   </div>
   <div class='ocr_carea' id='block_1_115' title="bbox 2124 5529 3770 5605">
    <p class='ocr_par' dir='ltr' id='par_1_115' title="bbox 2124 5529 3770 5605">
     <span class='ocr_line' id='line_1_116' title="bbox 2124 5529 3770 5605; baseline -0.001 -18"><span class='ocrx_word' id='word_1_845' title='bbox 2124 5533 2302 5605; x_wconf 84' lang='lat' dir='ltr'><strong>igitur</strong></span> <span class='ocrx_word' id='word_1_846' title='bbox 2348 5531 2531 5594; x_wconf 88' lang='lat' dir='ltr'><strong>illam,</strong></span> <span class='ocrx_word' id='word_1_847' title='bbox 2565 5530 2666 5584; x_wconf 82' lang='lat' dir='ltr'><strong>sed</strong></span> <span class='ocrx_word' id='word_1_848' title='bbox 2719 5529 3036 5584; x_wconf 84' lang='lat' dir='ltr'><strong>sortiamur</strong></span> <span class='ocrx_word' id='word_1_849' title='bbox 3067 5530 3138 5583; x_wconf 88' lang='lat' dir='ltr'><strong>de</strong></span> <span class='ocrx_word' id='word_1_850' title='bbox 3167 5529 3283 5585; x_wconf 88' lang='lat' dir='ltr'><strong>illa.</strong></span> <span class='ocrx_word' id='word_1_851' title='bbox 3317 5530 3441 5584; x_wconf 91' lang='lat' dir='ltr'><strong>Non</strong></span> <span class='ocrx_word' id='word_1_852' title='bbox 3473 5529 3770 5586; x_wconf 87' lang='lat' dir='ltr'><strong>solvamus</strong></span> 
     </span>
    </p>
   </div>
   <div class='ocr_carea' id='block_1_116' title="bbox 2123 5617 3769 5695">
    <p class='ocr_par' dir='ltr' id='par_1_116' title="bbox 2123 5617 3769 5695">
     <span class='ocr_line' id='line_1_117' title="bbox 2123 5617 3769 5695; baseline -0.001 -18"><span class='ocrx_word' id='word_1_853' title='bbox 2123 5623 2447 5695; x_wconf 90' lang='lat' dir='ltr'><strong>quidquam</strong></span> <span class='ocrx_word' id='word_1_854' title='bbox 2471 5619 2542 5674; x_wconf 91' lang='lat' dir='ltr'><strong>de</strong></span> <span class='ocrx_word' id='word_1_855' title='bbox 2564 5617 2859 5672; x_wconf 86' lang='lat' dir='ltr'><strong>mandatis</strong></span> <span class='ocrx_word' id='word_1_856' title='bbox 2882 5617 3118 5685; x_wconf 86' lang='lat' dir='ltr'><strong>Christi,</strong></span> <span class='ocrx_word' id='word_1_857' title='bbox 3143 5619 3243 5673; x_wconf 89' lang='lat' dir='ltr'><strong>sed</strong></span> <span class='ocrx_word' id='word_1_858' title='bbox 3278 5618 3687 5691; x_wconf 88' lang='lat' dir='ltr'><strong>unusquisque</strong></span> <span class='ocrx_word' id='word_1_859' title='bbox 3705 5619 3769 5675; x_wconf 88' lang='lat' dir='ltr'><strong>in</strong></span> 
     </span>
    </p>
   </div>
   <div class='ocr_carea' id='block_1_117' title="bbox 2125 5705 3697 5783">
    <p class='ocr_par' dir='ltr' id='par_1_117' title="bbox 2125 5705 3697 5783">
     <span class='ocr_line' id='line_1_118' title="bbox 2125 5705 3697 5783; baseline -0.002 -18"><span class='ocrx_word' id='word_1_860' title='bbox 2125 5727 2238 5783; x_wconf 90' lang='lat' dir='ltr'><strong>quo</strong></span> <span class='ocrx_word' id='word_1_861' title='bbox 2270 5713 2506 5764; x_wconf 89' lang='lat' dir='ltr'><strong>vocatus</strong></span> <span class='ocrx_word' id='word_1_862' title='bbox 2537 5710 2643 5773; x_wconf 86' lang='lat' dir='ltr'><strong>est,</strong></span> <span class='ocrx_word' id='word_1_863' title='bbox 2678 5705 2735 5760; x_wconf 90' lang='lat' dir='ltr'><strong>in</strong></span> <span class='ocrx_word' id='word_1_864' title='bbox 2769 5723 2833 5761; x_wconf 89' lang='lat' dir='ltr'><strong>eo</strong></span> <span class='ocrx_word' id='word_1_865' title='bbox 2868 5712 3209 5777; x_wconf 88' lang='lat' dir='ltr'><strong>permaneat</strong></span> <span class='ocrx_word' id='word_1_866' title='bbox 3239 5705 3394 5778; x_wconf 91' lang='lat' dir='ltr'><strong>apud</strong></span> <span class='ocrx_word' id='word_1_867' title='bbox 3425 5706 3632 5763; x_wconf 87' lang='lat' dir='ltr'><strong>Deum.</strong></span> <span class='ocrx_word' id='word_1_868' title='bbox 3669 5729 3697 5756; x_wconf 85' lang='lat'>»</span> 
     </span>
    </p>
   </div>
  </div>
