4204 6476
315 425 438 490 853
1156 433 1260 495 DE
1304 434 1531 497 REGIS
1574 435 1937 498 PERSONA
1977 435 2080 498 E'l‘
2121 435 2357 498 HEGIO
2401 435 2883 501 MINISTERIO.
3595 435 3714 500 854

318 576 425 634 per
452 559 820 630 eharitatem,
853 565 910 618 et
937 566 1134 620 tamen
1154 563 1227 620 de
1246 563 1337 621 via
1358 565 1460 622 Dei
1494 583 1610 622 non
1639 567 1964 624 exorbitant
1991 571 2045 637 Α
2075 566 2208 623 CAP.
2242 566 2401 624 ΧΧΧ.
2436 599 2503 608 -
2533 571 2818 643 Quatenus
2846 571 2980 640 ﬁliis
3011 570 3092 643 vel
3128 569 3470 643 propinquis,
3501 570 3555 626 si
3590 585 3716 642 pec-

318 666 425 722 per
453 651 942 722 compassionem.
961 673 988 702 ››
1011 651 1154 708 Hinc
1185 657 1423 709 auctus
1451 655 1706 712 Joannes
1726 655 1965 728 Chryso-

1602 672 1706 712 nes
1726 655 1965 728 Chrysa.
2515 641 2778 706 caverint,
2807 656 3031 712 parcere
3055 640 3259 697 debeat.

322 741 552 796 atomus
605 739 770 811 (hom.
807 740 896 808 17)
923 740 996 797 de
1041 740 1232 797 verbis
1291 742 1583 814 Evangelii
1642 745 1965 800 secundum
2146 740 2420 798 Attendat
2441 749 2633 800 autem
2661 745 2932 818 princeps
2953 745 3008 800 in
3037 745 3484 820 propinquitatis
3515 763 3710 805 neces-

319 827 662 883 Matthmum
697 843 712 882 :
754 828 819 884 Si
871 831 1059 885 oculus
1115 837 1240 885 tuus
1286 829 1474 887 dexter
1517 832 1856 888 scandalizat
1895 841 1964 898 te,
2077 827 2456 899 situdinibus,
2483 835 2637 904 quod
2659 835 2792 888 etin
2821 833 2950 890 aliis
2973 835 3141 890 debet
3163 835 3540 901 attendere,id
3561 836 3716 908 quod

316 917 453 988 cjice
477 932 603 972 eum
630 925 681 972 et
703 917 910 988 projice
939 918 1034 973 abs
1065 926 1113 974 te
1144 918 1348 989 (Matth.
1381 937 1436 986 v,
1469 921 1562 989 29)
1595 937 1608 975 :
1644 943 1672 971 ‹‹
1705 923 1866 987 Quod
1916 922 1964 976 si
2077 917 2360 990 script-um
2383 925 2506 977 est:
2535 923 2640 988 Qui
2657 925 2937 980 abscondit
2953 925 3154 979 scelera
3171 939 3406 989 sua,non
3421 925 3716 996 dirigetur;

318 1005 392 1062 de
423 1005 705 1062 membris
735 1005 849 1061 ista
869 1005 1611 1080 loqueretur,nequaquam
1635 1009 1705 1065 de
1738 1010 1969 1076 uno,vel
2077 1008 2174 1077 qui
2197 1015 2378 1063 autem
2407 1013 2682 1080 confessus
2701 1013 2890 1082 fuerit,
2923 1021 2973 1068 et
3001 1012 3285 1083 reliquerit
3312 1029 3394 1078 ea,
3419 1014 3722 1068 misericor-

317 1095 392 1150 de
424 1095 626 1150 dextro
655 1093 716 1149 id
747 1095 937 1160 oculo,
957 1095 1059 1152 sed
1093 1096 1490 1152 indifferenter
1519 1097 1590 1152 de
1617 1102 1865 1170 utroque
1888 1099 1969 1153 di-
2075 1094 2226 1149 diam
2254 1106 2608 1168 consequetur
2635 1101 2818 1169 (Prov.
2869 1117 3065 1168 xxvm,
3096 1101 3212 1167 12);
3249 1099 3386 1171 quia
3433 1099 3718 1172 scriptum

316 1181 521 1238 xisset.
545 1181 655 1248 Qui
685 1181 843 1239 enim
873 1183 1072 1239 dextro
1105 1185 1541 1240 scandalizatur
1587 1185 1776 1252 oculo,
1808 1187 1965 1242 haud
2078 1187 2166 1238 cst
2189 1199 2201 1236 :
2225 1185 2447 1240 Declina
2469 1203 2504 1240 (ι
2529 1188 2694 1252 malo,
2715 1195 2766 1242 ct
2786 1191 2877 1259 fac
2899 1190 3184 1254 bonum,ct
3207 1189 3455 1244 inhabita
3478 1190 3534 1242 in
3554 1203 3724 1245 ,ςιτσιι-

317 1269 568 1327 dubium
599 1271 742 1343 quin
773 1271 1032 1344 idipsum
1064 1272 1324 1344 patiatur
1370 1273 1546 1329 etiam
1595 1275 1666 1329 de
1705 1274 1965 1330 sinistro.
2079 1271 2195 1325 lum
2213 1273 2410 1328 saeculi
2437 1275 2607 1341 (Psal.
2637 1293 2786 1338 xxxi,
2809 1275 3086 1342 ‘27.)Quia
3117 1276 3412 1332 confitenti
3461 1281 3518 1330 et
3546 1277 3725 1348 pmni-
3793 1300 3796 1306 ν

317 1361 506 1426 Quam
538 1359 720 1432 igitur
747 1359 820 1416 ob
850 1377 1091 1416 causam
1123 1365 1182 1416 et
1209 1361 1445 1416 oculum
1489 1363 1698 1418 dextra:
1741 1363 1969 1434 partis?
2076 1359 2223 1414 tenti
2255 1378 2368 1415 non
2392 1363 2610 1416 sufticit
2631 1361 2756 1418 sola
2774 1365 3082 1430 confessio,
3109 1364 3220 1419 nisi
3248 1369 3302 1420 et
3328 1365 3726 1436 subsequatur

321 1447 399 1504 Ut
418 1446 642 1504 scilicet
663 1447 1057 1517 disceres,non
1075 1449 1148 1505 de
1163 1449 1446 1505 membris
1465 1467 1594 1506 esse
1616 1467 1964 1520 sermonem,
2078 1448 2210 1502 facti
2235 1451 2584 1516 emendatio,
2612 1456 2676 1505 ut
2697 1453 2984 1522 paenitens
3024 1453 3357 1524 pumitenda
3383 1470 3498 1508 non
3530 1449 3724 1521 faciat,

319 1536 425 1594 sed
457 1536 528 1592 de
557 1535 650 1592 his
671 1537 869 1608 potius
889 1537 988 1610 qui
1011 1536 1180 1594 nobis
1202 1537 1600 1594 familiaritate
1612 1539 1965 1610 junguntur.
2078 1535 2230 1591 sicut
2274 1537 2454 1592 David
2487 1544 2746 1606 sanctus,
2781 1541 2880 1611 qui
2916 1545 3226 1612 postquam
3259 1540 3482 1596 audivit
3525 1558 3560 1596 a
3589 1557 3723 1613 pro-

317 1625 391 1682 Et
410 1625 460 1682 si
481 1624 662 1698 igitur
685 1629 914 1681 tantum
937 1625 1192 1698 aliquem
1213 1625 1447 1699 diligas,
1469 1631 1533 1682 ut
1555 1644 1622 1682 eo
1653 1626 1805 1684 oculi
1841 1631 1966 1683 uta-
2079 1623 2255 1696 pheta
2287 1642 2299 1680 :
2334 1626 2628 1682 Dimissum
2660 1636 2738 1683 est
2761 1637 3040 1700 peccatum
3066 1637 3221 1684 tuum
3251 1627 3323 1700 (ll
3351 1631 3590 1702 Reg.xu,
3613 1630 3722 1696 13),

232 1762 241 1768 .
315 1711 400 1768 ris
420 1711 564 1783 vice,
587 1715 690 1768 aut
715 1711 798 1768 ita
817 1712 923 1768 tibi
951 1713 1288 1784 quempiam
1311 1731 1439 1769 esse
1461 1713 1662 1770 utilem
1690 1719 1878 1788 putes,
1903 1718 1969 1770 ut
2078 1711 2357 1768 humilior
2388 1714 2576 1770 factus
2607 1721 2698 1772 est
2727 1717 2788 1770 in
2821 1717 3226 1772 emendatione
3254 1717 3496 1788 peccati,
3532 1719 3613 1773 ita
3661 1721 3726 1772 ut

314 1798 486 1856 illum
507 1801 719 1856 dextra:
741 1817 954 1858 manus
975 1801 1156 1856 ducas
1177 1801 1323 1867 loco,
1341 1807 1398 1858 et
1426 1802 1488 1858 hi
1518 1808 1717 1860 tamen
1753 1805 1965 1859 animae
2077 1799 2330 1856 cinerem
2361 1801 2514 1858 sicut
2542 1821 2750 1876 panem
2786 1806 3186 1870 manducet-et,
3219 1811 3277 1861 et
3308 1810 3509 1878 potum
3542 1823 3720 1862 suum

312 1893 428 1946 tuae
449 1888 716 1946 fortassis
756 1889 1215 1958 incommodant,
1231 1889 1406 1946 etiam
1437 1891 1830 1964 istos,inquit,
1851 1911 1885 1948 a
1909 1897 1967 1948 te
1993 1935 2043 2000 B
2079 1906 2214 1944 eum
2247 1890 2383 1945 fletu
2416 1891 2687 1946 misceret
2716 1893 2886 1964 (Psal.
2905 1896 2998 1962 cx).
3028 1917 3048 1941 α
3076 1892 3221 1958 Quia
3241 1911 3410 1966 smpe,
3431 1897 3496 1948 ut
3515 1895 3722 1950 beatus

312 1977 1134 2000 -ι.--ξ.ι--,ιλειξ.,,..ιξ-----ε...
1157 1979 1338 2000 :__-_..
1371 1981 1926 2000 ______m:__,,__._:,,,
2078 1977 2208 2000 _l!_2l.
2261 1979 2562 2000 n,_-__,,:,,,
2623 1981 2736 2000 [ειη
2799 1984 2810 2000 l
2862 1983 2921 2000 ιιι
3247 1985 3327 2000 ιιι
3420 1989 3430 2000 ι
3659 1985 3673 2000 ιι
3702 1983 3716 1995 ο

307 1977 1346 2052 abscide:etdiligentiusvimipsam
1367 1981 1958 2037 sermonisexamina.
1993 1977 2043 2000 ”
2072 1977 2213 2035 dicit
2260 1979 2572 2050 Gregorius
2620 1981 2830 2048 (Moral.
2862 1983 2965 2037 lib.
2999 2001 3121 2050 vm,
3155 2001 3206 2038 c.
3243 1985 3352 2052 tl),
3383 1989 3440 2038 et
3487 1983 3718 2056 reprobi

311 2067 441 2124 Non
471 2067 632 2124 enim
657 2066 826 2132 dixit,
843 2083 878 2122 a
901 2065 1110 2122 talium
1143 2067 1417 2123 societate
1437 2069 1690 2135 discede,
1713 2070 1814 2125 sed
1847 2086 1966 2124 ma-
2071 2071 2306 2138 peccata
2325 2084 2430 2123 con
2441 2063 2698 2136 fitentur,
2714 2071 2815 2125 sed
2837 2071 2907 2126 de
2931 2070 3021 2126 his
3039 2071 3292 2144 cogitare
3313 2074 3718 2128 contemnunt.

307 2154 529 2212 ximam
551 2155 981 2227 separationem
1007 2153 1274 2210 indicans
1297 2171 1310 2210 :
1334 2156 1498 2222 Erue,
1517 2155 1809 2228 inquit,ac
1833 2173 1961 2229 pro-
2070 2153 2251 2210 Electi
2288 2159 2482 2211 autem
2516 2155 2720 2228 culpas
2741 2175 3055 2230 suas,quas
3080 2159 3318 2214 vocibus
3337 2159 3722 2214 confessionis

293 2245 430 2318 jice.
455 2241 675 2300 Deinde
705 2242 844 2315 quia
872 2242 1016 2300 satis
1047 2260 1247 2299 severa
1268 2244 1874 2316 prmeeperatﬂucrum
1895 2263 1964 2301 ex
2072 2242 2367 2312 aperiunt,
2403 2243 2681 2298 districtis
2738 2245 3263 2302 animadversionis
3297 2246 3529 2302 fletibus
3569 2245 3722 2302 inse—

304 2335 558 2404 utroque
603 2330 792 2404 ipsius
839 2331 1161 2388 severitatis
1205 2332 1482 2398 ostendit,
1515 2333 1960 2389 translationem
2073 2331 2530 2401 quuntur.Unde
2551 2337 2606 2387 et
2628 2333 3246 2406 prepheta,postquam
3273 2334 3722 2406 sciniquitatcm

305 2421 468 2478 verbi
493 2423 616 2476 tam
639 2419 698 2476 in
724 2421 1200 2492 bonorumquam
1220 2419 1280 2475 in
1305 2420 1783 2476 malorumetiam
1800 2427 1962 2494 parte
2078 2435 2248 2473 suam
2283 2419 2660 2489 pronuntiare
2693 2421 3021 2492 spopondit,
3056 2423 3312 2494 cogitare
3343 2440 3405 2478 se
3434 2423 3608 2479 etiam
3654 2425 3726 2481 de

301 2507 610 2568 servando.
639 2507 872 2580 Expedit
893 2509 1046 2564 enim
1072 2509 1192 2576 tibi,
1227 2509 1440 2580 inquit,
1473 2517 1535 2565 ut
1571 2518 1761 2581 pereat
1788 2527 1964 2566 unum
2075 2505 2160 2560 eis
2211 2507 2494 2562 subdidit.
2542 2509 2621 2562 Ac
2669 2509 2714 2564 si
2767 2513 2964 2581 aperte
3017 2511 3296 2565 fateretur
3347 2510 3546 2567 dicens
3580 2529 3592 2568 :
3629 2513 3724 2568 Sic

301 2599 675 2654 membrorum
703 2604 942 2666 tuorum,
966 2612 1132 2668 quam
1159 2603 1328 2652 totum
1356 2613 1548 2668 corpus
1578 2605 1736 2652 tuum
1775 2599 1959 2654 mitta-
2073 2599 2297 2649 reatum
2349 2593 2553 2668 lingua
2603 2596 2882 2667 loquitur,
2919 2603 2983 2652 ut
3028 2615 3400 2669 nequaquam
3450 2615 3655 2671 expers
3689 2615 3718 2652 ο

303 2693 398 2742 tur
427 2687 486 2742 in
533 2684 839 2758 gehennam
883 2686 1106 2754 (Matth.
1139 2701 1194 2752 ν,
1225 2684 1338 2757 29).
1369 2685 1484 2740 Cur
1532 2686 1690 2740 enim
1745 2685 1962 2743 Paulus
2071 2682 2330 2738 maeroris
2363 2683 2603 2739 stimulo
2637 2701 2737 2756 per
2759 2685 2872 2740 alia
2903 2686 3158 2758 Spiritus
3181 2691 3458 2760 vagetur:
3485 2688 3585 2744 sed
3606 2687 3724 2744 cul-

308 2773 555 2847 optabat
583 2773 898 2830 anathema
923 2773 1084 2830 ﬁeri?
1115 2773 1287 2845 (Rom.
1328 2777 1428 2842 1x).
1463 2775 1588 2830 Non
1642 2773 1848 2846 utique
1895 2780 1962 2830 ut
2073 2787 2178 2842 pas
2211 2771 2458 2843 loquens
2487 2773 2698 2828 vulnus
2727 2774 2956 2844 aperio;
2991 2774 3196 2845 culpas
3243 2791 3375 2830 vero
3425 2777 3494 2830 ad
3527 2793 3720 2832 corre-

311 2861 462 2918 nihil
493 2862 629 2918 inde
659 2861 806 2918 lucri
838 2865 1087 2934 caperet,
1119 2863 1222 2917 sed
1254 2865 1320 2917 ut
1347 2861 1492 2918 alios
1524 2862 1852 2934 acquireret
1898 2863 1958 2918 in
2069 2858 2320 2915 ctionem
2353 2860 2638 2931 cogitans,
2669 2861 2916 2917 salutem
2947 2861 3206 2917 vulneris
3236 2881 3303 2918 ex
3335 2863 3721 2920 medicamine

311 2951 587 3008 salutem.
623 2951 726 3007 Hic
755 2966 910 3018 vero,
941 2950 1000 3005 id
1031 2949 1228 3022 ipsum
1259 2949 1438 3016 enim,
1468 2949 1642 3006 etiam
1675 2951 1746 3006 de
1784 2969 1962 3007 causa
2070 2948 2340 3004 mmroris
2371 2948 2709 3021 quaaro.Qui
2735 2949 2892 3004 enim
2922 2950 3076 3006 mala
3105 2951 3343 3022 quidem
3375 2969 3501 3024 quae
3521 2969 3720 3026 perpe-

309 3039 546 3112 reprobi
574 3038 774 3095 fratris
805 3038 1082 3112 intellige.
1117 3038 1358 3110 Utrique
1390 3037 1598 3095 noxius
1627 3043 1734 3106 est,
1769 3044 1826 3096 et
1872 3039 1958 3095 id-
2075 3037 2246 3091 travit
2271 3035 2552 3108 insinuat,
2585 3039 2685 3093 sed
2718 3039 2854 3093 flere
2885 3056 3012 3111 quae
3053 3039 3438 3096 insinuaverit
3466 3045 3715 3111 recusat,

307 3127 463 3184 circo
495 3144 612 3184 non
645 3126 745 3194 ait,
777 3144 915 3183 erue
937 3127 1368 3193 tantummodo,
1400 3127 1500 3182 sed
1531 3131 1588 3182 et
1613 3129 1838 3200 projice,
1869 3128 1958 3184 in-
2069 3124 2238 3196 quasi
2271 3126 2562 3180 subducta
2593 3131 2751 3182 veste
2786 3125 3002 3183 vulnus
3043 3127 3280 3200 detegit,
3313 3129 3414 3184 sed
3465 3129 3720 3202 torpenti

307 3217 459 3290 quit,
490 3217 586 3272 abs
609 3224 681 3287 te,
715 3221 782 3272 ut
809 3233 944 3272 eum
977 3232 1280 3288 nunquam
1313 3215 1559 3287 recipias
1605 3215 1872 3285 ulterius,
1909 3217 1958 3273 si
2069 3218 2261 3268 mente
2293 3213 2784 3269 medicamentum
2831 3215 3054 3270 vulneri
3108 3233 3224 3270 non
3271 3215 3534 3288 apponit.
3567 3219 3718 3274 Con-

305 3303 502 3378 qualis
533 3305 724 3362 fuerat
753 3308 1098 3378 perseverat.
1132 3305 1249 3360 Hoc
1281 3305 1438 3360 enim
1469 3305 1642 3360 modo
1689 3309 1746 3360 et
1790 3304 1958 3361 illum
1991 3291 2034 3359 C
2073 3300 2344 3357 fessionis
2375 3301 2554 3374 igitur
2581 3319 2778 3357 vocem
2810 3303 2971 3360 solus
3004 3321 3238 3359 necesse
3269 3309 3358 3359 est
3403 3309 3468 3360 ut
3511 3323 3724 3362 maeror

305 3394 532 3466 majore
563 3393 808 3449 crimine
831 3391 1200 3459 liberabis,et
1220 3397 1276 3448 te
1295 3411 1329 3448 a
1357 3393 1682 3465 perditione
1703 3392 1956 3451 salvebis
2063 3390 2376 3455 excruciet,
2393 3409 2464 3446 ne
2502 3391 2717 3446 vulnus
2753 3391 3104 3463 productum
3136 3397 3191 3448 et
3221 3391 3573 3466 neglectum,
3607 3411 3722 3466 quo

304 3481 380 3540 Ut
411 3485 608 3538 autem
639 3481 1010 3538 manifestius
1031 3481 1404 3537 ccmmodum
1432 3481 1604 3537 istius
1625 3481 1770 3555 legis
1798 3483 1954 3556 aspi-
2063 3479 2480 3549 licentiusjam
2515 3497 2619 3552 per
2649 3479 2969 3535 humanam
3013 3479 3280 3535 notitiam
3301 3479 3584 3553 tangitur,
3617 3482 3719 3538 de-

303 3571 450 3640 cias,
483 3571 533 3626 si
565 3569 756 3644 placet
779 3570 956 3626 etiam
1001 3569 1062 3624 in
1113 3587 1352 3642 corpore
1393 3571 1564 3642 juxta
1611 3587 1851 3628 causam
1894 3570 1954 3626 id
2063 3567 2246 3624 terius
2287 3573 2604 3640 putrescat.
2631 3569 2941 3623 Psalmista
2971 3586 3108 3640 ergo
3141 3569 3344 3642 plagas
3375 3570 3568 3626 cordis
3598 3587 3714 3626 non

304 3660 464 3732 quod
495 3658 718 3716 dictum
749 3663 840 3716 est
866 3657 1255 3731 requiramus.
1291 3659 1350 3715 Si
1381 3659 1536 3715 enim
1567 3661 1804 3716 daretur
1848 3661 1958 3717 ele-
2063 3655 2254 3712 solum
2287 3655 2598 3721 detexerat,
2613 3657 2712 3711 sed
2744 3656 2986 3712 detectis
3008 3655 3182 3712 etiam
3216 3657 3708 3714 medicamentum

304 3749 444 3816 ctio,
465 3763 769 3820 unumque
795 3751 950 3804 esset
971 3747 1370 3803 necessarium
1401 3747 1472 3804 de
1504 3748 1958 3814 duobus,videli-
2064 3743 2324 3800 maeroris
2369 3744 2702 3810 adhibebat,
2739 3745 2938 3800 dicens
2971 3761 2984 3798 :
3017 3747 3366 3815 lniquitatem
3403 3763 3582 3801 meam
3607 3763 3706 3816 ego

306 3841 400 3894 cet
424 3839 526 3892 aut
555 3853 691 3892 cum
722 3835 1011 3892 ambobus
1039 3835 1226 3891 oculis
1255 3835 1314 3890 in
1348 3836 1570 3891 foveam
1593 3853 1759 3892 ruere
1780 3839 1957 3910 atque
2058 3833 2376 3904 pronuntio,
2409 3840 2459 3886 ct
2488 3834 2733 3900 cogitabo
2757 3849 2856 3902 pro
2883 3841 3096 3902 peccato
3143 3849 3258 3888 meo
3287 3834 3458 3900 (Psal.
3490 3850 3700 3900 xxxv",

309 3924 530 3981 ibidem
561 3923 846 3996 deperire,
875 3929 977 3980 aut
1006 3924 1228 3996 absque
1277 3941 1394 3980 uno
1443 3924 1610 3980 oculo
1662 3925 1954 3997 reliquum
2066 3921 2174 3989 19).
2211 3920 2644 3975 Pronuntiando
2675 3919 2830 3974 enim
2863 3919 3156 3975 occultum
3205 3920 3419 3976 vulnus
3451 3922 3706 3994 detegit;

307 4013 537 4070 salvare
587 4029 824 4084 corpus,
856 4017 1108 4086 putasne
1154 4029 1186 4068 e
1234 4011 1466 4068 duobus
1513 4013 1810 4086 suscipere
1839 4031 1955 4070 non
2063 4007 2370 4080 cogitando
2401 4011 2594 4062 autem
2628 4007 2766 4078 quid
2799 4007 2959 4062 aliud
3003 4025 3181 4079 quam
3215 4007 3706 4066 medicamentum

309 4099 521 4157 malles
553 4101 917 4156 secundum?
947 4103 1018 4156 At
1047 4101 1204 4156 istud
1235 4101 1509 4156 omnibus
1539 4100 1760 4173 absque
1775 4103 1958 4158 ambi-
2062 4096 2284 4152 vulneri
2317 4095 2594 4168 apponit?
2621 4097 2730 4151 Sed
2761 4095 2990 4152 afﬂicta:
3023 4095 3225 4161 menti,
3245 4101 3302 4151 et
3334 4114 3444 4152 sua
3463 4097 3708 4154 sollicite

307 4189 534 4263 guitate
553 4187 932 4262 perapicuum
953 4189 1200 4245 est.Non
1221 4189 1378 4244 enim
1399 4189 1508 4244 hoc
1533 4194 1689 4246 esset
1703 4190 1956 4248 edientis
2065 4185 2283 4241 damna
2311 4184 2612 4256 cogitanti,
2649 4183 2773 4238 rixa
2791 4200 2895 4256 pro
2927 4185 3244 4255 semetipsa
3273 4183 3461 4240 oritur
3505 4189 3708 4242 contra

308 4277 572 4346 oculum,
587 4278 690 4334 sed
711 4293 924 4349 corpus
944 4275 1237 4349 reliquum
1258 4276 1697 4348 diligentis.»Et
1717 4283 1957 4336 sanctus
2065 4273 2268 4328 semeti
2275 4287 2463 4344 psam.
2481 4273 2624 4327 Nam
2651 4289 2784 4327 cum
2809 4289 2870 4327 sc
2891 4273 2958 4327 ad
2981 4271 3236 4328 lamenta
3259 4271 3606 4344 pceniteniiaa
3631 4275 3712 4329 in-

309 4365 700 4438 Hieronymus
730 4364 789 4419 in
827 4365 1256 4420 Commentario
1307 4363 1582 4433 Matthaai,
1615 4365 1688 4420 de
1735 4365 1957 4422 eisdem
2067 4360 2263 4433 stigat,
2285 4359 2518 4416 occulta
2547 4377 2608 4415 se
2643 4360 3035 4432 increpatione
3066 4359 3368 4416 dilaniat.»
3391 4361 3508 4416 Hoc
3540 4363 3713 4418 modo

305 4452 504 4511 verbis
554 4451 787 4508 Domini
839 4450 1086 4508 dicentis
1119 4471 1132 4508 :
1167 4453 1232 4508 Si
1276 4461 1464 4508 oculus
1511 4460 1634 4508 tuus
1664 4453 1850 4509 dexter
1874 4455 1958 4510 vel
2065 4446 2359 4522 principes
2385 4447 2522 4502 ﬁliis
2553 4448 2639 4503 vel
2674 4449 3040 4520 prepinquis,
3067 4447 3114 4504 si
3137 4449 3521 4521 peccaverint,
3555 4466 3712 4507 reco-

305 4558 510 4598 manus
539 4539 878 4597 scandalth
905 4548 974 4606 te,
1006 4557 1134 4596 erue
1161 4541 1244 4596 vel
1273 4540 1508 4606 abscide,
1539 4548 1591 4596 et
1620 4543 1822 4614 projice
1861 4543 1958 4599 abs
2065 4535 2485 4610 gnoscentibus
2513 4553 2580 4592 ac
2613 4537 3034 4608 paenitentibus
3076 4556 3312 4610 parcere
3357 4539 3547 4608 debet,
3580 4538 3718 4596 alio-

307 4637 360 4686 ιθ
391 4647 410 4684 :
445 4651 472 4679 «
496 4627 560 4684 In
592 4627 810 4695 dextro,
846 4625 1058 4698 inquit,
1085 4626 1272 4696 oculo,
1295 4631 1353 4682 et
1381 4626 1617 4682 dextera
1645 4628 1962 4696 manu,fra-
1993 4643 2035 4708 ῃ
2068 4625 2210 4698 quin
2241 4625 2556 4680 vindictam
2581 4625 2904 4681 secundum
2924 4627 3162 4681 modum
3188 4627 3372 4700 culpae
3392 4628 3447 4682 in
3471 4645 3714 4699 peccan-

306 4722 492 4783 trum,
523 4719 583 4772 et
615 4731 881 4785 uxorum,
915 4718 973 4770 et
1001 4713 1340 4780 liberorum,
1375 4719 1550 4786 atque
1581 4715 1870 4785 affinium,
1903 4721 1961 4774 et
2069 4721 2156 4770 tes
2175 4713 2529 4770 exercere.Si
2561 4713 2716 4768 enim
2744 4714 2897 4769 Deus
2920 4713 3108 4781 Pater,
3132 4715 3356 4770 utdicit
3381 4715 3712 4788 Apostolus,

308 4805 781 4879 propinquorum
811 4805 1174 4871 monstratur
1193 4803 1648 4875 all‘ectus:quos
1667 4803 1716 4860 si
1739 4804 1810 4859 ad
1832 4820 1964 4860 con-
2067 4805 2289 4875 proprio
2328 4803 2466 4858 Filio
2515 4819 2626 4857 non
2668 4805 2925 4874 pepercit,
2959 4803 3049 4858 sed
3101 4821 3202 4874 pro
3254 4805 3411 4859 nobis
3467 4803 3716 4858 omnibus

309 4891 718 4966 templandam
731 4908 924 4947 veram
945 4890 1136 4948 lucem
1159 4891 1326 4947 nobis
1347 4891 1764 4964 impedimento
1785 4893 1964 4948 cerni-
2071 4889 2300 4948 tradidit
2333 4891 2492 4945 illam
2519 4891 2700 4962 (Ilo-ni,
2725 4908 2844 4956 vm,
2877 4892 3060 4962 32),et
3090 4896 3281 4946 tamen
3316 4891 3482 4946 Pater
3502 4891 3720 4946 amavit

311 4981 762 5048 mus,debemus
783 4983 1054 5036 truncare
1083 4979 1415 5036 istiusmodi
1437 4980 1802 5048 actiones,ne
1821 4981 1962 5036 dum
2075 4979 2490 5050 Filium,quem
2522 4981 2594 5034 ad
2627 4979 2957 5050 passionem
2985 4979 3162 5046 misit,
3188 4978 3309 5049 qui,
3327 4981 3391 5033 ut
3419 4978 3556 5034 item
3578 4979 3719 5034 dicit

309 5069 591 5127 volumus
625 5068 773 5124 lucri
803 5073 1042 5124 caeteros
1065 5069 1268 5136 facere,
1295 5067 1404 5140 ipsi
1436 5067 1494 5124 in
1524 5074 1804 5126 aeternum
1837 5088 1962 5142 per-
2072 5067 2404 5140 Apostolus,
2437 5085 2500 5122 se
2533 5086 2634 5138 pro
2685 5066 2940 5121 Ecclesia
2991 5065 3233 5120 tradidit
3264 5066 3474 5137 (Ephes.
3506 5066 3583 5137 v),
3619 5083 3718 5122 ne-

314 5175 544 5216 eamus.
573 5158 736 5214 Unde
766 5157 980 5214 dicitur
1005 5162 1060 5214 et
1091 5159 1160 5213 de
1193 5159 1491 5213 sacerdote
1530 5176 1762 5226 magno,
1794 5160 1966 5231 cujus
2075 5155 2327 5212 cessat-io
2361 5157 2799 5227 [)l'thOllClel'ilI'C
2830 5156 3000 5208 debet
3033 5173 3141 5224 pax
3170 5154 3436 5210 Ecclesiae
3491 5155 3720 5210 univer-

313 5231 520 5305 anima
549 5246 784 5303 Domini
813 5246 996 5302 cultui
1027 5247 1292 5302 dedicata
1328 5251 1417 5302 est
1449 5265 1461 5300 :
1494 5247 1675 5318 Supra
1717 5256 1892 5319 patre,
1919 5255 1971 5302 et
2078 5245 2312 5300 salis.et
2350 5244 2616 5298 soliditas
2645 5241 2955 5313 generalis,
2981 5241 3275 5297 dilectioni
3297 5243 3471 5298 etiam
3505 5242 3719 5311 dilecti,

311 5343 512 5403 matre,
543 5341 598 5392 et
623 5335 762 5406 ﬁliis
816 5351 929 5392 non
977 5335 1255 5407 polluetur
1302 5337 1444 5405 (Leu,
1477 5353 1594 5402 xx1,
1629 5336 1736 5407 11),
1770 5335 1826 5390 id
1883 5341 1972 5390 est
2079 5333 2262 5388 multo
2295 5333 2482 5405 magis
2513 5336 2707 5385 autem
2741 5329 3043 5402 degeneris
3075 5331 3199 5384 filii.

313 5423 549 5482 nullum
581 5423 854 5480 affectum
885 5423 1050 5490 sciet,
1084 5423 1196 5480 nisi
1228 5425 1357 5495 ejus
1387 5425 1557 5496 cujus
1587 5423 1771 5478 cultui
1801 5424 1968 5479 dedi-

315 5481 488 5570 catus
519 5516 628 5569 est.
666 5534 695 5562 ››
1038 5481 1049 5490 ’
1255 5481 1279 5495 υ
1454 5481 1477 5496 υ
2070 5485 2214 5540 ὈΑΡ.
2246 5483 2431 5540 XXXI.
2467 5512 2532 5520 —
2561 5483 2625 5536 In
2653 5481 3251 5570 nutr’iu'iiset’publicis
3281 5483 3612 5538 criminibus
3654 5501 3727 5538 an

2699 5549 3110 5622 imlulgcndnm.

2153 5688 2258 5756 Qui
2291 5692 2486 5744 autem
2517 5686 2586 5741 de
2619 5684 2890 5740 maximis
2921 5688 2978 5740 et
3009 5684 3258 5756 publicis
3290 5687 3640 5744 criminibus
3658 5705 3728 5744 ex
