4204 6494
505 421 626 490 855

1285 420 1662 483 HlNGMARI
1705 419 1947 482 RHEM.
1996 418 2359 482 ARCHIEP.
2403 417 2812 480 OPUSCULA
2860 417 3118 479 VARIA.

509 552 681 610 corde
707 567 770 608 se
799 568 916 608 non
945 549 1240 619 humiliat,
1271 552 1373 608 sed
1421 553 1493 608 ad
1522 552 1883 610 excusandas
1913 567 2148 608 exeusa—
2257 552 2362 617 tat,
2393 550 2607 606 docens
2656 553 2722 606 ut
2767 549 2826 606 in
2871 549 3007 606 boni
3058 549 3297 607 rectoris
3344 553 3582 623 pectore
3627 549 3712 608 sit
3747 549 3922 624 virga

507 641 698 698 tiones
711 640 772 696 in
793 640 1066 714 peccatis,
1086 645 1325 714 peccata
1339 659 1449 697 sua
1469 641 1776 697 defendere
1802 645 1988 708 curat,
2015 639 2152 695 huic

509 747 626 788 non
677 729 1071 803 impendenda
1125 733 1216 786 cst
1256 729 1674 798 misericordia,
1707 729 1847 801 quia
1890 728 2150 802 praestari

509 819 846 876 nullatenus
877 817 1150 892 praevalet
1173 815 1556 892 indulgentia,
1573 817 1724 874 sicut
1761 821 2000 874 sanctus
2029 817 2151 873 Coe-

507 907 760 966 lestinus
777 907 838 963 in
864 905 1110 980 epistola
1127 907 1200 964 ad
1225 905 1554 963 Nestorium
1578 906 1934 974 manifestat,
1953 906 2153 964 dicens

440 1026 444 1029 -
512 997 692 1070 (epist.
716 998 770 1066 4)
795 1013 808 1053 :
834 1019 862 1046 «
891 996 1213 1068 Persequar
1232 995 1402 1068 plane
1437 996 1572 1052 boni
1605 995 1834 1052 Domini
1868 995 1981 1051 mei
2013 995 2152 1050 ﬁde-

511 1085 586 1142 lis
616 1103 819 1142 servus
847 1083 1137 1152 inimicos,
1161 1101 1296 1140 cum
1327 1085 1614 1157 Propheta
1640 1087 1864 1140 asserat
1892 1101 1991 1140 eos
2020 1083 2152 1138 odio

514 1191 576 1232 se
607 1171 800 1230 odisse
829 1173 1083 1246 perfecto
1115 1174 1283 1246 (Psal.
1317 1176 1605 1242 cxxxvm).
1654 1173 1875 1229 Memor
1925 1188 2150 1239 rursus,

515 1262 694 1320 altero
749 1261 1044 1336 loquente,
1076 1279 1148 1318 ne
1203 1279 1460 1334 parcam,
1521 1278 1697 1334 quem
1755 1261 1843 1318 vis
1897 1260 1992 1317 hic
2047 1277 2154 1334 ego

512 1350 860 1424 respiciam?
889 1350 983 1407 cui
1029 1349 1268 1408 honoris
1316 1349 1538 1423 aliquid
1581 1367 1888 1414 reservem.
1922 1349 2156 1422 quando

515 1440 730 1516 agitur,
764 1443 832 1496 ut
877 1439 1024 1496 mihi
1079 1440 1259 1496 totius
1307 1439 1432 1513 spei
1480 1457 1621 1496 mea:
1669 1456 1849 1496 causa
1883 1438 2158 1495 tollatur?

517 1521 708 1602 lpsius
731 1529 791 1584 in
819 1527 1126 1602 Evangelio
1156 1528 1333 1584 verba
1371 1532 1512 1585 sunt
1537 1527 1792 1596 Domini,
1815 1529 2035 1600 quibus
2055 1527 2156 1598 ait,

516 1635 632 1675 non
663 1617 774 1676 sibi
805 1621 1051 1691 patrem,
1084 1634 1202 1674 non
1251 1621 1521 1686 matrem,
1545 1635 1662 1673 non
1708 1617 1880 1686 filios,
1905 1634 2020 1673 non
2053 1616 2158 1673 ali-

517 1724 694 1781 quam
726 1705 1218 1764 necessitudinem
1248 1706 1456 1763 debere
1487 1705 1745 1779 praeponi
1779 1706 1987 1779 (Matth.
2018 1707 2156 1774 xIx).

515 1795 741 1854 Etenim
765 1794 900 1854 talis
933 1795 1265 1868 frequenter
1284 1798 1374 1852 est
1403 1795 1609 1868 pictas,
1643 1812 1711 1851 ex
1741 1812 1858 1868 qua
1885 1799 2162 1851 nascatur

2258 639 2756 708 districtionis,sit
2783 644 2841 695 et
2867 655 3086 695 manna
3113 639 3441 696 dulcedinis
3474 657 3488 698 :
3524 640 3611 697 sit
3626 639 3920 698 districtio

2257 726 2430 799 virgae
2460 743 2588 798 quae
2612 727 2798 793 feriat,
2831 727 2910 784 sit
2933 733 2991 784 et
3018 727 3338 785 consolatio
3367 727 3566 785 baculi
3609 745 3748 801 quae
3791 747 3917 786 sus-

2261 818 2477 882 tentet;
2509 815 2586 870 sit
2613 832 2799 884 amor,
2829 815 2932 872 sed
2963 833 3076 873 non
3106 815 3440 885 emolliens;
3471 815 3556 873 sit
3593 817 3788 891 vigor,
3817 817 3918 874 sed

2262 919 2376 961 non
2437 919 2814 975 cxaspcrans;
2849 903 2927 959 sit
2981 903 3161 969 zelus,
3195 904 3296 960 sed
3355 920 3469 960 non
3519 904 3918 962 immoderate

2263 991 2535 1060 saeviens;
2568 992 2647 1047 sit
2675 993 2880 1065 pictas,
2915 994 3016 1049 sed
3077 1011 3191 1049 non
3241 993 3374 1067 plus
3421 1009 3611 1066 quam
3653 995 3920 1066 expediat

2261 1097 2527 1154 parcens,
2559 1081 2644 1136 Ad
2676 1081 3006 1154 exemplum
3040 1082 3218 1155 Moysi
3251 1083 3672 1154 (Exod.xxxu),
3692 1089 3752 1140 et
3771 1089 3920 1140 amet

2263 1170 2377 1243 pic,
2410 1174 2468 1227 et
2497 1169 2694 1226 saviat
2723 1169 3002 1227 distrietc.
3035 1171 3182 1227 Nam
3229 1187 3366 1227 cum
3417 1171 3789 1229 lsracliticus
3831 1191 3920 1246 po-

2264 1259 2440 1332 pulus
2469 1262 2604 1315 ante
2633 1259 2735 1315 Dei
2763 1259 2964 1316 oculos
2994 1275 3140 1332 pene
3161 1259 3582 1318 inveniabilem
3605 1263 3920 1320 contraxis-

2264 1351 2355 1405 set
2385 1349 2689 1414 oll'ensam,
2720 1365 2824 1420 pro
2871 1349 3074 1405 eodem
3123 1349 3337 1422 populo
3383 1367 3446 1406 se
3487 1349 3799 1424 opposuit.
3837 1353 3914 1406 Ad

2265 1438 2538 1494 eumdem
2567 1454 2702 1494 vero
2733 1436 3017 1510 populum
3065 1437 3322 1506 veniens,
3354 1455 3693 1512 paucorum
3739 1439 3915 1496 vitam

2264 1525 2458 1596 gladio
2487 1525 2788 1593 exstinxit,
2813 1525 2912 1598 qui
2943 1525 3121 1582 vitam
3152 1527 3418 1584 omnium
3441 1528 3632 1584 etiam
3655 1545 3792 1584 cum
3815 1546 3914 1584 sua

2267 1619 2455 1671 morte
2486 1615 2655 1687 petiit
2686 1632 2699 1670 :
2729 1615 2876 1670 dans
2905 1615 3228 1672 rectoribus
3248 1615 3522 1674 discretis
3552 1617 3913 1691 exemplum,

2268 1709 2333 1761 ut
2363 1705 2914 1778 recognoscentibus
2961 1708 3021 1761 et
3063 1721 3194 1760 vere
3237 1706 3669 1762 confitentibus
3700 1724 3770 1764 ac
3799 1724 3913 1779 pce-

2269 1793 2592 1850 nitentibus
2674 1798 2936 1866 parcant,
2985 1798 3044 1850 et
3105 1794 3534 1868 ineorrigibiles
3618 1800 3798 1872 atque
3855 1797 3911 1851 in

515 1884 809 1959 impietas,
833 1901 988 1953 cum,
1007 1883 1272 1940 vincente
1301 1884 1497 1940 carnis
1533 1884 2046 1951 affectu,charitati
2075 1883 2160 1939 illi
2189 1914 2238 1980 Β
2269 1887 2504 1954 peccato
2533 1887 2966 1955 perseverantes
2994 1884 3296 1954 damnent,
3327 1883 3482 1940 sicut
3530 1885 3744 1943 Petrus
3771 1889 3910 1942 Ana-

517 1991 644 2047 quaa
693 1973 850 2030 Deus
905 1977 1013 2041 est,
1047 1972 1306 2030 charitas
1358 1973 1716 2046 praeponitur
1755 1972 2092 2046 corporalis.
2128 1994 2156 2022 ››

515 2065 587 2138 Et
627 2065 872 2120 sanctus
919 2061 1232 2134 Gregorius
1282 2061 1341 2116 in
1391 2061 1540 2116 libro
1583 2060 1864 2118 Pastol‘ali
1897 2061 2060 2134 (part.
2095 2077 2157 2117 ιι.

517 2152 655 2224 (cap.
699 2151 802 2222 6):
839 2173 866 2200 α
901 2150 1050 2217 Quia
1104 2149 1272 2218 falsa,
1325 2149 1536 2222 inquit,
1585 2150 1798 2223 pietate
1849 2154 2160 2223 superatus

519 2240 689 2298 ferire
721 2238 841 2296 Heli
868 2239 1274 2311 delinquentes
1331 2237 1481 2294 ﬁlios
1530 2237 1736 2306 noluit,
1770 2238 1925 2310 apud
1963 2239 2158 2294 distri-

519 2332 680 2386 ctum
703 2327 965 2400 judiccm
997 2327 1378 2400 semetipsum
1406 2344 1543 2384 eum
1573 2327 1711 2382 ﬁliis
1740 2326 1963 2382 creduli
1995 2328 2158 2383 dam-

519 2417 753 2474 natione
785 2416 1092 2489 percussit.
1117 2415 1264 2472 Hinc
1294 2433 1549 2488 namque
1596 2415 1794 2471 divina
1837 2433 1976 2472 voce
2016 2415 2158 2471 dici-

519 2511 618 2562 tur
649 2523 664 2562 :
700 2505 1092 2576 Houoriﬁeasti
1139 2505 1284 2576 ﬁlios
1313 2513 1431 2560 tuos
1474 2505 1601 2576 plus
1639 2521 1804 2576 quam
1849 2522 1934 2560 me
1959 2506 2006 2576 (1
2034 2506 2156 2577 Reg.

519 2613 582 2662 ιι,
612 2593 725 2668 29).
757 2595 905 2650 Nam
945 2593 1009 2649 in
1055 2610 1221 2650 sacra
1265 2593 1519 2650 Historia
1565 2592 1797 2666 legitur,
1833 2594 1988 2666 quod
2039 2593 2161 2650 Heli

519 2683 674 2741 filios
704 2700 844 2740 suos
871 2681 1064 2740 verbis
1093 2681 1328 2756 quidem
1369 2682 1669 2754 corripuit,
1703 2683 1804 2738 sed
1857 2682 2160 2739 severitate

519 2771 888 2831 discretionis
909 2775 975 2828 ut
1001 2771 1206 2828 debuit
1234 2788 1350 2827 non
1391 2771 1657 2828 correxit.
1681 2771 1844 2828 Unde
1893 2771 2004 2844 ipsi
2054 2771 2158 2826 lilii

520 2861 611 2918 sui
643 2861 703 2916 in
733 2859 886 2918 bello
915 2859 1092 2916 occisi
1122 2865 1280 2928 sunt,
1314 2863 1372 2916 et
1420 2877 1555 2916 area
1605 2859 1706 2916 Dei
1755 2864 1925 2933 capta
1961 2864 2070 2927 est,
2101 2863 2162 2916 et

519 2949 774 3008 maxima
803 2949 987 3006 caedes
1017 2949 1078 3004 in
1101 2947 1314 3022 populo
1345 2949 1498 3005 facta
1527 2954 1634 3018 est,
1669 2953 1726 3004 et
1756 2949 1880 3021 ipse
1927 2947 2050 3004 Heli
2089 2949 2161 3004 de

519 3038 662 3096 sella
689 3037 916 3104 cecidit,
943 3041 1000 3094 et
1046 3038 1244 3093 fractis
1285 3036 1605 3093 cervicibus
1663 3054 1799 3093 eum
1853 3035 2176 3092 sacerdotii

518 3125 848 3200 principatu
897 3124 1074 3181 etiam
1119 3125 1298 3180 vitam
1348 3125 1620 3197 perdidit.
1656 3147 1685 3175 »
1715 3125 1786 3180 Et
1815 3126 2024 3181 beatus
2051 3126 2162 3180 Au-

517 3213 794 3288 gustinus
840 3213 900 3269 in
943 3213 1195 3286 cpistola
1241 3213 1315 3269 ad
1360 3213 1769 3270 Maccdonium
1809 3214 1984 3286 (epist.
2015 3215 2108 3283 54)
2142 3231 2155 3268 :

519 3325 548 3355 «
580 3303 706 3359 Non
735 3301 1018 3361 inutiliter
1047 3307 1208 3358 metu
1238 3301 1437 3376 legum
1467 3303 1729 3358 humana
1748 3305 2046 3358 coercetur
2065 3319 2162 3358 au-
2187 3275 2232 3342 (ἶ

521 3391 709 3459 dacia,
737 3395 804 3446 ut
829 3395 888 3446 et
916 3395 1044 3446 tuta
1071 3390 1148 3447 sit
1176 3389 1329 3447 inter
1371 3391 1670 3464 improbos
1719 3391 2071 3458 innocentia,
2104 3395 2163 3446 et

520 3479 582 3536 in
612 3479 758 3553 ipsis
786 3479 1248 3552 improbis,dum
1269 3479 1574 3536 formidato
1596 3479 1884 3552 supplicio
1903 3479 2164 3534 frenatur

523 3567 1072 3636 facultas,invocato
1115 3567 1232 3624 Deo
1267 3572 1506 3625 sanetur
1524 3567 1853 3624 voluntas.»
1872 3567 2051 3624 Sicuti
2075 3571 2165 3624 est

522 3657 679 3713 enim
709 3655 1024 3729 aliquando
1047 3655 1446 3712 misericordia
1475 3656 1843 3729 puniens,ita
1871 3661 1928 3712 et
1956 3657 2162 3712 crude-

520 3745 658 3802 litas
686 3761 952 3818 parcens.
985 3745 1131 3804 Nam
1163 3743 1214 3800 si
1240 3743 1410 3802 aliter
1438 3761 1555 3801 non
1572 3745 1788 3801 meruit
1825 3745 2037 3802 habere
2068 3763 2162 3817 pa-

521 3850 646 3890 cem
677 3835 892 3890 domus
920 3832 1122 3900 David,
1143 3831 1256 3889 nisi
1277 3832 1530 3891 Absalou
1563 3832 1720 3889 ﬁlius
1741 3835 1868 3906 ejus
1899 3833 1956 3889 in
1989 3833 2160 3900 bello,

521 3923 676 3996 quod
732 3925 935 3979 contra
971 3926 1212 3994 patrem
1259 3923 1514 3995 gerebat,
1555 3921 1764 3979 fuisset
1818 3923 2160 3991 exstinctus,

521 4012 792 4084 quamvis
813 4028 1025 4084 magna
1043 4027 1183 4068 cura
1202 4010 1562 4068 mandaverit
1577 4010 1795 4077 suis,ut
1819 4027 1953 4067 eum
1977 4028 2134 4082 quan
2149 4041 2163 4052 -

521 4103 648 4156 tum
678 4103 919 4170 possent
947 4098 1139 4154 vivum
1173 4097 1517 4171 salvumque
1565 4103 1879 4168 servarent,
1912 4103 1970 4155 et
2009 4103 2165 4156 esset

522 4187 616 4244 cui
647 4185 949 4260 pmnitcnti
981 4190 1258 4260 paternus
1299 4187 1540 4244 affectus
1573 4187 1914 4260 ignosceret,
1939 4187 2079 4259 quid
2111 4186 2163 4242 ei

522 4275 736 4332 restitit
764 4274 875 4332 nisi
909 4275 1200 4348 perditum
1221 4277 1376 4344 flere,
1399 4279 1458 4332 et
1488 4275 1581 4330 sui
1613 4291 1753 4346 pace
1781 4275 1944 4348 regni
1969 4274 2161 4347 acqui-

523 4364 636 4423 sita
665 4381 833 4421 suam
865 4363 1203 4421 mmstitiam
1248 4363 1574 4421 consolari?
1605 4364 1766 4430 Quod
1811 4363 1860 4420 si
1913 4363 2164 4437 propriis

520 4453 841 4510 visceribus
889 4451 948 4510 in
995 4453 1280 4510 servanda
1329 4469 1468 4524 pace
1529 4468 1643 4507 non
1701 4457 1792 4508 est
1840 4451 2161 4521 indultum,

521 4547 741 4615 quanto
773 4542 972 4598 minus
999 4540 1061 4597 in
1091 4540 1382 4598 extraneis
1413 4540 1715 4597 severitate
1744 4539 1941 4614 legum
1971 4558 2166 4598 cense-

521 4649 656 4689 mus
682 4630 1079 4706 parcendum?

520 4788 657 4858 CAP,
688 4783 903 4841 XXXII.
934 4815 1003 4858 -έη
1037 4782 1184 4858 Quod
1216 4781 1344 4838 boni
1388 4784 1549 4858 reg_is_
1578 4785 1669 4858 sit
1698 4790 1748 4858 et
1797 4785 1952 4852 virga
1979 4783 2164 4838 distri-

897 4855 1114 4920 ctionis,
1142 4861 1194 4908 et
1218 4871 1427 4908 manna
1453 4853 1778 4909 dulcedinis.

591 4992 874 5048 Caeterum
906 4989 1210 5058 Dominus,
1242 4988 1342 5060 qui
1375 4991 1680 5059 peccantes
1710 4987 1808 5041 diu
1843 4993 1906 5042 ut
1935 5005 2165 5042 conver-

521 5085 724 5138 tantur
747 5082 1063 5150 exspeetat,
1088 5082 1145 5132 et
1174 5093 1289 5131 non
1319 5092 1626 5131 conversos
1657 5076 1866 5130 durius
1899 5076 2160 5142 damnat,

522 5175 580 5225 et
620 5168 718 5242 pia
747 5172 936 5224 mater
977 5165 1251 5233 Ecclesia,
1277 5166 1447 5237 juxta
1495 5165 1649 5236 quod
1695 5165 1979 5236 scriptum
2027 5169 2158 5219 est:

527 5258 691 5327 Virga
743 5263 838 5313 tua
890 5265 942 5312 et
991 5255 1213 5310 baculus
1255 5262 1378 5310 tuus
1427 5255 1544 5326 ipsa
1590 5270 1676 5308 me
1721 5254 1999 5309 consolati;
2037 5261 2165 5307 sunt

523 5347 693 5416 (Psal.
725 5363 862 5413 xxu,
896 5347 969 5413 4),
1019 5343 1181 5415 virga
1236 5343 1503 5416 percutit,
1555 5347 1612 5396 et
1667 5342 1874 5398 baculo
1931 5346 2161 5397 susten-

2269 1971 2426 2027 niam
2468 1975 2526 2028 et
2573 1971 2987 2044 Saphiram,et
3041 1972 3339 2029 Simonem
3399 1974 3649 2046 Magum
3677 1976 3814 2046 (Act.
3842 1978 3912 2048 ν),

2269 2061 2370 2132 qui
2401 2059 2744 2132 crurifragio
2792 2059 2982 2132 periit,
3013 2060 3170 2117 sicut
3207 2061 3268 2118 in
3315 2063 3635 2136 Hegesippi
3683 2063 3912 2120 historia

2268 2147 2502 2222 legitur,
2534 2153 2592 2204 et
2618 2149 2830 2204 Paulus
2859 2149 3093 2221 publice
3135 2156 3470 2222 peccantem
3521 2152 3772 2209 tradidit
3815 2153 3907 2210 Sa-

2267 2241 2416 2292 tanae
2463 2239 2516 2308 (Ι
2558 2239 2678 2294 Cor.
2728 2237 2802 2310 v),
2855 2243 2915 2294 et
2961 2237 3249 2295 Helimam
3307 2241 3569 2299 caecitate
3633 2241 3909 2316 percussit

2268 2327 2402 2395 (Act.
2433 2330 2578 2395 xm).

2266 2436 2401 2488 CAP.
2431 2433 2676 2508 XXXIII.
2701 2463 2770 2508 έ-
2799 2433 2862 2508 lu
2903 2435 3231 2508 pluralitate
3275 2438 3632 2508 peccantium
3676 2435 3905 2494 vindicta

2373 2513 2591 2576 propter
2619 2504 2991 2576 difﬁculhttém
3017 2504 3340 2578 negligenda
3367 2508 3450 2563 vel
3484 2509 3810 2582 differenda.

2337 2594 2409 2676 Et
2432 2592 2482 2648 si
2513 2595 2657 2648 forte
2687 2593 2820 2666 quis
2848 2593 3077 2664 dixerit,
3111 2600 3511 2669 competenter
3551 2597 3809 2654 vindicta
3851 2597 3903 2652 in

2269 2698 2387 2736 nua
2417 2698 2664 2753 persona
2695 2682 2818 2737 ﬁeri
2849 2686 3060 2754 potest,
3093 2683 3154 2738 in
3185 2683 3519 2756 pluralitate
3552 2691 3748 2743 autem
3787 2701 3902 2759 pec-

2269 2771 2552 2836 cantium,
2581 2776 2818 2843 propter
2847 2771 3276 2842 difﬁcultatem,
3305 2774 3572 2832 vindicta
3603 2781 3706 2832 aut
3735 2774 3906 2850 negli-

2269 2861 2460 2932 genda
2489 2864 2591 2915 aut
2620 2859 2940 2916 differenda
2968 2877 3097 2917 esse
3143 2861 3370 2919 videtur
3401 2879 3414 2920 :
3448 2865 3800 2922 contradicit
3829 2863 3905 2921 eis

2269 2951 2508 3004 sanctus
2540 2948 2914 3004 Innocentius
2935 2950 2994 3004 in
3027 2949 3284 3008 Decretis
3305 2951 3450 3024 suis,
3464 2954 3542 3009 ad
3580 2954 3906 3010 Macedones

2269 3035 2571 3108 episcopos
2602 3039 2780 3109 (epist.
2815 3039 2901 3106 11,
2934 3055 3053 3111 cap.
3092 3039 3148 3111 6)
3183 3057 3198 3096 :
3235 3062 3265 3092 ‹‹
3299 3041 3604 3098 l‘crvideat
3649 3059 3781 3116 ergo
3825 3040 3900 3096 di-

2267 3123 2438 3180 lectio
2468 3129 2678 3192 vestra,
2716 3125 2999 3183 hactenus
3027 3127 3168 3184 talia
3197 3129 3500 3198 transisse,
3537 3135 3596 3188 et
3641 3129 3904 3188 advertite

2270 3214 2424 3285 quod
2476 3213 2699 3286 utique,
2732 3218 2798 3270 ut
2853 3215 3070 3285 dicitis,
3115 3217 3433 3276 necessitas
3481 3218 3808 3292 imperavit,
3846 3217 3896 3272 in

2269 3317 2411 3373 pace
2433 3302 2559 3373 jam
2589 3303 2879 3360 Ecclesiae
2907 3305 3254 3362 constitutas
3299 3323 3416 3362 non
3466 3324 3647 3380 posse
3691 3323 3897 3382 presu-

2272 3407 2428 3446 merc
2461 3407 2473 3444 :
2507 3392 2610 3446 sed
2634 3395 2697 3446 ut
2734 3409 2885 3464 saepe
2923 3393 3397 3466 accidit,quoties
3433 3413 3470 3452 a
3499 3395 3729 3470 populis
3752 3401 3846 3450 aut
3869 3409 3900 3449 a

2271 3478 2444 3533 turba
2472 3483 2760 3550 peccatur,
2793 3481 2933 3552 quia
2960 3480 3019 3536 in
3060 3498 3266 3538 omnes
3313 3489 3555 3558 prepter
3595 3480 3898 3540 multitudi-

2273 3583 2408 3621 nem
2440 3583 2554 3622 non
2581 3571 2774 3639 potest
2800 3568 3102 3638 vindicari,
3127 3569 3379 3628 inultum
3410 3572 3599 3630 soleat
3645 3570 3895 3629 transire.

2273 3655 2471 3711 Priora
2499 3672 2634 3728 ergo
2665 3655 3013 3714 dimittenda
3038 3657 3168 3715 dico
3197 3658 3298 3716 Dei
3319 3661 3572 3733 judicio,
3594 3665 3652 3718 et
3679 3661 3747 3716 de
3775 3656 3899 3714 reli-

2273 3761 2387 3816 quo
2417 3744 2676 3800 maxima
2703 3744 3096 3802 sollicitudine
3125 3750 3592 3820 praecavendum.
3626 3772 3654 3800 ››
3686 3750 3750 3806 Et
3777 3746 3896 3803 hinc

2273 3833 2410 3889 item
2443 3832 2503 3888 in
2534 3833 2790 3889 Decretis
2829 3833 3156 3907 apOStOliOlB
3204 3837 3360 3894 sedis
3393 3853 3406 3892 :
3444 3861 3474 3889 «
3507 3839 3590 3907 Si,
3622 3836 3895 3910 inquiunt,

2273 3938 2477 3978 omnes
2507 3923 2836 3978 sacerdotes
2866 3927 2924 3978 et
2951 3925 3210 3982 mundus
3230 3927 3516 3983 assentiat
3544 3923 3896 3991 damnandis,

2272 4011 2570 4066 damnatio
2598 4011 3028 4068 consentientes
3055 4011 3310 4082 involvit,
3326 4032 3441 4070 non
3495 4010 3894 4088 praevaricatio-

2273 4115 2404 4154 nem
2437 4115 2759 4158 consensus
2791 4100 3056 4156 absolvit.
3090 4103 3214 4158 Non
3245 4104 3401 4160 enim
3434 4105 3656 4160 crimen
3705 4097 3895 4157 minui-

2273 4193 2388 4255 tur,
2421 4189 2522 4246 sed
2553 4189 2848 4257 accrescit,
2867 4207 3003 4246 cum
3032 4192 3300 4264 generale
3330 4193 3395 4248 ﬁt
3423 4210 3495 4250 ex
3523 4192 3760 4267 privato.
3789 4188 3890 4244 Hoc

2272 4276 2429 4333 enim
2461 4278 2615 4334 Deus
2643 4277 2910 4334 omnium
2922 4279 2947 4350 j
2959 4279 3337 4353 udicavit,qui
3368 4284 3655 4338 mundum
3675 4292 3894 4353 peccan-

2271 4371 2390 4422 tem
2411 4365 2668 4439 generali
2691 4367 2908 4423 diluvio
2930 4367 3246 4424 interemit.
3279 4392 3308 4422 »

2344 4456 2488 4511 Ecce
2537 4457 2608 4511 de
2654 4455 2872 4526 quibus
2917 4456 3293 4530 exiguitatem
3343 4475 3536 4516 meam
3581 4451 3890 4516 sublimitas

2275 4543 2571 4616 sapientiae
2587 4549 2788 4600 vestrae
2809 4545 3123 4601 consuluit.
3140 4547 3378 4604 Habetis
3406 4564 3583 4604 sacrae
3602 4543 3888 4616 Scriptura

2192 4640 2242 4706 Β
2272 4637 2330 4689 et
2347 4635 2651 4689 doctorum
2681 4633 3098 4690 catholicorum
3130 4637 3485 4694 sententias:
3510 4636 3734 4693 haurite
3751 4642 3888 4685 nunc

2273 4738 2456 4794 aquas
2480 4722 2537 4776 in
2566 4721 2778 4794 gaudio
2807 4723 2880 4778 de
2908 4723 3169 4780 fontibus
3211 4723 3547 4795 Salvatoris,
3582 4724 3638 4780 id
3685 4723 3768 4777 est
3804 4715 3890 4769 d0-

2271 4810 2520 4866 ctrinam
2571 4828 2639 4866 ex
2685 4811 2877 4867 verbis
2923 4829 3148 4880 eorum,
3181 4813 3399 4886 quibus
3440 4815 3595 4871 idem
3650 4808 3888 4868 Salvator

2272 4898 2414 4953 dicit
2444 4917 2457 4953 :
2493 4901 2600 4968 Qui
2619 4901 2789 4955 credit
2819 4901 2878 4954 in
2905 4917 3010 4968 me,
3040 4903 3182 4957 sicut
3207 4901 3344 4958 dicit
3370 4902 3666 4976 Scriptura,
3677 4895 3886 4968 [lumina

2271 4989 2337 5043 de
2368 4999 2547 5043 ventre
2569 4991 2684 5060 ejus
2713 4990 2882 5057 ﬂuent
2917 5006 3074 5060 aqua:
3120 4993 3281 5048 vivaz.
3330 4997 3446 5048 Hoc
3491 4999 3686 5053 autem,
3715 4978 3883 5054 inqu“

2273 5075 2659 5146 Evangelista,
2689 5078 2836 5134 dixit
2879 5078 2944 5133 de
2979 5081 3182 5150 spiritu
3230 5097 3407 5152 quem,
3441 5077 3704 5150 accepturi
3743 5071 3882 5126 eram

2271 5165 2545 5220 credetne:
2575 5166 2635 5219 iu
2666 5183 2789 5221 eum
2820 5167 2994 5239 (Joan.
3009 5184 3110 5239 v11,
3134 5169 3329 5236 38,39)
3363 5185 3377 5223 :
3412 5169 3512 5241 qui
3533 5164 3680 5240 quod
3699 5158 3879 5218 eodem

2273 5252 2484 5324 Spiritu
2513 5253 2832 5325 inspirante
2863 5255 3199 5324 hauserant,
3214 5256 3519 5314 scribendo
3546 5255 3615 5314 ad
3648 5252 3876 5307 nostram

2274 5341 2540 5397 notitiam
2572 5349 2976 5400 manaveruut.

1795 5640 2640 5690 ψ-
