4204 6468
1499 457 1602 518 DE
1643 457 2027 519 CAVENDIS
2071 457 2324 531 VITIIS,
2373 458 2546 520 ETC.

3595 440 3722 528 asa

699 958 833 1106 DE
884 959 1399 1111 CAVENDIS
1453 961 1764 1112 VIT-IIS
1821 963 1948 1111 ET
2003 963 2636 1114 VIRTUTIBUS
2694 967 3292 1118 EXERCENDI

1205 1357 1393 1430 (Apud
1423 1359 1696 1414 eumdem
1723 1373 1794 1414 ex
1822 1357 2016 1414 codice
2044 1359 2104 1416 S.
2134 1359 2439 1418 Michaelis
2469 1361 2543 1417 ad
2575 1361 2844 1434 Mosam.)

951 1667 1322 1724 PREFATIO
1333 1709 1345 1722 .

325 1765 476 1835 Quod
500 1767 725 1838 fructus;
743 1765 799 1819 in
835 1765 1058 1822 lectione
1084 1781 1241 1838 saera
1269 1765 1594 1838 quaerendus
1613 1767 1720 1822 sit:
1741 1768 1971 1834 proinde

326 1851 338 1860 ·
397 1845 460 1892 ut
483 1835 664 1910 sancti
690 1835 935 1908 Gregorii
968 1837 1251 1910 epistolam
1278 1835 1360 1892 ‘ae
1401 1839 1452 1892 .ςὶ
1497 1837 1568 1892 ad
1609 1854 1668 1894 se
1713 1841 1972 1910 scriptam

394 1909 666 1980 suscipiat
687 1923 758 1963 ea:
783 1923 953 1978 eaque
975 1908 1245 1980 proﬁciat.

391 2021 646 2078 Domino
674 2022 900 2078 (ΞΑηοιο
923 2021 1042 2096 regi
1064 2023 1314 2096 glorioso
1345 2024 1714 2095 Hmcuaaus,
1739 2025 1975 2082 nomine

327 2127 445 2168 non
495 2111 702 2167 merito
747 2111 1104 2168 Rhemorum
1153 2112 1576 2186 episcopus,ac
1635 2113 1820 2186 plebis
1869 2115 1971 2170 Dei

310 2198 609 2258 'famulus.

397 2289 566 2348 Mitto
593 2289 780 2356 vobis,
813 2288 1269 2363 sicutjussistis,
1299 2289 1606 2362 epistolam
1640 2290 1791 2346 beati
1833 2291 1970 2347 Gre-

325 2379 474 2453 gorii
505 2379 578 2435 ad
610 2379 1014 2435 Recharedum
1048 2395 1242 2451 regem
1265 2378 1746 2450 Wisigotharum,
1766 2397 1836 2435 ex
1855 2397 1973 2451 qua

323 2467 490 2525 vobis
521 2469 786 2540 quaedam
820 2468 970 2522 inter
1017 2472 1223 2523 caetera
1267 2466 1406 2534 dixi,
1439 2468 1674 2539 quando
1711 2467 1972 2540 proxime

322 2558 480 2630 apud
512 2556 907 2612 Silvanectum
938 2557 1009 2611 de
1035 2555 1310 2628 operibus
1339 2555 1751 2612 misericordiae
1781 2573 1972 2612 sermo

324 2663 388 2702 se
409 2643 628 2702 intulit.
653 2645 758 2700 Cui
788 2643 1048 2718 epistolas
1077 2643 1381 2716 aliquanta
1408 2660 1477 2699 ex
1495 2643 1686 2700 verbis
1707 2645 1971 2716 ejusdem

324 2733 584 2792 doctoris
613 2731 828 2807 egregii
879 2730 1261 2805 superadditi,
1295 2732 1602 2788 attendens
1633 2732 1970 2805 promissio-

325 2841 463 2880 nem
511 2839 631 2896 qua
677 2821 935 2878 dicitur:
980 2821 1135 2890 Quod
1179 2824 1667 2894 supererogaveris,
1713 2838 1806 2894 ego
1851 2839 1975 2878 cum

323 2912 539 2970 rediero
585 2909 810 2968 reddam
854 2912 960 2967 tibi
989 2909 1138 2982 (Luc.
1177 2927 1235 2975 x,
1270 2909 1375 2981 15).
1403 2910 1532 2965 Non
1581 2909 1738 2964 enim
1787 2927 1974 2982 pauca

325 3001 475 3058 mihi
506 2998 784 3067 reddetis,
815 3016 950 3056 cum
998 3016 1114 3054 non
1161 2998 1355 3056 solum
1401 3001 1655 3071 erogata,
1684 3016 1886 3054 verum
1919 3003 1975 3054 et

325 3092 746 3164 supererogata
783 3088 1096 3162 diligenter
1151 3086 1377 3160 legetis,
1409 3085 1802 3160 intelligenter
1845 3105 1971 3143 ser-

321 3179 536 3248 vando,
569 3193 636 3233 ac
665 3175 926 3249 quotidie
971 3174 1161 3247 magis
1205 3192 1271 3230 ac
1315 3175 1504 3248 magis
1534 3175 1604 3230 de
1651 3175 1865 3231 virtute
1913 3176 1970 3230 in

315 3266 595 3324 virtutem
627 3264 980 3339 proficiendo
1001 3263 1365 3320 custodietis.
1382 3263 1529 3320 Nam
1553 3263 1969 3336 suntquidam,

317 3355 423 3428 qui
455 3353 646 3411 multa
692 3354 766 3410 de
811 3352 1022 3409 litteris
1067 3352 1348 3408 divinitus
1397 3352 1700 3425 inspiratis
1759 3353 1973 3409 habere

313 3445 545 3513 volunt,
577 3461 707 3516 quae
738 3445 840 3499 aut
869 3459 985 3498 non
1015 3441 1240 3515 legunt,
1273 3445 1376 3496 aut
1412 3444 1786 3498 transeuntes
1817 3447 1974 3498 recta

318 3533 650 3608 negligunt,
681 3531 770 3589 vel
817 3531 890 3587 ob
939 3530 1050 3587 hoc
1093 3548 1162 3587 ea
1203 3529 1352 3585 scire
1380 3528 1602 3598 volunt,
1637 3533 1703 3585 ut
1749 3530 1972 3586 favores

317 3623 392 3678 de
415 3621 549 3678 vani
581 3619 836 3676 nominis
867 3617 1114 3674 scientia
1142 3621 1504 3690 comparent.
1521 3619 1671 3674 Sunt
1690 3619 1847 3674 enim
1870 3619 1971 3691 qui

316 3710 500 3769 verba
527 3708 629 3766 Dei
659 3707 908 3765 libenter
933 3707 1154 3780 legunt,
1183 3705 1273 3762 vel
1305 3723 1444 3762 aure
1488 3705 1836 3779 percipiunt,
1870 3707 1970 3763 sed

322 3801 524 3856 mente
552 3815 670 3855 non
693 3795 982 3853 retinent:
1006 3798 1064 3851 et
1104 3794 1354 3868 quisque
1381 3792 1658 3850 alimenta
1689 3811 1804 3850 non
1837 3793 1972 3851 reti-

320 3891 445 3955 net,
473 3887 659 3959 hujus
688 3885 946 3959 profecto
975 3884 1095 3940 vita
1141 3883 1485 3956 desperatur
1510 3882 1591 3952 (S.
1626 3883 1796 3954 Greg.
1823 3883 1970 3939 hom.

323 3978 437 4047 15).
461 3997 492 4027 ‹‹
514 3975 695 4032 Cibus
713 3973 872 4032 enim
894 3972 1110 4029 mentis
1131 3975 1220 4030 est
1241 3987 1435 4028 sermo
1467 3970 1591 4037 Dei,
1613 3975 1668 4027 et
1691 3972 1858 4044 quasi
1885 3989 1976 4028 ac-

319 4068 530 4138 ceptus
557 4063 727 4121 cibus
753 4061 1054 4120 stomacho
1087 4060 1403 4133 languente
1430 4059 1710 4131 rejicitur,
1741 4061 1974 4133 quando

321 4153 568 4211 auditur
594 4167 787 4210 sermo
816 4150 877 4207 in
906 4153 1107 4206 ventre
1128 4147 1424 4205 memoria:
1444 4165 1560 4203 non
1591 4152 1880 4204 tenetur.»
1905 4150 1977 4206 Et

319 4243 394 4299 de
423 4240 634 4298 talium
663 4239 938 4296 cordibus
959 4239 1131 4311 juxta
1172 4237 1566 4310 evangelicam
1613 4236 1973 4311 parabolam,

320 4330 472 4388 tollit
485 4327 738 4385 diabolus
765 4329 1008 4395 verbum,
1036 4343 1107 4383 ne
1153 4325 1426 4382 credentes
1469 4326 1614 4382 salvi
1657 4327 1794 4398 ﬁant
1819 4328 1972 4396 )Lue.

319 4437 446 4488 vm,
485 4417 595 4492 12).
629 4418 699 4474 Et
727 4419 868 4473 sunt
895 4415 994 4488 qui
1028 4415 1111 4470 ita
1141 4413 1404 4470 divinum
1433 4397 1676 4470 verbum
1726 4415 1978 4471 audiunt
2005 4397 2049 4464 C

317 4508 411 4566 vel
442 4508 666 4582 legunt,
700 4509 766 4562 ut
784 4523 854 4562 ex
883 4521 949 4561 eo
970 4507 1174 4560 contra
1194 4502 1400 4575 culpas
1423 4507 1977 4576 compungantur,et

319 4601 522 4654 tamen
553 4598 686 4669 post
717 4595 919 4652 fletum
945 4594 1024 4650 ad
1045 4591 1250 4665 culpas
1280 4593 1608 4660 redeunt,et
1627 4591 1976 4649 obliviscun-

315 4691 420 4743 tur
446 4684 606 4758 quod
637 4682 1000 4756 planxcrant,
1031 4698 1166 4738 cum
1197 4679 1564 4752 exstinguere
1594 4678 1804 4736 nolunt
1834 4681 1975 4738 vitia

319 4773 544 4848 quibus
561 4772 788 4829 ardent.
805 4771 876 4826 Et
903 4774 1044 4827 sunt
1066 4767 1356 4834 nonnulli,
1371 4767 1470 4840 qui
1489 4767 1690 4824 audito
1709 4767 1796 4824 vel
1823 4767 1971 4825 lecto

317 4862 498 4918 verbo
527 4859 632 4916 Dei
663 4861 900 4915 econtra
919 4875 982 4914 se
1009 4857 1261 4930 erigunt,
1285 4859 1343 4912 et
1389 4859 1592 4912 contra
1631 4861 1867 4928 peccata
1905 4875 1971 4913 ac

316 4949 462 5007 vitia
482 4951 814 5024 perpetrata
835 4945 1246 5004 ardentissime
1258 4948 1732 5001 commoventur:
1757 4947 1857 5002 sed
1885 4965 1972 5002 sa-

317 5039 523 5096 lubres
542 5037 653 5094 illas
675 5035 1097 5092 commotiones
1120 5032 1618 5091 sollicitudinibus
1639 5038 1696 5091 et
1716 5035 1972 5108 volupta-

315 5127 483 5184 tibus
503 5129 562 5182 et
581 5124 800 5180 divitiis
825 5123 1204 5192 sull‘ocantur,
1219 5139 1352 5177 cum
1377 5121 1730 5194 importunis
1751 5122 1968 5196 cogita-

316 5215 586 5274 tionibus
611 5213 737 5270 suis
756 5216 960 5286 guttur
987 5210 1200 5268 meutis
1229 5211 1620 5284 strangulant,
1651 5215 1708 5268 et
1748 5212 1966 5268 bonum

317 5302 706 5368 desiderium,
738 5305 840 5356 aut
859 5301 932 5356 ad
954 5317 1054 5356 cor
1084 5300 1302 5356 intrare
1331 5317 1445 5355 non
1495 5299 1716 5370 sinunt,
1749 5305 1852 5356 aut
1898 5303 1969 5358 de

318 5391 495 5450 corde
524 5389 815 5463 repellunt
843 5406 913 5444 ea
958 5406 1084 5460 qum
1132 5389 1353 5444 bonum
1401 5387 1757 5444 desiderium
1800 5391 1968 5462 quasi

319 5480 549 5536 aditum
577 5479 754 5534 ﬂatus
781 5476 974 5533 vitalis
1000 5475 1467 5542 necant.Quibus
1489 5476 1772 5532 Dominus
1788 5477 1962 5534 dicit:

317 5570 438 5644 Qui
480 5584 552 5625 ea:
580 5567 685 5624 Deo
727 5573 808 5623 est
849 5565 1013 5622 verba
1059 5565 1160 5622 Dei
1203 5564 1403 5621 audit:
1430 5573 1710 5638 propterea
1742 5583 1831 5622 vos
1857 5584 1969 5623 non

1996 1670 2052 1737 Α
2079 1674 2138 1726 et
2188 1672 2389 1728 audire
2434 1675 2610 1730 verba
2659 1675 2790 1747 ejus
2840 1692 2954 1731 non
3005 1678 3196 1748 potest
3224 1675 3492 1750 quisquis
3521 1695 3591 1735 ex
3622 1677 3724 1737 illo

2083 1776 2199 1815 non
2230 1761 2670 1836 est,interroget
2699 1781 2760 1820 se
2791 1765 3198 1838 unusquisque
3236 1763 3285 1821 si
3324 1767 3498 1822 verba
3527 1767 3628 1824 Dei
3659 1768 3721 1826 in

2082 1865 2220 1904 aure
2242 1849 2432 1906 cordis
2455 1851 2716 1924 percipit,
2739 1857 2795 1907 et
2825 1851 3110 1926 intelliget
3131 1855 3284 1909 unde
3304 1854 3400 1910 sit.
3415 1853 3722 1917 leestem

2081 1937 2331 2008 patriam
2359 1937 2586 1996 Veritas
2623 1939 2952 1996 desiderare
2990 1941 3180 2012 jubet,
3213 1941 3406 1999 carnis
3434 1941 3724 2003 desideria

2081 2025 2319 2093 conteri,
2341 2027 2544 2082 mundi
2566 2027 2812 2102 gloriam
2835 2027 3344 2096 declinare,aliena
3365 2049 3479 2088 non
3505 2033 3721 2107 appeti,

2081 2113 2316 2187 propria
2341 2113 2562 2188 largiri.
2599 2117 2803 2172 Penset
2833 2133 2968 2191 ergo
3008 2119 3164 2190 apud
3207 2135 3270 2176 se
3317 2121 3725 2194 unusquisque

2078 2207 2360 2270 vestrum,
2393 2203 2442 2258 si
2471 2204 2590 2259 haac
2621 2221 2726 2260 vox
2753 2203 2855 2260 Dei
2889 2205 2948 2260 in
2979 2205 3172 2262 cordis
3200 2209 3328 2278 ejus
3348 2226 3488 2264 aure
3513 2226 3725 2266 conva-

2080 2287 2209 2357 luit,
2241 2293 2297 2345 et
2349 2289 2489 2362 quia
2521 2291 2648 2363 jam
2695 2308 2764 2348 ex
2808 2293 2926 2348 Deo
2977 2292 3053 2348 sit
3097 2294 3378 2366 agnoscit.
3409 2295 3553 2352 Nam
3587 2299 3728 2353 sunt

2081 2377 2344 2433 nonnulli
2371 2377 2470 2450 qui
2504 2384 2790 2452 praecepta
2819 2379 2918 2436 Dei
2951 2398 3054 2437 nec
3086 2399 3226 2438 aure
3249 2383 3507 2456 corporis
3539 2385 3724 2458 perci-

2081 2482 2216 2538 pere
2245 2466 2583 2539 dignantur,
2611 2472 2669 2522 et
2693 2471 2832 2523 sunt
2861 2468 3124 2526 nonnulli
3177 2469 3280 2542 qui
3327 2471 3450 2527 haec
3488 2471 3725 2546 quidem

2081 2555 2340 2626 corporis
2371 2572 2510 2610 aure
2537 2555 2888 2627 percipiunt,
2923 2557 3024 2614 sed
3048 2555 3207 2613 nullo
3237 2574 3306 2614 ea
3327 2559 3540 2616 mentis
3571 2561 3724 2618 desi-

2081 2641 2242 2698 derio
2271 2643 2739 2716 complectuntur
2763 2661 2775 2699 :
2799 2649 2858 2700 et
2886 2649 3026 2700 sunt
3051 2645 3454 2720 nonnulli,qui
3479 2647 3729 2706 libenter

2082 2733 2256 2788 verba
2275 2733 2368 2787 Dei
2388 2731 2738 2804 suscipiunt,
2756 2733 2838 2788 ita
2870 2737 2934 2788 ut
2955 2733 3082 2806 jam
3115 2733 3174 2788 in
3196 2733 3430 2792 ﬂetibus
3450 2750 3728 2809 compun-

2081 2825 2314 2892 gantur,
2347 2821 2447 2876 sed
2481 2827 2612 2892 post
2640 2819 3031 2894 lacrymarum
3055 2826 3288 2896 tempus
3336 2825 3410 2880 ad
3455 2824 3728 2898 iniquita-

2083 2913 2201 2965 tem
2229 2910 2490 2964 redeunt.
2519 2909 2593 2964 Ήί
2625 2911 2878 2980 profecto
2926 2911 3102 2967 verba
3149 2911 3249 2967 Dei
3299 2929 3414 2968 non
3453 2913 3722 2982 audiunt,

2002 3032 2054 3098 B
2083 2997 2224 3070 quia
2238 2997 2357 3054 haec
2377 3014 2638 3053 exercere
2669 2997 2727 3052 in
2749 3015 2922 3071 opere
2961 3003 3363 3068 contemnunt,
3387 3003 3445 3056 et
3463 3018 3725 3058 amorem

2089 3086 2286 3143 saeculi
2315 3086 2501 3142 amori
2532 3085 2632 3142 Dei
2664 3091 3028 3160 praeponunt.
3063 3110 3092 3137 ››
3125 3088 3348 3155 Quibus
3375 3088 3514 3145 item
3535 3089 3726 3146 Domi-

2080 3194 2194 3232 nus
2223 3175 2406 3230 dicit:
2441 3177 2530 3232 Vae
2577 3175 2724 3231 vobis
2763 3175 3046 3243 divitibus,
3097 3178 3194 3249 qui
3243 3162 3450 3234 iaceas
3479 3179 3724 3235 consola-

2078 3267 2282 3320 tionem
2323 3272 2553 3320 vestram
2599 3265 2748 3334 (Luc.
2800 3280 2876 3332 vr,
2907 3265 3024 3332 24).
3058 3263 3269 3337 (Horat.
3301 3264 3411 3322 'lib.
3445 3281 3502 3338 x,
3523 3282 3576 3322 c.
3609 3268 3724 3337 30.)

2083 3373 2112 3404 α
2143 3352 2250 3418 Qui
2279 3351 2389 3407 hoc
2411 3351 2535 3408 loco
2565 3352 2876 3424 signantur
2905 3353 3138 3410 nomine
3167 3353 3436 3426 divitum,
3470 3353 3584 3410 nisi
3614 3353 3724 3411 im-

2080 3441 2362 3497 moderati
2397 3443 2689 3496 amatores
2719 3439 3080 3509 divitiarum,
3111 3441 3213 3514 qui
3243 3443 3469 3498 venturi
3503 3441 3726 3516 judicis

2081 3531 2410 3598 respectum
2443 3544 2555 3582 non
2589 3527 2825 3595 habent,
2859 3528 3001 3583 dum
3027 3529 3296 3601 superbis
3317 3531 3472 3602 apud
3495 3545 3557 3587 se
3577 3530 3729 3606 cogi-

2081 3615 2404 3672 tationibus
2435 3617 2700 3672 tument?
2728 3617 2874 3672 Nam
2898 3621 3046 3674 sunt
3075 3617 3362 3685 nonnulli,
3379 3633 3494 3691 quo
3515 3633 3726 3676 census

2082 3721 2184 3776 per
2212 3709 2503 3760 tumorem
2553 3722 2669 3760 non
2705 3704 2911 3774 elevat,
2939 3706 3041 3762 sed
3090 3706 3504 3762 misericordia:
3551 3723 3727 3780 opera

2080 3791 2356 3848 exaltant.
2389 3794 2462 3848 Et
2491 3796 2630 3847 sunt
2649 3791 3045 3866 nonnulli,qui
3075 3794 3220 3868 dum
3250 3793 3498 3851 terrenis
3518 3811 3579 3852 se
3609 3795 3728 3868 opi-

2081 3882 2193 3937 bus
2223 3881 2520 3937 abundare
2551 3880 2938 3954 conspiciunt,
2969 3866 3138 3938 veras
3181 3881 3284 3937 Dei
3333 3880 3564 3938 divitias
3607 3866 3724 3938 non

2081 3968 2406 4042 requirunt,
2419 3974 2596 4042 atque
2625 3974 2898 4026 aeternam
2931 3968 3181 4042 patriam
3214 3987 3327 4026 non
3360 3971 3728 4045 amant,quia

2082 4057 2191 4113 hoc
2237 4057 2348 4114 sibi
2399 4058 2686 4126 sufficere,
2718 4057 2876 4130 quod
2921 4057 3097 4114 rebus
3145 4059 3566 4132 tcmporalibus
3605 4059 3725 4122 ful-

2082 4147 2340 4214 ciuntur,
2356 4150 2621 4218 putant.»
2653 4145 2734 4202 De
2758 4145 2975 4219 quibus
2995 4143 3140 4202 dicit
3168 4147 3506 4221 Scriptura:
3531 4148 3726 4206 Omnes

2082 4236 2178 4308 qui
2223 4233 2466 4306 diligunt
2508 4251 2737 4292 munera
2764 4242 3065 4306 sequuntur
3093 4238 3474 4294 retributiones
3521 4238 3649 4308 (Isa.
3682 4257 3725 4308 ι,

2079 4324 2193 4395 23),
2215 4332 2266 4379 et
2298 4325 2444 4393 ignis
2465 4323 2740 4380 devorabit
2767 4324 3126 4380 tabernacula
3153 4340 3360 4394 eorum,
3377 4329 3478 4398 qui
3493 4340 3727 4385 munera

2087 4413 2318 4468 libenter
2345 4413 2620 4484 accipiunt
2647 4412 2782 4485 (Job.
2813 4429 2906 4479 xv,
2951 4413 3062 4485 34).
3111 4413 3312 4486 (Greg.,
3345 4413 3506 4486 ibid.)
3537 4439 3566 4466 ‹‹
3599 4417 3724 4474 Non

2081 4505 2173 4557 est
2218 4517 2354 4574 ergo
2401 4517 2612 4556 census
2653 4500 2711 4556 in
2761 4499 3027 4570 crimine,
3062 4502 3164 4557 sed
3211 4501 3474 4562 affectus.
3503 4503 3728 4562 Cuncta

2081 4589 2237 4645 enim
2251 4607 2376 4661 qua:
2393 4589 2548 4660 Deus
2569 4589 2829 4645 condidit
2848 4590 3001 4646 bona
3021 4594 3242 4661 sunt,et
3259 4592 3360 4664 qui
3383 4593 3552 4650 bonis
3573 4594 3726 4651 male

2084 4677 2270 4734 utitur
2299 4677 2554 4750 profecto
2583 4677 2724 4750 agit,
2759 4683 2826 4734 ut
2855 4679 3024 4751 quasi
3049 4697 3154 4753 per
3177 4680 3480 4738 edacitatis
3527 4682 3724 4756 inglu-

2079 4767 2252 4834 viem,
2275 4782 2342 4822 eo
2378 4783 2480 4838 per
2501 4783 2677 4838 quem
2699 4767 2886 4823 vivere
2911 4769 3102 4841 potuit
3122 4769 3193 4826 de
3231 4787 3380 4842 pane
3415 4770 3719 4827 moriatur.

2080 4856 2304 4928 Pauper
2322 4855 2394 4910 ad
2421 4854 2679 4928 requiem
2703 4856 2953 4912 Lazarus
2974 4861 3227 4923 venerat,
3250 4857 3567 4930 superbum
3590 4874 3723 4915 vero

2079 4943 2315 4999 divitem
2373 4947 2662 5000 tormenta
2715 4943 3073 5000 cruciabant.
3131 4945 3240 5001 Sed
3309 4950 3504 5002 tamen
3560 4947 3721 5004 dives

2077 5034 2368 5090 Abraham
2403 5034 2611 5100 fuerat,
2631 5033 2731 5105 qui
2767 5033 2820 5087 in
2857 5033 2988 5089 sinu
3015 5035 3302 5090 Lazarum
3335 5033 3584 5104 tenebat,
3620 5037 3719 5108 qui

2075 5126 2272 5178 tamen
2304 5122 2523 5178 auctori
2556 5139 2662 5177 suo
2688 5121 3024 5194 colloquens
3072 5122 3248 5178 dicit:
3274 5124 3488 5196 Loquar
3515 5123 3586 5179 ad
3618 5127 3719 5182 Uo-

2074 5212 2288 5268 minum
2313 5227 2514 5278 meum,
2527 5228 2650 5266 cum
2677 5213 2783 5266 sim
2809 5211 2996 5283 pulvis
3015 5218 3065 5267 et
3089 5213 3230 5267 cinis
3259 5211 3412 5282 (Gen.
3430 5213 3714 5284 xvm,27).

2076 5301 2224 5368 Quid
2260 5301 2453 5372 itaque
2505 5300 2610 5355 iste
2657 5299 2888 5355 divitias
2935 5317 3073 5355 suas
3121 5300 3410 5357 aestimare
3458 5307 3714 5370 noverat,

2075 5389 2177 5462 qui
2209 5387 2589 5461 semetipsum
2641 5387 2935 5459 pulverem
2985 5387 3355 5462 cineremque
3397 5391 3718 5462 pensabat?

2073 5481 2188 5534 Aut
2217 5480 2452 5550 quando
2480 5478 2630 5532 hanc
2657 5495 2745 5533 res
2767 5494 3036 5550 possessa
3075 5477 3394 5548 extolleret,
3419 5479 3518 5554 qui
3553 5480 3624 5538 de
3655 5499 3716 5538 se

2075 5585 2329 5640 quoque,
2374 5583 2574 5622 earum
2625 5565 2889 5622 videlicet
2937 5584 3294 5639 possessore,
3317 5573 3436 5626 tam
3489 5570 3717 5644 abjecta

316 5656 526 5714 auditis
556 5657 690 5732 quia
716 5672 786 5712 ea:
809 5655 914 5712 Deo
942 5669 1054 5710 non
1099 5655 1245 5717 estis,
1276 5653 1458 5726 (Joan.
1491 5671 1612 5722 vm,
1647 5655 1756 5722 47).
1788 5657 1962 5724 (Hom.
1994 5655 2042 5722 D
2073 5657 2350 5713 sentiret?
2379 5657 2500 5728 (tib.
2532 5673 2588 5722 x,
2620 5673 2666 5712 ο.
2699 5657 2810 5725 13.)
2839 5657 3119 5712 Caeterum
3149 5656 3336 5730 iniqui
3366 5659 3712 5729 modo,cum

320 5747 436 5816 18.)
467 5767 498 5797 ‹‹
529 5743 592 5802 Si
621 5743 779 5801 enim
810 5744 936 5817 ipse
954 5741 1132 5800 verba
1157 5741 1258 5799 Dei
1290 5743 1453 5799 audit
1484 5741 1584 5816 qui
1613 5759 1683 5799 ex
1710 5742 1827 5800 Deo
1849 5747 1958 5817 est,

2067 5745 2260 5803 tristia
2278 5743 2596 5818 aliqua,vel
2628 5743 2869 5802 adversa
2901 5744 3224 5821 patiuntur,
3239 5747 3439 5821 etl'ugii
3461 5747 3711 5810 latebras
